2129 3223
140 232 230 259 Aac.
255 233 319 259 125&

385 221 454 253 ena

334 296 364 322 et
385 288 489 322 omnia
519 286 597 319 bona
621 292 733 328 vestra,
765 295 845 330 quae
871 283 901 318 iu
926 295 1078 330 praesen-

334 338 444 372 tiarum
486 333 710 370 rationabiliter
750 333 937 380 possidetis,
964 332 1011 367 vel
1047 332 1078 366 in

334 387 472 421 futurum
500 384 592 419 iustis
620 383 722 418 modis
748 383 841 418 dante
867 382 1004 418 Domino
1023 394 1079 429 po-

335 435 430 470 teritis
451 434 594 481 adipisci,
616 432 677 468 sub
698 432 779 467 beati
815 432 901 467 Petri
923 440 953 467 et
974 439 1079 466 nostra

334 485 528 532 protectione
551 483 751 531 suscipimus.
774 482 948 517 Libertates
964 489 1078 520 autem,

334 544 360 568 vt
397 533 611 569 immunitates
645 532 846 568 rationabiles
872 540 902 566 et
935 531 1080 578 antiquas

334 596 368 619 ac
382 584 475 619 etiam
499 583 698 631 approbatas,
725 590 818 629 prout
840 582 869 616 in
893 581 1001 616 vestris
1017 580 1080 627 pri-

335 633 457 680 vilegiis
478 632 592 668 dicitur
614 631 780 676 contineri,
802 631 890 666 vobis
908 639 938 666 et
957 642 1011 677 per
1027 642 1080 664 vos

334 682 536 719 monasteriis
562 682 673 718 vestris
702 682 885 716 auctoritate
910 678 1077 726 apostolica

333 733 568 773 confirmamus,
590 740 620 767 et
649 731 822 779 praesentis
844 730 949 778 scripti
974 737 1080 777 patro—

333 783 416 818 cinio
441 782 686 818 communimus.

382 832 465 867 Nulli
487 844 563 878 ergo
584 839 650 871 etc„
679 838 801 865 nostrae
825 828 1028 877 protectionis
1050 835 1079 862 et

333 882 579 917 confirmationis
605 889 658 915 etc.
686 880 720 915 Si
748 880 820 926 quis
846 886 951 914 autem
977 886 1028 912 etc.

381 931 496 967 Datum
519 930 681 974 Laterani3S
700 942 758 963 xvr
776 928 899 963 kalend.
919 927 1079 966 februarii,

334 981 533 1029 pontificatus
561 980 658 1016 nostri
682 991 764 1013 anno
786 978 1010 1013 sextodecimo.

346 1043 407 1073 Dat.
426 1043 473 1073 die
497 1043 530 1072 17
545 1041 670 1073 ianuarii
688 1041 772 1077 1214,
795 1039 898 1079 pontif.
916 1049 992 1070 anno
1009 1048 1064 1069 xvt.

681 1191 732 1226 Cl.

333 1260 534 1305 Confirmatio
560 1260 709 1293 bonorum
735 1260 872 1292 omnium
897 1271 933 1293 ac
950 1260 1081 1305 privile-

379 1311 502 1354 giorum
548 1310 696 1342 concessio
737 1309 922 1343 monasterio
973 1311 1083 1343 Bautae

381 1359 506 1393 Mariae
540 1359 673 1403 Virginis
695 1359 730 1391 de
757 1359 947 1403 Alderspach
970 1362 1031 1401 (l).

601 1431 815 1462 SUMMARIUM

333 1499 499 1530 Exordium.
515 1515 553 1521 —
571 1497 692 1528 Monast.
708 1497 761 1528 sub
781 1498 869 1528 tutela
886 1499 989 1537 recipit
1006 1499 1033 1529 S.
1050 1500 1081 1529 A.

371 1561 411 1567 -
432 1543 511 1574 Bona
540 1543 635 1573 omnia
666 1543 691 1573 ei
721 1543 889 1573 confirmat:
919 1560 958 1565 —-
985 1543 1082 1584 anue

373 1598 387 1618 a
417 1588 597 1618 decimarum
625 1587 770 1617 solutione
793 1587 899 1617 eximit.
927 1605 965 1609 —
987 1587 1082 1618 Cleri—

373 1642 423 1662 cos
441 1633 505 1662 eius
524 1632 591 1662 inde
608 1632 745 1672 prohibet
762 1632 923 1662 discedere.
941 1649 980 1654 —
995 1632 1083 1668 Quid-

373 1686 459 1716 quam
486 1675 521 1706 ab
549 1685 582 1706 eo
610 1676 733 1706 alienari
763 1680 846 1706 vetat.
874 1693 912 1698 —
938 1676 1082 1707 Nonnulla

374 1721 508 1751 concedit
526 1720 686 1760 privilegia.
707 1737 745 1742 —
762 1720 946 1750 Sacramenta
967 1731 982 1750 a
1006 1722 1084 1751 dioe-

373 1775 479 1796 cesano
512 1765 682 1805 accipienda
714 1765 859 1804 episcopo.
890 1781 929 1787 —
958 1765 1084 1796 Abbates

373 1814 472 1840 contra
491 1810 604 1839 ordinis
627 1813 732 1839 statuta
756 1810 970 1848 professionem
990 1810 1084 1841 facere

374 1864 432 1885 non
458 1853 664 1893 compellendi.
687 1871 725 1876 —
751 1854 831 1890 Quae
858 1855 989 1894 episcopi
1019 1865 1085 1894 pro-

375 1900 436 1939 pria
470 1902 558 1936 sunt,
583 1909 598 1928 a
630 1907 687 1938 quo
715 1899 886 1938 accipienda
920 1899 988 1929 sede
1018 1900 1084 1938 epi-

374 1943 488 1983 scopali
510 1946 640 1973 vacante.
656 1959 695 1965 —
710 1941 854 1972 Nonnulla
875 1943 929 1973 alia
953 1944 1086 1974 concedit

375 1988 539 2028 privilegia.
561 2004 600 2010 —
617 1986 782 2017 Clausulae.

337 2060 508 2090 innocentius
526 2059 667 2096 opiscopus
688 2065 783 2088 servus
802 2065 942 2088 servorum
969 2058 1024 2091 Dei,
1044 2059 1087 2088 dt-

381 2110 462 2140 tectis
484 2109 549 2139 filiis
568 2109 696 2138 Luttovico
734 2108 827 2137 abbati
849 2108 880 2137 de
914 2107 1085 2144 alderspach.

381 2160 493 2197 eiusque
529 2158 666 2189 frati-ttius
699 2159 757 2187 tam
787 2157 975 2195 praesentibus
1008 2164 1088 2193 quam

382 2209 488 2239 tuturis
503 2209 657 2246 regularem
673 2209 759 2238 vitam
778 2207 919 2245 professis.
939 2208 966 2236 in
993 2214 1086 2244 porpe-

382 2261 471 2290 tuum.

389 2323 579 2370 Religiosam
615 2323 706 2357 vitam
740 2321 928 2369 eligentibus
961 2327 1087 2367 aposto-

341 2374 436 2409 licum
479 2372 625 2408 convenit
665 2371 775 2406 adesse
822 2371 1010 2418 praesidium
1049 2381 1088 2404 ne

343 2424 420 2459 sorte
443 2422 609 2458 cuiuslibet
634 2421 818 2458 temeritatis
845 2421 1002 2463 incursus⁷
1035 2427 1089 2454 aut

343 2485 397 2507 eos
419 2484 434 2507 a
459 2472 619 2520 proposito
642 2479 781 2515 revocet,-
798 2478 850 2505 aut
871 2469 974 2517 (quod
991 2468 1089 2512 absit)

345 2533 447 2557 sacrae
477 2521 639 2569 religionis
666 2520 803 2556 habiturn
831 2520 990 2566 infringat.

381 2592 523 2658 (ualididit
542 2592 679 2624 Hundius,
706 2591 772 2618 llist.
799 2589 942 2624 Salisburg.
973 2595 1037 2616 tom.
1060 2596 1088 2621 ιι,

347 2639 405 2668 Ρῧέ·
463 2651 469 2657 ·

927 226 1113 249 numanum
1140 225 1299 249 ROMANUM

1169 282 1354 329 Eapropter,
1384 282 1490 317 dilecti
1509 283 1539 317 in
1566 282 1702 318 Domino
1724 282 1790 325 filii,
1813 295 1865 318 ve-

1120 331 1191 366 stris
1215 331 1303 367 iustis
1325 332 1591 379 postulationibus
1612 332 1782 368 clementer
1808 344 1861 368 an-

1121 381 1272 425 nuimus,
1313 389 1343 417 et
1381 382 1604 417 monasterium
1645 389 1770 418 sauctae
1808 381 1864 417 Dei

1120 430 1299 466 Genetricis
1320 439 1351 466 et
1382 431 1520 478 Virginis
1541 431 1655 467 Mariae
1681 431 1713 466 in
1734 444 1797 480 quo
1815 432 1866 466 di-

1121 480 1192 515 vino
1220 481 1385 528 mancipati
1412 481 1488 516 estis
1514 481 1676 529 obsequio,
1697 481 1756 516 sub
1783 481 1865 517 beati

1120 529 1204 564 Petri
1238 539 1267 565 et
1298 538 1402 566 nostra
1437 531 1632 577 protectione
1655 531 1865 578 suscipimus,

1120 587 1151 614 ct
1173 580 1344 627 praesentis
1366 581 1474 628 scripti
1500 581 1661 627 privilegio
1688 581 1867 616 communi-

1121 642 1199 664 mus.
1232 629 1265 664 In
1289 630 1397 677 primis
1423 630 1581 677 siquidem
1616 638 1801 672 statuentes,
1835 640 1868 666 ut

1120 679 1197 713 ordo
1224 680 1416 714 monasticus
1449 680 1500 726 qui
1538 679 1715 714 secundum
1750 680 1867 719 Deum,

1120 737 1149 763 et
1175 728 1256 763 beati
1290 729 1454 764 Benedicti
1484 729 1634 775 regulam,
1661 737 1755 776 atque
1776 730 1869 765 insti-

1121 785 1221 812 tutum
1257 777 1513 814 Cisterciensium
1539 779 1665 813 fratrum
1693 778 1724 813 in
1757 779 1867 814 eodem

1121 828 1309 863 monasterio
1353 828 1516 863 institutus
1557 840 1627 863 esse
1659 828 1868 874 dignoscitur,

1123 877 1285 924 perpetuis
1306 877 1423 912 ibidem
1436 877 1630 926 temporibus
1646 877 1869 914 inviolabiliter

1121 926 1314 961 observetur.
1347 927 1511 962 Praeterea
1550 939 1767 975 quascumque
1802 940 1867 975 pos*

1121 976 1290 1016 sessiones,
1313 988 1531 1024 quaecumque
1552 977 1633 1012 bona
1661 977 1744 1012 idem
1766 989 1869 1012 mona-

1121 1026 1252 1061 sterium
1280 1026 1310 1060 in
1343 1026 1586 1073 praesentiarum
1609 1026 1691 1062 iuste
1717 1034 1748 1061 et
1772 1039 1869 1061 cano—

1123 1075 1191 1110 nice
1213 1075 1364 1123 possidet,
1386 1084 1438 1110 aut
1460 1076 1643 1111 infuturum
1663 1077 1870 1112 concessione

1124 1125 1328 1165 Pontificum,
1350 1125 1514 1172 largitione
1535 1137 1645 1172 regum
1668 1125 1715 1161 vel
1750 1126 1868 1174 princi-

1123 1187 1209 1221 pum,
1231 1174 1388 1210 oblatione
1414 1175 1571 1219 fidelium,
1599 1187 1653 1210 seu
1689 1175 1758 1210 aliis
1780 1175 1870 1211 iustis

1122 1224 1227 1260 modis
1249 1231 1424 1272 praestante
1446 1224 1584 1259 Domino
1601 1224 1730 1271 adipisci
1745 1224 1870 1272 poterit,

1123 1274 1209 1309 firma
1234 1274 1333 1312 vobis,
1363 1274 1536 1321 vestrisque
1558 1273 1814 1318 successoribus,
1839 1282 1870 1309 et

1123 1324 1238 1358 illibata
1262 1332 1473 1370 permaneant.
1503 1323 1537 1358 In
1560 1323 1676 1371 quibus
1697 1323 1774 1358 haec
1789 1336 1870 1371 ,pro-

1125 1373 1200 1420 priis
1219 1373 1367 1408 duximus
1389 1372 1592 1421 exprimenda
1614 1372 1787 1408 vocabulis.
1813 1373 1870 1407 Lo-

1123 1435 1194 1457 cum
1218 1423 1320 1470 ipsum
1348 1423 1378 1457 in
1404 1435 1468 1470 quo
1501 1422 1674 1470 praefatum
1711 1431 1871 1458 monaste-

1124 1472 1203 1507 rium
1226 1473 1322 1507 situm
1340 1479 1388 1507 est
1410 1485 1482 1507 cum
1505 1471 1653 1507 omnibus
1675 1471 1871 1518 pertinentiis

1125 1522 1200 1556 suis.
1230 1521 1400 1568 Grangiam
1428 1521 1573 1565 strazze,
1600 1521 1759 1568 grangiam
1798 1521 1870 1555 Wi-

1124 1571 1211 1618 ssing,
1241 1571 1400 1617 grangiam
1435 1571 1742 1617 Gumpreclitingen,
1770 1583 1871 1617 gran-

1124 1621 1203 1666 giam
1227 1621 1433 1667 Atzenperge,
1460 1620 1622 1667 grangiam
1646 1619 1869 1661 premebam,

1124 1678 1153 1705 et
1175 1671 1334 1716 grangiam
1356 1668 1619 1713 Gneunsendors,
1643 1670 1869 1716 possessiones,

1124 1732 1201 1765 quas
1224 1719 1345 1754 habetis
1371 1718 1401 1753 in
1428 1719 1548 1754 Revute
1576 1718 1607 1753 in
1637 1718 1804 1765 Peutzing,
1838 1719 1869 1753 in

1125 1768 1222 1810 Celle‚
1247 1769 1276 1803 in
1300 1767 1553 1815 Batrichsperge‚
1575 1767 1605 1802 in
1626 1767 1734 1808 Kaste,
1758 1769 1788 1803 in
1803 1767 1872 1803 Cir-

1125 1819 1241 1862 lmam,
1273 1830 1346 1853 cum
1375 1818 1491 1864 pratis,
1527 1817 1639 1857 vineis,
1675 1817 1785 1858 terris,
1812 1830 1872 1853 nec

1125 1880 1187 1903 non
1212 1867 1368 1907 moribus,
1384 1867 1523 1914 usuagiis
1538 1875 1568 1902 et
1585 1867 1760 1914 pascuis,in
1776 1866 1872 1902 bosco

1126 1925 1156 1952 et
1177 1917 1282 1965 plano,
1310 1917 1341 1952 in
1365 1917 1423 1952 viis
1457 1925 1486 1952 et
1512 1917 1645 1960 semitis,
1672 1924 1702 1951 et
1722 1917 1872 1952 omnibus

1126 1967 1195 2002 aliis
1225 1967 1417 2002 libertatibus
1448 1975 1479 2001 et
1512 1965 1764 2001 immunitatibus
1793 1967 1868 2002 suis.

1126 2017 1208 2052 Sane
1244 2016 1385 2052 laborum
1419 2024 1608 2058 vestrorum,
1634 2028 1716 2064 quos
1736 2016 1871 2064 propriis

1127 2066 1292 2110 manibus,
1319 2073 1373 2101 aut
1394 2065 1573 2113 sumptibus
1601 2066 1720 2106 colitis,
1746 2073 1809 2101 tam
1828 2065 1870 2100 de

1128 2117 1217 2152 terris
1230 2116 1334 2155 cultis,
1354 2128 1448 2164 quam
1466 2115 1606 2155 incultis,
1625 2116 1690 2150 sive
1707 2115 1746 2150 de
1762 2115 1870 2155 hortis,

1127 2174 1157 2201 et
1183 2166 1336 2212 virgultis,
1358 2173 1387 2200 et
1411 2165 1636 2213 piscationibus
1668 2165 1789 2203 vestris,
1823 2165 1870 2199 vel

1127 2215 1166 2250 de
1188 2215 1384 2250 nutrimentis
1405 2215 1588 2250 animalium
1609 2222 1780 2249 vestrorum
1798 2213 1871 2249 nul-

1128 2266 1176 2300 lus
1202 2277 1219 2300 a
1243 2265 1331 2299 vobis
1360 2265 1498 2300 decimas
1537 2264 1659 2310 exigere
1694 2263 1741 2298 vel
1767 2271 1870 2298 extor-

1128 2327 1224 2363 quere
1262 2322 1453 2361 praesumat.
1493 2314 1598 2349 Liceat
1632 2325 1758 2360 quoque
1785 2312 1872 2347 vobis

1128 2365 1259 2400 clericos
1289 2365 1334 2398 vel
1368 2364 1464 2399 laicos
1497 2363 1610 2398 liberos
1644 2369 1674 2397 et
1709 2361 1871 2397 absolutos

1128 2427 1145 2450 e
1171 2413 1295 2449 saeculo
1317 2414 1471 2461 fugientes
1496 2412 1533 2448 ad
1556 2411 1791 2448 conversionem
1821 2423 1871 2446 re-

1128 2464 1247 2512 cipere,
1275 2472 1304 2499 et
1331 2477 1390 2506 eos*
1406 2463 1524 2510 absque
1545 2460 1791 2497 contradictione
1813 2461 1871 2496 ali-

1129 2526 1188 2561 qua
1205 2515 1348 2548 retinere.
1369 2512 1578 2548 prohibemus
1594 2511 1732 2558 insuper,
1748 2518 1779 2545 ut
1792 2510 1869 2546 nulli

1129 2564 1257 2598 fratrum
1295 2574 1467 2598 vestrorum
1496 2571 1564 2608 post
1589 2560 1701 2595 factam
1736 2559 1767 2594 in
1801 2572 1871 2595 mo-

1107 2624 1111 2645 1
1130 2616 1265 2649 nasterio
1287 2624 1390 2648 vestro
1418 2610 1641 2659 professionem
1671 2610 1715 2644 l'as
1735 2609 1775 2644 sit
1798 2610 1871 2645 abs-

1883 226 1929 254 Αη.
1948 227 1977 254 (Ζ,
1995 229 2059 256 ιῖίῢ

1893 285 1980 308 Monam,
2022 287 2060 307 sub

1878 317 1944 339 tutela
1982 319 2061 345 recipit

1879 347 1898 369 S.
1915 348 1938 370 Α.

1896 933 1950 955 Bona
1965 935 2034 955 omnia
2043 933 2063 954 ei

1882 965 2005 987 confirmat:
2052 992 2053 996 Ἰ

1897 2023 1965 2052 anue
1981 2031 1991 2045 a
2007 2025 2067 2045 deci—

1883 2061 1961 2076 marum
1976 2054 2067 2076 solutio-

1884 2092 1909 2106 ne
1926 2087 2004 2107 eximit.

1898 2519 1990 2539 merten·
2021 2519 2066 2538 eius

1885 2550 1934 2570 iude
1969 2548 2066 2575 prohibet

1885 2579 2003 2600 discedere.
