2129 3223
51 298 101 326 Au.
116 297 143 325 C.
164 298 230 325 ¹¹88

55 955 114 983 Quod
129 957 224 977 commis-

44 993 86 1007 sum
108 993 190 1014 quoque
213 994 224 1008 a

43 1020 49 1037 l
59 1019 160 1039 tanente:

49 2248 88 2275 Qui
112 2254 158 2269 euin
183 2247 215 2269 Ss.

37 2285 123 2300 numero
140 2281 218 2300 adscri-

38 2310 74 2332 bit,

881 290 1026 316 emmaus
1047 290 1084 313 tlt
1106 289 1154 312 1³1³.

244 353 311 388 illas
352 351 465 386 direxit
510 361 566 397 pro
614 347 801 396 quibusdam
849 346 984 394 negotiis

245 401 402 438 Ecclesiae
429 398 609 438 tractandis,
633 398 754 445 plenam
786 397 867 432 circa
908 396 983 431 haec

243 450 511 497 investigationem
535 449 732 483 committere
754 445 862 484 voluit,
886 455 916 480 ut
945 458 982 479 ex

243 503 394 546 ipsorum.
416 507 674 545 caeterorumque
693 497 842 533 virorum.
868 495 983 543 quibns

241 551 308 585 sine
326 549 524 584 dubitatione
558 547 635 582 fides
672 554 753 582 esset
792 544 981 583 adhibenda,

241 599 420 636 testimonio
440 597 479 634 ad
502 597 532 633 id
550 597 704 644 agendum
732 595 875 630 consulto
911 606 982 641 pro-

239 649 397 685 cederent:
426 647 509 696 quod
537 655 567 682 et
586 646 725 682 fidelium
748 643 935 689 commodis,
951 650 982 677 ct

241 699 338 747 ipsius
376 698 473 734 sancti
508 696 563 731 viri
600 696 722 736 honori,
744 695 796 742 qui
829 694 981 729 hactenus

239 748 321 784 velut
359 748 388 782 in
435 746 633 793 sterquilinio
674 757 797 792 gemma
848 745 981 798 latuerat

238 810 374 840 congrue
401 797 575 832 videretur:
599 809 658 831 nos
679 796 772 830 etiam
808 806 845 827 ex
886 801 980 828 testi-

239 848 345 883 monio
371 846 546 882 charissimi
571 846 602 880 in
624 845 752 881 Christo
794 843 845 877 lilii
881 843 978 878 nostri

238 901 366 938 Henrici
390 901 521 937 illustris
534 900 707 947 Anglorum
731 898 823 945 regis,
857 909 979 932 necnon

239 955 459 992 venerabilium
483 955 611 990 fratrum
627 962 806 989 nostrorum
819 952 978 987 Guillelmi

237 1010 402 1046 Remensis
422 1017 548 1046 sanctae
571 1008 707 1043 Sabinae
729 1006 898 1055 presbyteri
916 1018 980 1041 car-

236 1065 360 1104 dinalis,
374 1064 610 1100 Bartholomaei
626 1063 819 1098 Turonensis
827 1070 855 1096 et
871 1061 978 1095 Heliae

236 1119 480 1166 Burdegalensis
505 1118 826 1165 archiepiscoporum,
849 1124 879 1151 et
906 1115 979 1150 Sci-

236 1173 345 1208 brandi
367 1172 600 1208 Lemovicensis
621 1171 773 1219 episcopi,
795 1178 825 1204 et
852 1168 978 1204 dilecto-

237 1238 304 1261 rum
341 1226 474 1262 flliorum
516 1233 694 1262 nostrorum
730 1223 865 1259 Bobardi
906 1231 979 1257 tunc

237 1279 344 1315 Sancti
365 1279 490 1326 Angeli,
523 1287 552 1314 et
587 1278 749 1313 Octaviani
789 1277 977 1312 Sanctorum

237 1333 337 1381 Sergii
360 1342 389 1368 et
407 1333 522 1368 Bacchi
537 1333 743 1367 diaconorum
759 1330 977 1371 cardinalium,

237 1388 289 1434 qui
318 1389 348 1422 in
381 1388 524 1434 partibus
554 1386 614 1421 illis
643 1386 740 1421 functi
777 1391 852 1419 sunt
892 1383 978 1430 lega-

236 1442 328 1478 tionis
349 1442 464 1485 officio,
490 1449 520 1476 et
543 1441 674 1476 aliorum
702 1438 873 1474 multorum
907 1438 976 1484 epi-

234 1507 413 1544 scoporum,
426 1495 551 1542 plenius
566 1494 709 1529 instructi
728 1492 766 1528 de
785 1493 845 1527 vita
861 1492 978 1528 meritis

234 1558 265 1584 et
305 1549 552 1589 conversatione,
599 1560 659 1595 qua
694 1546 897 1595 supradictus
932 1546 977 1581 vir

233 1612 361 1640 sanctus
386 1603 538 1639 asseritur
560 1603 715 1643 floruisse,
742 1610 770 1637 et
793 1601 876 1648 quod
895 1600 977 1636 mul-

233 1660 272 1693 tis
305 1658 406 1694 modis
452 1658 673 1693 miraculorum
715 1656 839 1692 indiciis
873 1655 976 1691 divina

232 1712 329 1747 voluit
351 1713 452 1760 pietas
473 1723 545 1746 eum
573 1711 739 1746 illustrare:
774 1710 866 1745 huius
903 1721 978 1745 exe-

231 1766 389 1802 cutionem
417 1765 536 1811 negotii
559 1764 664 1800 dilecti
701 1764 756 1799 filii
787 1765 887 1800 nostri
924 1764 977 1798 lo-

231 1820 321 1856 annis
343 1819 450 1855 Sancti
477 1819 573 1854 Mar-ci
596 1819 769 1866 presbyteri
809 1817 977 1853 cardinalis

232 1873 429 1921 Apostolicae
450 1872 544 1908 Sedis
566 1873 659 1919 legati
682 1873 830 1907 duximus
849 1872 977 1907 arbitrio

231 1927 499 1968 committendam,
526 1939 582 1974 per
603 1926 772 1974 apostolica
796 1926 839 1961 illi
861 1927 975 1975 scripta

232 1981 429 2022 mandantes,
456 1988 490 2016 ut
517 1980 554 2016 ad
578 1981 681 2016 locum
717 1989 852 2016 vestrum
886 1992 977 2016 acce-

231 2035 323 2077 dens,
344 2044 374 2071 et
395 2036 575 2071 convocatis
603 2035 815 2071 adiacentium
852 2033 975 2070 illarum

233 2089 368 2136 partium
390 2089 565 2137 episcopis.
593 2089 788 2136 caeterisque
822 2088 895 2123 viris
927 2100 977 2123 re-

231 2142 362 2189 ligiosis,
389 2144 493 2190 ipsum
522 2143 602 2179 iuter
635 2153 760 2178 sanctos
794 2140 977 2177 auctoritate

230 2209 293 2245 qua
312 2197 472 2243 fungimur
494 2208 550 2232 nos
574 2196 743 2232 denunciet
758 2196 975 2243 adscripsisse:

231 2251 382 2298 deinceps
403 2250 433 2285 in
461 2259 641 2285 sanctorum
673 2251 836 2297 cathalogo
870 2263 978 2286 nume-

233 2304 378 2345 randum,
405 2312 433 2338 et
469 2316 524 2350 per
562 2304 661 2350 ipsius
695 2306 802 2340 merita
838 2304 977 2340 Redem-

233 2358 331 2406 ptoris
351 2357 501 2405 suffragia
523 2357 697 2399 decrevisse
726 2371 797 2394 cum
837 2359 977 2405 reliquo-

233 2424 302 2447 rum
333 2419 512 2447 sanctorum
553 2411 834 2447 interventionibus
865 2421 977 2460 postu-

233 2465 334 2501 landa.

280 2514 396 2550 Datum
439 2514 582 2550 Laterani
624 2513 812 2550 duodecimo
850 2514 973 2550 kalend.

233 2563 352 2612 aprilis,
367 2564 569 2611 pontificatus
590 2565 686 2599 nostri
713 2575 794 2599 anno
821 2565 972 2600 secundo.

293 2620 352 2651 Dat.
371 2621 417 2651 die
435 2621 469 2651 211
491 2622 587 2652 martii
611 2630 685 2651 anno
704 2620 816 2651 Domini
834 2622 916 2655 1189,

486 2670 586 2710 pontis.
606 2679 680 2700 anno
700 2679 727 2699 tt.

1673 280 1719 312 63

1379 344 1417 380 X.

1026 419 1182 451 Bonorum
1228 417 1421 462 confirmatio
1467 425 1492 451 et
1534 418 1768 463 privileqiorum

1070 467 1217 500 concessio
1255 468 1438 500 monasterio
1475 468 1654 511 Sublacen„
1686 469 1769 512 quod

1070 517 1122 549 sub
1146 517 1329 561 protectione
1347 517 1434 550 Sedis
1457 518 1648 562 Apostolicae
1674 519 1767 551 susci-

1069 567 1154 610 pitur
1179 567 1233 609 (1).

1289 643 1500 674 SUMMARIUM

1021 709 1185 740 Exordium.
1216 726 1255 732 —
1280 709 1487 740 Monasterium
1515 710 1569 740 hoc
1599 712 1653 740 sub
1682 711 1765 741 Sedis

1059 755 1243 794 Apostolicae
1266 755 1444 794 protectione
1463 755 1595 794 suscipit.
1616 772 1654 778 —
1669 754 1763 786 Disci-

1059 799 1167 838 plinam
1181 800 1372 829 monasticam
1392 799 1552 829 secundum
1572 799 1602 830 B.
1616 800 1764 831 Benedicti

1059 844 1189 882 regulam
1212 844 1320 873 servari
1343 844 1469 873 mandat:
1492 861 1532 866 —
1558 843 1659 874 Eidem
1689 845 1763 876 bona

1057 888 1155 918 omnia
1183 889 1346 918 confirmat.
1373 905 1412 911 --
1433 887 1463 918 ln
1496 890 1665 920 monasterii
1699 890 1763 920 lacu

1058 933 1179 972 piscari,
1208 933 1250 962 vel
1270 934 1435 963 molendina
1458 938 1629 965 construere
1652 934 1764 975 absque

1057 977 1171 1007 abbatis
1195 978 1312 1008 licentia
1332 978 1479 1017 prohibet3
1495 995 1535 1001 —
1555 979 1678 1010 Statutis
1696 989 1765 1020 poe—

1058 1023 1102 1051 nis
1120 1023 1149 1052 in
1178 1022 1345 1052 violatores.
1372 1039 1411 1045 —
1428 1022 1586 1053 Castellum
1605 1023 1763 1055 Sublacum

1058 1075 1124 1095 cum
1154 1067 1217 1096 suis
1237 1067 1420 1106 pertinentiis
1444 1068 1622 1098 monasterio
1643 1069 1763 1099 adiudi-

1057 1115 1154 1139 catum
1172 1111 1370 1141 confirmatur.
1382 1128 1422 1133 -
1434 1110 1504 1141 Item
1519 1112 1637 1148 casalia,
1652 1122 1765 1149 roccae,

1058 1159 1160 1187 castra,
1182 1159 1231 1184 ele.
1255 1164 1321 1184 cum
1349 1155 1484 1186 ecclesiis
1513 1161 1541 1186 et
1562 1158 1765 1196 pertinentiis;

1058 1216 1095 1220 —
1122 1198 1155 1228 Et
1177 1209 1251 1238 quae
1270 1209 1303 1229 ex
1331 1200 1451 1239 antiquo
1473 1200 1537 1231 iure
1565 1201 1763 1233 Romanorum

1057 1243 1229 1273 Pontificum
1249 1248 1277 1273 et
1292 1244 1500 1283 imperatorum
1519 1247 1763 1277 concessionibus

1057 1288 1090 1317 ad
1109 1287 1183 1317 idem
1200 1288 1409 1318 monasterium
1429 1290 1575 1328 pertinere
1593 1296 1763 1322 noscuntur.

1056 1349 1094 1354 —
1119 1331 1217 1361 Cellae
1244 1341 1310 1361 cum
1333 1332 1394 1362 suis
1418 1333 1553 1363 ecclesiis
1575 1338 1604 1364 et
1627 1334 1654 1365 S.
1672 1334 1765 1365 Bene-

1056 1377 1124 1407 dicti
1155 1376 1336 1406 haereditate
1369 1377 1396 1406 in
1430 1377 1501 1406 Atila
1531 1378 1638 1416 posita:
1666 1395 1705 1401 —
1732 1379 1764 1410 Et

1056 1420 1201 1450 ecclesiae
1230 1420 1257 1449 in
1286 1420 1400 1450 civitate
1422 1420 1580 1460 Tyburtina
1608 1431 1673 1453 cum
1696 1432 1763 1454 om-

1056 1464 1143 1494 nibus
1166 1473 1266 1494 earum
1286 1464 1481 1503 pertinentiis.
1502 1482 1541 1488 —
1563 1465 1601 1496 De
1624 1467 1763 1506 episcopo

1056 1509 1197 1538 ecclesias
1232 1509 1413 1545 tletlicaturo,
1438 1509 1481 1538 vel
1500 1510 1699 1541 ordinationes
1722 1512 1764 1541 fa-

1055 1559 1146 1584 cturo.
1165 1570 1203 1575 —
1220 1553 1259 1583 De
1276 1553 1410 1584 libertate
1428 1564 1442 1584 a
1464 1555 1527 1584 iure
1544 1554 1651 1585 alieno.
1668 1572 1707 1578 —
1725 1555 1762 1586 De

1055 1597 1169 1627 abbatis
1192 1598 1336 1628 electione
1359 1608 1410 1638 per
1431 1599 1590 1629 monachos
1620 1600 1762 1632 facienda.

1053 1660 1092 1665 —
1114 1642 1307 1673 lmmunitatis
1336 1644 1484 1673 decretum
1507 1653 1557 1683 pro
1584 1645 1761 1683 supradictis

1054 1704 1092 1709 —
1109 1686 1179 1716 Cum
1201 1686 1295 1716 solitis
1318 1687 1493 1727 poenalibus
1511 1689 1761 1720 conclusionibus.

1055 1749 1094 1754 -
1115 1731 1244 1762 Clenten.
1265 1731 1318 1761 Pr.
1338 1732 1526 1772 subscriptio.

1016 1802 1135 1831 clemens
1154 1803 1292 1839 episcopus
1311 1809 1405 1832 servus
1420 1810 1560 1833 servorum
1577 1804 1635 1838 Dei,
1653 1805 1764 1835 dilectis

1059 1852 1125 1881 filiis
1152 1852 1264 1881 Bet-aldo
1287 1853 1379 1882 abbati
1396 1854 1558 1883 monasterii
1585 1854 1762 1888 sublacensis.

1060 1902 1170 1938 eiusque
1190 1902 1325 1931 fratribus
1343 1904 1402 1931 tam
1417 1903 1607 1938 praesentibus
1617 1910 1699 1940 quam
1720 1904 1762 1932 fu·

1059 1952 1132 1980 turis
1162 1952 1315 1987 regularem
1339 1953 1425 1981 vitam
1449 1953 1591 1988 professis.
1611 1954 1639 1982 in
1669 1960 1762 1990 perpe·

1061 2003 1148 2030 tuum.

1064 2069 1217 2111 Quamvis
1244 2069 1461 2105 universarum
1493 2069 1701 2106 Ecclesiarum
1725 2082 1761 2105 ex

1017 2119 1118 2154 officio
1145 2128 1310 2166 susceptae
1332 2120 1615 2156 administrationis
1653 2132 1760 2155 curam

1016 2180 1122 2214 gerere
1144 2176 1320 2210 teneamur;
1343 2168 1466 2204 illarum
1487 2177 1602 2210 tamen,
1625 2181 1705 2217 quae
1723 2169 1760 2204 ad

1018 2218 1190 2253 Romanam
1213 2216 1387 2253 Ecclesiam
1416 2218 1503 2254 nullo
1526 2218 1682 2254 mediante
1711 2230 1761 2253 re-

1016 2268 1172 2315 spiciunt,
1193 2267 1424 2302 solicitudinem
1459 2280 1516 2303 nos
1547 2267 1662 2303 habere
1683 2279 1755 2302 con-

1018 2317 1112 2361 venit,
1150 2326 1179 2352 et
1213 2329 1320 2352 earum
1365 2317 1433 2364 paci
1467 2329 1503 2352 ac
1541 2316 1759 2364 tranquillitati

1017 2367 1153 2401 Domino
1179 2366 1347 2401 auxiliante
1374 2366 1550 2414 providere.

1785 287 1877 315 Athe.
1895 288 1962 315 ¹188

1808 2084 1917 2106 Exordium

1064 2415 1108 2450 Ea
1149 2423 1286 2462 propter,
1322 2415 1428 2450 dilecti
1471 2416 1501 2450 in
1529 2415 1666 2451 Domino
1694 2416 1760 2461 titii,
1792 2430 1940 2452 nonasienum

1018 2465 1126 2499 vestris
1159 2464 1248 2499 iustis
1287 2464 1553 2512 postulationibus
1590 2465 1762 2501 clementer

1775 2461 1814 2482 boc
1837 2461 1873 2481 sub
1896 2460 1957 2482 Sedis

1774 2493 1846 2520 Apost.
1884 2496 1957 2520 prote-

1016 2514 1199 2554 annuimus,
1221 2522 1252 2548 et
1272 2514 1445 2561 praefatum
1467 2513 1662 2550 Sublacense
1689 2527 1761 2551 mo·
1774 2524 1845 2545 ction·
1859 2524 1955 2549 uncian-

1017 2564 1197 2603 nasterium,
1220 2563 1303 2610 quod
1331 2563 1411 2599 beati
1433 2563 1516 2599 Petri
1545 2565 1622 2600 iuris
1643 2565 1760 2608 existit,

1052 2635 1091 2669 (l)
1107 2634 1145 2661 Ex
1165 2634 1265 2661 archiv.
1287 2638 1397 2662 monast.
1419 2635 1555 2663 Sublacen.
1578 2635 1659 2663 edidit
1685 2637 1758 2663 Mar-

1017 2676 1132 2708 garinus,
1155 2675 1203 2701 loe.
1225 2675 1280 2707 cit.‚
1298 2682 1371 2702 num.
1389 2682 1468 2702 ccxii.
