2129 3223
79 233 131 263 An.
144 234 173 260 C.
198 234 263 260 two

88 967 230 991 marcovaldus

67 999 164 1026 wonder.
179 1005 202 1021 se
212 999 250 1021 Pa-

68 1034 106 1053 νιο
146 1031 249 1052 mandatis

79 1060 237 1087 obtemperatu-

131 1097 183 1112 rum.

71 1615 129 1642 Quae
144 1615 163 1636 ei
181 1621 243 1636 man·

60 1646 139 1667 «luerit
176 1644 242 1666 luno-

60 1677 149 1697 antius.

873 232 1083 255 tNNOCENTtt's
1106 232 1141 254 tn
1166 233 1212 253 ΓΡ.

1697 222 1704 252 l
1716 222 1761 252 65

277 290 410 330 infestat.
433 288 617 323 etinuititur
639 298 803 332 occuparo.
826 286 946 321 Omnes
962 298 1020 321 au·
1062 285 1167 319 rabilis
1190 287 1292 319 fratris
1324 287 1419 320 nostri
1443 286 1481 320 Ο.
1506 286 1628 320 Ostieu.
1655 285 1809 332 episcopi,

275 347 354 378 tem,
376 338 430 385 qui
458 338 486 372 ei
524 336 680 372 fidelitatis
713 335 759 369 vel
787 336 945 370 societatis
969 335 1020 370 iu-

274 395 414 422 ramento
445 393 607 430 tenentur,
640 384 871 419 denunciamus
894 384 1019 431 penitus

271 436 443 471 absolutos.
471 434 578 481 Siquis
612 442 714 469 autem
751 433 885 468 clericus
916 433 1019 467 cuius-

270 496 408 532 cumque
440 483 599 531 dignitatis
632 490 662 518 et
701 481 822 517 ordinis
846 482 947 516 officia
969 494 1017 516 ec-

269 533 455 577 clesiastica,
483 533 528 568 vel
551 540 744 568 sacramenta
767 531 868 565 divina
892 531 937 574 ei,
971 531 1015 566 rel

268 582 456 630 sequacibus
481 582 546 617 suis
577 581 753 616 ministrare
782 588 1014 626 praesumeret,

267 631 344 666 sciat
376 643 409 666 se
435 630 596 677 dignitatis
626 638 655 665 et
694 629 811 664 ordinis
839 628 1014 675 periculum

267 681 447 715 iucurrisse.
460 679 537 714 ltem
551 679 864 714 excommunicamus
879 678 902 712 l.
917 690 1015 724 quon-

266 728 337 764 dam
366 729 501 764 electum
529 728 664 763 Sanctae
686 727 868 762 Sex-erinae:
892 727 945 773 qui
969 728 1013 761 ei-

265 778 336 813 dem
371 777 569 813 Marcovaldo
605 776 791 819 adhaerens,
819 776 1012 810 administra-

264 827 386 861 tionem
413 826 630 861 Salernitanae
660 825 818 861 Ecclesiae
845 825 884 859 de
912 825 1012 872 ipsius

264 888 357 910 manu
384 875 510 922 recepit.

313 924 424 959 Forma
459 924 648 970 receptionis
686 923 760 957 haec
789 923 858 957 l'uit:
898 922 1011 956 luravit

262 972 480 1008 Marcovaldns
510 973 634 1020 publice
657 973 725 1006 sine
748 980 838 1018 pacto
872 971 1010 1017 quolibet

263 1029 293 1056 et
327 1030 434 1057 tenore
469 1034 566 1069 super
605 1032 729 1056 crucem
764 1029 793 1054 et
833 1020 1009 1066 evangelia,

262 1070 347 1117 quod
369 1083 464 1118 super
479 1070 639 1109 omnibus,
668 1082 722 1116 pro
745 1069 860 1115 quibus
883 1081 1010 1104 excom-

262 1120 442 1154 municatus
467 1120 587 1158 existit.v
620 1119 687 1152 sine
716 1118 824 1152 fraude
853 1118 1009 1153 mandatis

259 1169 377 1204 nostris
398 1168 524 1203 obediet
554 1168 718 1209 universis,
753 1179 833 1213 quae
867 1166 926 1200 sibi
954 1179 1009 1213 per

259 1229 328 1257 nos,
347 1217 394 1252 vel
417 1218 563 1259 nuncios,
585 1224 636 1250 aut
660 1216 776 1250 litteras
799 1222 921 1250 nostras
946 1215 1008 1251 du-

259 1265 400 1301 xerimus
432 1265 583 1300 facienda.
622 1264 726 1299 Tenor
760 1275 834 1298 vero
869 1264 1006 1299 mandati

257 1315 421 1359 apostolici
446 1314 501 1348 fuit
523 1314 605 1348 talis:
635 1313 814 1347 mandatum
834 1320 879 1347 est
907 1313 933 1347 ei
949 1313 1008 1347 sub

257 1362 365 1398 debito
399 1362 540 1410 praestiti
583 1362 771 1396 iuramenti.
808 1370 839 1395 ut
873 1373 889 1396 a
925 1361 1006 1397 balio

258 1413 358 1458 regni,
380 1411 540 1446 invasione
562 1423 688 1458 quoquc
717 1423 751 1444 ac
788 1409 1005 1446 molestatione

257 1460 356 1506 ipsius
381 1473 436 1507 per
469 1473 503 1495 se
529 1472 565 1494 ac
591 1471 666 1494 suos
701 1458 831 1493 omnino
855 1458 1003 1494 desistat:

257 1520 315 1544 nec
337 1509 453 1557 ipsum,
488 1517 540 1544 aut
564 1508 786 1556 patrimonium
810 1508 892 1542 beati
919 1507 1004 1544 Petri

257 1569 312 1604 per
343 1570 376 1592 se
403 1558 450 1592 vel
478 1558 572 1592 alium
615 1557 680 1591 ullo
716 1557 810 1591 modo
845 1556 1002 1592 molestet:

257 1606 413 1646 universa,
440 1618 520 1654 quae
543 1605 582 1640 de
603 1618 699 1652 regno
717 1618 772 1652 per
793 1617 838 1650 se,
862 1606 907 1640 vel
931 1618 1005 1641 suos

257 1655 379 1696 invasit,
405 1667 484 1702 quae
518 1655 700 1689 detinentur
726 1654 764 1689 ab
798 1655 887 1702 ipso,
915 1655 1005 1689 resti-

255 1711 332 1748 tuat,
354 1712 385 1739 et
405 1704 444 1738 ab
470 1704 555 1739 omni
580 1715 708 1750 prorsus
735 1702 926 1749 obligatione
947 1704 1004 1738 ab-

255 1752 363 1788 solvat.
387 1753 476 1795 Quae
499 1764 570 1786 vero
592 1752 774 1787 detinentur
788 1752 828 1786 ab
849 1752 930 1795 aliis,
948 1765 1004 1799 pro

256 1813 349 1847 posse
369 1813 428 1836 suo
451 1801 570 1836 restitui
591 1801 681 1835 faciat
704 1801 782 1835 bona
805 1801 876 1836 fide.
900 1801 1003 1848 Super

256 1850 306 1885 his
329 1858 446 1890 autem,
481 1861 563 1897 quae
590 1860 648 1883 nec
669 1848 708 1884 ab
735 1849 817 1896 ipso,
844 1862 903 1885 nec
937 1851 1003 1885 suis

257 1898 422 1939 habentur,
447 1906 553 1945 utpote
566 1909 662 1944 super
689 1898 812 1933 damnis
833 1907 863 1933 et
878 1899 1004 1934 iniuriis

257 1947 351 1983 illatis
387 1947 569 1994 praesertim
614 1946 704 1981 nobis
745 1955 772 1981 et
809 1948 1002 1983 monasterio

254 1996 403 2031 Casinen.
431 1995 599 2031 satisfaciat
625 2003 858 2043 competenter,
880 2009 1003 2032 secun-

254 2046 330 2080 dum
352 2045 595 2092 dispositionem
620 2053 775 2088 nostram,
803 2054 833 2080 et
860 2048 1002 2093 proprias

256 2094 429 2130 facultates.
457 2093 491 2128 ln
514 2094 647 2129 clericos
673 2094 711 2128 de
738 2104 874 2135 caetero,
896 2104 923 2130 et
955 2096 1002 2130 vi-

255 2156 307 2178 ros
331 2143 562 2178 ecclesiasticos
581 2155 691 2177 manus
715 2156 770 2177 nec
793 2144 922 2184 iniiciat,
947 2157 1002 2180 uec

256 2192 341 2227 iniici
368 2191 458 2227 faciat
488 2192 650 2226 violentas.
674 2192 857 2228 Cardiuales
893 2202 921 2228 et
951 2194 1002 2228 le-

254 2249 344 2287 gatos
369 2240 572 2288 Apostolicae
594 2240 687 2275 Sedis
709 2254 766 2275 nec
787 2241 915 2288 spoliet,
945 2255 1003 2277 nec

254 2290 395 2335 spoliari,
428 2301 485 2324 nec
511 2289 579 2336 capi
610 2289 711 2328 faciat.
738 2299 792 2326 aut
815 2291 907 2325 etiam
943 2291 1001 2326 ob—

1059 342 1087 368 et
1111 334 1296 369 dilectorum
1333 334 1465 369 filiorum
1503 334 1540 369 G.
1567 334 1646 368 tituli
1673 333 1808 369 Sanctae

1060 382 1175 418 Mariae
1211 383 1447 430 Transtyberim
1485 383 1677 431 presbyteri,
1710 391 1740 418 et
1768 383 1805 417 H.

1058 431 1165 467 Sancti
1206 432 1368 466 Eustachii
1403 433 1547 476 diaconi,
1582 432 1806 476 cardinalium,

1058 481 1232 527 legatorum
1268 481 1468 528 Apostolicac
1496 481 1604 524 Sedis,
1628 482 1709 515 iuxta
1738 494 1807 516 mo·

1057 529 1132 564 dum
1169 542 1354 576 expressum
1383 531 1539 577 superius,
1569 531 1693 577 publice
1716 531 1805 565 iura·-

1057 587 1198 614 mentum
1228 579 1382 613 exhibuit:
1424 589 1453 614 et
1481 580 1655 613 secundum
1694 579 1805 614 Eccle-

1056 628 1119 662 siae
1133 628 1263 663 sormam
1280 628 1431 662 beneficio
1442 628 1650 663 absolutionis
1664 628 1803 666 obtento.

1056 676 1239 712 mandatum
1267 678 1326 712 sul)
1348 678 1458 712 eodem
1489 686 1594 711 tenore
1618 678 1746 722 recepit,
1773 686 1801 711 et

1055 738 1089 760 se
1124 727 1267 773 promisit
1295 727 1430 761 fideliter
1463 726 1678 773 impleturum.
1707 727 1800 768 Quod

1054 783 1158 809 autem
1192 776 1219 810 ei
1250 776 1326 810 niliil
1355 787 1451 822 super
1487 783 1565 809 terra
1595 775 1645 810 illa
1673 776 1802 810 mauda-

1055 824 1167 867 vimus,
1195 837 1288 870 quam
1312 833 1479 871 antequam
1500 836 1585 858 nuuc
1607 824 1720 859 ultimo
1752 837 1802 860 re-

1053 877 1150 919 gnum
1182 874 1321 913 intraret,
1345 887 1379 908 ex
1398 874 1604 908 concessione
1627 873 1727 908 suerat
1749 875 1801 908 im-

1053 923 1207 968 peratoris
1229 923 1373 969 adeptus,
1394 923 1571 958 nullatenus
1589 923 1798 958 admiremini:

1053 983 1124 1005 cum
1150 980 1276 1019 propter
1307 985 1373 1006 eain
1403 985 1465 1007 non
1494 972 1587 1007 fuerit
1615 984 1800 1006 excommu-

1052 1020 1208 1055 nicatione
1243 1029 1377 1055 notatus.
1406 1021 1452 1056 De
1487 1021 1553 1068 ipsa
1581 1028 1683 1055 tamen
1707 1021 1800 1056 dante

1052 1068 1189 1103 Domino
1225 1069 1262 1103 ad
1305 1078 1461 1109 nostrum,
1495 1078 1525 1104 et
1558 1070 1733 1105 charissimi
1769 1071 1798 1104 in

1051 1116 1178 1152 Christo
1195 1118 1248 1152 filii
1265 1119 1360 1152 nostri
1376 1118 1412 1152 F.
1430 1119 1557 1154 Siciliae
1577 1119 1660 1165 regis
1683 1118 1798 1154 illustr.

1051 1166 1203 1201 honorem
1238 1167 1326 1201 vobis
1352 1168 1526 1202 scientibus
1551 1168 1672 1203 utiliter
1693 1168 1800 1214 dispo-

1052 1227 1173 1250 nemus.
1211 1215 1324 1251 Nullus
1352 1217 1447 1262 igitur
1470 1228 1524 1252 vos
1546 1217 1677 1251 omnino
1702 1217 1800 1252 sedu-

1049 1272 1108 1304 cat,
1137 1265 1243 1298 nullus
1270 1265 1468 1312 aliquatenus
1493 1265 1683 1305 blandiatur,
1715 1266 1798 1313 quod

1048 1313 1225 1347 secundum
1248 1314 1339 1348 aliam
1364 1314 1494 1348 formam
1519 1314 1600 1349 idem
1629 1314 1799 1349 Mat-coral-

1048 1361 1108 1396 <lus
1142 1362 1352 1397 iuramentum
1389 1363 1589 1409 praestiterit.
1624 1371 1676 1398 aut
1709 1364 1800 1398 aliter

1048 1410 1142 1444 fuerit
1165 1419 1312 1458 receptus
1334 1424 1350 1446 a
1371 1411 1476 1446 nobis:
1502 1424 1559 1446 nec
1581 1411 1749 1447 turbentur
1767 1412 1797 1446 in

1047 1459 1152 1506 aliquo
1175 1461 1268 1494 corda
1295 1470 1414 1499 vestra,
1442 1460 1494 1495 sed
1519 1461 1625 1508 potius
1657 1461 1799 1495 soliden-

1048 1516 1111 1542 tur:
1140 1521 1211 1543 cum
1245 1509 1270 1543 si
1306 1510 1474 1544 servaverit
1503 1509 1587 1556 quod
1616 1510 1643 1544 ei
1668 1518 1713 1544 est
1737 1510 1798 1545 sub

1046 1556 1152 1591 debito
1176 1559 1314 1605 praestiti
1344 1559 1509 1593 iuramenti
1539 1558 1736 1599 mandatum,
1758 1559 1795 1593 ad

1046 1613 1162 1641 statum
1199 1608 1294 1642 totius
1336 1609 1443 1654 regni.
1478 1616 1507 1642 et
1540 1607 1795 1655 tranquillitatem

1048 1662 1180 1689 vestram
1203 1656 1244 1690 sit
1272 1669 1333 1691 non
1367 1657 1526 1692 modicum
1557 1665 1794 1702 proventurum.

1046 1703 1079 1737 Si
1103 1712 1207 1739 autem
1235 1705 1329 1752 (quod
1359 1718 1420 1740 non
1449 1706 1616 1750 credimus)
1639 1718 1701 1741 non
1727 1718 1795 1740 ser-

1046 1753 1180 1793 vaverit,
1209 1755 1285 1788 nihil
1314 1755 1353 1789 sit
1387 1756 1562 1790 auctoritati
1587 1763 1709 1790 nostrae
1731 1755 1795 1789 de-

1046 1809 1190 1845 tractum,
1219 1803 1272 1837 sed
1296 1804 1364 1838 eius
1391 1805 1430 1838 sit
1452 1806 1555 1850 potius
1583 1804 1720 1851 potentia
1743 1804 1795 1839 di—

1045 1851 1181 1885 minuta:
1211 1860 1239 1886 et
1259 1860 1321 1886 tam
1344 1865 1380 1887 ex
1405 1853 1605 1888 inclementia
1630 1854 1793 1900 temporis,

1044 1912 1137 1946 quam
1166 1912 1203 1934 ex
1231 1901 1328 1936 forma
1357 1902 1506 1942 mandati,
1531 1915 1624 1950 quam
1648 1904 1791 1942 facimus,

1045 1948 1178 1983 absoluti
1207 1950 1342 1985 fautores
1368 1951 1438 1985 eius
1466 1952 1581 1999 iugiter
1607 1953 1644 1988 ad
1669 1954 1792 2000 propria

1045 2006 1249 2033 revertantur.
1279 2000 1342 2034 Nos
1369 2013 1499 2047 quoque
1522 2014 1583 2036 non
1611 2002 1712 2037 solum
1737 2016 1793 2050 pro

1044 2049 1221 2083 commissis
1248 2049 1446 2089 excessibus,
1474 2063 1582 2085 verum
1613 2051 1706 2086 etiam
1736 2065 1793 2099 pro

1046 2105 1130 2131 reatu
1160 2098 1298 2143 periurii,
1320 2111 1392 2133 eum
1421 2107 1450 2133 et
1477 2100 1614 2135 fautores
1636 2101 1744 2148 ipsius,
1767 2115 1790 2135 si

1045 2145 1122 2180 forte
1145 2156 1253 2181 contra
1289 2147 1404 2182 factum
1429 2156 1458 2182 et
1483 2157 1642 2196 receptum
1668 2150 1792 2184 manda-

1044 2202 1109 2228 tum
1135 2195 1264 2233 reniret,
1291 2197 1320 2230 in
1345 2197 1476 2232 eandem
1497 2198 1792 2233 excommunicatio-

1045 2243 1093 2278 nis
1119 2245 1306 2279 senteutiam
1346 2245 1496 2280 reducere
1532 2259 1731 2282 curaremus:
1761 2257 1789 2282 et

1044 2301 1125 2326 esset
1147 2301 1254 2328 contra
1289 2306 1360 2328 eum
1396 2307 1506 2329 manus
1538 2304 1641 2330 nostra
1668 2308 1705 2330 ex
1730 2297 1791 2331 vir—

255 2338 374 2379 sideri,
403 2339 461 2373 nisi
498 2338 600 2373 forsan
634 2338 836 2384 impugnatus
863 2339 901 2374 ab
936 2341 1001 2377 eis.
1022 2342 1025 2390 l
1045 2349 1110 2374 tute
1137 2342 1240 2375 divina
1269 2342 1410 2387 validior,
1434 2356 1527 2390 quam
1551 2344 1668 2378 fuisset.
1692 2344 1792 2392 Inspi-

255 2387 286 2421 in
321 2387 535 2422 defensionem
566 2388 723 2433 propriam
759 2388 789 2422 id
815 2388 916 2423 facere
948 2401 1003 2424 co-

255 2443 398 2482 geretur:
427 2448 490 2471 non
517 2435 599 2482 quod
628 2436 657 2470 id
682 2444 756 2471 tunc
777 2436 805 2471 ei
833 2437 927 2473 licere
948 2438 1003 2472 di-

256 2497 378 2527 camus,
400 2485 454 2520 sed
474 2486 546 2532 quia
571 2485 629 2519 lioc
651 2485 677 2519 ei
701 2497 762 2519 non
786 2485 1004 2522 interdicimus
1023 2475 1025 2504 l

258 2547 298 2569 ex
312 2533 419 2569 debito
435 2534 612 2568 iuramenti.
637 2534 801 2569 Accedens
819 2534 911 2581 igitur
925 2535 1004 2570 Mar-

257 2582 407 2618 covaldus
434 2582 564 2617 verulas
598 2582 634 2617 ad
668 2584 872 2629 praesentiam
909 2596 1004 2618 vene-

1045 2397 1089 2423 ret
1123 2399 1228 2424 autem
1264 2391 1306 2431 ei,
1343 2392 1394 2438 qni
1424 2392 1487 2426 vult
1509 2404 1619 2427 omnes
1645 2393 1790 2429 homines

1045 2438 1146 2473 salvos
1174 2439 1252 2482 sieri,
1275 2448 1302 2473 et
1340 2440 1497 2476 neminem
1522 2441 1585 2475 vult
1613 2442 1728 2488 perire:
1759 2452 1789 2478 ut

1045 2486 1084 2521 ita
1108 2487 1240 2522 fideliter
1261 2489 1443 2523 mandatum
1468 2498 1610 2525 nostrum
1632 2491 1789 2529 observet.

1045 2543 1076 2570 ut
1101 2548 1157 2570 nec
1171 2535 1355 2572 Creatorem
1379 2538 1526 2580 offendat,
1545 2551 1603 2574 nec
1622 2552 1679 2576 nos
1700 2553 1791 2588 opor-

1045 2591 1105 2618 teat
1133 2593 1239 2620 contra
1262 2598 1333 2620 eum
1351 2587 1476 2632 gravius
1497 2589 1699 2624 commoveri.
1727 2590 1789 2625 Mo-

1828 231 1866 257 An

1895 230 2007 257 01199
