2129 3223
386 235 454 267 822
931 244 1116 266 Bt'LLARtUM
1145 243 1307 266 nomasntu

434 299 574 334 infideles
601 298 806 345 degentibus,
844 307 875 333 ut
908 299 1048 334 habitum
1073 306 1206 338 mutare,
1235 298 1361 333 barbam
1389 308 1418 333 et
1451 311 1571 334 comam
1595 300 1731 340 nutrire,
1760 312 1796 334 ac
1819 311 1873 348 pe-

434 348 544 385 cunias
567 356 697 383 tractare
720 349 842 383 valeant
858 349 1056 396 indulgetur,
1082 351 1152 383 417
1175 351 1203 383 b.
1226 348 1366 395 Regulae
1387 360 1403 383 a
1425 348 1459 383 S.
1482 349 1648 384 Francisco
1671 349 1802 384 traditae
1816 349 1875 384 de-

433 398 571 441 claratio,
599 411 669 433 cum
699 398 859 445 responsis
892 399 929 433 ad
957 398 1050 433 dubia
1086 411 1140 445 per
1167 398 1277 433 fratres
1303 398 1431 434 eosdem
1459 398 1599 445 alligata,
1631 401 1702 434 449
1730 402 1758 434 b.
1794 399 1873 435 Eius

434 447 582 484 nonnulla
600 448 700 494 capita
716 449 922 496 explicantur,
951 451 1020 483 519
1043 450 1060 482 b
1082 457 1112 482 et
1138 461 1197 494 seq.
1225 447 1460 483 Conventuales
1480 448 1735 492 denominantur,
1759 451 1828 484 542
1845 451 1874 484 b.

434 499 490 534 Eis
519 497 704 533 conceditur
724 497 863 533 Ecclesia
882 498 916 533 S.
939 498 1054 533 Mariae
1071 497 1109 532 ‹le
1128 497 1189 532 Ara
1211 498 1298 532 Coeli
1316 498 1345 532 in
1365 498 1450 533 Urbe
1471 510 1506 533 ac
1529 499 1753 534 monasterium
1777 511 1874 547 prope

434 549 517 584 illam
539 548 757 590 constitutum,
781 550 851 583 558
878 551 906 582 b.
934 548 983 582 Ab
1005 548 1213 582 Universitate
1239 548 1407 583 parisiensi
1435 548 1549 595 repulsi
1574 547 1740 583 Summum
1763 548 1875 584 Ponti-

435 599 524 634 ficem
548 598 718 645 appellant,
746 599 817 633 605
843 611 872 632 α.
901 598 985 640 Quid
1020 598 1140 644 egerint
1167 597 1367 632 Innocentius
1395 597 1436 632 IV
1463 607 1493 632 et
1520 597 1697 633 Alexander
1723 598 1776 639 lv,
1800 600 1874 633 ibid.

435 656 466 684 et
486 660 546 693 seq.
583 647 630 682 Ad
653 647 855 695 episcopatus
876 656 904 683 et
927 648 1002 682 alias
1028 648 1194 693 dignitates
1222 647 1375 694 promoti,
1399 647 1497 683 libros
1519 656 1548 682 et
1569 648 1627 682 alia
1649 660 1706 683 sua
1730 648 1810 683 bona
1830 660 1879 683 or-

435 698 500 733 dini
524 697 680 744 resignare
699 706 858 738 tenentur,
882 699 952 732 6⁶28
976 710 1006 737 a,
1037 699 1105 732 798
1128 699 1155 731 b.
1182 697 1249 732 Alia
1268 705 1381 732 statuta
1405 710 1459 744 pro
1479 697 1588 732 eodem
1612 697 1739 742 ordine,
1761 700 1830 733 755
1847 698 1875 733 b.

432 748 537 795 Prope
553 747 710 782 Ecclesias
725 747 871 782 Fratrum
889 748 1046 782 Minorum
1070 759 1132 782 uon
1151 755 1223 782 sunt
1245 747 1453 783 construenda
1477 747 1662 782 monasteria
1677 747 1877 788 monialium.

434 806 488 833 aut
514 806 689 833 conventus
710 797 858 832 ordinum
882 797 1128 832 Mendicantium
1157 797 1234 832 infra
1262 798 1399 845 spatium
1427 799 1498 833 500
1525 809 1718 843 cannarum,
1746 799 1816 833 759
1845 810 1875 832 α.

435 848 503 883 Hoc
525 847 660 895 spatium
683 846 722 883 ad
747 850 815 882 140
839 847 1010 887 reducitur,
1035 849 1105 882 798
1131 860 1161 882 α.
1189 847 1303 882 Eorum
1326 847 1440 894 gratias
1467 855 1496 882 et
1526 847 1687 895 privilegia
1720 847 1878 896 archiepi-

434 898 523 947 scopi
543 904 573 933 et
596 897 721 945 praelati
750 897 946 944 interpretari
971 905 1141 945 nequeunt,
1165 899 1234 932 799
1262 899 1290 932 b.

337 949 495 985 Miracula.
526 947 688 995 Principio
715 946 803 983 Deus
836 947 1010 983 Ecclesiam
1048 947 1206 982 miraculis
1229 947 1417 988 clarificavit,
1454 949 1525 982 415
1557 959 1587 982 a.
1623 946 1757 995 Propter
1794 947 1879 983 chri-

434 999 608 1034 stianorum
632 1005 770 1045 peccata,
793 996 953 1033 miraculis
972 997 1172 1042 intermissis,
1198 998 1357 1033 suscitavit
1380 997 1537 1038 doctores,
1562 998 1638 1032 ibid.
1665 999 1691 1032 b.
1715 997 1876 1033 Interdum

436 1049 527 1095 signa
555 1055 694 1087 renovat,
716 1048 791 1082 ibid.

337 1099 430 1135 Missa
457 1096 644 1133 celebranda
666 1108 728 1131 non
756 1105 803 1132 est
825 1105 895 1132 ante
918 1096 1118 1137 matutinum,
1147 1098 1211 1132 581
1240 1099 1267 1132 b.

337 1149 437 1185 Mitra.
461 1147 508 1183 Ex
538 1147 647 1182 mitrae
670 1147 910 1182 indeterminata
933 1147 1149 1191 concessione,
1170 1146 1299 1182 abbates
1325 1147 1406 1183 inter
1428 1154 1458 1182 et
1482 1146 1647 1194 episcopos
1674 1155 1759 1182 ortae
1781 1154 1877 1196 saepe

435 1196 622 1242 discordiae,
647 1197 716 1231 765
742 1210 772 1232 a.
801 1196 941 1232 Abbates
962 1204 994 1232 et
1020 1196 1083 1239 alii,
1118 1196 1235 1244 quibus
1264 1196 1374 1232 mitrae
1402 1208 1477 1232 usus
1503 1204 1550 1231 est
1581 1195 1621 1232 ab
1647 1196 1759 1244 Apost.
1794 1194 1879 1233 Sede

434 1259 616 1291 concessuS,
639 1247 775 1294 exempti
798 1246 938 1295 quidem,
954 1247 985 1281 in
1013 1246 1154 1281 conciliis
1176 1254 1207 1282 et
1227 1246 1368 1294 synodis,
1391 1246 1491 1282 mitris
1519 1245 1738 1282 tantummodo
1752 1245 1881 1282 aurifri-

432 1297 534 1345 giatis,
562 1308 625 1331 non
644 1297 783 1344 exempti
807 1308 879 1332 vero
901 1295 1100 1345 simplicibus
1122 1296 1202 1332 albis
1228 1304 1258 1332 et
1280 1296 1383 1344 planis
1409 1296 1453 1332 uti
1476 1295 1603 1337 debent,
1629 1297 1704 1332 ibid.

335 1347 538 1396 Moguntinae
565 1345 727 1381 Ecclesiae
754 1359 825 1382 cum
848 1346 991 1382 Romana
1019 1346 1201 1382 communio
1228 1346 1341 1395 qualis,
1365 1348 1434 1382 639
1458 1348 1475 1381 b
1502 1354 1611 1392 etseq.

336 1397 522 1445 Moguntino
561 1395 698 1442 archiep.
738 1396 905 1431 mandatur
941 1404 973 1431 ut
1009 1394 1197 1431 sententian}
1233 1396 1568 1432 excommunicationis
1600 1395 1760 1444 publicare
1787 1396 1880 1432 faciat

436 1454 545 1482 contra
567 1445 730 1487 electores,
753 1447 778 1481 si
801 1446 982 1481 Conradum
1005 1445 1143 1481 Conradi
1158 1445 1310 1481 Friderici
1331 1446 1404 1482 olitn
1425 1447 1621 1494 imperatoris
1643 1446 1698 1481 filii
1716 1454 1823 1481 natum
1847 1447 1877 1480 in

436 1497 658 1544 imperatorem
679 1495 808 1543 eligant,
831 1497 902 1531 690
926 1498 953 1530 b.
977 1495 1055 1531 Eius
1081 1496 1229 1542 dignitas,
1250 1497 1318 1531 765
1342 1498 1370 1530 b.

337 1546 505 1582 Monaldus
531 1544 718 1592 Forosemp.
748 1545 887 1594 archiep.
920 1546 954 1580 V.
979 1545 1313 1592 Forosemproniensis
1332 1545 1486 1581 Ecclesia.

336 1597 509 1632 monastica
532 1596 610 1637 vita,
639 1597 711 1631 585
738 1608 767 1630 a.

337 1646 454 1682 Montis
474 1646 639 1682 Baronzon
661 1653 797 1681 castrum
824 1644 884 1680 sub
911 1657 1018 1680 annno
1044 1658 1142 1680 censu
1171 1645 1354 1680 conceditur
1375 1644 1546 1680 Mutinensi
1569 1644 1698 1685 civitati,
1721 1646 1791 1679 422
1813 1646 1841 1678 b.

338 1696 454 1732 Montis
485 1695 594 1731 Casini
616 1695 807 1731 monasterio
834 1695 1062 1730 confirmantur
1080 1694 1266 1730 donationes
1288 1695 1385 1730 factae
1407 1707 1422 1729 a
1451 1694 1611 1730 Barasone
1637 1695 1765 1741 eiusque
1785 1702 1882 1729 uxore

436 1745 618 1792 Algaburga
644 1745 808 1780 Sardiniae
830 1744 968 1791 regibus,
996 1746 1017 1779 8
1041 1746 1057 1779 b
1081 1752 1110 1779 et
1132 1757 1192 1791 seq.

338 1797 452 1832 Montis
473 1795 551 1831 Fani
581 1808 718 1831 eremus.
754 1796 790 1829 V.
815 1794 1096 1843 SylvestrinoruQ
1123 1803 1176 1829 etc.

338 1847 454 1882 Montis
474 1845 628 1882 Ferrandi
651 1857 708 1881 sen
735 1844 879 1892 Melgorii
902 1844 1068 1879 comitatus
1094 1844 1256 1880 Ecclesiae
1278 1844 1492 1892 Magalonensi
1515 1845 1733 1884 confirmatur,
1758 1847 1829 1878 545
1850 1853 1880 1877 a.

338 1896 664 1944 Montispessulanum
686 1895 842 1944 hospitale
863 1895 971 1930 unitur
993 1894 1139 1941 hospitali
1162 1894 1196 1929 S.
1216 1894 1331 1930 Mariae
1356 1894 1384 1928 iu
1407 1894 1499 1929 Saxia
1523 1893 1562 1928 de
1578 1893 1675 1937 Urbe,
1703 1894 1769 1928 190
1789 1894 1817 1927 b.
1833 1892 1883 1927 Ab

438 1947 491 1982 illo
507 1955 615 1995 postea
632 1946 835 1993 disiungitur,
859 1947 929 1980 5⁶20
953 1947 982 1986 b,
999 1946 1070 1980 654
1092 1946 1119 1979 b.
1144 1944 1254 1979 Eidem
1284 1957 1355 1979 vero
1377 1944 1570 1984 subiectum,
1593 1945 1664 1979 655
1686 1955 1716 1978 n.
1741 1942 1882 1990 Uterque

438 1998 587 2044 magister
613 1997 670 2032 soli
690 1995 783 2031 Rom.
812 1995 961 2030 Pontifici
990 1994 1164 2039 subiectus,
1190 1996 1264 2029 ibid.

339 2047 629 2095 Montisregalensis
647 2046 769 2081 abbatia
792 2058 807 2080 a
832 2045 1004 2080 Guillelmo
1026 2044 1053 2078 ll
1079 2044 1209 2079 Siciliae
1236 2056 1308 2090 rege
1331 2052 1522 2083 constructa,
1548 2045 1587 2077 11
1615 2054 1645 2078 α.
1674 2042 1723 2077 Ab
1745 2042 1883 2077 Alexan-

439 2097 496 2133 dro
523 2096 565 2132 ΙΙΙ
587 2096 650 2132 ΡΡ.
675 2096 714 2131 ab
741 2095 828 2131 omni
851 2094 1022 2143 episcopali
1054 2095 1251 2130 subiectione
1273 2102 1430 2139 exempta,
1455 2095 1527 2128 ibid.
1557 2092 1712 2128 Precibus
1739 2091 1884 2127 Guillel-

439 2147 482 2182 mi
505 2147 590 2194 regis
617 2146 655 2182 ad
677 2144 913 2193 metropolicam
937 2145 1120 2192 dignitatem
1149 2144 1290 2191 erigitur,
1321 2145 1393 2178 ibid.
1423 2146 1450 2178 b.
1480 2143 1547 2179 Sub
1575 2143 1768 2190 protectione
1797 2141 1881 2188 Apo-

441 2197 568 2233 stolicae
589 2196 681 2233 Sedis
703 2196 869 2244 recipitur,
896 2197 972 2230 ibid.
997 2195 1085 2230 Bona
1109 2194 1137 2230 ei
1163 2194 1401 2233 confirmantur,
1422 2195 1505 2228 1211.
1527 2192 1716 2228 Catanensis
1744 2191 1883 2226 Ecclesia

442 2249 469 2284 ei
490 2248 668 2288 subiicitur,
694 2248 768 2281 ibid.
802 2246 990 2293 Episcopale
1023 2246 1072 2280 ius
1095 2244 1122 2279 ei
1145 2243 1338 2284 conceditur,
1361 2245 1438 2278 ibid.
1474 2242 1644 2278 Parochiae
1666 2250 1695 2277 et
1722 2241 1882 2277 Ecclesiae

441 2298 479 2334 ad
508 2299 628 2333 vicinos
656 2297 856 2344 episcopatus
881 2303 970 2331 antea
1005 2295 1200 2343 pertinentes
1227 2294 1255 2328 ei
1283 2293 1527 2333 confirmantur,
1554 2292 1601 2327 vel
1628 2292 1667 2327 de
1694 2303 1775 2327 novo
1796 2299 1885 2325 asse-

442 2357 564 2393 runtur,
586 2349 651 2383 ibid
677 2354 707 2382 et
723 2359 782 2392 seq.
808 2345 916 2381 Palliio
939 2346 1006 2380 eius
1033 2345 1289 2392 archiepiscopus
1318 2344 1360 2377 uti
1378 2352 1490 2389 potest,
1516 2345 1561 2377 ’15
1582 2354 1612 2376 α.
1640 2341 1752 2376 Futuri
1779 2339 1885 2375 archi-

441 2397 580 2446 episcopi
603 2409 657 2445 per
676 2396 847 2431 monachos
873 2395 1033 2430 Ecclesiae
1060 2394 1155 2430 huius
1177 2393 1326 2440 eligendi,
1354 2394 1427 2428 ibid.
1450 2394 1479 2427 b.
1509 2392 1677 2427 Decretum
1695 2402 1751 2438 pro
1773 2388 1884 2424 immu-

446 2449 542 2483 nitate
569 2447 678 2494 ipsiuS,
701 2458 772 2481 curn
795 2458 900 2481 annuo
918 2457 1014 2480 ceusu
1037 2444 1113 2480 Sedi
1137 2445 1246 2492 Apost.
1276 2442 1494 2490 persolvendo,
1517 2443 1592 2476 ibid.

346 2499 461 2534 Montis
496 2497 605 2533 Sancti
633 2496 858 2532 monasterium
882 2508 952 2531 cum
985 2494 1131 2531 omuibus
1154 2494 1260 2538 bonis,
1288 2492 1497 2537 libertatibus,
1526 2490 1695 2540 privilegiis
1717 2488 1775 2524 sub
1797 2489 1885 2536 Apo-

445 2548 572 2583 stolicae
593 2546 686 2583 Sedis
709 2545 902 2594 protectione
925 2545 1106 2593 suscipitur,
1133 2546 1199 2579 291
1226 2556 1255 2577 a.

348 2597 461 2632 Montis
483 2596 621 2644 Virginis
642 2596 845 2643 congregatio
859 2595 918 2631 sub
942 2595 1134 2642 protectione
1155 2593 1324 2642 apostolica
1346 2592 1509 2640 recipitur,
1534 2592 1601 2627 107
1625 2591 1653 2624 li.
1673 2589 1760 2624 Bona
1779 2589 1884 2625 omnia

447 2647 473 2682 ei
501 2647 744 2687 confirmantur,
779 2648 848 2681 108
882 2658 902 2680 α
928 2653 958 2681 et
983 2658 1042 2691 seq.
1078 2644 1297 2680 Immunitates
1329 2642 1566 2683 conceduntur,
1603 2639 1823 2687 libertatesque
1855 2640 1883 2674 ei
