2129 3223
52 246 102 276 An.
121 246 151 274 C.
167 246 232 273 ¹227

853 242 1039 265 Gnnfiontns
1061 243 1091 265 ix
1115 242 1162 265 PP.

1657 233 1728 267 4⁶23

70 297 207 320 ⁰⁰⁸³m⁸¹⁰‘
247 300 305 336 fiee
326 312 362 335 ac
383 300 512 335 honeste
540 297 709 333 tractabitis
731 297 761 332 in
789 297 908 332 eisdem
925 324 934 341 ‚
960 306 991 333 et
1009 305 1012 335 1
1032 297 1170 332 tionibus
1184 297 1344 333 venientes
1372 299 1401 332 in
1424 311 1530 334 eremo
1549 307 1662 339 vestro.
1688 299 1777 333 dum-

51 329 88 352 nb
96 329 170 350 nudem
179 335 234 350 enn-

30 356 169 383 *tito-ibus.

27 1123 30 1130 Ι
77 1093 193 1118 clausulae.

20 1558 25 1565 ,
11 1323 35 1463 ouum-⁴*-
12 1275 31 1313 'ez-

25 2256 28 2257 ⁷
81 2221 198 2246 morium.

84 2575 205 2598 concessio.

245 351 389 397 antiquas
409 347 665 387 consuetudines,
698 347 813 394 quibus
846 347 991 382 liomines

246 401 384 447 ipsorum
407 398 545 432 locorum
574 409 672 443 usquc
695 396 731 431 ad
751 396 828 430 haec
850 404 990 444 tempora

244 457 316 483 sunt
342 448 453 495 gavisi,
481 446 643 482 servabitis
683 445 826 480 illibatas.
872 446 991 481 Domos

244 506 345 534 autem
373 509 435 532 non
459 497 577 543 cogetis
599 508 653 531 eos
677 496 707 530 in
729 496 851 530 civitate
879 495 990 540 facere,

243 559 323 596 quos
344 547 465 582 etiamsi
493 546 529 580 ad
564 546 623 579 lioc
662 545 835 591 obligastis,
862 545 988 580 eosdem

243 597 281 632 ab
302 596 493 644 obligatione
508 595 688 630 huiusmodi
709 594 886 629 ahsolvetis:
907 595 988 641 quod

243 647 266 680 si
294 655 402 682 contra
430 646 599 693 praedicta,
628 644 674 679 rel
712 643 839 691 aliquod
881 656 988 679 corum

244 696 390 739 feceritis,
418 696 583 730 incurretis
607 703 813 729 tei-centarum
841 695 991 729 mareba—

244 758 311 781 rum
343 758 489 793 poenam,
529 745 566 779 ad
601 756 693 791 quam
733 756 787 778 vos
823 743 924 783 nobis,
961 753 989 779 et

241 795 316 830 Sedi
339 795 538 842 Apostolicae
565 793 736 840 obligastis.
768 793 899 840 Insuper
931 805 990 828 ca-

242 856 346 880 merae
363 853 488 880 nostrae
510 844 668 890 sexaginta
691 843 786 878 libras
810 843 988 889 provenien.

241 902 370 930 senatus
391 895 420 929 in
443 894 521 929 festo
558 893 637 928 beati
672 892 834 927 Michaelis
872 894 990 928 mensis

240 944 431 992 septembris
464 943 592 979 solvetis
627 955 742 978 census
775 942 902 977 nomine
931 955 990 977 an-

241 995 373 1028 nuatim.

289 1043 374 1079 Nulli
417 1055 491 1090 ergo
530 1043 661 1078 omnino
696 1042 858 1076 lioniinnm
899 1041 989 1076 liceat

242 1093 323 1128 lianc
345 1093 490 1141 paginam
527 1101 653 1127 nostrae
689 1092 902 1126 concessionis
940 1093 990 1126 in—

241 1143 387 1190 fringere,
416 1142 461 1178 vel
480 1143 507 1177 ei
530 1155 609 1177 ausu
637 1142 804 1177 temerario
821 1142 987 1176 contraire.

240 1191 274 1227 Si
302 1193 375 1240 quis
403 1201 508 1227 autem
542 1192 602 1226 boc
632 1200 784 1226 attentare
825 1203 990 1238 praesum-

243 1243 352 1290 pserit,
373 1242 622 1289 indignationem
654 1241 880 1288 omnipotentis
918 1241 989 1285 Dei,

240 1304 277 1326 ac
297 1291 461 1327 beatorum
488 1291 572 1326 Petri
595 1300 625 1326 et
646 1290 735 1326 Pauli
775 1290 987 1338 apostolorum

241 1343 308 1377 eius
329 1354 363 1377 se
385 1341 507 1377 noverit
528 1341 742 1376 incursurum.

288 1391 404 1427 Datum
426 1391 569 1427 Laterani
592 1390 698 1425 idibus
739 1390 823 1435 maii,
860 1389 989 1437 pontili-

240 1449 328 1476 catus
354 1441 451 1476 nostri
479 1453 562 1476 anno
583 1441 697 1488 primo.

298 1502 360 1534 Dat.
389 1504 436 1534 die
464 1505 500 1534 115
522 1504 592 1535 maii
612 1503 697 1541 1227,
721 1503 822 1544 pontis.
843 1513 888 1533 an.
908 1512 927 1533 i.

243 1747 335 1788 Quod
361 1747 540 1791 quicumque
560 1746 698 1790 reliyiosi
718 1746 759 1778 ad
779 1756 907 1778 eremum
937 1756 989 1777 or-

289 1797 371 1831 dinis
399 1796 612 1829 camaldulen.
635 1796 768 1828 transire
790 1795 917 1839 possint.

506 1869 719 1900 sulimatum}

369 1932 539 1963 Exordium.
561 1949 599 1954 —
622 1932 649 1961 t.
665 1931 833 1962 Concessio.

242 2009 388 2045 Gregorius
410 2008 551 2044 episcopus
563 2014 657 2036 servus
669 2014 809 2036 servorum
818 2005 874 2039 Dei,
891 2007 991 2035 dilecto

287 2057 343 2087 titio
360 2057 448 2093 priori
465 2055 671 2090 camaldulensi,
691 2055 808 2085 salutem
830 2057 859 2085 et
883 2057 990 2091 aposto·

288 2107 369 2136 licam
383 2106 607 2135 benedictionem.

294 2178 411 2214 Fervor
432 2187 463 2213 et
483 2177 643 2225 integritas
666 2177 835 2224 religionis,
857 2189 938 2225 quae
960 2177 990 2212 in

247 2229 343 2264 domo
369 2237 435 2272 tua,
462 2236 491 2263 et
514 2227 694 2275 praesertim
723 2227 753 2261 in
796 2239 900 2262 eremo
938 2239 992 2274 per

249 2277 478 2325 beneplacitum
515 2277 696 2312 Conditoris
730 2277 831 2323 vigere
871 2289 991 2322 cogno-

248 2328 355 2373 scitur,
387 2328 509 2363 inducit
532 2340 588 2362 nos
612 2327 807 2374 propensius,
835 2333 863 2361 et
884 2326 993 2361 horta-

248 2386 319 2420 tur,
340 2386 375 2413 ut
401 2378 568 2425 petitiones
604 2385 695 2420 tuas,
732 2384 882 2423 quantum
919 2387 990 2410 cum

248 2426 314 2462 Deo
334 2439 514 2474 possumuS‚
537 2437 682 2474 prompto
721 2425 853 2460 velimus
886 2425 992 2460 animo
1011 2441 1014 2450 ·

248 2477 404 2512 exaudire.

298 2525 319 2572 S
345 2531 375 2560 1.
397 2526 465 2562 Hac
486 2527 591 2574 itaque
618 2526 737 2561 ratione
764 2523 906 2567 inducti,
936 2525 991 2559 tibi

250 2583 280 2609 et
312 2574 459 2611 fratribus
499 2577 560 2611 tuis
605 2577 785 2611 auctoritate
826 2575 1015 2621 apostoticae

251 2623 462 2670 indulgemus.
486 2637 540 2660 eos
560 2627 612 2672 qui
634 2626 672 2660 de
707 2626 775 2660 aliis
815 2635 991 2671 congrega—
1013 2635 1015 2657 5

1032 347 1124 381 modo
1151 347 1302 393 elegerint
1327 356 1356 382 et
1389 348 1588 395 promiserint
1622 348 1682 383 sub
1717 360 1776 384 or-

1031 397 1103 431 dine
1125 405 1155 431 et
1178 396 1285 431 babitu
1309 407 1408 433 vestro
1444 398 1473 432 in
1497 410 1602 433 eremo
1623 406 1776 446 perpetuo

1031 446 1197 488 deservire,
1219 446 1317 482 libere
1339 448 1406 482 sine
1432 448 1586 495 cuiusque
1615 450 1775 485 contradi-

1032 496 1133 531 ctione
1171 497 1306 532 retinere
1335 498 1472 545 possitis,
1499 498 1538 532 ita
1566 506 1666 532 tamen
1690 501 1773 547 quod

1010 558 1093 599 ¹non
1128 547 1346 593 permittantur
1381 548 1411 581 in
1454 547 1550 582 sacris
1588 547 1774 592 ordinibus,

1033 597 1090 631 nisi
1110 595 1149 630 de
1167 596 1306 644 ipsorum
1329 596 1526 632 ordinatione
1549 598 1623 632 certi
1645 599 1775 641 fueritis5

1033 646 1216 681 ministrare.
1238 645 1323 681 Nulli
1357 658 1431 693 ergo
1458 648 1587 682 omnino
1610 648 1774 684 hominnm

1031 705 1082 730 elc.
1111 695 1143 730 Si
1167 696 1238 743 quis
1264 705 1366 731 antem
1391 696 1449 731 hoc
1470 705 1621 732 attentare
1647 707 1699 733 etc.

1079 745 1193 780 Datum
1222 746 1383 792 Anagniae
1406 759 1489 781 nono
1516 747 1664 782 kalendas
1697 748 1775 785 iulii.

1031 795 1230 842 pontificatus
1251 796 1348 831 nostri
1375 808 1459 831 anno
1482 798 1593 845 primo.

1100 856 1160 887 Dat.
1179 858 1226 888 die
1248 858 1287 888 23
1306 859 1379 889 iunii
1399 859 1484 894 1227,
1508 860 1609 900 pontis.
1626 870 1672 890 an.
1693 869 1712 890 1.

1389 1025 1425 1060 V.

1033 1101 1232 1145 Confirmatio
1254 1109 1438 1136 statutorum
1463 1110 1489 1136 et
1512 1103 1686 1138 libertatum
1724 1116 1779 1137 or·

1079 1151 1159 1183 dinis
1192 1151 1324 1185 Sanctae
1357 1152 1480 1186 Mariae
1514 1153 1778 1193 Tlieutonicorum,

1079 1201 1268 1245 eiusdemque
1289 1202 1409 1235 ordinis
1434 1204 1579 1247 susceptio
1600 1204 1654 1237 sub
1693 1205 1779 1249 Apo-

1079 1251 1202 1284 scoticae
1223 1251 1312 1285 Sedis
1332 1253 1517 1296 protectione
1543 1254 1599 1296 (1).

1296 1333 1511 1365 ΞΗΜΜΑΒῘΗΜ

1031 1399 1196 1430 Exordium.
1224 1417 1264 1422 —
1282 1400 1430 1439 Hospitale
1449 1411 1515 1432 cum
1540 1402 1626 1433 bonis
1645 1405 1782 1437 omnibus

1070 1444 1124 1473 sub
1142 1444 1302 1483 apostolica
1320 1445 1407 1474 tutela
1428 1447 1562 1484 suscipit.
1583 1464 1623 1470 —
1639 1448 1670 1478 Ei
1689 1459 1780 1489 paga—

1069 1497 1174 1518 norum
1183 1489 1275 1527 spolia
1288 1489 1422 1529 applicat.
1433 1490 1629 1522 —Fratribus
1642 1492 1784 1525 obedien·

1070 1533 1107 1562 tia
1145 1538 1173 1563 et
1202 1539 1360 1573 paupertas
1398 1535 1572 1574 iniungitur.
1600 1554 1642 1575 ¹—
1672 1537 1781 1569 Domus

1071 1577 1332 1618 Hierosolymitana
1355 1580 1469 1610 ordinis
1488 1586 1584 1620 caput.
1608 1599 1647 1605 —
1663 1582 1702 1613 De
1717 1584 1780 1614 ele-

1070 1622 1165 1653 ctione
1185 1623 1328 1661 magistri,
1345 1641 1385 1646 —
1401 1624 1531 1664 Eiusque
1551 1625 1673 1657 fratrum
1692 1627 1783 1658 liber-

1072 1671 1136 1696 tate.
1148 1685 1186 1690 —
1205 1667 1290 1698 Facta
1307 1668 1502 1708 professione,
1520 1669 1555 1700 ab
1571 1671 1673 1701 ordine
1688 1672 1783 1703 disce-

1070 1710 1140 1740 dere
1169 1721 1226 1741 non
1244 1712 1323 1742 licet.
1341 1729 1381 1735 -—
1397 1712 1620 1750 Exemptionum
1641 1720 1667 1745 et
1689 1716 1780 1755 privi-

1069 1754 1215 1793 legiorum
1235 1757 1398 1786 concessio.
1419 1774 1459 1780 —
1481 1757 1688 1790 Ordinationes
1711 1760 1783 1791 alia-

1070 1808 1126 1838 que
1155 1806 1336 1831 sacramenta
1364 1801 1400 1831 ab
1431 1802 1580 1833 ordinario
1603 1804 1782 1844 recipienda.

1069 1860 1108 1866 —
1125 1844 1261 1875 Facultas
1281 1846 1452 1885 acceptandi
1473 1847 1657 1879 donationes.
1673 1865 1712 1871 —
1731 1848 1782 1879 Do-

1070 1888 1209 1918 nantibus
1232 1890 1383 1929 privilegia
1401 1900 1553 1922 concessa.
1570 1909 1610 1915 —
1627 1892 1665 1922 De
1681 1893 1783 1924 frater—

1070 1933 1194 1964 nitatum
1228 1939 1257 1965 et
1287 1935 1478 1966 collectarum
1509 1937 1723 1976 receptoribus.
1744 1955 1783 1961 —

1071 1977 1305 2054 Quiglagenpum
1322 1985 1453 2021 tempore
1464 1981 1610 2020 generalis
1624 1982 1781 2014 interdicti.

1071 2039 1109 2044 —
1158 2032 1230 2053 ausu
1245 2034 1287 2054 Re.

1032 2097 1177 2133 Gregorius
1195 2098 1334 2135 episcopus
1345 2107 1439 2130 servus
1449 2108 1589 2130 servorum
1604 2102 1660 2135 net.
1673 2102 1783 2132 dilectis

1075 2146 1140 2176 filiis
1158 2147 1307 2177 Hermanno
1325 2150 1462 2185 magistro
1485 2150 1632 2186 religiosae
1651 2150 1781 2180 fraterni·

1075 2196 1148 2225 tatis
1163 2196 1313 2233 Hospitalis
1322 2198 1434 2227 Sanctae
1444 2199 1545 2228 Mariae
1556 2200 1782 2230 theutonicorum

1075 2245 1324 2281 Hierosolymitan..
1345 2248 1457 2283 eiusque
1476 2248 1613 2278 fratribus
1628 2250 1687 2278 tam
1702 2256 1779 2285 prae·

1077 2295 1201 2324 sentibus
1223 2303 1304 2331 quam
1314 2296 1421 2325 futuris
1435 2297 1464 2325 in
1475 2299 1647 2333 perpetuum,
1663 2298 1781 2328 salntem

1077 2345 1107 2373 et
1125 2345 1305 2380 apostolicam
1324 2346 1546 2376 benedictionem.

1011 2453 1014 2472 ὃ
1082 2414 1146 2450 Etsi
1175 2427 1276 2463 neque
1302 2416 1354 2463 qui
1382 2417 1512 2464 plantat,
1538 2430 1641 2466 neque
1662 2419 1716 2466 qui
1736 2420 1779 2455 ri-

1012 2479 1014 2513 i
1034 2473 1085 2510 gat
1105 2465 1144 2499 sit
1170 2464 1300 2512 aliquid,
1326 2466 1380 2501 sed
1403 2468 1456 2513 qui
1480 2467 1710 2503 incrementum
1725 2469 1779 2505 dat

1012 2513 1132 2553 *Deus2
1155 2514 1289 2549 humana
1325 2523 1427 2550 tamen
1457 2516 1615 2563 diligentia
1654 2518 1779 2566 impen-

1012 2569 1014 2573 ’
1035 2564 1124 2598 sioris
1145 2576 1237 2599 curae
1259 2565 1501 2600 sollicitudinem
1527 2566 1621 2602 debet
1655 2569 1780 2616 impen-

1070 2639 1107 2666 (υ
1122 2637 1159 2663 Ex
1184 2638 1303 2672 Registro
1323 2638 1406 2665 Vatic.

1791 242 1840 268 Au.
1860 242 1889 269 C.
1908 242 1972 268 ¹997

1826 2423 1936 2447 Exordium
