2129 3223
165 250 217 276 An.
238 248 268 276 C.
281 248 349 275 ¹22⁶)

171 848 323 871 confirmantur

158 881 291 906 supradictae
307 883 341 901 in-

158 911 285 937 dulgentia-⁴

414 239 482 271 384
939 247 1127 270 nummum
1154 247 1315 270 nomnen
1910 250 1960 277 An.
1976 250 2005 278 ρ,
2024 251 2091 278 1222

363 305 454 339 tertio
487 303 516 336 in
540 301 738 336 solemnitate
759 302 1005 337 consecrationis
1026 302 1105 337 eius-

363 353 447 393 dem.
483 351 535 399 qui
562 350 699 398 lapidem
735 350 821 386 altari
848 351 956 386 maiori
993 363 1105 399 super-

362 402 467 450 posuit
493 408 724 445 consecratum,
742 400 863 448 abipso
891 400 969 436 festo
991 414 1105 436 conse-

360 451 508 487 crationis
537 462 636 498 usque
657 450 695 485 ad
722 459 848 485 octavas
871 451 1105 497 Assumptionis

359 500 500 536 eiusdem
540 500 654 535 Beatae
687 499 745 534 Dei
783 500 953 535 Genitricis
988 500 1105 536 Mariae

360 550 655 597 praedecessoribus
682 550 796 584 nostris
830 549 981 585 Romanis
1015 549 1104 585 Pon—

357 600 505 641 tifieihus,
534 611 655 634 necnon
678 608 708 633 et
732 600 825 634 unius
868 600 940 634 anni
969 608 999 634 et
1026 612 1105 647 qua—

356 649 496 697 draginta
524 649 647 685 dierum
675 661 690 684 a
714 649 806 684 nobis
835 649 970 695 vestigiis
996 650 1105 684 inbae-

358 699 500 735 rentibus
521 699 704 735 eorumdem
730 698 770 734 ab
796 699 908 733 eodem
933 698 1012 734 l'esto
1033 711 1105 734 con-

355 749 539 785 secrationis
565 761 665 796 usque
692 750 728 783 ad
759 749 856 783 dictas
882 757 1007 783 octavas
1033 761 1104 784 om-

357 798 452 834 nibus
489 799 622 846 singulis
661 798 772 833 devote
808 797 1031 833 accedentibus
1065 799 1103 834 ad

355 848 531 884 Ecclesiam
566 857 770 883 memoratam
804 859 973 882 concessae
997 848 1104 882 indul-

354 899 478 945 gentiae
517 899 637 954 possint
678 898 717 933 al)
755 897 915 952 aliquibus
951 910 1102 945 processu

355 948 507 996 temporis
541 948 572 983 in
608 947 742 982 dubium
778 947 938 987 revocari,
977 947 1101 982 easdem

354 997 563 1045 indulgentias
597 997 751 1045 praesenti
781 997 910 1044 paginae
937 997 1103 1044 praecepi-

353 1060 424 1083 mus
442 1047 596 1092 annotari,
620 1055 651 1082 et
665 1059 717 1082 eas
736 1047 917 1082 auctoritate
933 1047 1102 1102 apostolica

352 1096 591 1141 confirmamus,
619 1105 649 1132 et
670 1097 844 1145 praesentis
870 1097 978 1143 scripti
1004 1104 1103 1143 patro-

351 1147 435 1182 cinio
457 1148 706 1183 communimus.
748 1145 832 1180 Nulli
869 1158 945 1192 ergo
972 1146 1102 1181 omnino

351 1196 516 1232 hominum
555 1196 647 1232 liceat
679 1196 761 1231 hanc
800 1195 947 1243 paginam
975 1203 1101 1230 nostrae

350 1246 600 1282 confirmationis
626 1246 810 1291 infringere,
829 1245 876 1280 vel
898 1245 925 1279 ei
953 1257 1031 1280 ausu
1056 1254 1102 1280 te-

350 1296 486 1331 merario
525 1296 690 1332 contraire.
730 1294 763 1330 Si
799 1295 869 1342 quis
900 1303 1002 1329 autem
1042 1295 1101 1330 boc

350 1353 501 1382 attentare
542 1345 811 1401 praesumpserit
852 1344 1099 1390 indignationem

350 1396 580 1444 omnipotentis
606 1394 665 1431 Dei
699 1407 734 1430 ac
770 1394 932 1430 beatorum
966 1393 1048 1429 Petri
1071 1403 1101 1429 et

350 1443 442 1480 Pauli
463 1445 680 1494 apostolorum
708 1444 777 1479 eius
800 1455 833 1478 se
855 1443 975 1479 noverit
994 1444 1100 1478 incur-

350 1506 474 1530 surum.

399 1544 516 1580 Datum
539 1544 698 1586 Laterani,
731 1543 968 1591 quartodecimo
992 1543 1100 1577 kalen-

351 1594 406 1629 das
447 1594 596 1641 augusti,
639 1593 838 1642 pontificatus
878 1593 975 1627 nostri
1019 1605 1100 1627 anno

351 1652 448 1679 sexto.

391 1706 451 1736 Dat.
475 1706 522 1736 die
548 1707 582 1736 19
605 1706 669 1735 iulii
695 1705 779 1739 1222,
803 1705 904 1744 pontis.
930 1714 1005 1734 anno
1025 1713 1059 1733 vt,

687 1883 769 1918 LXl.
796 1906 801 1909 -

351 1963 511 1996 Absolutio
538 1962 576 1995 ab
610 1961 934 1995 excommunicationis
957 1961 1101 1993 sententia

400 2013 519 2046 civitati
562 2018 588 2044 et
612 2011 728 2056 populo
762 2010 894 2044 Lucanis
928 2010 983 2042 sub
1016 2011 1101 2043 certis

400 2061 626 2096 conditionibus
648 2060 849 2105 impendenda
873 2060 902 2101 (4
910 2063 932 2098 ).

618 2116 831 2164 SUMMAfflUM

352 2195 461 2226 Lucani
493 2193 626 2223 censuris
658 2192 788 2221 innodati
822 2191 858 2220 ob
881 2190 1101 2220 ecclesiasticae

391 2238 536 2269 libertatis
559 2237 756 2272 violationem,
783 2252 822 2258 —-
846 2235 1052 2274 Resipiscunt,
1074 2241 1102 2265 et

392 2284 505 2314 veniam
529 2287 640 2323 petunt.
660 2299 697 2303 -
723 2281 898 2311 Commissio
917 2281 952 2310 de
976 2281 1018 2310 eis
1047 2280 1100 2309 ab·

391 2328 550 2359 solvendis.
569 2345 607 2349 —
624 2326 813 2356 Conditiones
833 2325 868 2355 ab
890 2325 1000 2355 eisdem
1021 2334 1102 2364 prae-

391 2373 521 2403 standae.
543 2389 581 2394 —
602 2370 741 2401 Nonnulli
770 2370 1012 2400 excommunicati
1040 2369 1099 2399 flo-

392 2427 468 2448 mam
492 2416 720 2448 transmittendi.

352 2489 482 2519 sonorius
501 2490 643 2527 episcopus
661 2495 758 2518 servus
776 2493 915 2516 servorum
938 2486 995 2520 nei,
1025 2493 1100 2515 vene·

361 2571 366 2575 ,
398 2540 479 2568 rabili
495 2539 582 2569 fratri
600 2539 734 2575 episcopo.
751 2540 780 2567 ot
799 2537 908 2566 dilectis
927 2536 992 2565 flliis
1016 2536 1102 2572 priori

399 2589 490 2617 sancti
507 2589 640 2621 frediani,
664 2589 693 2617 et
711 2588 845 2624 magistro
869 2586 947 2615 Petro
975 2585 1101 2614 canonico

390 2651 428 2686 (l)
445 2650 483 2676 Ex
505 2651 607 2686 Regest.
627 2651 711 2677 vatic.

1189 306 1311 339 Lucanis.
1333 306 1451 336 satutem
1472 308 1502 336 et
1523 307 1703 344 apostoticam
1731 307 1894 338 benedictio·

1189 362 1259 384 nem.

1194 427 1291 462 Laesa
1339 428 1413 463 olim
1454 429 1582 464 libertas
1622 429 1831 465 ecclesiastica
1875 443 1892 466 a
1920 435 2091 458 “emeca-¹¹-

1144 476 1282 513 Lucanis
1308 479 1491 518 enormiter,
1517 479 1556 514 ad
1591 480 1728 515 iustitiae
1768 467 2089 527 ρνειεεί-’Ϊςζῗζῖξζᾷᾈῗ

1145 526 1232 562 dium
1254 527 1337 576 laer)
1331 540 1426 564 mosa
1447 528 1599 575 confugit
1621 538 1651 564 et
1663 542 1731 564 eam
1748 538 1781 565 ut
1799 542 1891 565 suum
1906 529 2012 581 {ffi‘mfffi
2025 529 2091 550 '⁵⁰¹³

1145 575 1203 611 sibi
1227 577 1383 613 conferret
1409 577 1559 613 auxilium
1595 579 1784 626 imploravit,
1835 592 1892 615 uae
1916 566 1992 582 ΝΜ

1145 626 1322 674 importune
1343 627 1424 675 apud
1448 639 1506 662 nos
1529 640 1584 674 pro
1611 628 1752 664 eiusdem
1775 592 1892 664 dellen—

1144 677 1235 711 sione
1257 676 1409 712 libertatis
1431 677 1602 717 insistens,
1638 690 1673 713 ac
1708 680 1893 714 necessariis

1144 727 1338 772 argumentis
1371 726 1543 762 ostendens
1582 739 1615 761 se
1638 727 1717 773 laedi
1745 729 1890 775 graviter,

1144 777 1170 810 si
1192 776 1367 823 praedictae
1386 789 1449 812 non
1466 789 1729 824 prosequeremur
1743 777 1890 812 iniuriam

1144 825 1307 880 libertatis,
1343 826 1382 861 de
1417 826 1518 873 rigore
1542 827 1669 861 tandem
1705 827 1781 862 iuris
1807 827 1892 862 obti-

1145 875 1223 916 nuit
1252 885 1283 910 ut
1321 854 1506 911 eorumdeem
1534 875 1733 912 Lucanorum
1771 875 1893 912 temeri·

1143 932 1237 959 tatem
1270 926 1436 960 severitate
1463 925 1568 961 debita
1591 926 1787 973 puniremus
1827 925 1892 962 Co-

1143 974 1201 1009 acti
1225 986 1299 1021 ergo
1321 987 1337 1009 a
1360 975 1426 1010 iure
1453 976 1667 1023 processimus
1689 983 1799 1011 contra
1819 975 1888 1011 illos

1143 1025 1455 1060 excommunicantes
1482 1024 1662 1060 Parentium
1686 1034 1761 1060 tunc
1781 1037 1890 1061 eorum

1143 1081 1341 1121 potestatem,
1368 1082 1399 1109 et
1419 1075 1599 1119 consilium,
1627 1087 1750 1110 necnon
1769 1087 1890 1117 omnes,

1142 1123 1195 1171 qui
1236 1123 1383 1160 eumdem
1425 1124 1605 1159 Parentium
1646 1137 1701 1171 pro
1739 1132 1892 1172 potestate

1143 1180 1296 1214 tenerent,
1317 1181 1348 1208 et
1375 1174 1530 1210 civitatem
1552 1174 1712 1209 Lucanam
1735 1173 1891 1210 ecclesia-

1141 1223 1221 1257 stico
1255 1223 1423 1258 interdicto
1457 1232 1685 1271 supponentes.
1724 1222 1787 1271 Ipsi
1822 1233 1891 1259 tan—

1142 1272 1213 1308 dem
1239 1281 1398 1320 tamquam
1425 1273 1464 1308 de
1490 1286 1544 1308 sua
1580 1273 1679 1309 salute
1705 1285 1741 1308 ac
1770 1273 1891 1308 honore

1142 1322 1268 1357 solliciti
1302 1322 1499 1358 attendentes
1525 1323 1668 1358 auditum
1702 1334 1764 1358 non
1791 1323 1890 1358 fuisse

1141 1384 1157 1407 a
1185 1372 1312 1407 saeculo
1339 1372 1376 1407 de
1400 1372 1553 1417 Lucanis,
1586 1372 1669 1420 quod
1697 1372 1890 1410 eeclesiasti-

1141 1433 1209 1457 cam
1237 1421 1412 1457 libertatem
1434 1421 1660 1470 deprimerent,
1688 1434 1782 1470 quam
1804 1423 1891 1458 velut

1141 1470 1318 1506 devotionis
1346 1471 1398 1506 lilii
1424 1484 1497 1519 prae
1525 1471 1657 1507 caeteris
1684 1471 1891 1519 circumposi-

1142 1521 1181 1555 tis
1214 1521 1340 1568 populis
1379 1521 1554 1556 extulerant
1580 1530 1610 1556 et
1644 1529 1816 1565 servarant,
1851 1521 1888 1556 ad

1141 1582 1195 1604 cor
1216 1570 1393 1606 recedendo
1411 1571 1450 1605 ab
1469 1571 1653 1606 immutante
1675 1570 1752 1605 illud
1773 1570 1888 1606 malitia

1141 1619 1320 1660 redeuntes,
1348 1628 1377 1654 et
1399 1633 1475 1656 sano
1504 1621 1550 1655 usi
1574 1620 1706 1655 consilio
1728 1632 1889 1656 recurrere

1140 1669 1179 1704 ad
1209 1669 1443 1705 misericordiae
1471 1670 1645 1704 remedium
1669 1670 1886 1705 decreverunt.

1140 1719 1187 1753 Ad
1211 1731 1277 1753 eam
1302 1719 1403 1765 igitur
1420 1719 1459 1754 de
1482 1719 1684 1754 tribulatione
1705 1719 1886 1759 clamantes,
1909 1725 2051 1762 Resipiscant,
2065 1730 2087 1748 εἰ

1141 1777 1172 1803 ut
1201 1780 1255 1803 eos
1287 1770 1422 1816 eriperet
1457 1768 1497 1804 de
1523 1769 1589 1804 suis
1628 1762 1984 1814 necessitatibus,'⁸¹¹¹³¹¹¹
1999 1760 2075 1785 ’ΝΜ

1141 1817 1172 1852 111
1196 1830 1275 1865 quas
1303 1819 1387 1865 ipsos
1408 1818 1568 1867 suggestio
1591 1818 1727 1865 maligna
1754 1818 1891 1854 induxe-

1142 1875 1197 1908 rat,
1227 1868 1436 1915 postularunt,
1466 1867 1639 1903 obtinendo
1660 1867 1821 1904 dumtaxat
1846 1869 1892 1916 ip-

1141 1917 1200 1961 sis⁷
1234 1917 1320 1964 quod
1346 1918 1391 1953 eis
1412 1917 1450 1952 ad
1474 1917 1703 1965 percutientem
1727 1930 1760 1952 se
1787 1917 1891 1953 redire

1142 1967 1244 2010 liceat,
1263 1975 1293 2001 et
1314 1979 1330 2001 a
1354 1967 1550 2002 vulnerator-e
1572 1969 1619 2002 sui
1642 1979 1732 2014 opem
1750 1967 1889 2002 vulneris

1142 2016 1319 2063 implorare.
1356 2016 1408 2052 Illa
1438 2017 1542 2065 itaque
1570 2029 1625 2064 pro
1653 2016 1789 2052 Lucanis
1823 2029 1889 2064 pro-

1143 2074 1276 2120 ponente
1301 2065 1456 2122 praelatis,
1482 2066 1565 2122 quod
1589 2079 1661 2101 curn
1683 2078 1829 2113 geramus
1856 2066 1890 2100 il-

1142 2115 1200 2150 lius
1224 2116 1306 2150 vices
1328 2129 1358 2150 111
1381 2117 1483 2161 terris,
1510 2116 1562 2163 qui
1582 2115 1716 2171 praefert
1733 2115 1889 2151 sacrificio

1141 2165 1303 2220 pietatem
1339 2173 1369 2200 et
1397 2178 1469 2201 cum
1507 2167 1653 2202 irascitur
1680 2177 1742 2200 non
1777 2164 1889 2200 oblivi-

1142 2214 1239 2249 scitur
1270 2215 1432 2260 misereri,
1465 2228 1528 2250 non
1569 2224 1748 2263 poteramus
1784 2215 1886 2262 poeni-

1142 2265 1279 2299 tentibus
1302 2266 1423 2301 veniam
1446 2265 1619 2312 denegare,
1641 2265 1780 2300 converti
1803 2276 1888 2299 nunc

1141 2314 1178 2349 ad
1216 2314 1285 2349 illos
1316 2315 1460 2362 cogimur
1492 2327 1526 2350 se
1563 2314 1600 2350 ad
1635 2326 1692 2349 nos
1726 2314 1889 2349 humiliter

1141 2372 1373 2410 convertentes,
1408 2373 1439 2400 et
1472 2366 1516 2400 eis
1537 2364 1576 2400 ad
1604 2376 1661 2400 nos
1682 2363 1888 2399 redeuntibus

1143 2418 1263 2465 pietatis
1298 2420 1452 2466 gremium
1486 2418 1617 2467 aperire.
1666 2416 1749 2452 Cum
1794 2419 1888 2465 igitur

1141 2472 1222 2507 sicut
1250 2482 1293 2512 tu,
1316 2473 1410 2508 frater
1435 2473 1594 2521 episcope,
1613 2483 1648 2507 ac
1661 2471 1765 2507 clerus
1779 2472 1887 2508 Luca-

1141 2539 1201 2562 nus
1224 2529 1335 2562 vestris
1358 2527 1448 2563 nobis
1482 2527 1590 2562 litteris
1623 2527 1801 2567 intimastis,
1817 2527 1887 2562 eis-

1140 2581 1212 2616 dem
1240 2581 1377 2617 Lucanis
1405 2576 1634 2629 beneplacitis,
1664 2589 1695 2616 et
1732 2581 1886 2623 mandatis

1141 2636 1257 2671 nostris
1295 2636 1463 2684 expositis,
1495 2635 1628 2671 dilectus
1661 2635 1743 2671 filius
1771 2635 1886 2672 nobilis
