2129 3223
38 296 90 323 An.
103 294 132 323 C.
151 295 219 323 125³

11 2267 13 2270 Α
43 2244 140 2267 clausula
173 2246 212 2266 de-

30 2280 113 2303 rogan·-

830 288 1039 313 INNOCENTICS
1065 289 1097 311 tv
1123 288 1169 311 1³1³.

235 359 308 383 mus
342 347 530 382 facultatem.
568 345 626 380 His
657 345 760 392 itaque
795 344 917 380 statutis
946 350 977 378 et

233 401 481 437 ordinationibus
517 399 689 435 secundum
728 399 973 434 moderationem

231 464 369 492 nostram
404 454 500 490 robur
538 453 725 489 inviolabilis
760 453 975 489 observantiae

230 508 400 550 habituris,
434 517 553 544 caetera
588 521 645 556 pro
675 520 750 554 pace
773 515 873 543 vestra
895 520 974 542 sua-

230 563 322 599 dente
354 562 571 598 Providentiae
592 561 742 602 consilio,
778 574 973 601 resecamus,

229 616 456 653 denunciantes
489 629 529 652 ne
563 616 700 664 magistri
736 616 896 662 regulares
925 616 972 650 vel

228 672 404 707 saeculares
425 684 459 706 ea
482 683 605 707 servare
624 677 788 706 teneantur
809 683 847 704 ex
869 669 973 704 debito

229 727 366 772 praestiti
393 726 569 767 iuramenti,
595 725 642 760 vel
665 724 701 759 ad
725 737 758 758 ca
781 724 971 759 observanda

228 779 257 814 in
281 789 439 827 posterum
471 787 666 815 sacramento
690 779 842 826 ligentur,
875 778 972 813 liber-

228 833 342 870 tatibus
375 834 526 870 Parisien.
564 834 723 869 Ecclesiae
758 833 787 867 in
826 833 971 868 omnihus

226 895 256 922 et
281 900 337 936 per
363 889 468 924 omnia
499 901 624 935 semper
650 888 761 931 salvis,
793 896 821 922 et
849 889 877 922 in
905 888 971 923 aliis

226 941 441 978 Universitatis
472 953 589 978 vestrae
617 942 787 989 privilegiis
809 950 836 976 et
861 942 972 976 immn-

225 996 374 1033 nitatibus
400 998 430 1032 in
460 1010 518 1032 suo
548 997 752 1031 nihilominus
774 995 886 1030 robore
909 996 972 1031 du-

226 1051 347 1085 raturis.
371 1050 694 1097 Praedictosinsnper
716 1050 969 1085 praedicatorum

223 1103 342 1139 ordinis
362 1104 472 1140 fratres
500 1105 676 1151 theologiae
701 1104 855 1139 facultatis
877 1105 971 1151 magi-

222 1165 304 1192 stros
324 1158 362 1193 ad
386 1158 608 1204 magistrorum
633 1159 845 1198 consortium,
868 1158 971 1206 ipsos-

222 1223 295 1258 que,
317 1224 354 1247 ac
379 1212 537 1247 auditores
563 1224 671 1247 eorum
694 1212 730 1246 ad
754 1212 971 1248 Universitatis

221 1265 389 1313 collegium
417 1266 456 1301 de
488 1275 611 1301 nostrae
649 1268 811 1313 potestatis
838 1268 971 1315 plenitu-

221 1320 295 1356 dine
316 1320 516 1356 restituentes
537 1321 682 1365 omnino,
705 1330 735 1356 et
762 1321 970 1357 decernentes

221 1375 259 1410 ad
273 1375 382 1410 eadem
406 1376 602 1411 consortium
618 1383 647 1410 et
670 1375 864 1422 collegiuma
885 1376 970 1411 vobis

222 1429 252 1463 in
275 1427 453 1463 dulcedinis
480 1429 576 1464 ubere
598 1430 665 1464 sine
692 1429 874 1465 difficultate
890 1443 969 1477 qua-

220 1482 297 1518 libet
321 1482 547 1528 admittendos,
570 1496 680 1518 omnes
705 1485 876 1519 sententias
900 1485 970 1530 pri-

222 1537 362 1581 vationis,
380 1549 436 1572 seu
457 1538 666 1585 separationis
687 1550 702 1572 a
717 1538 875 1573 consortio
896 1538 971 1573 Uni-

221 1591 388 1635 versitatis,
406 1591 453 1628 vel
476 1591 645 1633 similibus,
673 1591 738 1626 sive
760 1604 876 1638 poenas
894 1593 969 1627 alias

220 1646 252 1680 in
278 1644 406 1680 eosdem
440 1645 550 1681 fratres
576 1654 606 1680 et
640 1646 800 1681 scholares
837 1659 968 1693 eorum,

221 1700 464 1747 praemissorum
492 1701 659 1735 occasione
683 1700 818 1746 prolatas
843 1703 969 1748 penitus

220 1765 422 1789 revocamus:
449 1766 511 1788 non
539 1754 737 1789 obstantibus
759 1757 880 1790 statutis
898 1756 970 1802 qui-

222 1807 431 1854 buscumque,
456 1808 648 1851 iuramento,
676 1820 794 1854 poena,
821 1809 886 1843 sive
910 1810 969 1843 ob-

223 1860 370 1906 ligatione
403 1860 451 1895 vel
485 1860 721 1896 confirmatione
754 1862 891 1908 qualibet
918 1875 970 1897 ro-

222 1913 358 1956 boratis,
391 1923 445 1949 aut
476 1914 588 1949 litteris
623 1927 638 1949 a
672 1914 754 1949 Sede
787 1915 968 1962 Apostolica

223 1968 415 2016 impetratis,
448 1969 493 2003 vel
527 1968 566 2003 de
598 1978 721 2004 caetero
748 1969 969 2017 impetrandis,

223 2035 303 2070 quae
322 2023 362 2057 de
384 2024 539 2070 praesenti
566 2024 778 2069 ordinatione,
801 2037 836 2060 ac
859 2025 969 2072 provi—

224 2076 348 2112 dentiae
369 2085 492 2112 nostrae
513 2085 629 2112 statuto
645 2077 768 2125 plenam
791 2087 822 2113 et
849 2092 969 2127 expres-

224 2142 290 2166 sam
312 2142 376 2165 non
403 2130 534 2166 fecerint
552 2131 757 2166 mentionem.

272 2183 355 2219 Nulli
391 2196 473 2244 ‘ergo
514 2186 642 2220 omnino
677 2186 842 2221 hominum
880 2187 971 2223 liceat

224 2238 306 2273 hanc
326 2239 473 2286 paginam
500 2248 624 2274 nostrae
650 2241 867 2281 ordinationis,
894 2254 971 2277 con-

225 2293 397 2329 stitutionis
427 2302 457 2329 et
491 2295 697 2330 revocationis
730 2295 908 2342 infringere.
937 2296 970 2330 Si

225 2347 297 2394 quis
322 2355 429 2382 autem
452 2347 512 2382 hoc
537 2356 687 2384 attentare
710 2351 970 2398 praesumpserit,

225 2399 476 2447 indignationem
503 2402 730 2449 omnipotentis
756 2403 812 2438 Dei
840 2412 870 2439 et
897 2404 972 2440 bea-

228 2461 331 2490 torum
354 2454 438 2490 Petri
460 2464 490 2491 et
512 2456 601 2491 Pauli
628 2457 841 2504 apostolorum
857 2459 924 2494 eius
939 2472 972 2495 se

227 2518 348 2544 noverit
373 2522 585 2545 incursurum.

277 2559 393 2598 Datum
415 2563 560 2611 Neapoli,
585 2564 708 2599 decimo
729 2573 837 2602 octavo
858 2567 973 2603 kalen-

229 2615 285 2651 das
305 2617 390 2663 maii,
411 2620 612 2666 pontificatus
633 2620 731 2655 nostri
750 2633 831 2656 anno
859 2623 973 2669 primo.

268 2672 330 2703 Dat.
353 2674 400 2704 die
416 2676 451 2705 14
474 2677 576 2715 aprilis
594 2677 679 2714 1255,
698 2678 799 2717 pontis.
822 2688 897 2709 anno
917 2689 934 2709 t.

1642 277 1711 312 607

1353 341 1421 377 Xll.

1019 415 1109 456 Onod
1135 421 1241 449 contra
1267 415 1418 449 Franciae
1438 427 1558 460 reqem,
1583 416 1704 460 eiusque
1728 415 1762 447 in

1064 477 1156 508 reqno
1195 476 1372 498 successores
1412 478 1431 498 α
1465 466 1583 499 nemine
1618 475 1761 498 censurae

1061 516 1213 559 publicari
1232 515 1347 559 possint
1372 515 1481 558 absque
1511 515 1600 549 Sedis
1621 516 1760 559 Aposto-

1062 565 1137 598 licae
1163 565 1285 598 licentia
1306 565 1428 608 speciali
1450 566 1511 606 (4).

1277 633 1489 664 SUMMARtUtt

1043 701 1208 731 Exordium.
1224 718 1263 722 —
1281 700 1479 738 Privilegium.
1501 718 1539 722 —
1560 700 1725 730 Clausulae.

1012 773 1160 802 Alexander
1179 773 1319 809 episcopus
1335 780 1431 802 servus
1439 779 1577 801 servorum
1587 772 1642 806 Dei,
1655 773 1760 802 charis-

1056 822 1122 851 simo
1138 823 1167 852 in
1189 822 1298 851 Christo
1328 822 1384 851 filio
1402 822 1511 851 illustri
1528 821 1588 857 regi
1621 822 1757 857 Franciae.

1055 872 1172 901 salutem
1191 873 1221 901 ot
1239 872 1419 908 apostolicam
1436 871 1657 900 benedictionem.

1059 934 1205 970 Sublime
1232 935 1318 981 regni
1345 934 1496 970 Franciae
1530 934 1642 970 solium
1676 947 1758 982 pne-

1011 985 1198 1019 eminentiae
1213 997 1384 1020 coruscans
1403 985 1518 1024 titulis,
1535 985 1756 1031 generositate,

1012 1034 1277 1080 magnanimitate,
1296 1046 1332 1069 ac
1353 1034 1536 1069 strenuitate
1556 1033 1672 1069 clarius
1690 1047 1758 1069 cae-

1012 1086 1086 1118 teris
1125 1091 1154 1119 et
1190 1084 1346 1119 excelsius
1378 1083 1567 1124 innotescit;
1594 1083 1649 1118 sed
1680 1083 1754 1119 dum

1013 1133 1081 1168 lidei
1109 1145 1185 1168 suae
1217 1133 1335 1175 solem,
1362 1132 1539 1168 devotionis
1566 1133 1688 1179 ignem,
1726 1142 1755 1168 et

1011 1182 1173 1229 speculum
1201 1195 1346 1230 operum,
1368 1182 1485 1238 quibus
1513 1182 1697 1238 praefulget,
1715 1192 1758 1217 at

1012 1232 1180 1273 tendimus,
1208 1233 1376 1288 aspicimus
1399 1234 1500 1278 ipsum
1524 1232 1561 1267 tis
1589 1231 1690 1268 tribus
1710 1231 1756 1266 lu-

1012 1281 1182 1316 minaribus
1208 1283 1367 1328 copiosius
1392 1282 1524 1322 radiare,
1550 1294 1586 1316 ac
1619 1281 1754 1329 exempli

1012 1330 1165 1377 fulgorem
1201 1331 1238 1365 ad
1279 1331 1356 1366 alios
1395 1331 1555 1366 effundere
1590 1331 1754 1377 potiorem.

1010 1380 1157 1415 Claritate
1192 1380 1310 1427 quippe
1344 1381 1506 1426 sanguinis
1541 1380 1663 1421 rutilat,
1701 1381 1755 1415 sed

1011 1431 1105 1464 animi
1127 1431 1262 1477 puritate
1282 1430 1434 1476 perlucet:
1464 1442 1611 1476 magnum
1627 1429 1756 1476 quidem

1011 1488 1057 1514 est
1084 1480 1246 1526 dignitatis
1272 1480 1407 1519 honore,
1434 1479 1486 1514 sed
1509 1487 1670 1526 gestorum
1698 1491 1757 1514 no-

1012 1528 1129 1563 bilitate
1151 1528 1368 1574 magnifieum,
1381 1529 1601 1575 conspicuum,
1616 1529 1755 1576 inquam,

1010 1579 1174 1613 altitudine
1201 1586 1318 1619 status,
1353 1578 1409 1613 sed
1443 1578 1662 1625 praecellentia
1697 1578 1756 1613 bo-

1012 1628 1114 1663 nitatis
1141 1628 1271 1663 illustre.
1309 1627 1465 1663 Convenit
1493 1628 1613 1675 itaque,
1636 1636 1669 1662 ut
1696 1627 1755 1662 hoc

1011 1689 1112 1723 genus
1146 1690 1255 1724 regum
1292 1686 1352 1712 tam
1388 1678 1531 1724 insigne,
1568 1685 1613 1711 tot
1647 1678 1756 1732 utique

1012 1727 1257 1774 praeeminentiis
1291 1736 1320 1761 et
1343 1727 1463 1762 meritis
1485 1727 1542 1761 ins·
1537 1727 1669 1782 'gnitum
1682 1728 1756 1762 siu-

1010 1777 1164 1821 gularium
1182 1776 1438 1823 pritilegiorum
1432 1776 1573 1822 insigniis
1587 1789 1616 1810 in
1629 1776 1754 1823 signum

1013 1827 1178 1873 praecipue
1208 1825 1443 1861 benexolentiae
1472 1837 1507 1860 ac
1535 1826 1652 1872 gratiae
1682 1838 1756 1873 spc-

1011 1875 1130 1909 cialiter
1151 1875 1367 1922 ‹lesignemns;
1395 1875 1530 1910 maxime
1552 1876 1622 1922 quia
1645 1887 1682 1910 ex
1698 1876 1756 1911 hoc

1011 1937 1125 1969 genere
1160 1926 1299 1972 suscepit
1333 1925 1430 1960 Mater
1457 1924 1619 1967 Ecclesia,
1646 1933 1676 1960 et
1702 1937 1757 1960 su-

1011 1974 1100 2028 scip-it
1129 1974 1207 2008 lilios
1234 1974 1461 2010 benedictionis
1483 1983 1514 2010 et
1534 1974 1654 2021 gaudii,
1677 1974 1757 2010 filios

1012 2023 1036 2057 fe
1032 2024 1099 2058 .etis
1138 2032 1167 2058 et
1189 2023 1268 2058 fama
1292 2025 1455 2071 pollentes,
1482 2025 1563 2059 filios
1585 2026 1754 2071 opportuni

1011 2073 1120 2108 auxilii
1143 2082 1173 2107 et
1197 2073 1319 2115 faioris,
1348 2075 1419 2121 quia
1438 2088 1468 2108 in
1492 2074 1552 2109 hoc
1572 2086 1687 2129 genere
1709 2074 1757 2109 l'a-

1012 2135 1083 2157 xum
1103 2122 1219 2157 delibat
1240 2123 1414 2159 dulciorem
1430 2124 1622 2158 reverentiae
1643 2123 1755 2163 filialis,

1011 2173 1082 2219 quia
1105 2172 1144 2206 de
1163 2172 1336 2207 hochanrit
1357 2174 1505 2208 continue
1527 2185 1695 2208 amoenum
1712 2173 1757 2207 in—

1013 2230 1101 2256 natae
1117 2222 1303 2257 sinceritatis
1325 2222 1465 2257 odorem.
1489 2223 1570 2257 Hinc
1591 2231 1638 2257 est
1652 2222 1755 2269 igitur,

1012 2271 1093 2317 quod
1118 2283 1174 2305 nos
1194 2284 1294 2317 genus
1311 2272 1413 2319 ipsum
1438 2272 1570 2306 eximiae
1591 2272 1674 2307 dono
1691 2284 1757 2318 gra-

1015 2323 1074 2354 tiae.
1098 2320 1298 2362 honorantes,
1322 2322 1384 2355 tuis
1400 2321 1521 2357 devotis
1543 2321 1721 2368 precibus
1714 2334 1757 2356 in-

1013 2370 1131 2411 clinati,
1153 2371 1334 2405 auctoritate
1352 2371 1520 2418 apostolica
1543 2371 1757 2417 indulgemuS,

1015 2427 1047 2453 nt
1075 2420 1180 2455 nullus
1207 2420 1393 2455 ordinariam
1422 2420 1668 2455 iurisdictionem
1702 2421 1758 2455 ha-

1015 2470 1108 2514 hens,
1135 2469 1303 2517 nullusque
1331 2469 1530 2516 Apostolicae
1555 2469 1647 2505 Sedis
1674 2469 1758 2516 lega-

1016 2528 1081 2563 tus,
1113 2527 1166 2554 aut
1187 2519 1366 2565 delegatus,
1401 2519 1445 2554 vel
1472 2519 1695 2567 subdelegatus
1721 2520 1758 2554 ah

1014 2581 1122 2604 corum
1145 2568 1261 2616 aliquo,
1283 2581 1338 2603 scu
1361 2577 1523 2616 exequtor,
1544 2578 1597 2604 aut
1623 2581 1757 2605 conser-

1016 2628 1100 2653 vator
1121 2630 1137 2652 a
1163 2617 1245 2653 Sede
1264 2618 1430 2665 deputatus
1453 2618 1574 2664 eadem,
1595 2619 1626 2654 in
1654 2627 1758 2661 tuam,

1050 2684 1089 2718 (i)
1104 2683 1143 2709 Ex
1160 2684 1263 2718 Regest.
1282 2683 1365 2711 Vatic.

1777 288 1825 314 Αη.
1845 287 1873 314 C.
1892 287 1959 315 ¹255

1803 942 1921 964 tim-dmm,

1791 2278 1924 2304 Privitegium
