2129 3223
7 1906 12 1910 ⁴
34 1893 140 1916 Ecclesiae
178 1899 215 1914 nr—

36 250 85 278 u.
102 249 131 276 C.
148 249 214 277 ¹¹99

267 305 493 343 responsiones,
515 308 565 333 etc,
595 320 631 325 —-
662 302 736 338 Quid
769 302 890 332 fecerint
918 302 969 331 hac

269 348 297 377 in
316 357 346 377 re
365 347 485 378 Romani
503 347 659 378 Pontifices
684 364 724 369 —
755 346 866 376 liiterae
895 345 969 375 Coe-

269 392 365 422 lestini
402 391 453 421 t‘t‘.
489 401 579 432 super
617 392 718 421 eodem
765 392 890 428 negotio*
934 406 971 411 —

265 434 348 470 Quod
372 445 422 474 per
444 437 548 466 t'alsum
577 441 794 475 procuratorem
818 436 914 472 :igitur
942 435 970 464 in

265 479 374 515 iudicio
393 481 475 514 valet,
491 482 515 510 si
533 485 630 518 postca
644 490 696 520 per
707 482 856 510 dominum
868 489 971 519 appro-

265 522 359 553 batur.
382 540 419 546 —
441 524 592 554 Decretum
613 524 761 554 l‘ontiticis
784 534 840 563 quo
868 525 970 553 delini-

264 572 311 597 tur
327 568 552 608 Compostellan.
573 569 733 599 Ecclesiam
757 569 970 608 metropolitico

263 614 327 644 iure
346 615 374 643 in
391 613 507 643 duobus
527 614 707 653 supradictis
726 615 885 653 episcopal.
902 623 970 651 gau-

263 659 340 688 dere:
358 674 398 682 --
411 658 481 688 Cum
501 659 597 689 solitis
615 659 768 689 clausulis.

820 246 1029 269 twocsssitts
1053 246 1086 266 111
1111 245 1157 266 ΡΡ.

1639 230 1702 262 155

989 316 993 367 Ι
1011 296 1129 346 pluries·
1153 299 1336 332 molestavit:
1362 310 1416 345 pro
1432 297 1522 332 cuius
1542 294 1751 344 prohibitione

989 348 1171 388 isecundus
1213 347 1359 382 Elboren.
1398 347 1517 382 electus
1557 346 1586 380 in
1631 351 1751 380 tantum

1011 398 1129 433 distulit
1152 397 1339 434 consecrari,
1377 396 1460 443 quod
1496 396 1613 442 absque
1646 405 1754 429 conse-

1011 449 1148 482 cratione
1194 447 1339 481 decessit:
1379 446 1470 480 cuius
1501 456 1687 484 successor,
1722 451 1751 477 et

1011 498 1123 532 tertius
1146 496 1334 531 Ulixbonen.
1357 496 1478 529 clectus
1506 494 1644 542 praefato
1679 505 1752 539 rege

1012 548 1134 581 vivente
1157 559 1217 580 non
1244 546 1372 580 suerunt
1395 545 1432 579 ab
1451 545 1556 591 aliquo
1568 544 1752 579 consecrati.

1010 596 1114 631 Huius
1142 604 1246 630 autem
1270 595 1449 629 violentiam
1473 605 1639 628 successor
1671 592 1754 627 filius

988 646 1180 694 {superavitz
1227 657 1345 692 cogens
1386 644 1552 678 Bracaren.
1597 642 1754 689 archiepi-

989 699 1141 742 ¹:scopum
1164 695 1232 740 cogi
1266 695 1434 733 volentem,
1479 701 1511 727 ut
1552 693 1611 726 iarn
1653 691 1754 726 dictos

223 733 393 763 Innocentius
411 735 654 770 episcopusservus
671 741 808 763 servorum
824 733 970 766 nemeti-o
988 749 991 763 .
1010 745 1140 789 electos,
1174 745 1258 791 quod
1299 752 1387 791 pater
1428 753 1590 790 nunquam
1628 740 1754 784 fecem17

268 788 482 824 compostellano
492 788 703 824 archiepiscopo.

122 884 124 886 v
272 856 307 891 ln
329 868 421 891 causa
448 856 583 892 duorum
611 857 863 903 episcopatuum,
888 856 969 890 vide-

31 907 112 959 '2:222
126 911 211 959 ⁶⁰:2¹¹?ss
225 905 296 941 licet
319 905 507 941 Ulixbonen.
531 915 560 940 et
597 905 758 945 Elboren.‚
783 918 863 953 quae
888 906 969 939 inter

30 968 211 996 arhiepiscopum
225 963 255 990 te
277 968 313 991 ac
335 955 551 990 venerabilem
574 955 698 990 fratrem
722 964 864 990 nostrum
896 954 970 989 Bra·

29 999 330 1059 332J322¹'[,„}}caren.
357 1005 630 1052 archiepiscopum
655 1005 842 1045 vertebatur;
877 1005 969 1039 cuius

29 1060 144 1113 §.fx-³0³²
188 1065 210 1082 ⁰¹
223 1055 491 1090 examinationem
514 1055 685 1102 plenariam
715 1055 779 1089 sola
813 1055 968 1089 sententia

80 1097 170 1114 “mm‘
224 1102 300 1139 Se'di
321 1105 520 1151 Apostolicae
544 1113 713 1145 reservata,
746 1104 845 1138 felicis
869 1116 969 1138 recor-

224 1153 361 1190 dationis
382 1153 531 1189 Urbanus
552 1153 638 1200 Papa
661 1151 888 1201 praedecessor
917 1165 966 1187 uo-

223 1211 289 1238 εἰει·
307 1203 508 1238 vicedomino
529 1202 669 1238 Brixien.
705 1213 736 1237 et
767 1204 915 1249 magistro
943 1202 965 1236 I.

224 1251 414 1300 Bergomeo.
443 1253 600 1288 commisit
634 1253 663 1286 in
698 1252 878 1299 Hispaniam
918 1252 967 1286 de-

223 1301 370 1337 stinatis:
414 1310 443 1336 te
494 1314 597 1337 coram
636 1303 703 1348 ipso
749 1301 967 1343 vicedomino,

224 1351 323 1387 altero
347 1352 407 1386 iam
433 1351 551 1397 collega
592 1360 660 1398 post
690 1352 868 1386 citationem
911 1351 968 1385 de·

224 1401 344 1441 functo,
385 1409 493 1437 contra
536 1400 655 1435 dictum
694 1401 967 1448 archiepiscopum

225 1451 255 1485 in
283 1450 371 1488 initio
397 1451 599 1497 proposuisse
634 1450 851 1496 cognovimus,
883 1450 966 1497 quod

223 1498 392 1535 Bracaren.
433 1499 691 1547 archiepiscopus
733 1508 803 1547 post
850 1499 968 1534 litteras

224 1549 383 1584 citationis
415 1558 582 1596 receptas,
619 1557 688 1596 post
725 1550 967 1596 appellationem

224 1606 255 1633 et
277 1597 499 1634 inhibitionem
522 1611 538 1634 a
566 1607 595 1634 te
624 1600 837 1646 interpositas,
860 1611 898 1633 ne
937 1600 966 1633 in

226 1647 395 1695 praedictis
415 1648 649 1695 episcopatibus
672 1649 789 1696 aliquid
814 1649 843 1683 in
879 1656 968 1684 tuum

225 1697 454 1745 praeiudicium
497 1706 675 1738 attentaret,
723 1698 840 1733 electos
887 1698 992 1733 illiusi

226 1753 377 1800 temporis
397 1753 601 1788 consecravit.
632 1752 721 1787 Unde
750 1761 780 1787 te
816 1752 968 1788 offensum

225 1807 360 1853 graviter
379 1807 579 1855 querebaris:
605 1807 654 1842 ubi
674 1820 689 1841 a
711 1815 741 1842 te
765 1807 972 1843 nihilominus

228 1859 285 1895 l'uit
306 1861 505 1907 propositum
526 1869 633 1896 contra
654 1861 770 1908 ipsum,
792 1861 877 1909 quod
899 1869 970 1896 ante

35 1925 121 1953 cerepi..
151 1914 420 1949 com-invasionem
443 1914 635 1949 barbaricam
663 1913 817 1950 Ulixbona
855 1924 887 1950 et
916 1915 972 1950 El-

35 1955 214 2008 ffiffmm'
229 1967 302 2002 bora
327 1968 468 2002 civitates
488 1968 527 2002 ad
562 1968 736 2004 Emeriten.
770 1970 970 2017 metropolim

228 2021 439 2068 pertinebant;
458 2021 514 2056 sed
536 2034 571 2057 ea
593 2023 795 2070 postmodum
811 2025 972 2071 captivata,

228 2084 259 2110 et
279 2076 366 2124 ipsae
388 2088 459 2110 cum
486 2088 522 2111 ea
544 2077 681 2123 captivae
709 2077 850 2119 suerunt,
873 2078 973 2114 donec

229 2129 364 2176 dignitas
397 2130 468 2164 eius
504 2142 575 2165 cum
617 2132 701 2166 omni
739 2132 804 2167 iure
843 2145 900 2168 suo
942 2134 972 2168 in

229 2183 483 2231 Compostellaua
531 2184 670 2220 Ecclesia
719 2194 765 2220 est
817 2187 972 2223 translata.

230 2237 338 2274 Dictae
385 2250 510 2285 quoque
547 2238 688 2273 civitates
731 2239 974 2276 christianorum

232 2291 329 2327 cultui
357 2300 432 2326 sunt
452 2291 586 2327 faciente
624 2291 759 2328 Domino
803 2295 973 2330 restitutae:

233 2343 273 2380 de
298 2344 415 2392 quibus
440 2358 542 2394 usque
565 2346 603 2380 ad
632 2355 772 2394 tempora
800 2349 859 2384 iam
898 2349 973 2384 dicti

235 2399 488 2446 praedecessoris
520 2402 619 2436 nostri
660 2413 720 2436 non
755 2401 812 2437 fuit
849 2404 879 2437 in
915 2403 975 2438 du-

235 2454 322 2489 bium
356 2463 548 2499 revocatum,
582 2456 657 2502 quin
691 2455 729 2489 ad
770 2456 976 2504 Compostel-

235 2508 337 2543 lanam
363 2507 536 2543 Ecclesiam
568 2509 775 2556 pertinerent:
814 2510 888 2546 licet
922 2523 977 2546 rex

236 2561 404 2608 Portugall.
448 2562 486 2597 ad
532 2563 764 2609 suggestionem
809 2563 975 2600 Bracaren.

9 1855 18 1859 -
45 1863 90 1891 010
108 1864 153 1885 iure
173 1863 212 1883 tiae

1009 803 1219 829 consecraret.
1243 793 1359 828 Contra
1387 791 1471 839 quod
1501 803 1537 826 ex
1580 799 1665 837 parte
1704 799 1754 824 tua

1010 844 1098 890 prius
1125 843 1226 878 suerat
1253 843 1289 877 ad
1313 842 1433 877 Sedem
1455 840 1670 888 Apostolicam
1699 851 1755 886 ap·

1010 893 1173 939 pellatum:
1195 905 1211 927 a
1234 905 1294 940 qua
1317 891 1586 933 commissionem,
1617 889 1656 924 de
1694 900 1755 935 qua

1010 942 1231 988 praemisimus
1246 943 1442 988 impetraras:
1455 951 1636 988 proponens
1650 950 1754 974 coram

1009 991 1092 1027 dicto
1115 992 1312 1026 vicedomino
1340 991 1479 1025 Brixien.
1515 998 1544 1024 te
1573 989 1643 1023 illos
1675 987 1755 1022 duos

1009 1042 1211 1089 episcopatus
1252 1041 1428 1088 possidere,
1469 1052 1503 1074 ac
1557 1038 1755 1085 possedisse7

1009 1099 1102 1138 atque
1129 1091 1166 1125 ad
1191 1099 1276 1125 tuam
1294 1091 1380 1138 ipsos
1394 1088 1568 1124 Ecclesiam
1583 1088 1754 1135 pertinere:

1011 1149 1119 1186 petens
1147 1140 1363 1175 nihilominus:
1395 1147 1427 1173 ut
1455 1138 1622 1173 Bracaren.
1657 1136 1756 1171 archi-

1009 1191 1180 1236 episcopus
1202 1190 1256 1224 tibi
1287 1190 1325 1224 de
1359 1188 1452 1223 illatis
1485 1187 1608 1223 iniuriis
1640 1186 1755 1221 satisfa-

987 1245 1104 1279 'ceret‚
1131 1248 1160 1274 et
1183 1239 1383 1274 cohiberetur
1405 1238 1444 1273 de
1474 1246 1609 1280 caetero,
1647 1247 1686 1270 ne
1723 1236 1754 1269 in

1010 1289 1176 1335 praedictis
1224 1287 1459 1336 episcopatibus
1507 1296 1537 1321 te
1572 1285 1670 1321 libere
1709 1286 1754 1319 uti

988 1355 989 1358 ¹
1010 1338 1225 1372 iurisdictione
1240 1336 1465 1384 metropolitica
1482 1335 1661 1383 impediret,
1675 1346 1756 1382 quos

1009 1387 1047 1421 ad
1080 1387 1253 1423 Ecclesiam
1287 1396 1370 1421 tuam
1404 1385 1577 1421 indubitate
1614 1393 1756 1432 spectare

1011 1449 1064 1483 per
1084 1437 1283 1484 Apostolicae
1305 1435 1398 1472 Sedis
1424 1435 1603 1483 privilegia;
1624 1433 1757 1470 concilia

1009 1498 1147 1534 quoque,
1175 1486 1356 1526 divisiones,
1394 1493 1424 1519 et
1449 1485 1605 1529 historias,
1639 1492 1669 1519 et
1697 1495 1758 1531 pu-

1013 1536 1122 1571 blicam
1146 1535 1271 1580 famam,
1307 1536 1388 1570 sicut
1424 1535 1454 1569 in
1493 1547 1588 1570 causa
1622 1541 1758 1581 quatuor

1010 1586 1249 1633 episcopatuum
1271 1585 1390 1620 feceras
1411 1585 1576 1620 ostendere
1597 1583 1757 1626 nitebaris,

1013 1643 1097 1682 parte
1123 1635 1217 1670 altera
1240 1634 1450 1681 respondente
1482 1634 1649 1669 Bracaren.
1693 1633 1758 1668 Ec-

1011 1684 1137 1719 clesiam
1161 1684 1230 1719 illos
1257 1684 1338 1719 duos
1363 1684 1575 1731 episcopatus,
1601 1691 1630 1717 et
1663 1683 1757 1730 possi-

1011 1735 1111 1769 sidere
1138 1744 1225 1773 tune,
1252 1734 1334 1769 etab
1352 1746 1389 1769 eo
1411 1742 1551 1781 tempore
1569 1733 1754 1781 possedisse,

1011 1796 1073 1830 quo
1102 1795 1157 1831 per
1202 1784 1332 1830 gratiam
1365 1782 1436 1823 Dei,
1475 1791 1506 1817 et
1535 1783 1678 1818 virtutem
1718 1783 1744 1816 Α

1012 1833 1094 1879 regis
1132 1832 1342 1879 Portugallen.
1370 1832 1451 1867 duae
1490 1833 1632 1867 civitates
1665 1844 1757 1878 prae-

1012 1882 1111 1917 dictae
1133 1882 1172 1916 de
1200 1895 1293 1917 manu
1323 1894 1512 1928 paganorum
1532 1881 1653 1917 fuerant
1680 1881 1758 1916 libe-

1014 1939 1107 1971 ratae,
1134 1940 1227 1979 atque
1248 1932 1286 1966 ad
1310 1932 1429 1966 cultum
1458 1930 1530 1966 fidei
1571 1930 1758 1966 christianae

1014 1993 1067 2027 per
1084 1981 1252 2016 Bracaren.
1286 1981 1511 2028 archiepiscopi
1553 1980 1758 2027 praedicatio-

1015 2042 1084 2064 nem
1116 2030 1271 2065 reductae:
1312 2039 1341 2065 et
1383 2031 1449 2065 iure
1487 2042 1544 2065 suo
1581 2030 1625 2064 sic
1666 2042 1757 2064 usum

1014 2080 1312 2127 archiepiscopatum
1337 2079 1501 2115 Bracaren.
1531 2078 1689 2114 asserebat
1704 2079 1758 2113 tibi

1015 2130 1208 2177 aliquatenus
1254 2130 1398 2164 iniuriam
1439 2141 1500 2164 non
1547 2129 1666 2164 secisse.
1713 2127 1758 2162 Ex

1016 2179 1064 2213 his
1090 2191 1163 2225 ergo
1196 2179 1277 2214 circa
1312 2179 1492 2213 iniuriarum
1537 2178 1758 2226 possessionis,

1015 2238 1044 2263 et
1087 2229 1283 2276 proprietatis
1329 2228 1500 2267 articulos,
1553 2228 1757 2262 intentionem

1017 2286 1098 2312 tuam
1115 2277 1277 2313 asserebas
1298 2290 1366 2312 esse
1389 2277 1560 2318 fundatam,
1581 2285 1612 2312 et
1633 2277 1669 2312 ad
1693 2277 1759 2312 sin-

1016 2327 1105 2373 gulos
1131 2327 1279 2362 articulos
1307 2334 1425 2374 partem
1458 2327 1586 2361 alteram
1625 2338 1759 2373 respon-

1017 2378 1110 2411 disse.
1138 2377 1185 2410 Ad
1213 2377 1342 2411 iniurias
1365 2376 1492 2422 quidem
1527 2385 1557 2410 et
1585 2377 1762 2422 possessio-

1018 2438 1087 2460 nem
1115 2437 1271 2472 expresse,
1293 2425 1331 2460 ad
1353 2426 1574 2472 proprietatem
1609 2437 1680 2460 vero
1714 2426 1761 2460 la-

1018 2484 1128 2515 tentem
1156 2487 1227 2510 cum
1262 2475 1344 2510 iuxta
1383 2475 1550 2510 canonicas
1583 2475 1760 2510 sanctiones

1017 2525 1182 2571 quicquam
1205 2524 1243 2559 ad
1266 2537 1353 2559 suam
1377 2524 1553 2559 cathedram
1574 2525 1759 2571 pertinentia

996 2587 999 2592 ·
1019 2576 1082 2607 loca
1106 2574 1216 2608 lucrari
1240 2574 1400 2620 negligunt
1427 2574 1457 2608 in
1477 2573 1658 2609 catholicam
1694 2576 1761 2608 uni-

236 2614 396 2650 Ecclesiae
439 2617 486 2650 ius
522 2616 683 2652 Ecclesiae
731 2616 1122 2664 Composteilan.1iatein,
1161 2623 1186 2657 si
1239 2632 1308 2660 nost
1354 2632 1477 2670 tempus
1511 2623 1695 2659 canonicum
1729 2623 1758 2658 id

317 2671 390 2701 Ball.
412 2672 478 2702 Rom
513 2673 567 2702 Vol.
591 2673 639 2702 Ill.
800 2673 836 2704 '20

1769 238 1814 263 An.
1833 235 1862 261 C.
1879 234 1945 260 ¹⁵9⁹

1780 292 1826 313 lura
1840 294 1946 318 arvlnepi-

1767 329 1824 349 eropi
1841 323 1923 343 violata.

1785 1688 1814 1710 Ab
1846 1689 1954 1715 archiepi-

1771 1726 1835 1746 scopo
1855 1721 1953 1746 proposi-

1772 1756 1805 1772 ta·
1820 1752 1920 1772 rationes.
