<?xml version="1.0" encoding="UTF-8"?>
<!DOCTYPE html PUBLIC "-//W3C//DTD XHTML 1.0 Transitional//EN"
    "http://www.w3.org/TR/xhtml1/DTD/xhtml1-transitional.dtd">
<html xmlns="http://www.w3.org/1999/xhtml" xml:lang="en" lang="en">
 <head>
  <title>
</title>
<meta http-equiv="Content-Type" content="text/html;charset=utf-8" />
  <meta name='ocr-system' content='tesseract 3.04.00' />
  <meta name='ocr-capabilities' content='ocr_page ocr_carea ocr_par ocr_line ocrx_word'/>
</head>
<body>
  <div class='ocr_page' id='page_1' title='image "./bullarumdiplomat03cath/bullarumdiplomat03cath_0254.png"; bbox 0 0 2129 3223; ppageno 0'>
   <div class='ocr_carea' id='block_1_1' title="bbox 134 268 313 296">
    <p class='ocr_par' dir='ltr' id='par_1_1' title="bbox 134 268 313 296">
     <span class='ocr_line' id='line_1_1' title="bbox 134 268 313 296; baseline 0 0"><span class='ocrx_word' id='word_1_1' title='bbox 134 269 184 296; x_wconf 83' lang='lat' dir='ltr'>An.</span> <span class='ocrx_word' id='word_1_2' title='bbox 197 268 227 296; x_wconf 87' lang='lat' dir='ltr'>C.</span> <span class='ocrx_word' id='word_1_3' title='bbox 245 269 313 296; x_wconf 71' lang='lat'><strong>¹2¹0</strong></span> 
     </span>
    </p>
   </div>
   <div class='ocr_carea' id='block_1_2' title="bbox 376 258 447 291">
    <p class='ocr_par' dir='ltr' id='par_1_2' title="bbox 376 258 447 291">
     <span class='ocr_line' id='line_1_2' title="bbox 376 258 447 291; baseline -0.014 0"><span class='ocrx_word' id='word_1_4' title='bbox 376 258 447 291; x_wconf 73' lang='lat'>248</span> 
     </span>
    </p>
   </div>
   <div class='ocr_carea' id='block_1_3' title="bbox 330 322 1093 2697">
    <p class='ocr_par' dir='ltr' id='par_1_3' title="bbox 330 322 1093 2697">
     <span class='ocr_line' id='line_1_3' title="bbox 330 322 1074 361; baseline -0.001 -4"><span class='ocrx_word' id='word_1_5' title='bbox 330 331 363 356; x_wconf 90' lang='lat' dir='ltr'>ut</span> <span class='ocrx_word' id='word_1_6' title='bbox 396 322 578 361; x_wconf 84' lang='lat' dir='ltr'>credimus,</span> <span class='ocrx_word' id='word_1_7' title='bbox 606 322 798 356; x_wconf 85' lang='lat' dir='ltr'>necessaria:</span> <span class='ocrx_word' id='word_1_8' title='bbox 837 322 956 357; x_wconf 87' lang='lat' dir='ltr'>scilicet</span> <span class='ocrx_word' id='word_1_9' title='bbox 992 331 1074 357; x_wconf 87' lang='lat' dir='ltr'>certa</span> 
     </span>
     <span class='ocr_line' id='line_1_4' title="bbox 330 370 1075 419; baseline 0 -13"><span class='ocrx_word' id='word_1_10' title='bbox 330 383 476 419; x_wconf 83' lang='lat' dir='ltr'>persona,</span> <span class='ocrx_word' id='word_1_11' title='bbox 509 370 539 405; x_wconf 91' lang='lat' dir='ltr'>id</span> <span class='ocrx_word' id='word_1_12' title='bbox 574 378 638 411; x_wconf 84' lang='lat' dir='ltr'>est,</span> <span class='ocrx_word' id='word_1_13' title='bbox 672 370 833 418; x_wconf 75' lang='lat' dir='ltr'><strong>presbyter</strong></span> <span class='ocrx_word' id='word_1_14' title='bbox 854 371 892 405; x_wconf 88' lang='lat' dir='ltr'>ab</span> <span class='ocrx_word' id='word_1_15' title='bbox 914 372 1075 419; x_wconf 83' lang='lat' dir='ltr'>cpiscop0,</span> 
     </span>
     <span class='ocr_line' id='line_1_5' title="bbox 331 419 1074 476; baseline 0.001 -22"><span class='ocrx_word' id='word_1_16' title='bbox 331 430 363 455; x_wconf 92' lang='lat' dir='ltr'>ut</span> <span class='ocrx_word' id='word_1_17' title='bbox 384 420 608 476; x_wconf 77' lang='lat' dir='ltr'>praediximus,</span> <span class='ocrx_word' id='word_1_18' title='bbox 630 419 667 455; x_wconf 91' lang='lat' dir='ltr'>ad</span> <span class='ocrx_word' id='word_1_19' title='bbox 692 420 767 455; x_wconf 86' lang='lat' dir='ltr'>illud</span> <span class='ocrx_word' id='word_1_20' title='bbox 792 422 917 469; x_wconf 84' lang='lat' dir='ltr'>proprie</span> <span class='ocrx_word' id='word_1_21' title='bbox 938 421 1074 455; x_wconf 84' lang='lat' dir='ltr'>officium</span> 
     </span>
     <span class='ocr_line' id='line_1_6' title="bbox 330 469 1077 518; baseline 0 -14"><span class='ocrx_word' id='word_1_22' title='bbox 330 470 535 509; x_wconf 85' lang='lat' dir='ltr'>constitutus</span> <span class='ocrx_word' id='word_1_23' title='bbox 571 478 599 505; x_wconf 89' lang='lat' dir='ltr'>et</span> <span class='ocrx_word' id='word_1_24' title='bbox 627 469 678 505; x_wconf 87' lang='lat' dir='ltr'>illa</span> <span class='ocrx_word' id='word_1_25' title='bbox 707 470 858 505; x_wconf 87' lang='lat' dir='ltr'>solemnia</span> <span class='ocrx_word' id='word_1_26' title='bbox 882 470 974 505; x_wconf 84' lang='lat' dir='ltr'>verba</span> <span class='ocrx_word' id='word_1_27' title='bbox 996 482 1077 518; x_wconf 87' lang='lat' dir='ltr'>quae</span> 
     </span>
     <span class='ocr_line' id='line_1_7' title="bbox 330 519 1077 555; baseline -0.001 -1"><span class='ocrx_word' id='word_1_28' title='bbox 330 532 345 554; x_wconf 88' lang='lat' dir='ltr'>a</span> <span class='ocrx_word' id='word_1_29' title='bbox 369 520 484 555; x_wconf 87' lang='lat' dir='ltr'>sanctis</span> <span class='ocrx_word' id='word_1_30' title='bbox 519 519 666 555; x_wconf 85' lang='lat' dir='ltr'>Patribus</span> <span class='ocrx_word' id='word_1_31' title='bbox 699 520 729 554; x_wconf 90' lang='lat' dir='ltr'>iu</span> <span class='ocrx_word' id='word_1_32' title='bbox 760 532 880 555; x_wconf 88' lang='lat' dir='ltr'>canone</span> <span class='ocrx_word' id='word_1_33' title='bbox 914 528 987 554; x_wconf 86' lang='lat' dir='ltr'>sunt</span> <span class='ocrx_word' id='word_1_34' title='bbox 1020 532 1077 554; x_wconf 81' lang='lat' dir='ltr'>ex-</span> 
     </span>
     <span class='ocr_line' id='line_1_8' title="bbox 332 569 1075 617; baseline 0 -14"><span class='ocrx_word' id='word_1_35' title='bbox 332 581 455 615; x_wconf 83' lang='lat' dir='ltr'>pressa,</span> <span class='ocrx_word' id='word_1_36' title='bbox 493 581 523 607; x_wconf 86' lang='lat' dir='ltr'>et</span> <span class='ocrx_word' id='word_1_37' title='bbox 564 569 666 604; x_wconf 82' lang='lat' dir='ltr'>fidelis</span> <span class='ocrx_word' id='word_1_38' title='bbox 703 570 834 604; x_wconf 85' lang='lat' dir='ltr'>intentio</span> <span class='ocrx_word' id='word_1_39' title='bbox 880 569 1075 617; x_wconf 83' lang='lat' dir='ltr'>proferentis.</span> 
     </span>
     <span class='ocr_line' id='line_1_9' title="bbox 331 618 1077 666; baseline 0 -14"><span class='ocrx_word' id='word_1_40' title='bbox 331 618 406 654; x_wconf 86' lang='lat' dir='ltr'>lden</span> <span class='ocrx_word' id='word_1_41' title='bbox 425 619 557 656; x_wconf 89' lang='lat' dir='ltr'>firmiter</span> <span class='ocrx_word' id='word_1_42' title='bbox 577 618 738 655; x_wconf 90' lang='lat' dir='ltr'>credimus</span> <span class='ocrx_word' id='word_1_43' title='bbox 759 629 789 653; x_wconf 84' lang='lat' dir='ltr'>et</span> <span class='ocrx_word' id='word_1_44' title='bbox 817 619 966 658; x_wconf 79' lang='lat' dir='ltr'>fatemur,</span> <span class='ocrx_word' id='word_1_45' title='bbox 993 618 1077 666; x_wconf 86' lang='lat' dir='ltr'>qnod</span> 
     </span>
     <span class='ocr_line' id='line_1_10' title="bbox 332 668 1078 724; baseline 0 -22"><span class='ocrx_word' id='word_1_46' title='bbox 332 668 525 724; x_wconf 80' lang='lat' dir='ltr'>quicumque</span> <span class='ocrx_word' id='word_1_47' title='bbox 557 669 626 704; x_wconf 88' lang='lat' dir='ltr'>sine</span> <span class='ocrx_word' id='word_1_48' title='bbox 652 669 848 716; x_wconf 90' lang='lat' dir='ltr'>praecedenti</span> <span class='ocrx_word' id='word_1_49' title='bbox 881 668 1078 703; x_wconf 76' lang='lat' dir='ltr'>ordinatione</span> 
     </span>
     <span class='ocr_line' id='line_1_11' title="bbox 332 717 1079 767; baseline 0 -16"><span class='ocrx_word' id='word_1_50' title='bbox 332 717 517 767; x_wconf 82' lang='lat' dir='ltr'>episcopali,</span> <span class='ocrx_word' id='word_1_51' title='bbox 539 727 573 755; x_wconf 91' lang='lat' dir='ltr'>ut</span> <span class='ocrx_word' id='word_1_52' title='bbox 595 718 820 766; x_wconf 79' lang='lat' dir='ltr'>praediximus</span> <span class='ocrx_word' id='word_1_53' title='bbox 842 719 940 753; x_wconf 88' lang='lat' dir='ltr'>credit</span> <span class='ocrx_word' id='word_1_54' title='bbox 961 726 991 752; x_wconf 88' lang='lat' dir='ltr'>et</span> <span class='ocrx_word' id='word_1_55' title='bbox 1007 730 1079 752; x_wconf 90' lang='lat' dir='ltr'>con-</span> 
     </span>
     <span class='ocr_line' id='line_1_12' title="bbox 333 767 1080 818; baseline 0.001 -17"><span class='ocrx_word' id='word_1_56' title='bbox 333 767 431 803; x_wconf 85' lang='lat' dir='ltr'>tendit</span> <span class='ocrx_word' id='word_1_57' title='bbox 457 781 490 804; x_wconf 93' lang='lat' dir='ltr'>se</span> <span class='ocrx_word' id='word_1_58' title='bbox 524 780 617 818; x_wconf 89' lang='lat' dir='ltr'>posse</span> <span class='ocrx_word' id='word_1_59' title='bbox 647 767 836 803; x_wconf 79' lang='lat' dir='ltr'>sacrificium</span> <span class='ocrx_word' id='word_1_60' title='bbox 866 767 1080 802; x_wconf 75' lang='lat' dir='ltr'>Eucharistiae</span> 
     </span>
     <span class='ocr_line' id='line_1_13' title="bbox 332 817 1079 864; baseline 0 -13"><span class='ocrx_word' id='word_1_61' title='bbox 332 817 445 860; x_wconf 78' lang='lat' dir='ltr'>facere,</span> <span class='ocrx_word' id='word_1_62' title='bbox 467 819 644 855; x_wconf 85' lang='lat' dir='ltr'>haereticus</span> <span class='ocrx_word' id='word_1_63' title='bbox 660 826 718 858; x_wconf 84' lang='lat' dir='ltr'>est,</span> <span class='ocrx_word' id='word_1_64' title='bbox 744 825 775 852; x_wconf 88' lang='lat' dir='ltr'>et</span> <span class='ocrx_word' id='word_1_65' title='bbox 797 817 983 864; x_wconf 79' lang='lat' dir='ltr'>perditionis</span> <span class='ocrx_word' id='word_1_66' title='bbox 1001 817 1079 851; x_wconf 90' lang='lat' dir='ltr'>Cho-</span> 
     </span>
     <span class='ocr_line' id='line_1_14' title="bbox 332 866 1080 914; baseline -0.001 -13"><span class='ocrx_word' id='word_1_67' title='bbox 332 878 365 901; x_wconf 79' lang='lat' dir='ltr'>re</span> <span class='ocrx_word' id='word_1_68' title='bbox 395 875 427 902; x_wconf 85' lang='lat' dir='ltr'>et</span> <span class='ocrx_word' id='word_1_69' title='bbox 460 881 588 904; x_wconf 88' lang='lat' dir='ltr'>suorum</span> <span class='ocrx_word' id='word_1_70' title='bbox 630 866 818 914; x_wconf 85' lang='lat' dir='ltr'>complicum</span> <span class='ocrx_word' id='word_1_71' title='bbox 845 875 889 901; x_wconf 84' lang='lat' dir='ltr'>est</span> <span class='ocrx_word' id='word_1_72' title='bbox 926 866 1080 913; x_wconf 77' lang='lat' dir='ltr'>particeps</span> 
     </span>
     <span class='ocr_line' id='line_1_15' title="bbox 332 915 1081 964; baseline 0 -14"><span class='ocrx_word' id='word_1_73' title='bbox 332 923 427 964; x_wconf 86' lang='lat' dir='ltr'>atque</span> <span class='ocrx_word' id='word_1_74' title='bbox 452 930 594 959; x_wconf 90' lang='lat' dir='ltr'>consors,</span> <span class='ocrx_word' id='word_1_75' title='bbox 626 925 657 952; x_wconf 88' lang='lat' dir='ltr'>et</span> <span class='ocrx_word' id='word_1_76' title='bbox 692 916 730 951; x_wconf 89' lang='lat' dir='ltr'>ab</span> <span class='ocrx_word' id='word_1_77' title='bbox 756 916 841 951; x_wconf 91' lang='lat' dir='ltr'>omni</span> <span class='ocrx_word' id='word_1_78' title='bbox 876 923 981 950; x_wconf 86' lang='lat' dir='ltr'>sancta</span> <span class='ocrx_word' id='word_1_79' title='bbox 1014 915 1081 950; x_wconf 86' lang='lat' dir='ltr'>Ro—</span> 
     </span>
     <span class='ocr_line' id='line_1_16' title="bbox 332 965 1081 1012; baseline 0 -12"><span class='ocrx_word' id='word_1_80' title='bbox 332 978 422 1001; x_wconf 86' lang='lat' dir='ltr'>mana</span> <span class='ocrx_word' id='word_1_81' title='bbox 441 966 584 1003; x_wconf 84' lang='lat' dir='ltr'>Ecclesia</span> <span class='ocrx_word' id='word_1_82' title='bbox 606 965 830 1012; x_wconf 81' lang='lat' dir='ltr'>segregandus.</span> <span class='ocrx_word' id='word_1_83' title='bbox 854 965 1081 1000; x_wconf 82' lang='lat' dir='ltr'>peccatoribus</span> 
     </span>
     <span class='ocr_line' id='line_1_17' title="bbox 333 1014 1081 1064; baseline 0 -15"><span class='ocrx_word' id='word_1_84' title='bbox 333 1027 405 1050; x_wconf 83' lang='lat' dir='ltr'>vere</span> <span class='ocrx_word' id='word_1_85' title='bbox 427 1016 661 1064; x_wconf 85' lang='lat' dir='ltr'>poenitentibus</span> <span class='ocrx_word' id='word_1_86' title='bbox 681 1015 804 1050; x_wconf 85' lang='lat' dir='ltr'>veniam</span> <span class='ocrx_word' id='word_1_87' title='bbox 827 1014 957 1050; x_wconf 88' lang='lat' dir='ltr'>concedi</span> <span class='ocrx_word' id='word_1_88' title='bbox 976 1027 991 1049; x_wconf 89' lang='lat' dir='ltr'>a</span> <span class='ocrx_word' id='word_1_89' title='bbox 1015 1014 1081 1049; x_wconf 89' lang='lat' dir='ltr'>Deo</span> 
     </span>
     <span class='ocr_line' id='line_1_18' title="bbox 333 1064 1082 1107; baseline 0 -9"><span class='ocrx_word' id='word_1_90' title='bbox 333 1065 509 1107; x_wconf 87' lang='lat' dir='ltr'>credimus,</span> <span class='ocrx_word' id='word_1_91' title='bbox 536 1075 566 1101; x_wconf 93' lang='lat' dir='ltr'>et</span> <span class='ocrx_word' id='word_1_92' title='bbox 587 1066 632 1102; x_wconf 88' lang='lat' dir='ltr'>eis</span> <span class='ocrx_word' id='word_1_93' title='bbox 647 1064 852 1100; x_wconf 78' lang='lat' dir='ltr'>libentissime</span> <span class='ocrx_word' id='word_1_94' title='bbox 864 1064 1082 1099; x_wconf 84' lang='lat' dir='ltr'>communica-</span> 
     </span>
     <span class='ocr_line' id='line_1_19' title="bbox 333 1114 1082 1152; baseline 0 -4"><span class='ocrx_word' id='word_1_95' title='bbox 333 1126 415 1149; x_wconf 89' lang='lat' dir='ltr'>mus.</span> <span class='ocrx_word' id='word_1_96' title='bbox 455 1115 641 1152; x_wconf 89' lang='lat' dir='ltr'>Unctionem</span> <span class='ocrx_word' id='word_1_97' title='bbox 672 1115 869 1149; x_wconf 79' lang='lat' dir='ltr'>infirmorum</span> <span class='ocrx_word' id='word_1_98' title='bbox 905 1126 976 1149; x_wconf 90' lang='lat' dir='ltr'>cum</span> <span class='ocrx_word' id='word_1_99' title='bbox 1013 1114 1082 1148; x_wconf 85' lang='lat' dir='ltr'>oleo</span> 
     </span>
     <span class='ocr_line' id='line_1_20' title="bbox 333 1164 1082 1210; baseline 0 -13"><span class='ocrx_word' id='word_1_100' title='bbox 333 1173 516 1200; x_wconf 86' lang='lat' dir='ltr'>consecrato</span> <span class='ocrx_word' id='word_1_101' title='bbox 540 1177 733 1200; x_wconf 81' lang='lat' dir='ltr'>veneramur.</span> <span class='ocrx_word' id='word_1_102' title='bbox 768 1164 923 1210; x_wconf 77' lang='lat' dir='ltr'>Coniugia</span> <span class='ocrx_word' id='word_1_103' title='bbox 947 1164 1082 1198; x_wconf 87' lang='lat' dir='ltr'>carnalia</span> 
     </span>
     <span class='ocr_line' id='line_1_21' title="bbox 334 1213 1082 1261; baseline 0 -14"><span class='ocrx_word' id='word_1_104' title='bbox 334 1225 403 1249; x_wconf 87' lang='lat' dir='ltr'>esse</span> <span class='ocrx_word' id='word_1_105' title='bbox 440 1215 654 1250; x_wconf 84' lang='lat' dir='ltr'>contrahenda</span> <span class='ocrx_word' id='word_1_106' title='bbox 681 1214 856 1249; x_wconf 89' lang='lat' dir='ltr'>secundum</span> <span class='ocrx_word' id='word_1_107' title='bbox 894 1213 1082 1261; x_wconf 77' lang='lat' dir='ltr'>Apostolum</span> 
     </span>
     <span class='ocr_line' id='line_1_22' title="bbox 335 1263 1083 1311; baseline 0 -14"><span class='ocrx_word' id='word_1_108' title='bbox 335 1275 398 1298; x_wconf 90' lang='lat' dir='ltr'>non</span> <span class='ocrx_word' id='word_1_109' title='bbox 430 1276 595 1311; x_wconf 79' lang='lat' dir='ltr'>negamus,</span> <span class='ocrx_word' id='word_1_110' title='bbox 629 1263 786 1299; x_wconf 81' lang='lat' dir='ltr'>ordinarie</span> <span class='ocrx_word' id='word_1_111' title='bbox 826 1275 898 1298; x_wconf 85' lang='lat' dir='ltr'>vero</span> <span class='ocrx_word' id='word_1_112' title='bbox 925 1270 1083 1298; x_wconf 82' lang='lat' dir='ltr'>contracta</span> 
     </span>
     <span class='ocr_line' id='line_1_23' title="bbox 334 1312 1085 1368; baseline 0 -22"><span class='ocrx_word' id='word_1_113' title='bbox 334 1312 517 1361; x_wconf 80' lang='lat' dir='ltr'>disiungere</span> <span class='ocrx_word' id='word_1_114' title='bbox 555 1314 685 1350; x_wconf 91' lang='lat' dir='ltr'>omnino</span> <span class='ocrx_word' id='word_1_115' title='bbox 718 1312 932 1368; x_wconf 74' lang='lat' dir='ltr'>prohibemus.</span> <span class='ocrx_word' id='word_1_116' title='bbox 973 1312 1085 1346; x_wconf 90' lang='lat' dir='ltr'>Homi-</span> 
     </span>
     <span class='ocr_line' id='line_1_24' title="bbox 336 1362 1083 1412; baseline 0 -16"><span class='ocrx_word' id='word_1_117' title='bbox 336 1375 406 1397; x_wconf 93' lang='lat' dir='ltr'>nem</span> <span class='ocrx_word' id='word_1_118' title='bbox 432 1375 560 1412; x_wconf 90' lang='lat' dir='ltr'>quoque</span> <span class='ocrx_word' id='word_1_119' title='bbox 590 1376 662 1399; x_wconf 89' lang='lat' dir='ltr'>cum</span> <span class='ocrx_word' id='word_1_120' title='bbox 705 1374 758 1397; x_wconf 88' lang='lat' dir='ltr'>sua</span> <span class='ocrx_word' id='word_1_121' title='bbox 807 1362 940 1408; x_wconf 82' lang='lat' dir='ltr'>coniuge</span> <span class='ocrx_word' id='word_1_122' title='bbox 973 1362 1083 1396; x_wconf 86' lang='lat' dir='ltr'>salvari</span> 
     </span>
     <span class='ocr_line' id='line_1_25' title="bbox 335 1411 1083 1453; baseline 0.001 -8"><span class='ocrx_word' id='word_1_123' title='bbox 335 1412 494 1448; x_wconf 85' lang='lat' dir='ltr'>credimus</span> <span class='ocrx_word' id='word_1_124' title='bbox 515 1422 547 1449; x_wconf 90' lang='lat' dir='ltr'>et</span> <span class='ocrx_word' id='word_1_125' title='bbox 567 1413 717 1453; x_wconf 81' lang='lat' dir='ltr'>fatemur·</span> <span class='ocrx_word' id='word_1_126' title='bbox 749 1424 807 1447; x_wconf 89' lang='lat' dir='ltr'>nec</span> <span class='ocrx_word' id='word_1_127' title='bbox 827 1412 922 1446; x_wconf 89' lang='lat' dir='ltr'>etiam</span> <span class='ocrx_word' id='word_1_128' title='bbox 947 1411 1083 1446; x_wconf 87' lang='lat' dir='ltr'>secunda</span> 
     </span>
     <span class='ocr_line' id='line_1_26' title="bbox 335 1461 1083 1498; baseline 0 -3"><span class='ocrx_word' id='word_1_129' title='bbox 335 1461 382 1496; x_wconf 88' lang='lat' dir='ltr'>vel</span> <span class='ocrx_word' id='word_1_130' title='bbox 410 1462 557 1498; x_wconf 82' lang='lat' dir='ltr'>ulteriora</span> <span class='ocrx_word' id='word_1_131' title='bbox 594 1461 792 1498; x_wconf 88' lang='lat' dir='ltr'>matrimonia</span> <span class='ocrx_word' id='word_1_132' title='bbox 825 1461 1083 1496; x_wconf 87' lang='lat' dir='ltr'>condemnamus.</span> 
     </span>
     <span class='ocr_line' id='line_1_27' title="bbox 335 1509 1086 1560; baseline 0 -15"><span class='ocrx_word' id='word_1_133' title='bbox 335 1509 486 1546; x_wconf 88' lang='lat' dir='ltr'>Carnium</span> <span class='ocrx_word' id='word_1_134' title='bbox 528 1512 760 1560; x_wconf 89' lang='lat' dir='ltr'>perceptionem</span> <span class='ocrx_word' id='word_1_135' title='bbox 809 1511 937 1545; x_wconf 88' lang='lat' dir='ltr'>minime</span> <span class='ocrx_word' id='word_1_136' title='bbox 975 1510 1086 1557; x_wconf 86' lang='lat' dir='ltr'>culpa-</span> 
     </span>
     <span class='ocr_line' id='line_1_28' title="bbox 336 1560 1085 1604; baseline 0 -10"><span class='ocrx_word' id='word_1_137' title='bbox 336 1572 418 1595; x_wconf 86' lang='lat' dir='ltr'>mus.</span> <span class='ocrx_word' id='word_1_138' title='bbox 459 1560 528 1596; x_wconf 90' lang='lat' dir='ltr'>Non</span> <span class='ocrx_word' id='word_1_139' title='bbox 570 1561 820 1597; x_wconf 84' lang='lat' dir='ltr'>condemnamus</span> <span class='ocrx_word' id='word_1_140' title='bbox 858 1560 1085 1604; x_wconf 77' lang='lat' dir='ltr'>iuramentum,</span> 
     </span>
     <span class='ocr_line' id='line_1_29' title="bbox 336 1609 1084 1658; baseline 0 -14"><span class='ocrx_word' id='word_1_141' title='bbox 336 1610 433 1644; x_wconf 85' lang='lat' dir='ltr'>immo</span> <span class='ocrx_word' id='word_1_142' title='bbox 465 1610 626 1646; x_wconf 89' lang='lat' dir='ltr'>credimus</span> <span class='ocrx_word' id='word_1_143' title='bbox 650 1622 729 1658; x_wconf 91' lang='lat' dir='ltr'>puro</span> <span class='ocrx_word' id='word_1_144' title='bbox 761 1610 871 1649; x_wconf 87' lang='lat' dir='ltr'>corde,</span> <span class='ocrx_word' id='word_1_145' title='bbox 899 1609 982 1657; x_wconf 88' lang='lat' dir='ltr'>quod</span> <span class='ocrx_word' id='word_1_146' title='bbox 1013 1621 1084 1644; x_wconf 89' lang='lat' dir='ltr'>cum</span> 
     </span>
     <span class='ocr_line' id='line_1_30' title="bbox 336 1659 1084 1705; baseline -0.001 -12"><span class='ocrx_word' id='word_1_147' title='bbox 336 1660 465 1695; x_wconf 86' lang='lat' dir='ltr'>veritate</span> <span class='ocrx_word' id='word_1_148' title='bbox 502 1669 533 1695; x_wconf 89' lang='lat' dir='ltr'>et</span> <span class='ocrx_word' id='word_1_149' title='bbox 569 1661 699 1705; x_wconf 74' lang='lat' dir='ltr'>iudicio,</span> <span class='ocrx_word' id='word_1_150' title='bbox 735 1668 764 1694; x_wconf 91' lang='lat' dir='ltr'>et</span> <span class='ocrx_word' id='word_1_151' title='bbox 809 1660 927 1695; x_wconf 85' lang='lat' dir='ltr'>iustitia</span> <span class='ocrx_word' id='word_1_152' title='bbox 964 1659 1084 1693; x_wconf 89' lang='lat' dir='ltr'>licitum</span> 
     </span>
     <span class='ocr_line' id='line_1_31' title="bbox 337 1709 1088 1758; baseline 0 -15"><span class='ocrx_word' id='word_1_153' title='bbox 337 1709 378 1744; x_wconf 86' lang='lat' dir='ltr'>sit</span> <span class='ocrx_word' id='word_1_154' title='bbox 403 1709 515 1744; x_wconf 89' lang='lat' dir='ltr'>iurare.</span> <span class='ocrx_word' id='word_1_155' title='bbox 543 1709 590 1745; x_wconf 91' lang='lat' dir='ltr'>De</span> <span class='ocrx_word' id='word_1_156' title='bbox 617 1717 771 1758; x_wconf 81' lang='lat' dir='ltr'>potestate</span> <span class='ocrx_word' id='word_1_157' title='bbox 793 1709 941 1744; x_wconf 88' lang='lat' dir='ltr'>saeculari</span> <span class='ocrx_word' id='word_1_158' title='bbox 978 1709 1088 1743; x_wconf 89' lang='lat' dir='ltr'>asseri-</span> 
     </span>
     <span class='ocr_line' id='line_1_32' title="bbox 337 1758 1086 1807; baseline -0.001 -14"><span class='ocrx_word' id='word_1_159' title='bbox 337 1770 424 1799; x_wconf 81' lang='lat' dir='ltr'>mus,</span> <span class='ocrx_word' id='word_1_160' title='bbox 448 1759 533 1806; x_wconf 91' lang='lat' dir='ltr'>quod</span> <span class='ocrx_word' id='word_1_161' title='bbox 560 1760 627 1795; x_wconf 92' lang='lat' dir='ltr'>sine</span> <span class='ocrx_word' id='word_1_162' title='bbox 662 1768 791 1807; x_wconf 90' lang='lat' dir='ltr'>peccato</span> <span class='ocrx_word' id='word_1_163' title='bbox 827 1758 950 1794; x_wconf 87' lang='lat' dir='ltr'>mortali</span> <span class='ocrx_word' id='word_1_164' title='bbox 987 1766 1086 1805; x_wconf 90' lang='lat' dir='ltr'>potest</span> 
     </span>
     <span class='ocr_line' id='line_1_33' title="bbox 338 1807 1088 1856; baseline 0 -14"><span class='ocrx_word' id='word_1_165' title='bbox 338 1807 490 1843; x_wconf 81' lang='lat' dir='ltr'>iudicium</span> <span class='ocrx_word' id='word_1_166' title='bbox 525 1810 688 1856; x_wconf 82' lang='lat' dir='ltr'>sanguinis</span> <span class='ocrx_word' id='word_1_167' title='bbox 722 1820 886 1853; x_wconf 80' lang='lat' dir='ltr'>exercere,</span> <span class='ocrx_word' id='word_1_168' title='bbox 916 1808 1088 1843; x_wconf 91' lang='lat' dir='ltr'>dummodo</span> 
     </span>
     <span class='ocr_line' id='line_1_34' title="bbox 339 1857 1087 1901; baseline 0 -10"><span class='ocrx_word' id='word_1_169' title='bbox 339 1857 376 1891; x_wconf 88' lang='lat' dir='ltr'>ad</span> <span class='ocrx_word' id='word_1_170' title='bbox 404 1857 598 1893; x_wconf 79' lang='lat' dir='ltr'>inferendam</span> <span class='ocrx_word' id='word_1_171' title='bbox 621 1858 805 1900; x_wconf 84' lang='lat' dir='ltr'>vindictam,</span> <span class='ocrx_word' id='word_1_172' title='bbox 833 1870 895 1893; x_wconf 89' lang='lat' dir='ltr'>non</span> <span class='ocrx_word' id='word_1_173' title='bbox 927 1858 1011 1901; x_wconf 75' lang='lat' dir='ltr'>odio,</span> <span class='ocrx_word' id='word_1_174' title='bbox 1033 1857 1087 1891; x_wconf 87' lang='lat' dir='ltr'>sed</span> 
     </span>
     <span class='ocr_line' id='line_1_35' title="bbox 341 1907 1089 1953; baseline -0.001 -12"><span class='ocrx_word' id='word_1_175' title='bbox 341 1907 471 1950; x_wconf 83' lang='lat' dir='ltr'>iudicio,</span> <span class='ocrx_word' id='word_1_176' title='bbox 505 1920 567 1943; x_wconf 89' lang='lat' dir='ltr'>non</span> <span class='ocrx_word' id='word_1_177' title='bbox 601 1908 737 1948; x_wconf 88' lang='lat' dir='ltr'>incaute,</span> <span class='ocrx_word' id='word_1_178' title='bbox 764 1907 818 1942; x_wconf 80' lang='lat' dir='ltr'>sed</span> <span class='ocrx_word' id='word_1_179' title='bbox 849 1908 993 1943; x_wconf 76' lang='lat' dir='ltr'>consulte</span> <span class='ocrx_word' id='word_1_180' title='bbox 1022 1919 1089 1953; x_wconf 87' lang='lat' dir='ltr'>pro·</span> 
     </span>
     <span class='ocr_line' id='line_1_36' title="bbox 340 1956 1089 1992; baseline 0.001 -2"><span class='ocrx_word' id='word_1_181' title='bbox 340 1956 440 1991; x_wconf 88' lang='lat' dir='ltr'>cedat.</span> <span class='ocrx_word' id='word_1_182' title='bbox 468 1956 739 1992; x_wconf 78' lang='lat' dir='ltr'>praedicationem</span> <span class='ocrx_word' id='word_1_183' title='bbox 770 1958 977 1992; x_wconf 87' lang='lat' dir='ltr'>necessariam</span> <span class='ocrx_word' id='word_1_184' title='bbox 1000 1956 1089 1991; x_wconf 89' lang='lat' dir='ltr'>valde</span> 
     </span>
     <span class='ocr_line' id='line_1_37' title="bbox 340 2005 1088 2050; baseline 0 -10"><span class='ocrx_word' id='word_1_185' title='bbox 340 2013 370 2040; x_wconf 86' lang='lat' dir='ltr'>et</span> <span class='ocrx_word' id='word_1_186' title='bbox 401 2005 589 2041; x_wconf 87' lang='lat' dir='ltr'>laudabilem</span> <span class='ocrx_word' id='word_1_187' title='bbox 612 2019 682 2042; x_wconf 91' lang='lat' dir='ltr'>esse</span> <span class='ocrx_word' id='word_1_188' title='bbox 709 2006 884 2045; x_wconf 80' lang='lat' dir='ltr'>credimus,</span> <span class='ocrx_word' id='word_1_189' title='bbox 920 2015 1022 2041; x_wconf 89' lang='lat' dir='ltr'>tamen</span> <span class='ocrx_word' id='word_1_190' title='bbox 1051 2019 1088 2050; x_wconf 62' lang='lat' dir='ltr'>ex</span> 
     </span>
     <span class='ocr_line' id='line_1_38' title="bbox 341 2055 1088 2099; baseline 0.001 -10"><span class='ocrx_word' id='word_1_191' title='bbox 341 2056 523 2090; x_wconf 88' lang='lat' dir='ltr'>auctoritate</span> <span class='ocrx_word' id='word_1_192' title='bbox 550 2056 596 2090; x_wconf 83' lang='lat' dir='ltr'>vel</span> <span class='ocrx_word' id='word_1_193' title='bbox 618 2056 741 2091; x_wconf 88' lang='lat' dir='ltr'>licentia</span> <span class='ocrx_word' id='word_1_194' title='bbox 763 2055 888 2091; x_wconf 89' lang='lat' dir='ltr'>Summi</span> <span class='ocrx_word' id='word_1_195' title='bbox 911 2055 1088 2099; x_wconf 81' lang='lat' dir='ltr'>Pontificis⁷</span> 
     </span>
     <span class='ocr_line' id='line_1_39' title="bbox 342 2104 1091 2153; baseline -0.001 -13"><span class='ocrx_word' id='word_1_196' title='bbox 342 2105 389 2139; x_wconf 81' lang='lat' dir='ltr'>vet</span> <span class='ocrx_word' id='word_1_197' title='bbox 413 2104 620 2152; x_wconf 87' lang='lat' dir='ltr'>praelatorum</span> <span class='ocrx_word' id='word_1_198' title='bbox 644 2106 864 2153; x_wconf 80' lang='lat' dir='ltr'>permissione,</span> <span class='ocrx_word' id='word_1_199' title='bbox 887 2105 969 2140; x_wconf 90' lang='lat' dir='ltr'>illam</span> <span class='ocrx_word' id='word_1_200' title='bbox 993 2105 1091 2140; x_wconf 84' lang='lat' dir='ltr'>credi-</span> 
     </span>
     <span class='ocr_line' id='line_1_40' title="bbox 343 2154 1091 2190; baseline 0 -2"><span class='ocrx_word' id='word_1_201' title='bbox 343 2167 414 2189; x_wconf 90' lang='lat' dir='ltr'>mus</span> <span class='ocrx_word' id='word_1_202' title='bbox 435 2155 652 2190; x_wconf 86' lang='lat' dir='ltr'>exercendam.</span> <span class='ocrx_word' id='word_1_203' title='bbox 687 2155 721 2190; x_wconf 87' lang='lat' dir='ltr'>In</span> <span class='ocrx_word' id='word_1_204' title='bbox 744 2154 893 2190; x_wconf 85' lang='lat' dir='ltr'>omnibus</span> <span class='ocrx_word' id='word_1_205' title='bbox 920 2167 991 2189; x_wconf 83' lang='lat' dir='ltr'>vero</span> <span class='ocrx_word' id='word_1_206' title='bbox 1014 2154 1091 2189; x_wconf 87' lang='lat' dir='ltr'>locis</span> 
     </span>
     <span class='ocr_line' id='line_1_41' title="bbox 343 2204 1088 2244; baseline 0.001 -7"><span class='ocrx_word' id='word_1_207' title='bbox 343 2204 396 2238; x_wconf 91' lang='lat' dir='ltr'>ubi</span> <span class='ocrx_word' id='word_1_208' title='bbox 421 2204 585 2239; x_wconf 80' lang='lat' dir='ltr'>manifeste</span> <span class='ocrx_word' id='word_1_209' title='bbox 607 2204 754 2239; x_wconf 82' lang='lat' dir='ltr'>baeretici</span> <span class='ocrx_word' id='word_1_210' title='bbox 773 2213 912 2244; x_wconf 81' lang='lat' dir='ltr'>manent,</span> <span class='ocrx_word' id='word_1_211' title='bbox 935 2212 964 2238; x_wconf 85' lang='lat' dir='ltr'>et</span> <span class='ocrx_word' id='word_1_212' title='bbox 987 2204 1088 2238; x_wconf 90' lang='lat' dir='ltr'>Deum</span> 
     </span>
     <span class='ocr_line' id='line_1_42' title="bbox 342 2253 1090 2289; baseline 0 -2"><span class='ocrx_word' id='word_1_213' title='bbox 342 2262 372 2287; x_wconf 83' lang='lat' dir='ltr'>et</span> <span class='ocrx_word' id='word_1_214' title='bbox 394 2254 487 2289; x_wconf 83' lang='lat' dir='ltr'>fidem</span> <span class='ocrx_word' id='word_1_215' title='bbox 509 2262 636 2289; x_wconf 89' lang='lat' dir='ltr'>sanctae</span> <span class='ocrx_word' id='word_1_216' title='bbox 665 2254 827 2289; x_wconf 80' lang='lat' dir='ltr'>Romanae</span> <span class='ocrx_word' id='word_1_217' title='bbox 862 2253 1021 2288; x_wconf 85' lang='lat' dir='ltr'>Ecclesiae</span> <span class='ocrx_word' id='word_1_218' title='bbox 1043 2254 1090 2287; x_wconf 83' lang='lat' dir='ltr'>ab·</span> 
     </span>
     <span class='ocr_line' id='line_1_43' title="bbox 342 2303 1089 2351; baseline -0.001 -13"><span class='ocrx_word' id='word_1_219' title='bbox 342 2303 447 2338; x_wconf 85' lang='lat' dir='ltr'>dicant</span> <span class='ocrx_word' id='word_1_220' title='bbox 475 2312 506 2338; x_wconf 89' lang='lat' dir='ltr'>et</span> <span class='ocrx_word' id='word_1_221' title='bbox 538 2303 773 2351; x_wconf 78' lang='lat' dir='ltr'>blasphemant;</span> <span class='ocrx_word' id='word_1_222' title='bbox 813 2303 973 2338; x_wconf 80' lang='lat' dir='ltr'>credimus</span> <span class='ocrx_word' id='word_1_223' title='bbox 1006 2303 1089 2350; x_wconf 88' lang='lat' dir='ltr'>quod</span> 
     </span>
     <span class='ocr_line' id='line_1_44' title="bbox 343 2351 1092 2400; baseline 0.001 -14"><span class='ocrx_word' id='word_1_224' title='bbox 343 2352 534 2400; x_wconf 89' lang='lat' dir='ltr'>disputando</span> <span class='ocrx_word' id='word_1_225' title='bbox 555 2362 585 2387; x_wconf 88' lang='lat' dir='ltr'>et</span> <span class='ocrx_word' id='word_1_226' title='bbox 613 2353 806 2388; x_wconf 86' lang='lat' dir='ltr'>exhortando</span> <span class='ocrx_word' id='word_1_227' title='bbox 824 2351 928 2387; x_wconf 89' lang='lat' dir='ltr'>modis</span> <span class='ocrx_word' id='word_1_228' title='bbox 945 2352 1092 2387; x_wconf 89' lang='lat' dir='ltr'>omnibus</span> 
     </span>
     <span class='ocr_line' id='line_1_45' title="bbox 344 2402 1092 2438; baseline 0.001 -2"><span class='ocrx_word' id='word_1_229' title='bbox 344 2402 520 2438; x_wconf 87' lang='lat' dir='ltr'>secundum</span> <span class='ocrx_word' id='word_1_230' title='bbox 563 2402 665 2438; x_wconf 89' lang='lat' dir='ltr'>Deum</span> <span class='ocrx_word' id='word_1_231' title='bbox 703 2402 876 2437; x_wconf 81' lang='lat' dir='ltr'>debeamus</span> <span class='ocrx_word' id='word_1_232' title='bbox 911 2402 981 2437; x_wconf 87' lang='lat' dir='ltr'>illos</span> <span class='ocrx_word' id='word_1_233' title='bbox 1015 2413 1092 2437; x_wconf 90' lang='lat' dir='ltr'>con-</span> 
     </span>
     <span class='ocr_line' id='line_1_46' title="bbox 345 2451 1090 2493; baseline 0 -7"><span class='ocrx_word' id='word_1_234' title='bbox 345 2452 486 2493; x_wconf 66' lang='lat' dir='ltr'>fundere,</span> <span class='ocrx_word' id='word_1_235' title='bbox 516 2461 546 2487; x_wconf 87' lang='lat' dir='ltr'>et</span> <span class='ocrx_word' id='word_1_236' title='bbox 572 2453 618 2488; x_wconf 91' lang='lat' dir='ltr'>eis</span> <span class='ocrx_word' id='word_1_237' title='bbox 640 2451 735 2488; x_wconf 88' lang='lat' dir='ltr'>verbo</span> <span class='ocrx_word' id='word_1_238' title='bbox 770 2452 959 2492; x_wconf 89' lang='lat' dir='ltr'>Dominico,</span> <span class='ocrx_word' id='word_1_239' title='bbox 996 2451 1090 2486; x_wconf 85' lang='lat' dir='ltr'>veluti</span> 
     </span>
     <span class='ocr_line' id='line_1_47' title="bbox 344 2500 1093 2542; baseline 0.001 -7"><span class='ocrx_word' id='word_1_240' title='bbox 344 2500 461 2536; x_wconf 84' lang='lat' dir='ltr'>Christi</span> <span class='ocrx_word' id='word_1_241' title='bbox 487 2510 519 2536; x_wconf 87' lang='lat' dir='ltr'>et</span> <span class='ocrx_word' id='word_1_242' title='bbox 549 2501 709 2537; x_wconf 87' lang='lat' dir='ltr'>Ecclesiae</span> <span class='ocrx_word' id='word_1_243' title='bbox 748 2501 955 2542; x_wconf 86' lang='lat' dir='ltr'>adversariis,</span> <span class='ocrx_word' id='word_1_244' title='bbox 991 2500 1093 2536; x_wconf 85' lang='lat' dir='ltr'>fronte</span> 
     </span>
     <span class='ocr_line' id='line_1_48' title="bbox 347 2550 1093 2597; baseline 0.001 -13"><span class='ocrx_word' id='word_1_245' title='bbox 347 2562 445 2597; x_wconf 83' lang='lat' dir='ltr'>usque</span> <span class='ocrx_word' id='word_1_246' title='bbox 466 2551 503 2586; x_wconf 82' lang='lat' dir='ltr'>ad</span> <span class='ocrx_word' id='word_1_247' title='bbox 530 2559 662 2586; x_wconf 91' lang='lat' dir='ltr'>mortem</span> <span class='ocrx_word' id='word_1_248' title='bbox 686 2550 781 2586; x_wconf 87' lang='lat' dir='ltr'>libera</span> <span class='ocrx_word' id='word_1_249' title='bbox 809 2552 974 2585; x_wconf 83' lang='lat' dir='ltr'>contraire.</span> <span class='ocrx_word' id='word_1_250' title='bbox 1001 2550 1093 2586; x_wconf 89' lang='lat' dir='ltr'>Ordi-</span> 
     </span>
     <span class='ocr_line' id='line_1_49' title="bbox 348 2599 1091 2648; baseline 0.003 -16"><span class='ocrx_word' id='word_1_251' title='bbox 348 2611 402 2633; x_wconf 85' lang='lat' dir='ltr'>nes</span> <span class='ocrx_word' id='word_1_252' title='bbox 424 2611 495 2635; x_wconf 87' lang='lat' dir='ltr'>vero</span> <span class='ocrx_word' id='word_1_253' title='bbox 521 2600 761 2641; x_wconf 83' lang='lat' dir='ltr'>ecclesiasticos,</span> <span class='ocrx_word' id='word_1_254' title='bbox 783 2610 815 2634; x_wconf 84' lang='lat' dir='ltr'>et</span> <span class='ocrx_word' id='word_1_255' title='bbox 841 2612 935 2635; x_wconf 89' lang='lat' dir='ltr'>omne</span> <span class='ocrx_word' id='word_1_256' title='bbox 953 2599 1036 2648; x_wconf 90' lang='lat' dir='ltr'>quod</span> <span class='ocrx_word' id='word_1_257' title='bbox 1060 2601 1091 2635; x_wconf 90' lang='lat' dir='ltr'>in</span> 
     </span>
     <span class='ocr_line' id='line_1_50' title="bbox 348 2648 1093 2697; baseline 0.004 -15"><span class='ocrx_word' id='word_1_258' title='bbox 348 2656 453 2683; x_wconf 80' lang='lat' dir='ltr'>sancta</span> <span class='ocrx_word' id='word_1_259' title='bbox 481 2648 622 2685; x_wconf 86' lang='lat' dir='ltr'>Romana</span> <span class='ocrx_word' id='word_1_260' title='bbox 645 2649 785 2685; x_wconf 84' lang='lat' dir='ltr'>Ecclesia</span> <span class='ocrx_word' id='word_1_261' title='bbox 804 2651 959 2685; x_wconf 83' lang='lat' dir='ltr'>sancitum</span> <span class='ocrx_word' id='word_1_262' title='bbox 979 2650 1093 2697; x_wconf 80' lang='lat' dir='ltr'>legitur</span> 
     </span>
    </p>
   </div>
   <div class='ocr_carea' id='block_1_4' title="bbox 910 267 1281 290">
    <p class='ocr_par' dir='ltr' id='par_1_4' title="bbox 910 267 1281 290">
     <span class='ocr_line' id='line_1_51' title="bbox 910 267 1281 290; baseline -0.003 0"><span class='ocrx_word' id='word_1_263' title='bbox 910 268 1034 290; x_wconf 77' lang='lat' dir='ltr'><strong>BULLAR</strong></span> <span class='ocrx_word' id='word_1_264' title='bbox 1040 268 1046 289; x_wconf 95' lang='grc' dir='ltr'>Ι</span> <span class='ocrx_word' id='word_1_265' title='bbox 1052 267 1098 290; x_wconf 70' lang='lat' dir='ltr'>PM</span> <span class='ocrx_word' id='word_1_266' title='bbox 1119 267 1281 290; x_wconf 68' lang='lat' dir='ltr'><strong>ROMANCM</strong></span> 
     </span>
    </p>
   </div>
   <div class='ocr_carea' id='block_1_5' title="bbox 1116 319 1878 2698">
    <p class='ocr_par' dir='ltr' id='par_1_5' title="bbox 1116 319 1872 1260">
     <span class='ocr_line' id='line_1_52' title="bbox 1116 319 1863 362; baseline 0 -6"><span class='ocrx_word' id='word_1_267' title='bbox 1116 328 1167 356; x_wconf 86' lang='lat' dir='ltr'>aut</span> <span class='ocrx_word' id='word_1_268' title='bbox 1203 321 1344 361; x_wconf 87' lang='lat' dir='ltr'>canitur,</span> <span class='ocrx_word' id='word_1_269' title='bbox 1382 320 1542 355; x_wconf 82' lang='lat' dir='ltr'>humiliter</span> <span class='ocrx_word' id='word_1_270' title='bbox 1562 319 1800 362; x_wconf 81' lang='lat' dir='ltr'>collaudamus,</span> <span class='ocrx_word' id='word_1_271' title='bbox 1834 331 1863 356; x_wconf 90' lang='lat' dir='ltr'>et</span> 
     </span>
     <span class='ocr_line' id='line_1_53' title="bbox 1117 369 1865 417; baseline 0 -12"><span class='ocrx_word' id='word_1_272' title='bbox 1117 370 1253 406; x_wconf 83' lang='lat' dir='ltr'>fideliter</span> <span class='ocrx_word' id='word_1_273' title='bbox 1284 382 1480 405; x_wconf 86' lang='lat' dir='ltr'>veneramur.</span> <span class='ocrx_word' id='word_1_274' title='bbox 1519 369 1685 405; x_wconf 87' lang='lat' dir='ltr'>Diabolum</span> <span class='ocrx_word' id='word_1_275' title='bbox 1717 382 1780 405; x_wconf 92' lang='lat' dir='ltr'>non</span> <span class='ocrx_word' id='word_1_276' title='bbox 1808 382 1865 417; x_wconf 89' lang='lat' dir='ltr'>per</span> 
     </span>
     <span class='ocr_line' id='line_1_54' title="bbox 1117 419 1863 467; baseline 0 -12"><span class='ocrx_word' id='word_1_277' title='bbox 1117 420 1354 459; x_wconf 90' lang='lat' dir='ltr'>conditionem,</span> <span class='ocrx_word' id='word_1_278' title='bbox 1381 419 1434 455; x_wconf 88' lang='lat' dir='ltr'>sed</span> <span class='ocrx_word' id='word_1_279' title='bbox 1465 432 1518 467; x_wconf 90' lang='lat' dir='ltr'>per</span> <span class='ocrx_word' id='word_1_280' title='bbox 1545 420 1708 455; x_wconf 84' lang='lat' dir='ltr'>arbitrium</span> <span class='ocrx_word' id='word_1_281' title='bbox 1744 419 1863 455; x_wconf 88' lang='lat' dir='ltr'>malum</span> 
     </span>
     <span class='ocr_line' id='line_1_55' title="bbox 1117 468 1865 504; baseline 0 0"><span class='ocrx_word' id='word_1_282' title='bbox 1117 482 1185 504; x_wconf 87' lang='lat' dir='ltr'>esse</span> <span class='ocrx_word' id='word_1_283' title='bbox 1212 469 1327 504; x_wconf 84' lang='lat' dir='ltr'>factum</span> <span class='ocrx_word' id='word_1_284' title='bbox 1365 469 1533 504; x_wconf 89' lang='lat' dir='ltr'>credimus.</span> <span class='ocrx_word' id='word_1_285' title='bbox 1569 468 1673 504; x_wconf 89' lang='lat' dir='ltr'>Corde</span> <span class='ocrx_word' id='word_1_286' title='bbox 1707 469 1865 504; x_wconf 83' lang='lat' dir='ltr'>oredimus</span> 
     </span>
     <span class='ocr_line' id='line_1_56' title="bbox 1117 519 1865 565; baseline -0.001 -11"><span class='ocrx_word' id='word_1_287' title='bbox 1117 527 1148 554; x_wconf 89' lang='lat' dir='ltr'>et</span> <span class='ocrx_word' id='word_1_288' title='bbox 1168 531 1221 554; x_wconf 89' lang='lat' dir='ltr'>ore</span> <span class='ocrx_word' id='word_1_289' title='bbox 1243 519 1441 560; x_wconf 82' lang='lat' dir='ltr'>confitemur,</span> <span class='ocrx_word' id='word_1_290' title='bbox 1464 519 1557 553; x_wconf 89' lang='lat' dir='ltr'>huius</span> <span class='ocrx_word' id='word_1_291' title='bbox 1578 519 1681 554; x_wconf 85' lang='lat' dir='ltr'>carnis</span> <span class='ocrx_word' id='word_1_292' title='bbox 1702 531 1795 565; x_wconf 84' lang='lat' dir='ltr'>quam</span> <span class='ocrx_word' id='word_1_293' title='bbox 1815 531 1865 565; x_wconf 84' lang='lat' dir='ltr'>ge-</span> 
     </span>
     <span class='ocr_line' id='line_1_57' title="bbox 1117 568 1862 609; baseline 0 -6"><span class='ocrx_word' id='word_1_294' title='bbox 1117 577 1248 609; x_wconf 87' lang='lat' dir='ltr'>stamus,</span> <span class='ocrx_word' id='word_1_295' title='bbox 1283 578 1313 604; x_wconf 89' lang='lat' dir='ltr'>et</span> <span class='ocrx_word' id='word_1_296' title='bbox 1348 581 1409 603; x_wconf 91' lang='lat' dir='ltr'>non</span> <span class='ocrx_word' id='word_1_297' title='bbox 1432 568 1560 603; x_wconf 82' lang='lat' dir='ltr'>alterius</span> <span class='ocrx_word' id='word_1_298' title='bbox 1588 569 1862 603; x_wconf 82' lang='lat' dir='ltr'>resurrectionem.</span> 
     </span>
     <span class='ocr_line' id='line_1_58' title="bbox 1118 617 1863 666; baseline -0.001 -13"><span class='ocrx_word' id='word_1_299' title='bbox 1118 618 1273 654; x_wconf 90' lang='lat' dir='ltr'>Iudicium</span> <span class='ocrx_word' id='word_1_300' title='bbox 1312 630 1438 666; x_wconf 88' lang='lat' dir='ltr'>quoque</span> <span class='ocrx_word' id='word_1_301' title='bbox 1478 630 1532 664; x_wconf 90' lang='lat' dir='ltr'>per</span> <span class='ocrx_word' id='word_1_302' title='bbox 1556 617 1660 653; x_wconf 86' lang='lat' dir='ltr'>Iesum</span> <span class='ocrx_word' id='word_1_303' title='bbox 1701 617 1863 653; x_wconf 88' lang='lat' dir='ltr'>Christum</span> 
     </span>
     <span class='ocr_line' id='line_1_59' title="bbox 1119 667 1864 715; baseline 0 -13"><span class='ocrx_word' id='word_1_304' title='bbox 1119 680 1187 703; x_wconf 78' lang='lat' dir='ltr'>esse</span> <span class='ocrx_word' id='word_1_305' title='bbox 1211 668 1367 709; x_wconf 78' lang='lat' dir='ltr'>futurum,</span> <span class='ocrx_word' id='word_1_306' title='bbox 1395 676 1424 702; x_wconf 90' lang='lat' dir='ltr'>et</span> <span class='ocrx_word' id='word_1_307' title='bbox 1458 667 1599 713; x_wconf 86' lang='lat' dir='ltr'>singulos</span> <span class='ocrx_word' id='word_1_308' title='bbox 1632 679 1687 714; x_wconf 90' lang='lat' dir='ltr'>pro</span> <span class='ocrx_word' id='word_1_309' title='bbox 1714 667 1764 702; x_wconf 89' lang='lat' dir='ltr'>his</span> <span class='ocrx_word' id='word_1_310' title='bbox 1784 679 1864 715; x_wconf 87' lang='lat' dir='ltr'>quae</span> 
     </span>
     <span class='ocr_line' id='line_1_60' title="bbox 1120 717 1864 764; baseline -0.001 -12"><span class='ocrx_word' id='word_1_311' title='bbox 1120 718 1150 752; x_wconf 90' lang='lat' dir='ltr'>in</span> <span class='ocrx_word' id='word_1_312' title='bbox 1174 718 1230 752; x_wconf 88' lang='lat' dir='ltr'>hac</span> <span class='ocrx_word' id='word_1_313' title='bbox 1252 730 1344 752; x_wconf 90' lang='lat' dir='ltr'>carne</span> <span class='ocrx_word' id='word_1_314' title='bbox 1381 726 1545 763; x_wconf 80' lang='lat' dir='ltr'>gesserunt</span> <span class='ocrx_word' id='word_1_315' title='bbox 1580 724 1781 764; x_wconf 80' lang='lat' dir='ltr'>recepturos,</span> <span class='ocrx_word' id='word_1_316' title='bbox 1817 717 1864 752; x_wconf 91' lang='lat' dir='ltr'>vel</span> 
     </span>
     <span class='ocr_line' id='line_1_61' title="bbox 1122 766 1867 814; baseline -0.001 -12"><span class='ocrx_word' id='word_1_317' title='bbox 1122 779 1249 814; x_wconf 79' lang='lat' dir='ltr'>poenas,</span> <span class='ocrx_word' id='word_1_318' title='bbox 1289 767 1334 801; x_wconf 80' lang='lat' dir='ltr'>vel</span> <span class='ocrx_word' id='word_1_319' title='bbox 1363 767 1516 814; x_wconf 85' lang='lat' dir='ltr'>praemia,</span> <span class='ocrx_word' id='word_1_320' title='bbox 1545 766 1674 801; x_wconf 81' lang='lat' dir='ltr'>firmiter</span> <span class='ocrx_word' id='word_1_321' title='bbox 1707 766 1867 802; x_wconf 87' lang='lat' dir='ltr'>credimus</span> 
     </span>
     <span class='ocr_line' id='line_1_62' title="bbox 1120 815 1867 863; baseline -0.003 -11"><span class='ocrx_word' id='word_1_322' title='bbox 1120 825 1150 852; x_wconf 87' lang='lat' dir='ltr'>et</span> <span class='ocrx_word' id='word_1_323' title='bbox 1175 817 1384 852; x_wconf 85' lang='lat' dir='ltr'>affirmamus:</span> <span class='ocrx_word' id='word_1_324' title='bbox 1408 816 1635 863; x_wconf 74' lang='lat' dir='ltr'>eleemosynas,</span> <span class='ocrx_word' id='word_1_325' title='bbox 1661 815 1867 860; x_wconf 78' lang='lat' dir='ltr'>sacrificium,</span> 
     </span>
     <span class='ocr_line' id='line_1_63' title="bbox 1120 865 1870 913; baseline 0 -13"><span class='ocrx_word' id='word_1_326' title='bbox 1120 875 1305 912; x_wconf 85' lang='lat' dir='ltr'>caeteraque</span> <span class='ocrx_word' id='word_1_327' title='bbox 1328 865 1495 910; x_wconf 81' lang='lat' dir='ltr'>beneficia⁷</span> <span class='ocrx_word' id='word_1_328' title='bbox 1518 865 1665 900; x_wconf 86' lang='lat' dir='ltr'>fidelibus</span> <span class='ocrx_word' id='word_1_329' title='bbox 1691 877 1783 912; x_wconf 88' lang='lat' dir='ltr'>posse</span> <span class='ocrx_word' id='word_1_330' title='bbox 1802 877 1870 913; x_wconf 89' lang='lat' dir='ltr'>pro-</span> 
     </span>
     <span class='ocr_line' id='line_1_64' title="bbox 1121 914 1868 950; baseline -0.001 0"><span class='ocrx_word' id='word_1_331' title='bbox 1121 916 1213 950; x_wconf 88' lang='lat' dir='ltr'>desse</span> <span class='ocrx_word' id='word_1_332' title='bbox 1234 915 1390 950; x_wconf 82' lang='lat' dir='ltr'>defunctis</span> <span class='ocrx_word' id='word_1_333' title='bbox 1412 915 1580 950; x_wconf 89' lang='lat' dir='ltr'>credimus.</span> <span class='ocrx_word' id='word_1_334' title='bbox 1602 914 1815 950; x_wconf 89' lang='lat' dir='ltr'>Remanentes</span> <span class='ocrx_word' id='word_1_335' title='bbox 1837 915 1868 949; x_wconf 91' lang='lat' dir='ltr'>in</span> 
     </span>
     <span class='ocr_line' id='line_1_65' title="bbox 1122 964 1870 1012; baseline -0.001 -13"><span class='ocrx_word' id='word_1_336' title='bbox 1122 965 1258 1005; x_wconf 89' lang='lat' dir='ltr'>saeculo,</span> <span class='ocrx_word' id='word_1_337' title='bbox 1280 973 1311 999; x_wconf 88' lang='lat' dir='ltr'>et</span> <span class='ocrx_word' id='word_1_338' title='bbox 1328 977 1382 1000; x_wconf 87' lang='lat' dir='ltr'>sua</span> <span class='ocrx_word' id='word_1_339' title='bbox 1402 965 1618 1012; x_wconf 77' lang='lat' dir='ltr'>possidenteS,</span> <span class='ocrx_word' id='word_1_340' title='bbox 1641 964 1870 1012; x_wconf 84' lang='lat' dir='ltr'>eleemosynas,</span> 
     </span>
     <span class='ocr_line' id='line_1_66' title="bbox 1122 1014 1872 1060; baseline -0.001 -11"><span class='ocrx_word' id='word_1_341' title='bbox 1122 1023 1152 1049; x_wconf 85' lang='lat' dir='ltr'>et</span> <span class='ocrx_word' id='word_1_342' title='bbox 1179 1022 1298 1049; x_wconf 86' lang='lat' dir='ltr'>caetera</span> <span class='ocrx_word' id='word_1_343' title='bbox 1321 1014 1490 1055; x_wconf 83' lang='lat' dir='ltr'>beneficia,</span> <span class='ocrx_word' id='word_1_344' title='bbox 1518 1027 1557 1049; x_wconf 84' lang='lat' dir='ltr'>ex</span> <span class='ocrx_word' id='word_1_345' title='bbox 1580 1014 1674 1049; x_wconf 88' lang='lat' dir='ltr'>rebus</span> <span class='ocrx_word' id='word_1_346' title='bbox 1695 1014 1762 1050; x_wconf 92' lang='lat' dir='ltr'>suis</span> <span class='ocrx_word' id='word_1_347' title='bbox 1779 1026 1872 1060; x_wconf 76' lang='lat' dir='ltr'>agen-</span> 
     </span>
     <span class='ocr_line' id='line_1_67' title="bbox 1123 1063 1870 1111; baseline -0.001 -12"><span class='ocrx_word' id='word_1_348' title='bbox 1123 1072 1381 1111; x_wconf 74' lang='lat' dir='ltr'>teS,1)raecepta</span> <span class='ocrx_word' id='word_1_349' title='bbox 1408 1064 1535 1099; x_wconf 90' lang='lat' dir='ltr'>Domini</span> <span class='ocrx_word' id='word_1_350' title='bbox 1563 1072 1734 1108; x_wconf 81' lang='lat' dir='ltr'>servantes,</span> <span class='ocrx_word' id='word_1_351' title='bbox 1761 1063 1870 1098; x_wconf 89' lang='lat' dir='ltr'>salvari</span> 
     </span>
     <span class='ocr_line' id='line_1_68' title="bbox 1123 1113 1872 1161; baseline -0.003 -12"><span class='ocrx_word' id='word_1_352' title='bbox 1123 1114 1257 1149; x_wconf 81' lang='lat' dir='ltr'>fatemur</span> <span class='ocrx_word' id='word_1_353' title='bbox 1282 1123 1313 1148; x_wconf 84' lang='lat' dir='ltr'>et</span> <span class='ocrx_word' id='word_1_354' title='bbox 1333 1113 1505 1152; x_wconf 89' lang='lat' dir='ltr'>credimus</span> <span class='ocrx_word' id='word_1_355' title='bbox 1539 1113 1689 1153; x_wconf 87' lang='lat' dir='ltr'>decimas,</span> <span class='ocrx_word' id='word_1_356' title='bbox 1717 1113 1872 1161; x_wconf 86' lang='lat' dir='ltr'>primitias</span> 
     </span>
     <span class='ocr_line' id='line_1_69' title="bbox 1123 1163 1871 1211; baseline 0 -13"><span class='ocrx_word' id='word_1_357' title='bbox 1123 1173 1153 1198; x_wconf 89' lang='lat' dir='ltr'>et</span> <span class='ocrx_word' id='word_1_358' title='bbox 1180 1163 1356 1198; x_wconf 86' lang='lat' dir='ltr'>oblationes</span> <span class='ocrx_word' id='word_1_359' title='bbox 1387 1175 1425 1198; x_wconf 80' lang='lat' dir='ltr'>ex</span> <span class='ocrx_word' id='word_1_360' title='bbox 1460 1171 1628 1211; x_wconf 84' lang='lat' dir='ltr'>praecepto</span> <span class='ocrx_word' id='word_1_361' title='bbox 1653 1163 1780 1198; x_wconf 90' lang='lat' dir='ltr'>Domini</span> <span class='ocrx_word' id='word_1_362' title='bbox 1809 1174 1871 1198; x_wconf 85' lang='lat' dir='ltr'>cre—</span> 
     </span>
     <span class='ocr_line' id='line_1_70' title="bbox 1124 1212 1638 1260; baseline 0 -13"><span class='ocrx_word' id='word_1_363' title='bbox 1124 1213 1232 1248; x_wconf 90' lang='lat' dir='ltr'>dimus</span> <span class='ocrx_word' id='word_1_364' title='bbox 1258 1213 1381 1248; x_wconf 89' lang='lat' dir='ltr'>clericis</span> <span class='ocrx_word' id='word_1_365' title='bbox 1404 1212 1638 1260; x_wconf 77' lang='lat' dir='ltr'>per&#39;.solvendas</span> 
     </span>
    </p>

    <p class='ocr_par' dir='ltr' id='par_1_6' title="bbox 1125 1261 1875 1595">
     <span class='ocr_line' id='line_1_71' title="bbox 1173 1261 1872 1306; baseline 0 -10"><span class='ocrx_word' id='word_1_366' title='bbox 1173 1263 1255 1304; x_wconf 86' lang='lat' dir='ltr'>Quia</span> <span class='ocrx_word' id='word_1_367' title='bbox 1284 1275 1356 1297; x_wconf 87' lang='lat' dir='ltr'>vero</span> <span class='ocrx_word' id='word_1_368' title='bbox 1378 1275 1440 1298; x_wconf 90' lang='lat' dir='ltr'>non</span> <span class='ocrx_word' id='word_1_369' title='bbox 1464 1263 1566 1298; x_wconf 89' lang='lat' dir='ltr'>solum</span> <span class='ocrx_word' id='word_1_370' title='bbox 1590 1262 1669 1297; x_wconf 83' lang='lat' dir='ltr'>fides</span> <span class='ocrx_word' id='word_1_371' title='bbox 1691 1269 1790 1306; x_wconf 83' lang='lat' dir='ltr'>recta,</span> <span class='ocrx_word' id='word_1_372' title='bbox 1817 1261 1872 1296; x_wconf 87' lang='lat' dir='ltr'>sed</span> 
     </span>
     <span class='ocr_line' id='line_1_72' title="bbox 1125 1311 1874 1360; baseline 0 -14"><span class='ocrx_word' id='word_1_373' title='bbox 1125 1312 1206 1347; x_wconf 86' lang='lat' dir='ltr'>hona</span> <span class='ocrx_word' id='word_1_374' title='bbox 1228 1312 1321 1346; x_wconf 86' lang='lat' dir='ltr'>etiam</span> <span class='ocrx_word' id='word_1_375' title='bbox 1351 1312 1491 1360; x_wconf 89' lang='lat' dir='ltr'>operatio</span> <span class='ocrx_word' id='word_1_376' title='bbox 1513 1312 1647 1358; x_wconf 82' lang='lat' dir='ltr'>exigitur</span> <span class='ocrx_word' id='word_1_377' title='bbox 1667 1311 1706 1346; x_wconf 90' lang='lat' dir='ltr'>ad</span> <span class='ocrx_word' id='word_1_378' title='bbox 1728 1311 1874 1351; x_wconf 84' lang='lat' dir='ltr'>salutem,</span> 
     </span>
     <span class='ocr_line' id='line_1_73' title="bbox 1125 1361 1873 1409; baseline 0 -14"><span class='ocrx_word' id='word_1_379' title='bbox 1125 1362 1271 1409; x_wconf 80' lang='lat' dir='ltr'>quoniam</span> <span class='ocrx_word' id='word_1_380' title='bbox 1295 1363 1373 1396; x_wconf 84' lang='lat' dir='ltr'>sicut</span> <span class='ocrx_word' id='word_1_381' title='bbox 1406 1363 1474 1397; x_wconf 89' lang='lat' dir='ltr'>sine</span> <span class='ocrx_word' id='word_1_382' title='bbox 1507 1362 1567 1396; x_wconf 81' lang='lat' dir='ltr'>fide</span> <span class='ocrx_word' id='word_1_383' title='bbox 1601 1361 1798 1409; x_wconf 87' lang='lat' dir='ltr'>impossibile</span> <span class='ocrx_word' id='word_1_384' title='bbox 1828 1368 1873 1395; x_wconf 88' lang='lat' dir='ltr'>est</span> 
     </span>
     <span class='ocr_line' id='line_1_74' title="bbox 1128 1410 1874 1459; baseline -0.003 -13"><span class='ocrx_word' id='word_1_385' title='bbox 1128 1411 1250 1459; x_wconf 86' lang='lat' dir='ltr'>placere</span> <span class='ocrx_word' id='word_1_386' title='bbox 1260 1411 1392 1454; x_wconf 64' lang='lat' dir='ltr'>Deoffl,</span> <span class='ocrx_word' id='word_1_387' title='bbox 1402 1412 1605 1447; x_wconf 77' lang='lat' dir='ltr'>italidessine</span> <span class='ocrx_word' id='word_1_388' title='bbox 1626 1410 1776 1458; x_wconf 85' lang='lat' dir='ltr'>operibus</span> <span class='ocrx_word' id='word_1_389' title='bbox 1796 1422 1874 1445; x_wconf 90' lang='lat' dir='ltr'>mor-</span> 
     </span>
     <span class='ocr_line' id='line_1_75' title="bbox 1128 1461 1875 1516; baseline -0.001 -21"><span class='ocrx_word' id='word_1_390' title='bbox 1128 1470 1176 1495; x_wconf 86' lang='lat' dir='ltr'>tua</span> <span class='ocrx_word' id='word_1_391' title='bbox 1204 1468 1250 1495; x_wconf 87' lang='lat' dir='ltr'>est</span> <span class='ocrx_word' id='word_1_392' title='bbox 1278 1463 1333 1504; x_wconf 58' lang='lat'>(2⁸.</span> <span class='ocrx_word' id='word_1_393' title='bbox 1368 1461 1580 1516; x_wconf 40' lang='lat' dir='ltr'>Propositum·</span> <span class='ocrx_word' id='word_1_394' title='bbox 1593 1472 1720 1507; x_wconf 87' lang='lat' dir='ltr'>quoque</span> <span class='ocrx_word' id='word_1_395' title='bbox 1740 1472 1875 1495; x_wconf 87' lang='lat' dir='ltr'>conver-</span> 
     </span>
     <span class='ocr_line' id='line_1_76' title="bbox 1126 1509 1875 1558; baseline -0.003 -12"><span class='ocrx_word' id='word_1_396' title='bbox 1126 1511 1256 1546; x_wconf 88' lang='lat' dir='ltr'>sationis</span> <span class='ocrx_word' id='word_1_397' title='bbox 1289 1522 1397 1545; x_wconf 90' lang='lat' dir='ltr'>eorum</span> <span class='ocrx_word' id='word_1_398' title='bbox 1426 1511 1581 1558; x_wconf 89' lang='lat' dir='ltr'>praesenti</span> <span class='ocrx_word' id='word_1_399' title='bbox 1618 1511 1749 1557; x_wconf 83' lang='lat' dir='ltr'>paginae</span> <span class='ocrx_word' id='word_1_400' title='bbox 1787 1509 1875 1544; x_wconf 81' lang='lat' dir='ltr'>duxi-</span> 
     </span>
     <span class='ocr_line' id='line_1_77' title="bbox 1128 1558 1849 1595; baseline -0.003 0"><span class='ocrx_word' id='word_1_401' title='bbox 1128 1573 1197 1595; x_wconf 89' lang='lat' dir='ltr'>mus</span> <span class='ocrx_word' id='word_1_402' title='bbox 1218 1560 1448 1595; x_wconf 89' lang='lat' dir='ltr'>annotandum:</span> <span class='ocrx_word' id='word_1_403' title='bbox 1473 1560 1564 1594; x_wconf 84' lang='lat' dir='ltr'>cuius</span> <span class='ocrx_word' id='word_1_404' title='bbox 1589 1567 1680 1594; x_wconf 92' lang='lat' dir='ltr'>tenor</span> <span class='ocrx_word' id='word_1_405' title='bbox 1701 1567 1747 1593; x_wconf 79' lang='lat' dir='ltr'>est</span> <span class='ocrx_word' id='word_1_406' title='bbox 1769 1558 1849 1594; x_wconf 87' lang='lat' dir='ltr'>talis.</span> 
     </span>
    </p>

    <p class='ocr_par' dir='ltr' id='par_1_7' title="bbox 1127 1608 1878 2648">
     <span class='ocr_line' id='line_1_78' title="bbox 1177 1608 1874 1650; baseline -0.001 -7"><span class='ocrx_word' id='word_1_407' title='bbox 1177 1609 1224 1643; x_wconf 89' lang='lat' dir='ltr'>Ad</span> <span class='ocrx_word' id='word_1_408' title='bbox 1253 1609 1404 1645; x_wconf 88' lang='lat' dir='ltr'>bonorem</span> <span class='ocrx_word' id='word_1_409' title='bbox 1440 1609 1511 1650; x_wconf 89' lang='lat' dir='ltr'>Dei,</span> <span class='ocrx_word' id='word_1_410' title='bbox 1551 1617 1581 1644; x_wconf 87' lang='lat' dir='ltr'>et</span> <span class='ocrx_word' id='word_1_411' title='bbox 1611 1609 1679 1644; x_wconf 88' lang='lat' dir='ltr'>eius</span> <span class='ocrx_word' id='word_1_412' title='bbox 1715 1608 1874 1643; x_wconf 82' lang='lat' dir='ltr'>Ecclesiae</span> 
     </span>
     <span class='ocr_line' id='line_1_79' title="bbox 1127 1658 1874 1699; baseline -0.001 -5"><span class='ocrx_word' id='word_1_413' title='bbox 1127 1658 1317 1699; x_wconf 88' lang='lat' dir='ltr'>catholicae,</span> <span class='ocrx_word' id='word_1_414' title='bbox 1350 1668 1380 1694; x_wconf 91' lang='lat' dir='ltr'>et</span> <span class='ocrx_word' id='word_1_415' title='bbox 1410 1659 1448 1694; x_wconf 90' lang='lat' dir='ltr'>ad</span> <span class='ocrx_word' id='word_1_416' title='bbox 1471 1660 1602 1694; x_wconf 88' lang='lat' dir='ltr'>salutem</span> <span class='ocrx_word' id='word_1_417' title='bbox 1626 1659 1800 1694; x_wconf 88' lang='lat' dir='ltr'>animarum</span> <span class='ocrx_word' id='word_1_418' title='bbox 1824 1670 1874 1693; x_wconf 90' lang='lat' dir='ltr'>no-</span> 
     </span>
     <span class='ocr_line' id='line_1_80' title="bbox 1128 1708 1875 1756; baseline -0.001 -13"><span class='ocrx_word' id='word_1_419' title='bbox 1128 1718 1275 1752; x_wconf 83' lang='lat' dir='ltr'>strarum,</span> <span class='ocrx_word' id='word_1_420' title='bbox 1298 1708 1390 1744; x_wconf 81' lang='lat' dir='ltr'>fidem</span> <span class='ocrx_word' id='word_1_421' title='bbox 1413 1708 1598 1744; x_wconf 86' lang='lat' dir='ltr'>catholicam</span> <span class='ocrx_word' id='word_1_422' title='bbox 1627 1720 1682 1756; x_wconf 91' lang='lat' dir='ltr'>per</span> <span class='ocrx_word' id='word_1_423' title='bbox 1704 1708 1821 1753; x_wconf 80' lang='lat' dir='ltr'>omnia,</span> <span class='ocrx_word' id='word_1_424' title='bbox 1846 1717 1875 1742; x_wconf 91' lang='lat' dir='ltr'>et</span> 
     </span>
     <span class='ocr_line' id='line_1_81' title="bbox 1130 1757 1875 1806; baseline 0 -14"><span class='ocrx_word' id='word_1_425' title='bbox 1130 1759 1159 1793; x_wconf 91' lang='lat' dir='ltr'>in</span> <span class='ocrx_word' id='word_1_426' title='bbox 1183 1759 1330 1793; x_wconf 86' lang='lat' dir='ltr'>omnibus</span> <span class='ocrx_word' id='word_1_427' title='bbox 1354 1759 1507 1806; x_wconf 84' lang='lat' dir='ltr'>integram</span> <span class='ocrx_word' id='word_1_428' title='bbox 1530 1766 1560 1794; x_wconf 84' lang='lat' dir='ltr'>et</span> <span class='ocrx_word' id='word_1_429' title='bbox 1581 1758 1757 1793; x_wconf 86' lang='lat' dir='ltr'>inviolatam</span> <span class='ocrx_word' id='word_1_430' title='bbox 1781 1757 1875 1792; x_wconf 89' lang='lat' dir='ltr'>corde</span> 
     </span>
     <span class='ocr_line' id='line_1_82' title="bbox 1129 1807 1877 1856; baseline -0.001 -14"><span class='ocrx_word' id='word_1_431' title='bbox 1129 1808 1276 1852; x_wconf 76' lang='lat' dir='ltr'>credere,</span> <span class='ocrx_word' id='word_1_432' title='bbox 1311 1817 1342 1842; x_wconf 84' lang='lat' dir='ltr'>et</span> <span class='ocrx_word' id='word_1_433' title='bbox 1368 1820 1421 1844; x_wconf 93' lang='lat' dir='ltr'>ore</span> <span class='ocrx_word' id='word_1_434' title='bbox 1454 1809 1680 1856; x_wconf 87' lang='lat' dir='ltr'>proposuimus</span> <span class='ocrx_word' id='word_1_435' title='bbox 1713 1807 1877 1850; x_wconf 84' lang='lat' dir='ltr'>confiteri,</span> 
     </span>
     <span class='ocr_line' id='line_1_83' title="bbox 1129 1856 1877 1904; baseline 0 -12"><span class='ocrx_word' id='word_1_436' title='bbox 1129 1858 1188 1892; x_wconf 88' lang='lat' dir='ltr'>sub</span> <span class='ocrx_word' id='word_1_437' title='bbox 1211 1858 1388 1904; x_wconf 80' lang='lat' dir='ltr'>magisterio</span> <span class='ocrx_word' id='word_1_438' title='bbox 1409 1865 1440 1893; x_wconf 82' lang='lat' dir='ltr'>et</span> <span class='ocrx_word' id='word_1_439' title='bbox 1461 1859 1614 1904; x_wconf 82' lang='lat' dir='ltr'>regimine</span> <span class='ocrx_word' id='word_1_440' title='bbox 1634 1856 1768 1892; x_wconf 87' lang='lat' dir='ltr'>Romani</span> <span class='ocrx_word' id='word_1_441' title='bbox 1791 1856 1877 1892; x_wconf 91' lang='lat' dir='ltr'>Pon-</span> 
     </span>
     <span class='ocr_line' id='line_1_84' title="bbox 1131 1907 1876 1954; baseline 0 -13"><span class='ocrx_word' id='word_1_442' title='bbox 1131 1908 1222 1942; x_wconf 78' lang='lat' dir='ltr'>tificis</span> <span class='ocrx_word' id='word_1_443' title='bbox 1245 1908 1468 1954; x_wconf 82' lang='lat' dir='ltr'>permanendo.</span> <span class='ocrx_word' id='word_1_444' title='bbox 1502 1907 1638 1943; x_wconf 89' lang='lat' dir='ltr'>Saeculo</span> <span class='ocrx_word' id='word_1_445' title='bbox 1664 1907 1876 1942; x_wconf 85' lang='lat' dir='ltr'>abrenuntia·</span> 
     </span>
     <span class='ocr_line' id='line_1_85' title="bbox 1131 1955 1877 2004; baseline 0 -13"><span class='ocrx_word' id='word_1_446' title='bbox 1131 1958 1247 1997; x_wconf 88' lang='lat' dir='ltr'>vimus,</span> <span class='ocrx_word' id='word_1_447' title='bbox 1278 1966 1309 1991; x_wconf 88' lang='lat' dir='ltr'>et</span> <span class='ocrx_word' id='word_1_448' title='bbox 1330 1969 1409 2004; x_wconf 90' lang='lat' dir='ltr'>quae</span> <span class='ocrx_word' id='word_1_449' title='bbox 1432 1957 1638 1999; x_wconf 75' lang='lat' dir='ltr'>habebamus,</span> <span class='ocrx_word' id='word_1_450' title='bbox 1673 1956 1757 1992; x_wconf 85' lang='lat' dir='ltr'>velut</span> <span class='ocrx_word' id='word_1_451' title='bbox 1778 1968 1794 1991; x_wconf 88' lang='lat' dir='ltr'>a</span> <span class='ocrx_word' id='word_1_452' title='bbox 1810 1955 1877 1992; x_wconf 91' lang='lat' dir='ltr'>Do-</span> 
     </span>
     <span class='ocr_line' id='line_1_86' title="bbox 1130 2005 1877 2055; baseline -0.001 -13"><span class='ocrx_word' id='word_1_453' title='bbox 1130 2007 1215 2042; x_wconf 91' lang='lat' dir='ltr'>mino</span> <span class='ocrx_word' id='word_1_454' title='bbox 1242 2007 1420 2041; x_wconf 88' lang='lat' dir='ltr'>consultum</span> <span class='ocrx_word' id='word_1_455' title='bbox 1447 2015 1506 2048; x_wconf 86' lang='lat' dir='ltr'>est,</span> <span class='ocrx_word' id='word_1_456' title='bbox 1541 2005 1732 2055; x_wconf 85' lang='lat' dir='ltr'>pauperibus</span> <span class='ocrx_word' id='word_1_457' title='bbox 1765 2018 1877 2053; x_wconf 83' lang='lat' dir='ltr'>eroga-</span> 
     </span>
     <span class='ocr_line' id='line_1_87' title="bbox 1131 2056 1876 2103; baseline 0 -13"><span class='ocrx_word' id='word_1_458' title='bbox 1131 2057 1233 2091; x_wconf 86' lang='lat' dir='ltr'>vimus</span> <span class='ocrx_word' id='word_1_459' title='bbox 1255 2064 1286 2091; x_wconf 91' lang='lat' dir='ltr'>et</span> <span class='ocrx_word' id='word_1_460' title='bbox 1308 2068 1462 2103; x_wconf 83' lang='lat' dir='ltr'>pauperes</span> <span class='ocrx_word' id='word_1_461' title='bbox 1486 2069 1555 2092; x_wconf 79' lang='lat' dir='ltr'>esse</span> <span class='ocrx_word' id='word_1_462' title='bbox 1587 2056 1800 2092; x_wconf 84' lang='lat' dir='ltr'>decrevimus:</span> <span class='ocrx_word' id='word_1_463' title='bbox 1836 2056 1876 2090; x_wconf 89' lang='lat' dir='ltr'>ita</span> 
     </span>
     <span class='ocr_line' id='line_1_88' title="bbox 1131 2105 1877 2153; baseline 0 -13"><span class='ocrx_word' id='word_1_464' title='bbox 1131 2105 1214 2153; x_wconf 90' lang='lat' dir='ltr'>quod</span> <span class='ocrx_word' id='word_1_465' title='bbox 1238 2105 1277 2140; x_wconf 92' lang='lat' dir='ltr'>de</span> <span class='ocrx_word' id='word_1_466' title='bbox 1311 2106 1450 2141; x_wconf 90' lang='lat' dir='ltr'>crastino</span> <span class='ocrx_word' id='word_1_467' title='bbox 1484 2107 1606 2141; x_wconf 86' lang='lat' dir='ltr'>solliciti</span> <span class='ocrx_word' id='word_1_468' title='bbox 1628 2118 1698 2141; x_wconf 82' lang='lat' dir='ltr'>esse</span> <span class='ocrx_word' id='word_1_469' title='bbox 1725 2117 1785 2140; x_wconf 89' lang='lat' dir='ltr'>non</span> <span class='ocrx_word' id='word_1_470' title='bbox 1813 2117 1877 2140; x_wconf 88' lang='lat' dir='ltr'>cu-</span> 
     </span>
     <span class='ocr_line' id='line_1_89' title="bbox 1133 2155 1876 2201; baseline -0.004 -11"><span class='ocrx_word' id='word_1_471' title='bbox 1133 2167 1249 2195; x_wconf 89' lang='lat' dir='ltr'>ramus,</span> <span class='ocrx_word' id='word_1_472' title='bbox 1278 2167 1334 2190; x_wconf 90' lang='lat' dir='ltr'>nec</span> <span class='ocrx_word' id='word_1_473' title='bbox 1369 2168 1494 2200; x_wconf 82' lang='lat' dir='ltr'>aurum,</span> <span class='ocrx_word' id='word_1_474' title='bbox 1525 2168 1583 2191; x_wconf 91' lang='lat' dir='ltr'>nec</span> <span class='ocrx_word' id='word_1_475' title='bbox 1617 2163 1795 2201; x_wconf 82' lang='lat' dir='ltr'>argentum,</span> <span class='ocrx_word' id='word_1_476' title='bbox 1830 2155 1876 2188; x_wconf 86' lang='lat' dir='ltr'>vel</span> 
     </span>
     <span class='ocr_line' id='line_1_90' title="bbox 1131 2204 1878 2252; baseline -0.004 -12"><span class='ocrx_word' id='word_1_477' title='bbox 1131 2205 1249 2252; x_wconf 87' lang='lat' dir='ltr'>aliquid</span> <span class='ocrx_word' id='word_1_478' title='bbox 1276 2205 1336 2240; x_wconf 83' lang='lat' dir='ltr'>tale</span> <span class='ocrx_word' id='word_1_479' title='bbox 1371 2213 1499 2252; x_wconf 87' lang='lat' dir='ltr'>propter</span> <span class='ocrx_word' id='word_1_480' title='bbox 1528 2205 1748 2241; x_wconf 85' lang='lat' dir='ltr'>vestimentum</span> <span class='ocrx_word' id='word_1_481' title='bbox 1776 2212 1806 2239; x_wconf 88' lang='lat' dir='ltr'>et</span> <span class='ocrx_word' id='word_1_482' title='bbox 1832 2204 1878 2237; x_wconf 86' lang='lat' dir='ltr'>vi·-</span> 
     </span>
     <span class='ocr_line' id='line_1_91' title="bbox 1132 2254 1875 2303; baseline -0.003 -14"><span class='ocrx_word' id='word_1_483' title='bbox 1132 2263 1217 2289; x_wconf 90' lang='lat' dir='ltr'>ctum</span> <span class='ocrx_word' id='word_1_484' title='bbox 1246 2255 1477 2301; x_wconf 80' lang='lat' dir='ltr'>quotidianum,</span> <span class='ocrx_word' id='word_1_485' title='bbox 1500 2267 1516 2290; x_wconf 90' lang='lat' dir='ltr'>a</span> <span class='ocrx_word' id='word_1_486' title='bbox 1541 2266 1699 2303; x_wconf 88' lang='lat' dir='ltr'>quoquam</span> <span class='ocrx_word' id='word_1_487' title='bbox 1719 2254 1875 2301; x_wconf 81' lang='lat' dir='ltr'>accepturi</span> 
     </span>
     <span class='ocr_line' id='line_1_92' title="bbox 1132 2303 1877 2359; baseline -0.001 -21"><span class='ocrx_word' id='word_1_488' title='bbox 1132 2316 1253 2338; x_wconf 90' lang='lat' dir='ltr'>sumus</span> <span class='ocrx_word' id='word_1_489' title='bbox 1294 2304 1432 2339; x_wconf 86' lang='lat' dir='ltr'>Consilia</span> <span class='ocrx_word' id='word_1_490' title='bbox 1464 2306 1654 2351; x_wconf 81' lang='lat' dir='ltr'>evangelica,</span> <span class='ocrx_word' id='word_1_491' title='bbox 1681 2303 1764 2338; x_wconf 87' lang='lat' dir='ltr'>velut</span> <span class='ocrx_word' id='word_1_492' title='bbox 1786 2314 1877 2359; x_wconf 80' lang='lat' dir='ltr'>prae—</span> 
     </span>
     <span class='ocr_line' id='line_1_93' title="bbox 1133 2353 1877 2410; baseline -0.001 -23"><span class='ocrx_word' id='word_1_493' title='bbox 1133 2361 1221 2400; x_wconf 87' lang='lat' dir='ltr'>cepta</span> <span class='ocrx_word' id='word_1_494' title='bbox 1236 2366 1360 2389; x_wconf 61' lang='lat' dir='ltr'>serrare</span> <span class='ocrx_word' id='word_1_495' title='bbox 1377 2355 1610 2410; x_wconf 88' lang='lat' dir='ltr'>proposuimus.</span> <span class='ocrx_word' id='word_1_496' title='bbox 1633 2353 1777 2388; x_wconf 87' lang='lat' dir='ltr'>Orationi</span> <span class='ocrx_word' id='word_1_497' title='bbox 1794 2353 1877 2387; x_wconf 80' lang='lat' dir='ltr'>iuxta</span> 
     </span>
     <span class='ocr_line' id='line_1_94' title="bbox 1133 2401 1873 2458; baseline -0.001 -21"><span class='ocrx_word' id='word_1_498' title='bbox 1133 2403 1226 2438; x_wconf 87' lang='lat' dir='ltr'>horas</span> <span class='ocrx_word' id='word_1_499' title='bbox 1252 2405 1419 2439; x_wconf 87' lang='lat' dir='ltr'>canonicas</span> <span class='ocrx_word' id='word_1_500' title='bbox 1451 2404 1568 2451; x_wconf 90' lang='lat' dir='ltr'>septies</span> <span class='ocrx_word' id='word_1_501' title='bbox 1595 2403 1792 2458; x_wconf 86' lang='lat' dir='ltr'>insistentes,</span> <span class='ocrx_word' id='word_1_502' title='bbox 1826 2401 1873 2436; x_wconf 90' lang='lat' dir='ltr'>di-</span> 
     </span>
     <span class='ocr_line' id='line_1_95' title="bbox 1133 2452 1878 2500; baseline -0.003 -13"><span class='ocrx_word' id='word_1_503' title='bbox 1133 2452 1235 2488; x_wconf 88' lang='lat' dir='ltr'>cendo</span> <span class='ocrx_word' id='word_1_504' title='bbox 1256 2454 1438 2500; x_wconf 86' lang='lat' dir='ltr'>quindecies</span> <span class='ocrx_word' id='word_1_505' title='bbox 1465 2455 1559 2488; x_wconf 80' lang='lat' dir='ltr'>Pater</span> <span class='ocrx_word' id='word_1_506' title='bbox 1596 2461 1712 2490; x_wconf 78' lang='lat' dir='ltr'>noster.-</span> <span class='ocrx_word' id='word_1_507' title='bbox 1750 2452 1878 2498; x_wconf 87' lang='lat' dir='ltr'>insuper</span> 
     </span>
     <span class='ocr_line' id='line_1_96' title="bbox 1136 2503 1876 2542; baseline 0 -6"><span class='ocrx_word' id='word_1_508' title='bbox 1136 2503 1232 2536; x_wconf 81' lang='lat' dir='ltr'>Credo</span> <span class='ocrx_word' id='word_1_509' title='bbox 1262 2505 1295 2537; x_wconf 76' lang='lat' dir='ltr'>in</span> <span class='ocrx_word' id='word_1_510' title='bbox 1322 2505 1439 2542; x_wconf 79' lang='lat' dir='ltr'>Deum,</span> <span class='ocrx_word' id='word_1_511' title='bbox 1470 2511 1500 2538; x_wconf 91' lang='lat' dir='ltr'>et</span> <span class='ocrx_word' id='word_1_512' title='bbox 1531 2504 1674 2538; x_wconf 77' lang='lat' dir='ltr'>Miserere</span> <span class='ocrx_word' id='word_1_513' title='bbox 1699 2504 1759 2536; x_wconf 76' lang='lat' dir='ltr'>mei</span> <span class='ocrx_word' id='word_1_514' title='bbox 1783 2503 1876 2541; x_wconf 79' lang='lat' dir='ltr'>Deus,</span> 
     </span>
     <span class='ocr_line' id='line_1_97' title="bbox 1133 2551 1877 2599; baseline -0.001 -13"><span class='ocrx_word' id='word_1_515' title='bbox 1133 2560 1163 2586; x_wconf 93' lang='lat' dir='ltr'>et</span> <span class='ocrx_word' id='word_1_516' title='bbox 1189 2553 1346 2588; x_wconf 85' lang='lat' dir='ltr'>orationes</span> <span class='ocrx_word' id='word_1_517' title='bbox 1367 2553 1452 2589; x_wconf 88' lang='lat' dir='ltr'>alias.</span> <span class='ocrx_word' id='word_1_518' title='bbox 1476 2551 1558 2588; x_wconf 91' lang='lat' dir='ltr'>Cum</span> <span class='ocrx_word' id='word_1_519' title='bbox 1581 2559 1684 2587; x_wconf 81' lang='lat' dir='ltr'>autem</span> <span class='ocrx_word' id='word_1_520' title='bbox 1707 2563 1744 2587; x_wconf 83' lang='lat' dir='ltr'>ex</span> <span class='ocrx_word' id='word_1_521' title='bbox 1765 2563 1877 2599; x_wconf 81' lang='lat' dir='ltr'>magna</span> 
     </span>
     <span class='ocr_line' id='line_1_98' title="bbox 1135 2601 1878 2648; baseline -0.001 -12"><span class='ocrx_word' id='word_1_522' title='bbox 1135 2609 1222 2648; x_wconf 90' lang='lat' dir='ltr'>parte</span> <span class='ocrx_word' id='word_1_523' title='bbox 1243 2603 1346 2638; x_wconf 90' lang='lat' dir='ltr'>clerici</span> <span class='ocrx_word' id='word_1_524' title='bbox 1369 2605 1486 2646; x_wconf 87' lang='lat' dir='ltr'>simus,</span> <span class='ocrx_word' id='word_1_525' title='bbox 1512 2611 1543 2636; x_wconf 87' lang='lat' dir='ltr'>et</span> <span class='ocrx_word' id='word_1_526' title='bbox 1567 2602 1685 2648; x_wconf 81' lang='lat' dir='ltr'>poenae</span> <span class='ocrx_word' id='word_1_527' title='bbox 1697 2613 1808 2637; x_wconf 83' lang='lat' dir='ltr'>omnes</span> <span class='ocrx_word' id='word_1_528' title='bbox 1829 2601 1878 2635; x_wconf 89' lang='lat' dir='ltr'>lit-</span> 
     </span>
    </p>

    <p class='ocr_par' dir='ltr' id='par_1_8' title="bbox 1169 2662 1692 2698">
     <span class='ocr_line' id='line_1_99' title="bbox 1169 2662 1692 2698; baseline 0.002 -9"><span class='ocrx_word' id='word_1_529' title='bbox 1169 2664 1208 2697; x_wconf 74' lang='grc' dir='ltr'>(Η</span> <span class='ocrx_word' id='word_1_530' title='bbox 1225 2663 1304 2690; x_wconf 78' lang='lat' dir='ltr'>Hebr.</span> <span class='ocrx_word' id='word_1_531' title='bbox 1324 2672 1361 2695; x_wconf 73' lang='lat' dir='ltr'>xi,</span> <span class='ocrx_word' id='word_1_532' title='bbox 1379 2664 1404 2690; x_wconf 78' lang='lat'>6.</span> <span class='ocrx_word' id='word_1_533' title='bbox 1444 2663 1483 2698; x_wconf 55' lang='grc' dir='ltr'>(ᾖ)</span> <span class='ocrx_word' id='word_1_534' title='bbox 1504 2662 1591 2691; x_wconf 74' lang='lat' dir='ltr'>Iacob.</span> <span class='ocrx_word' id='word_1_535' title='bbox 1610 2671 1637 2696; x_wconf 73' lang='lat' dir='ltr'>tr,</span> <span class='ocrx_word' id='word_1_536' title='bbox 1650 2663 1692 2690; x_wconf 66' lang='lat'>26.</span> 
     </span>
    </p>
   </div>
   <div class='ocr_carea' id='block_1_6' title="bbox 1879 265 2059 293">
    <p class='ocr_par' dir='ltr' id='par_1_9' title="bbox 1879 265 2059 293">
     <span class='ocr_line' id='line_1_100' title="bbox 1879 265 2059 293; baseline -0.006 0"><span class='ocrx_word' id='word_1_537' title='bbox 1879 266 1928 293; x_wconf 85' lang='grc' dir='ltr'>Αη.</span> <span class='ocrx_word' id='word_1_538' title='bbox 1943 265 1971 293; x_wconf 87' lang='lat' dir='ltr'>C.</span> <span class='ocrx_word' id='word_1_539' title='bbox 1990 266 2059 293; x_wconf 68' lang='lat' dir='ltr'>¹2!ss</span> 
     </span>
    </p>
   </div>
   <div class='ocr_carea' id='block_1_7' title="bbox 1889 1619 2074 1703">
    <p class='ocr_par' dir='ltr' id='par_1_10' title="bbox 1889 1619 2074 1703">
     <span class='ocr_line' id='line_1_101' title="bbox 1904 1619 2072 1646; baseline -0.012 -6"><span class='ocrx_word' id='word_1_540' title='bbox 1904 1619 1992 1646; x_wconf 65' lang='lat' dir='ltr'>Regula!</span> <span class='ocrx_word' id='word_1_541' title='bbox 2034 1623 2072 1638; x_wconf 84' lang='lat' dir='ltr'>eu-</span> 
     </span>
     <span class='ocr_line' id='line_1_102' title="bbox 1889 1649 2074 1672; baseline -0.005 0"><span class='ocrx_word' id='word_1_542' title='bbox 1889 1650 1982 1672; x_wconf 80' lang='lat' dir='ltr'>rumdem</span> <span class='ocrx_word' id='word_1_543' title='bbox 2007 1649 2074 1671; x_wconf 67' lang='lat' dir='ltr'>refert</span> 
     </span>
     <span class='ocr_line' id='line_1_103' title="bbox 1890 1681 2042 1703; baseline -0.013 0"><span class='ocrx_word' id='word_1_544' title='bbox 1890 1685 1910 1703; x_wconf 81' lang='lat' dir='ltr'>et</span> <span class='ocrx_word' id='word_1_545' title='bbox 1925 1681 2042 1702; x_wconf 77' lang='lat' dir='ltr'>confimat.</span> 
     </span>
    </p>
   </div>
  </div>
 </body>
</html>
