2129 3223
153 264 202 290 An.
222 262 252 289 C.
267 262 334 289 1258

167 368 240 388 luten
256 369 335 393 periuri

153 403 177 417 sn
194 399 213 417 in
226 397 272 418 odei
289 403 336 418 cau

153 428 181 447 .⁴⁵
197 428 317 448 ammana.
350 424 411 449 tam
435 413 473 447 de
495 424 541 451 se,
568 423 662 458 quam
679 411 718 446 de
740 411 807 446 aliis
822 423 920 458 super
936 411 1015 445 tacto
1029 410 1098 444 bae-

167 1489 197 1507 An
222 1489 337 1514 inquisito-

155 1518 212 1538 ribus
226 1518 337 1544 inquiren-

155 1550 201 1568 dum
212 1550 239 1568 sit
253 1548 278 1568 de
294 1553 316 1568 ιο

155 1579 240 1604 «negiu.

399 253 470 285 664

399 317 478 364 35.
516 314 679 349 Praeterea
716 312 857 348 nonnulli
893 313 1024 352 talium
1063 320 1096 346 ut

351 372 552 413 PTOPOUIUS,
583 371 686 397 lusan!
718 374 822 398 ΟΟΙὫΠΙ
859 361 1098 408 lssqlllSssOI'llMlS

350 464 428 497 resis
449 462 608 496 veritatem
631 460 749 504 dicere,
767 460 821 495 sed
846 461 1015 515 periurant,
1035 471 1094 493 uon

349 511 423 545 odio
449 518 552 545 tamen
580 509 628 543 vel
663 510 774 556 pretio,
812 509 868 543 sed
904 510 1014 543 timore
1047 509 1096 542 sui

349 559 467 607 potius,
488 566 518 593 et
552 570 696 598 suorum,
726 559 884 604 corrigunt
925 565 1027 592 autem
1063 569 1096 591 se

349 607 549 656 postmodum
573 619 668 654 super
690 607 727 641 iis
753 615 858 642 contra
886 619 920 641 se
948 618 984 641 ac
1019 605 1097 640 alios

349 669 424 692 suos
445 656 614 703 complices
634 655 834 711 deponendo.
873 655 955 690 Cum
994 655 1097 702 itaque

350 707 512 753 periurus,
529 705 735 740 secundum
729 717 807 744 iura,
825 704 918 739 etiam
936 712 1005 750 post
1029 715 1097 750 poe

350 755 512 789 nitentiam
542 755 571 788 in
612 753 827 788 criminalibus
865 765 881 787 a
916 753 1097 787 testimonio

349 803 531 851 repellatur,
554 802 628 836 hinc
653 803 828 849 quaeritur,
850 809 956 836 utrum
989 810 1096 836 contra

351 852 419 887 illos
441 864 516 887 suos
544 851 716 897 complices
752 851 792 885 sit
831 862 886 897 per
920 850 1096 885 testimonia

348 901 457 937 talium
486 899 737 947 procedendum
761 899 865 946 Super
894 910 957 945 quo
996 899 1098 933 taliter

349 949 590 996 respondemus,
611 948 694 995 quod
723 960 793 983 cum
830 947 949 982 crimen
985 947 1098 982 huius-

349 998 434 1033 modi
461 999 501 1032 sit
523 1006 700 1044 exceptum,
722 996 747 1031 si
771 1009 808 1031 ex
837 996 1013 1031 manifestis
1048 996 1097 1030 in-

349 1047 440 1082 diciis
463 1046 653 1093 apparuerit,
677 1045 754 1080 tales
791 1058 852 1080 non
885 1045 982 1079 animi
1020 1045 1098 1079 levi-

350 1103 412 1130 tate
436 1095 563 1130 autodii
585 1094 691 1129 fomite
713 1095 836 1134 ductos,
859 1105 915 1128 seu
934 1102 1097 1140 corruptos

351 1145 498 1191 pecunia,
525 1143 579 1179 sed
607 1144 674 1178 zelo
697 1143 781 1187 fidei,
796 1151 955 1189 tamquam
986 1143 1097 1189 poeni-

350 1201 450 1228 tentes
471 1193 617 1240 propriae
635 1192 757 1238 culpae,
770 1203 909 1226 asserere
924 1191 1009 1239 quod
1020 1191 1098 1239 {talia

351 1243 438 1289 prius
459 1250 633 1282 tacuerant,
656 1249 687 1275 et
707 1241 803 1275 velint
825 1241 854 1275 in
877 1240 938 1275 hoc
957 1252 1095 1275 errorem

349 1303 442 1326 suum
465 1291 621 1336 corrigere
659 1302 695 1325 ac
722 1290 799 1324 alios
826 1290 1000 1329 nominare,
1022 1290 1096 1324 stari

351 1339 445 1375 debet
466 1340 497 1374 in
519 1339 656 1374 savorem
680 1338 764 1379 fidei,
787 1339 846 1372 nisi
880 1338 965 1373 aliud
1005 1338 1098 1373 obsi-

350 1396 455 1428 steret,
478 1387 728 1422 attestationibus
749 1387 944 1421 eorumdem.

399 1437 419 1483 g
445 1441 478 1471 4.
502 1436 550 1471 Ad
573 1436 649 1471 illud
672 1444 774 1470 autem
807 1436 890 1482 quod
927 1435 1097 1482 quaeritur,

353 1494 456 1520 utrum
484 1485 521 1519 ad
550 1485 751 1531 inquisitores
777 1485 914 1518 haeresis
946 1484 1099 1529 pertineat

320 1555 338 1563 ν.
352 1534 391 1569 de
412 1533 658 1568 divinationibus
680 1541 709 1567 et
730 1533 908 1578 sortilegiis,
929 1544 1009 1579 quae
1028 1544 1099 1566 con-

352 1591 396 1617 tra
418 1583 543 1629 aliquos
563 1582 620 1616 sibi
641 1582 882 1620 denunciantur,
910 1592 1098 1626 cognoscere

352 1644 387 1666 ac
414 1633 528 1678 punire
555 1631 624 1665 talia
646 1638 838 1664 exercentes.
859 1630 1016 1664 Brevibus
1049 1642 1099 1663 re-

352 1680 536 1727 spondetur,
571 1679 654 1726 quod
692 1691 764 1713 cum
803 1679 962 1724 negotium
1000 1678 1098 1722 fidei,

353 1728 439 1775 quod
475 1739 600 1763 summe
635 1727 861 1774 privilegiatum
897 1727 1011 1771 existit,
1045 1739 1100 1773 per

932 259 1119 281 BULLARIUM
1142 258 1304 281 ROMANUM

1136 312 1230 358 quod'
1258 312 1283 346 si
1329 324 1382 359 per
1420 311 1599 359 huiusmodi
1633 310 1882 358 poenitentiam,

1136 361 1261 407 aliquod
1285 373 1365 395 onus
1386 361 1422 395 ad
1456 361 1589 396 salutem
1628 359 1794 407 proficiens
1822 360 1883 395 im-

1138 411 1272 456 positum
1296 409 1387 444 fuerit
1409 410 1439 444 in
1455 410 1546 445 bonis
1569 408 1793 456 temporalibus
1814 421 1884 443 exe-

1137 459 1313 505 quendum,
1334 459 1372 493 ad
1395 459 1661 506 complementum
1695 459 1796 505 ipsius
1829 470 1884 505 per

1139 508 1338 554 inquisitores
1370 509 1438 554 cogi
1473 507 1587 542 debent
1632 507 1792 546 haeredes,
1836 507 1883 543 vel

1137 556 1202 596 alii,
1223 556 1260 590 ad
1283 569 1367 603 quos
1389 557 1468 591 bona
1491 557 1599 591 talium
1615 569 1686 591 cum
1709 568 1768 590 suo
1789 567 1884 595 onere

1137 605 1342 640 devenerunt.

1185 655 1205 701 S
1243 655 1276 688 6.
1312 654 1490 700 Iniungitur
1528 654 1619 688 etiam
1653 653 1811 701 aliquibus
1844 653 1882 689 ad

1138 714 1282 749 poenam,
1306 704 1335 737 iu
1360 702 1549 750 poenitentia
1572 714 1628 749 pro
1662 702 1808 743 haeresi,
1844 703 1884 738 ab

1137 752 1236 798 ipsius
1279 753 1375 798 pestis
1409 751 1659 798 inquisitoribus,
1698 760 1732 786 ut
1775 763 1884 786 usuras

1137 801 1311 844 restituant,
1329 801 1366 835 ad
1389 801 1475 847 quod
1491 800 1703 846 obligaverant
1720 801 1749 834 in
1767 800 1885 835 iudicio

1137 849 1295 884 Ecclesiae
1329 861 1363 884 se
1386 858 1415 884 et
1445 861 1512 883 sua.
1549 849 1582 883 ln
1617 861 1681 895 quo
1711 849 1884 895 quaeritur,

1138 905 1243 932 utrum
1267 898 1466 945 inquisitores
1491 898 1562 945 ipsi,
1597 897 1642 932 vel
1681 898 1734 945 qui
1769 909 1886 933 succe-

1137 946 1216 981 dunt
1239 947 1270 981 iu
1293 947 1395 981 locum
1421 958 1542 990 eorum,
1569 946 1605 981 ad
1629 946 1884 993 respondendum

1137 1007 1240 1030 coram
1269 1008 1303 1030 se
1329 995 1598 1042 conquerentibus
1619 996 1657 1030 de
1684 995 1790 1030 usuris
1822 995 1885 1030 hu-

1138 1044 1286 1099 iusrnodi,
1313 1053 1344 1079 et
1367 1045 1403 1079 ad
1427 1044 1656 1079 restitutionem
1692 1056 1798 1079 earum
1815 1072 1823 1084 ,
1858 1044 1885 1079 si
1935 1074 1937 1076 .

1137 1093 1176 1127 de
1211 1093 1287 1140 ipsis
1322 1094 1508 1134 constiterit,
1542 1093 1661 1140 possint
1695 1093 1885 1148 compellere

1138 1142 1240 1177 taliter
1262 1143 1475 1196 poenitentes,
1503 1150 1596 1197 pront
1617 1142 1657 1176 ab
1682 1142 1727 1177 eis
1748 1143 1780 1176 iu
1814 1142 1885 1177 aliis

1137 1191 1287 1225 iniunctis
1313 1191 1371 1226 sibi
1395 1191 1596 1238 poenitentiis
1618 1191 1683 1225 fieri
1711 1191 1884 1226 consuevit.

1138 1239 1186 1274 Ad
1209 1240 1293 1287 quod
1317 1240 1557 1286 respondemus
1585 1239 1798 1286 quaestionem
1830 1252 1886 1274 su-

1138 1301 1193 1336 per
1215 1290 1320 1324 usuris
1358 1297 1472 1323 motam
1499 1297 1607 1323 contra
1647 1288 1722 1323 tales
1754 1288 1887 1323 i'udicia-

1138 1338 1219 1383 liter,
1243 1350 1304 1373 non
1327 1337 1440 1372 debere
1463 1337 1563 1372 audiri
1586 1337 1624 1372 ab
1646 1337 1886 1384 inquisitoribus

1141 1387 1287 1425 haeresis,
1317 1399 1372 1421 nec
1399 1386 1511 1421 decidi.
1541 1386 1702 1431 Nolentes,
1724 1386 1807 1433 quod
1831 1398 1885 1433 per

1138 1447 1249 1470 causas
1274 1435 1455 1470 huiusmodi
1494 1435 1717 1469 offendiculum
1760 1435 1885 1490 negotio

1139 1484 1209 1518 [idei
1234 1493 1446 1531 praeparetur:
1470 1495 1523 1518 eos
1550 1491 1652 1518 tamen
1684 1484 1720 1518 ad
1759 1484 1886 1518 restitu-

1138 1534 1253 1566 tionem
1279 1545 1456 1579 usurarum,
1480 1532 1518 1566 de
1550 1532 1666 1578 quibus
1699 1533 1884 1574 constiterit,

1122 1581 1326 1627 ..compellere
1353 1589 1511 1628 poterunt,
1543 1580 1660 1627 quibus
1694 1582 1724 1614 in
1759 1580 1886 1616 satisfa-

1129 1630 1274 1665 ‘ctionem
1298 1642 1353 1676 pro
1380 1629 1539 1676 praedicto
1576 1629 1732 1670 crimine,
1773 1630 1886 1665 liuius-

1140 1679 1222 1713 morli
1245 1679 1472 1714 restitutionem
1494 1678 1525 1712 in
1550 1679 1740 1725 poenitentia
1780 1679 1886 1714 iniun-

1140 1735 1265 1761 xerunt.

1898 255 1947 282 Αιι.
1965 255 1993 281 C.
2011 255 2076 282 12ss

1911 663 1940 684 De
1972 669 2080 684 usurarum

1910 693 2070 721 quaestionibus

1897 729 1940 745 non
1951 729 2083 750 cognoscen-

1897 755 1945 776 dum
1955 754 1979 775 ab
1994 753 2083 780 iaqum-

1897 785 1985 806 toribus.

352 1778 588 1832 occupationes
600 1776 677 1810 alias
699 1787 761 1810 non
796 1775 908 1810 debeat
941 1775 1099 1822 impediri

352 1827 555 1873 inquisitores
582 1825 641 1872 ipsi
674 1824 714 1859 de
751 1824 799 1863 iis
833 1824 892 1859 nisi
935 1824 1100 1859 manifeste

353 1883 499 1921 saperent
516 1874 682 1918 haeresim,
706 1873 823 1908 ratione
844 1873 1028 1908 huiusmodi
1052 1873 1100 1907 of-

1188 1776 1248 1822 §'
1236 1791 1261 1809 ι.
1289 1775 1370 1810 Sunt
1393 1784 1423 1810 et
1460 1775 1524 1820 atii,
1545 1775 1599 1823 qui
1638 1775 1772 1810 confessi
1812 1784 1886 1811 sunt
1911 1788 2020 1810 naerens
2039 1794 2081 1811 non

1140 1824 1170 1858 in
1194 1825 1309 1859 iudicio
1335 1825 1373 1859 de
1391 1825 1512 1860 haeresi
1529 1836 1634 1859 coram
1648 1824 1886 1879 inquisitoribus
1899 1820 2084 1872 ffiffiffi‘fffj

1140 1873 1322 1908 huiusmodi
1350 1875 1521 1920 pravitatis,
1547 1873 1603 1908 sed
1635 1882 1802 1920 antequam
1840 1874 2028 1932 eistquffinon
2047 1882 2082 1902 in-

171 2117 279 2139 Haeredes

159 2152 234 2174 guntur
244 2149 268 2168 ad
283 2153 342 2168 com-

160 2179 256 2205 plendam
278 2180 342 2199 sati·-

158 2210 271 2229 hettonem
304 2209 342 2229 dc-

160 2239 231 2260 [uncti.

353 1923 415 1958 ficii
439 1923 500 1958 sibi
520 1922 691 1962 commissi,
719 1934 752 1956 se
784 1922 964 1957 nullatenus
1000 1922 1101 1957 intro-

354 1973 491 2012 mittant,
512 1971 567 2006 sed
589 1983 645 2005 eos
666 1970 845 2017 relinquant
860 1971 926 2005 suis
945 1971 1102 2005 iudicibus

356 2033 456 2068 poena
477 2021 580 2054 debita
602 2020 811 2065 castigandos.

403 2070 424 2116 g
445 2073 477 2103 5.
500 2069 636 2110 Quidam
658 2068 788 2114 insuper
813 2070 857 2111 (ut
879 2067 1022 2112 adiicitis)
1046 2079 1102 2114 pro

332 2127 342 2132 ·
356 2118 406 2162 iis,
427 2130 507 2164 quae
527 2117 754 2152 commiserunt
776 2117 806 2150 in
834 2117 966 2157 haeresi,
992 2117 1104 2151 astrin-

355 2174 475 2213 guntse
490 2165 797 2213 inquisitoribussub
809 2165 998 2211 obligatione
1007 2165 1109 2199 bono-

356 2228 425 2250 rum
450 2227 580 2250 suorum
595 2214 632 2250 ad
652 2214 867 2261 recipiendum
881 2214 920 2248 ab
935 2215 980 2249 eis
995 2214 1105 2260 poeni-

358 2265 484 2298 tentiam
511 2272 542 2299 et
562 2264 793 2310 complendam:
813 2263 866 2298 sed
889 2275 939 2316 ea,
955 2263 1027 2297 licet
1048 2263 1103 2296 in-

357 2314 474 2357 iuncta,
496 2324 560 2347 non
582 2322 686 2347 tamen
717 2322 852 2359 peracta,
888 2312 962 2358 quin
999 2312 1105 2358 potius

358 2361 389 2395 in
418 2369 482 2396 toto
503 2362 581 2395 vel
575 2374 605 2396 in
633 2369 719 2408 parte
747 2360 908 2415 neglecta,
933 2360 1100 2395 decedunt.

357 2409 528 2451 Quaeritur
549 2422 634 2456 ergo,
662 2418 767 2445 utrum
792 2409 999 2456 inquisitores
1034 2409 1104 2455 ipsi,

358 2458 405 2492 vel
429 2459 482 2505 qui
506 2459 536 2492 in
564 2470 673 2493 eorum
695 2459 799 2494 locum
821 2457 1010 2512 snccedunt,
1037 2469 1107 2504 pos-

358 2506 420 2540 sint
441 2507 480 2541 ad
502 2507 755 2542 satisfaciendum
776 2519 832 2554 pro
847 2507 923 2554 ipsis
939 2505 1105 2547 defunctis,

360 2554 508 2590 haeredes
535 2555 583 2590 vel
605 2556 785 2590 detentores
806 2555 960 2590 bonorum
984 2555 1028 2589 sic
1050 2554 1106 2589 de-

359 2602 538 2638 cedentium
561 2612 728 2639 coarctare.
756 2603 805 2639 Ad
833 2604 917 2652 quod
957 2604 1105 2648 dicimus,

1141 1922 1358 1968 iniungeretur
1409 1923 1621 1969 poenitentia,
1672 1922 1886 1957 decesserunt.

1140 1970 1244 2017 Super
1269 1983 1333 2017 quo
1355 1972 1516 2018 quaeritur
1537 1971 1563 2005 si
1590 1971 1740 2005 haeredes
1777 1972 1885 2007 talium
1918 1975 1924 1981 ”

1141 2019 1286 2074 compelli
1310 2020 1433 2066 possint
1453 2019 1492 2055 ab
1513 2019 1766 2067 inquisitoribus,
1794 2028 1827 2054 ut
1847 2019 1887 2054 ad

1142 2068 1282 2114 ipsorum
1312 2068 1475 2103 arbitrium
1509 2068 1699 2103 satisfaciant
1739 2080 1794 2115 pro
1825 2068 1888 2104 de—

1142 2116 1267 2151 functis.
1289 2116 1463 2164 Praecipue
1490 2129 1560 2152 cum
1584 2117 1678 2152 iidem
1707 2117 1782 2165 dum
1809 2117 1889 2153 vive-

1143 2174 1225 2205 rent,
1251 2166 1289 2200 ad
1326 2165 1498 2200 faciendam
1531 2166 1755 2220 poenitentiam
1782 2164 1887 2212 *squam

1143 2214 1346 2261 inquisitores
1368 2216 1413 2249 eis
1448 2215 1560 2249 tellent
1600 2215 1776 2261 iniungere,
1805 2214 1887 2249 bona

1143 2275 1198 2297 sua
1227 2263 1464 2317 inquisitoribus
1489 2263 1665 2309 obligarint.
1694 2263 1753 2297 Cui
1787 2274 1888 2310 quae-

1143 2312 1236 2345 stioni
1259 2313 1303 2346 sic
1330 2311 1479 2347 duximus
1505 2311 1773 2359 respondendum,
1802 2310 1886 2358 quod

1145 2368 1309 2407 postquam
1334 2361 1410 2395 tales
1433 2373 1494 2395 non
1509 2361 1712 2396 decesserunt
1727 2360 1888 2403 haeretici,

1144 2409 1196 2442 sed
1215 2410 1438 2455 reincorporati
1462 2410 1566 2464 potius
1586 2408 1745 2444 Ecclesiae
1766 2408 1889 2452 unitati,

1146 2469 1206 2492 non
1232 2458 1375 2492 videmus
1403 2458 1487 2505 quod
1510 2459 1555 2492 eis
1581 2464 1653 2505 post
1673 2464 1818 2502 mortem,
1840 2457 1888 2492 vel

1145 2518 1252 2541 eorum
1281 2507 1482 2551 haeredibus,
1508 2507 1560 2554 qui
1581 2505 1619 2542 ad
1657 2506 1889 2541 successionem

1145 2554 1252 2589 talium
1275 2555 1496 2599 admittuntur,
1518 2556 1559 2590 sit
1580 2554 1747 2589 satisfactio
1763 2567 1819 2602 pro
1840 2566 1889 2589 ex-

1145 2604 1241 2638 tincto
1278 2605 1336 2638 iam
1373 2605 1504 2639 crimine
1538 2603 1741 2650 iniungenda.
1781 2603 1816 2638 In
1852 2615 1890 2638 eo
