2129 3223
39 222 86 249 An.
105 221 132 248 C.
154 223 218 248 tatu

47 721 71 744 tt
107 724 213 749 negotium

35 753 79 775 Τ.-ι·ι
85 759 109 775 ne
123 753 213 775 Sanctae

35 785 179 812 ἰιιψεᾶίειιιει,

45 1658 190 1681 Excommuui—

80 1694 160 1712 cantui.

832 222 1039 245 lNNOCENstt'S
1060 224 1095 245 nt
1121 224 1168 245 Pt’.

235 277 305 311 tatis
331 277 494 324 praestitae
521 277 730 311 iuramentum
754 277 908 322 debitum,
923 278 972 312 im-

233 337 285 360 mo
305 324 425 360 nullum
452 325 602 361 habentes
614 334 803 373 respectum,
816 336 845 361 et
868 335 971 362 contra

232 374 463 458 Eerturbatores
485 376 582 422 regni,
604 375 689 423 quod
715 376 752 410 ad
798 377 970 411 Romanam

258 424 402 459 eclesiam
434 425 551 460 ratione
578 425 708 460 dominii
733 427 888 472 pertiuort
917 426 971 459 di-

230 474 414 520 gnoscitur‚
448 474 597 510 auxilium
633 487 694 509 uon
737 476 971 522 praestiterint,

230 522 276 557 vel
298 521 433 558 savorem
461 525 549 579 quasi
577 524 726 564 consocii
759 536 797 558 ne
830 525 971 559 dicamus

229 572 305 606 socii
342 572 568 608 coniurationis
619 573 766 620 iniquae:
801 574 874 620 quia
909 586 970 608 non

228 630 311 656 caret
358 623 509 668 scrupulo
553 623 711 657 societatis
749 623 884 670 iniquae
916 623 969 669 qui

229 670 394 706 manifesto
423 671 550 706 facinori
585 672 700 707 desinit
734 672 868 707 obviare
888 672 970 707 Ecce

227 720 362 766 qualiter
396 722 615 766 patrimonium
653 721 812 756 Romanae
858 721 970 756 Eccle-

227 769 291 803 siae
319 770 482 817 pontifices
504 771 630 818 praefati
663 771 849 805 defendunt!
886 784 969 818 qua-

227 818 298 853 liter
329 819 576 866 Crucesignatos
603 828 740 861 tuentur,
775 821 836 854 imo
875 821 968 867 quali-

227 876 274 902 ter
298 880 333 903 se
353 879 517 916 opponunt
545 870 603 913 tiis„
625 870 678 916 qui
705 870 865 904 destruere
899 882 969 904 mo-

228 917 346 953 liuntur
365 920 526 965 negotium
550 919 714 953 Crucilixi!
746 919 873 954 Peiores
896 931 969 966 pro-

226 967 277 1002 eul
302 967 415 1003 ‘dubio
460 968 625 1003 Saracenis
667 969 848 1009 existentes,
895 981 966 1003 cum

226 1015 313 1052 illum
353 1026 506 1053 conamur
544 1030 559 1052 a
592 1030 687 1064 regno
726 1018 895 1065 depellere,
928 1018 967 1052 de

225 1077 288 1112 quo
313 1069 417 1114 potius
439 1067 623 1114 sperabatur
643 1067 726 1114 quod
749 1068 878 1102 deberet
901 1079 966 1101 suc-

224 1126 349 1151 currere
370 1116 484 1152 Terrae
511 1116 655 1152 Sanctae.
677 1117 770 1152 Unde
797 1129 835 1151 ne
857 1117 965 1151 talium

225 1164 389 1201 insolentia
412 1179 474 1201 non
502 1166 603 1201 solum
627 1167 657 1200 in
681 1166 856 1213 periculum
877 1167 963 1212 regni

224 1214 367 1260 Angfiae,
390 1228 497 1250 verum
520 1216 612 1250 etiam
636 1215 665 1249 in
690 1217 859 1262 perniciem
882 1215 966 1249 alio-

225 1275 294 1298 rum
322 1276 501 1311 regnorum,
524 1273 554 1299 et
597 1265 731 1299 maxime
762 1265 791 1299 in
830 1264 967 1299 subver-

223 1312 342 1348 sionem
391 1315 485 1348 totius
532 1314 647 1360 negotii
678 1314 825 1348 Crucifixi
868 1313 966 1348 valeat

224 1363 410 1410 praevalere,
440 1376 497 1398 nos
535 1376 570 1398 ex
608 1372 693 1410 parte
723 1363 779 1397 Dei
815 1364 966 1409 omnipo-

223 1413 317 1447 tentis
342 1412 455 1456 Patris,
476 1421 506 1447 et
527 1412 610 1453 Filii,
627 1421 657 1446 et
685 1412 823 1459 Spiritus
848 1412 966 1456 Sancti,
986 1413 988 1440 Ι

222 1461 410 1497 authoritate
431 1474 557 1509 quoqne
570 1461 782 1509 apostolorum
798 1462 866 1495 eius
882 1461 964 1496 Petri

222 1519 252 1546 et
292 1510 394 1556 Pauli,
435 1523 469 1546 ac
504 1520 620 1555 nostra,
653 1523 762 1546 omnes
785 1510 964 1545 huiusmodi

223 1560 455 1607 perturbatores
485 1562 581 1607 regis,
616 1573 651 1595 ac
690 1561 774 1606 regni
817 1560 965 1606 Angliae,

224 1622 293 1644 eum
343 1610 550 1658 complicibus
587 1619 615 1644 et
653 1610 827 1644 fautoribus
877 1611 965 1650 suis,

223 1659 559 1694 excommunicationis
594 1660 719 1694 vinculo
767 1659 966 1703 innodamus

221 1715 251 1746 et
271 1716 370 1744 terras
390 1721 500 1744 eorum
533 1708 745 1743 ecclesiastico
781 1708 967 1743 subiicimus
986 1720 987 1728 ³

223 1758 407 1793 interdicto:
458 1758 594 1813 praefato
649 1758 886 1804 archiepiscopo
937 1766 988 1807 etj

221 1807 377 1862 episcopis
403 1808 470 1842 suis
492 1808 520 1841 in
559 1807 672 1841 virtute
700 1806 896 1841 obedieutiae
923 1806 988 1841 di-

222 1856 418 1892 strictissime
464 1857 662 1902 iniungentes
703 1865 859 1902 quatenus
910 1863 988 1898 iio-3

222 1914 316 1941 stram
336 1906 523 1941 sententiam
547 1905 680 1951 singulis
709 1904 821 1939 diebus
864 1905 966 1939 domi-

223 1955 302 1990 nicis
348 1964 378 1990 et
424 1955 566 2010 festivis,
607 1955 737 2002 pulsatis
780 1955 988 2001 campanis,

223 2013 252 2040 et
276 2003 415 2040 candelis
441 2005 593 2049 accensis,
627 2004 808 2039 solemniter
835 2016 890 2050 per
925 2012 964 2038 to

223 2063 285 2089 tam
306 2053 453 2100 Angliam
482 2053 640 2101 publicaue
663 2062 843 2108 piocurent
865 2053 988 2088 donec

223 2102 430 2139 satisfecerint
456 2102 585 2137 domino
612 2104 676 2148 regi
700 2103 739 2136 de
778 2102 900 2137 damnis
936 2112 988 2137 et
986 2135 987 2159 Χ

224 2152 347 2188 iniuriis
369 2152 524 2198 irrogatis
547 2160 578 2186 et
599 2152 636 2186 ad
672 2153 739 2186 eius
779 2152 964 2199 obsequium
986 2161 987 2178 t

224 2201 358 2238 fideliter
390 2209 594 2237 revertantur
633 2200 796 2236 Uiiixersis
838 2202 966 2256 insuper

223 2250 364 2287 eiusdem
391 2252 474 2298 regis
510 2249 649 2285 vassallis
682 2251 711 2284 in
747 2251 988 2294 reuiissi‹›nem‘4

224 2309 422 2348 peccatorum
445 2313 483 2335 ex
514 2308 600 2347 parte
625 2307 726 2334 nosti-a
755 2299 965 2346 iniungentes‚
985 2318 988 2335 ι

225 2358 390 2386 utcontra
426 2361 623 2396 perversores
663 2328 863 2383 huiusmodiD
877 2363 966 2396 prac-

225 2399 286 2434 fato
309 2400 373 2447 regi
395 2399 534 2434 tribuant
561 2398 729 2433 consilium
760 2407 790 2432 et
808 2399 964 2433 iuvauien.
984 2423 988 2451 Ι

224 2447 258 2482 Si
279 2449 350 2496 quis
376 2457 480 2484 autem
504 2449 726 2495 episcoporum
749 2447 807 2482 hoc
823 2456 988 2483 nostrum

227 2507 424 2545 praeceptum
442 2498 616 2544 neglexerit
634 2498 715 2531 adin·
711 2496 819 2543 ·,plere
841 2500 917 2532 sciat
933 2509 987 2531 se

225 2547 264 2580 ab
289 2547 457 2594 episcopali
485 2546 588 2582 officio
609 2559 810 2593 suspensum
837 2556 865 2580 et
888 2548 993 2581 sub-

225 2596 377 2631 iectorum
411 2596 620 2631 obedientiam
659 2608 727 2630 esse
763 2596 987 2649 subtractam>j

985 2017 988 2061 l

986 1972 1052 2014 {sic
1086 1970 1263 2006 ostenderet
1299 1972 1508 2008 infirmitatem

985 2483 987 2494 ;
1009 2469 1084 2493 idest
1103 2474 1134 2492 au
1150 2474 1247 2493 anuum
1271 2467 1345 2492 121’4.

1640 213 1709 245 295

1015 278 1085 324 quia
1110 277 1226 312 iustum
1255 286 1301 311 est
1344 288 1374 313 ut
1413 278 1458 313 eis
1498 278 1660 314 interiores
1695 289 1757 313 non

1014 327 1171 367 obediant,
1193 327 1245 374 qui
1268 328 1418 374 superiori
1441 340 1498 363 suo
1525 328 1654 363 obedire
1686 339 1759 363 con-

1015 384 1167 412 temnunt.
1197 376 1242 411 Ne
1270 377 1363 423 igitur
1400 378 1579 413 mandatum
1627 377 1758 413 alicuius

1014 426 1270 472 tergiversatione
1297 426 1394 461 valeat
1434 428 1591 474 impediri,
1628 439 1756 462 excom-

1014 475 1236 511 municationis
1262 487 1387 510 causam
1417 477 1658 523 praedictorum,
1683 489 1754 511 cum

1013 525 1142 560 caeteris
1168 536 1247 573 quae
1281 525 1318 559 ad
1358 525 1416 560 hoc
1457 527 1617 572 negotium
1659 528 1756 574 pcrti-

1014 576 1147 619 uiuerint,
1169 575 1258 609 vobis
1296 574 1446 609 duximus
1483 576 1753 611 committendum:

1014 636 1068 670 per
1093 624 1262 671 apostolica
1287 624 1374 658 vobis
1412 625 1526 671 scripta
1570 625 1756 660 mandantes

1012 682 1166 720 quatenus
1225 674 1377 720 protinus,
1426 675 1511 708 omni
1546 675 1755 721 appellatione

1014 724 1196 770 postposita,
1224 723 1400 770 procedatis
1423 724 1500 758 sicut
1529 724 1664 759 videritis
1697 736 1755 759 ex-

1012 773 1119 819 pedire
1141 776 1198 817 (1).

1341 894 1422 928 Clll.

1011 957 1218 998 Confirmalur
1243 958 1379 1002 diploma
1419 970 1437 991 α
1473 958 1588 992 Ιοαιιιιε
1623 960 1754 1003 Anylt'ae

1058 1018 1124 1049 reqe
1160 1007 1266 1040 datam
1299 1018 1359 1051 pro
1399 1008 1535 1041 libertate
1575 1008 1753 1043 electionum

1060 1056 1201 1088 Ecclesiis
1226 1058 1276 1089 sui
1300 1058 1386 1100 requi
1407 1060 1462 1099 (2).

1276 1125 1486 1157 SUMMARlUM

1009 1187 1174 1217 Exordium.
1211 1205 1247 1209 —
1282 1188 1404 1218 loannes
1433 1197 1481 1218 rex
1511 1189 1559 1218 dat
1587 1188 1751 1220 libertatem

1047 1233 1232 1261 electionum
1254 1248 1291 1253 —
1313 1231 1404 1267 Quam
1429 1233 1581 1263 confirmat
1606 1232 1750 1264 Innocen-

1048 1277 1115 1305 tius.
1137 1293 1176 1298 —
1202 1276 1317 1306 loannis
1336 1278 1413 1315 regis
1435 1278 1573 1317 diploma.
1600 1293 1638 1301 —
1660 1277 1750 1308 Clau—

1048 1321 1137 1349 sulae.

986 1400 988 1410 ‚
1007 1381 1178 1410 innocentius
1194 1382 1336 1419 episcopus
1355 1390 1448 1412 servus
1468 1390 1608 1413 servorum
1630 1383 1687 1419 Det.
1708 1392 1751 1414 vo·

1051 1427 1217 1455 nerabilibus
1235 1427 1372 1456 fratribus
1387 1429 1416 1457 et
1435 1429 1545 1458 dilectis
1563 1428 1628 1458 ntus
1646 1430 1751 1459 univer-

1050 1472 1090 1500 sis
1109 1472 1288 1501 Ecclestarum
1321 1473 1454 1508 praetatis
1472 1481 1521 1510 per
1538 1474 1662 1510 Anguem
1688 1482 1750 1504 oon

1053 1518 1175 1550 stantis,
1200 1518 1317 1546 satutem
1333 1520 1361 1547 et
1378 1519 1554 1555 apostoticam
1588 1520 1752 1550 benedictio-

1051 1569 1120 1590 nem

1057 1625 1167 1671 Dignis
1190 1625 1334 1661 laudibus
1355 1626 1526 1662 attollimus
1549 1628 1749 1674 magnificen-

1009 1675 1083 1709 tiam
1098 1651 1294 1719 DCreatoris⁷
1329 1676 1412 1722 quod
1447 1685 1612 1724 postquam
1648 1678 1750 1722 idem,

1009 1724 1060 1770 qui
1083 1732 1129 1758 est
1168 1725 1317 1759 mirabilis
1357 1734 1387 1759 et
1428 1726 1574 1761 tetribilis
1610 1727 1639 1761 in
1672 1739 1751 1763 con-

1008 1773 1087 1808 siliis
1108 1786 1204 1820 super
1226 1774 1306 1809 filios
1345 1774 1533 1819 homiuum,
1570 1776 1750 1823 aliquandiu

1010 1823 1161 1863 toleravit,
1201 1832 1231 1857 ut
1273 1824 1431 1879 pei-[laudo
1470 1825 1658 1860 discurreret
1697 1839 1751 1873 per

1008 1873 1141 1907 areolam
1183 1872 1263 1906 liorti
1304 1886 1349 1906 sui
1386 1874 1514 1920 spiritus
1546 1877 1750 1922 tempestatis.

986 1909 1094 1968 ¹qnasi
1117 1921 1230 1956 ludens
1253 1922 1380 1957 taliter
1375 1936 1405 1956 in
1428 1924 1503 1958 orbe
1525 1932 1694 1965 terrarum
1718 1933 1752 1959 ut

1562 1982 1592 2009 et
1624 1953 1750 2009 insuffl-

1008 2021 1151 2055 cientiam
1191 2029 1328 2055 nostram
1378 2022 1489 2066 nobis,
1524 2023 1625 2058 statim
1678 2037 1749 2058 cum

986 2078 988 2112 ξ
1009 2069 1116 2113 voluit,
1131 2070 1276 2117 Aquiloni
1290 2071 1364 2105 dixit
1380 2071 1475 2116 fita(5
1477 2079 1498 2116 )
1514 2081 1543 2106 et
1559 2072 1674 2107 Austro
1688 2074 1749 2107 noli

1010 2119 1216 2164 ptohibere‚
1211 2132 1431 2175 imperansque
1466 2122 1565 2156 ventis
1598 2130 1627 2155 et
1663 2123 1750 2163 mari

986 2198 987 2203 ,
1008 2169 1115 2203 statuit
1136 2169 1303 2224 procellam
1341 2184 1369 2202 ιιι
1408 2182 1526 2214 auram,
1567 2178 1597 2205 ut
1640 2180 1751 2206 nautae

985 2237 988 2263 4
1009 2227 1131 2264 portum
1154 2219 1269 2265 quietis
1295 2219 1454 2253 inveniant
1477 2228 1685 2267 peroptatum.

1056 2267 1137 2301 Cum
1153 2268 1235 2301 enim
1247 2269 1326 2302 iuter
1341 2280 1471 2313 regnum
1489 2278 1518 2303 et
1540 2269 1750 2304 sacerdotium

959 2307 1204 2362 .aiiglicanuni
1248 2329 1309 2351 non
1355 2318 1422 2351 sine
1461 2330 1572 2364 magno
1613 2319 1752 2364 periculo

985 2352 988 2422 l
1007 2375 1100 2412 atque
1118 2365 1244 2407 damno,
1280 2378 1374 2412 super
1399 2366 1604 2401 electionibus
1638 2369 1751 2415 praela·

1043 2436 1080 2465 (t)
1099 2433 1245 2457 Matthaeus·
1262 2432 1333 2458 Paris
1337 2432 1375 2457 ins
1396 2432 1472 2458 hasce
1497 2433 1639 2460 innocentii
1666 2435 1753 2461 literas

1385 2468 1424 2501 (Ξ)
1440 2468 1478 2494 Ex
1505 2469 1625 2504 Rvmer„
1641 2474 1705 2497 vom
1733 2479 1751 2501 ι,

1008 2512 1064 2537 pagi
1086 2502 1143 2528 197.
1182 2503 1222 2537 (3)
1239 2503 1315 2528 Sicin
1331 2502 1513 2537 Cocquelineffi
1532 2506 1557 2530 in
1581 2506 1664 2532 veteri
1687 2506 1750 2532 edit.

985 2546 1033 2568 ..ιιι
1034 2539 1091 2563 lica
1110 2538 1202 2571 legitur
1215 2540 1308 2570 ιι(1ι1ιιι;
1322 2539 1345 2563 in
1358 2538 1465 2573 Syriaca
1476 2540 1559 2572 iissem
1571 2540 1595 2567 in
1610 2540 1670 2576 vulg
1670 2545 1752 2567 atuo-

985 2587 988 2602 ;
1007 2575 1115 2602 ditione
1129 2573 1195 2599 Sixti
1210 2573 1228 2599 V
1241 2574 1280 2599 ius
1284 2581 1312 2599 su
1326 2582 1400 2608 reco·D
1395 2574 1465 2606 nita
1480 2574 1607 2603 habemus
1618 2550 1670 2602 Dag
1677 2577 1749 2612 (isai.

1010 2616 1084 2634 xtiti.
1103 2610 1139 2642 ti).

1776 224 1823 248 Ati.
1839 222 1866 248 C*
1889 223 1952 248 ¹⁵21&

1785 387 1885 409 Etecuuo
1903 395 1951 409 svn-

1771 421 1850 440 tentiae
1866 421 1951 440 deleanv

1771 451 1797 471 tis
1830 452 1951 477 apostamia

1770 482 1881 502 commissa

1796 1639 1914 1661 Exordium.
