2129 3223
6 224 8 226 ’
56 235 106 265 An.
124 236 153 264 c.
171 236 239 264 ηπ

65 1472 133 1494 causa
154 1472 236 1494 {acien-

53 1503 94 1525 die
132 1503 238 1525 ralorma·

54 1534 126 1555 tionis.

868 239 1051 263 Gnmoutus
1082 240 1113 263 lX
1135 240 1183 263 1³1².

294 293 371 323 modi
407 292 569 332 capitulum
598 293 738 324 accedere
774 298 938 324 teneantur.
970 310 1008 316 —

294 337 321 367 8.
340 336 371 367 ln
389 346 424 368 eo
442 341 568 377 quatuor
596 337 723 376 eligendi
757 347 808 377 pro
840 338 1006 368 visitatione

294 386 323 412 et
355 381 562 412 reformatione
585 386 709 412 monast.
732 382 946 414 Cluniacensis.
969 399 1008 405 -

295 428 322 458 9.
345 426 490 456 Beneficia
507 426 619 466 absque
635 426 737 456 illicita
755 429 888 466 pactione
909 428 1008 458 conte·

294 471 445 502 renda.—
464 470 510 500 10.
528 470 645 501 Priores
664 473 873 503 conventuales
889 474 1006 513 quando

293 515 471 546 dimovendi.
489 530 529 537 -
551 514 597 544 11.
620 514 700 550 Quae
732 515 822 546 forma
858 518 887 547 in
910 526 1007 547 remo-

292 559 423 590 tionibus
441 559 594 589 servanda.
616 575 656 582 —
678 560 723 589 12.
746 559 893 591 Institutio
928 563 1007 600 prio-

293 613 360 634 rum
378 603 618 634 conventualium
638 605 785 643 quomodo
809 605 952 635 facienda.
968 623 1007 629 —

293 647 339 678 13.
355 647 459 678 Plures
477 647 662 686 praebendae
681 648 710 677 in
734 649 836 678 ordine
855 659 913 679 non
932 651 1004 679 reti-

292 692 417 722 nendae.
435 708 474 714 —
492 692 539 721 14.
563 692 605 721 Ad
626 693 773 730 prioratus
797 703 864 723 vero
887 694 1005 724 nonnisi

293 736 329 766 de
351 736 454 766 ordine
471 737 671 775 promovendi.
693 753 732 759 -—
757 738 801 768 15.
819 738 850 768 In
874 739 1005 776 prioratu

293 780 394 820 plures
429 780 566 810 monachi
589 781 765 812 collocandi.
789 799 827 804 -—
848 783 893 813 16.
916 782 1005 812 Cibus

292 825 431 856 omnibus
450 826 539 856 idem.
557 843 597 849 —
615 827 660 856 17.
683 826 827 857 Carnibus
852 827 928 857 vesci
947 837 1005 857 non

292 871 388 901 liceat.
403 887 442 893 -—
458 871 504 901 18.
526 870 564 900 De
578 871 718 907 vestibus,
731 881 892 910 earumque
906 873 1006 902 mode-

292 915 358 946 stia.
375 931 415 938 -
432 915 478 945 19.
495 914 534 945 De
551 915 737 954 equitaturis.
757 932 794 938 —-
812 916 858 946 20.
878 915 1004 946 Contra-

292 959 392 997 hendi‚
426 964 454 989 et
491 960 615 995 rationis
638 960 805 991 reddendae
841 960 944 990 forma.
967 976 1005 983 -

290 1003 338 1034 21.
356 1003 622 1044 Proprietariorum
639 1014 742 1045 poena.
759 1021 799 1028 -
816 1004 863 1034 22.
881 1004 1004 1034 Praela-

291 1047 329 1078 tis
344 1049 512 1078 exactiones
530 1053 558 1079 et
575 1048 758 1079 extorsiones
775 1048 1004 1078 interdicuntur.

290 1091 337 1122 23.
357 1091 395 1121 De
413 1096 508 1122 aetate
543 1093 791 1132 recipiendorum.
814 1109 852 1116 —
882 1093 931 1123 25.
951 1093 1006 1122 Re-

289 1136 357 1173 gula
375 1135 404 1167 S.
424 1135 576 1167 Benedicti
596 1137 750 1167 servanda.
770 1153 810 1159 —
830 1136 877 1167 26.
896 1136 1003 1166 Horta-

289 1180 330 1210 tio
347 1180 384 1211 ad
403 1180 620 1211 observantiam
649 1181 738 1210 liuius
772 1180 1002 1211 reformationis.

251 1255 397 1292 Gregorius
414 1255 554 1291 episcopus
566 1262 660 1285 servus
673 1262 810 1284 servorum
827 1256 882 1289 Dei,
894 1256 1005 1285 dilectis

294 1303 361 1334 ssllts
379 1304 470 1334 abbati
482 1306 513 1334 et
534 1305 865 1338 conventuictuniaoensi.
886 1305 1005 1334 satutem

295 1354 326 1383 et
348 1354 528 1390 apostoticam
547 1354 773 1383 benedictionem.

299 1424 478 1460 Behemoth
513 1436 576 1460 non
614 1431 784 1459 contentus
822 1425 911 1471 quasi
948 1424 1005 1459 bus

252 1473 420 1509 comedere
443 1473 563 1520 paleas,
585 1474 638 1508 sed
667 1486 754 1508 escas
775 1473 891 1509 electas
915 1474 1004 1509 avide

252 1524 503 1571 concupiscens,
538 1531 668 1559 venatur
695 1523 853 1571 instanter
885 1523 1005 1557 animas

253 1572 417 1614 delicatas;
441 1584 502 1607 non
529 1572 632 1608 solum
655 1572 842 1619 simpliciter
863 1572 1006 1618 gradien-

253 1621 341 1658 tibus
382 1621 531 1669 ponendo
565 1621 693 1669 pedicas
739 1629 769 1656 et
808 1622 939 1669 laqueos
974 1621 1003 1656 in

254 1678 429 1718 capturam,
450 1671 505 1706 sed
529 1671 620 1706 etiam
644 1671 919 1717 contemplationis
934 1683 1004 1717 gra-

255 1721 297 1756 tia
319 1720 351 1755 in
374 1720 577 1755 solitudinem
608 1720 826 1755 advolantibus
859 1729 1005 1767 praeten-

255 1769 360 1805 dendo
395 1769 576 1816 decipulas.
615 1778 645 1805 et
682 1769 759 1804 retia
793 1769 1003 1804 extendendo.

256 1818 340 1854 Sane
371 1818 480 1854 dolore
516 1818 716 1853 confodimur
750 1818 779 1852 in
815 1818 950 1862 occulto,
977 1826 1006 1852 et

257 1867 372 1903 rubore
399 1867 622 1914 perfundimur
647 1868 676 1901 in
696 1875 816 1914 aperto⁷
838 1868 911 1914 quia
933 1879 1004 1902 cum

257 1917 335 1952 ordo
363 1915 585 1952 Cluniacensis
613 1917 643 1951 in
674 1916 836 1952 Ecclesiae
862 1916 1006 1963 paradiso

258 1965 386 2002 dextera
414 1965 520 2001 divina
547 1965 714 2012 plantatus,
741 1977 758 2000 a
793 1966 868 2000 mari
908 1977 1006 2011 usque

259 2014 298 2051 ad
319 2027 405 2051 mare
426 2015 582 2061 protensis
607 2014 801 2062 palmitibus,
824 2023 928 2061 gratos
950 2015 1007 2049 flo-

260 2077 326 2106 res,
355 2072 386 2099 et
413 2064 528 2100 uberes
549 2064 669 2099 fructus
697 2063 871 2111 producere
894 2064 1008 2099 soleret

259 2114 446 2158 honestatis,
474 2125 559 2149 nunc
577 2113 608 2147 in
631 2113 871 2148 amaritudinem
888 2114 1008 2148 alienae

261 2163 332 2198 vitis
357 2175 503 2204 aversus,
538 2162 682 2209 producit
718 2162 875 2198 labruscas
897 2170 1010 2210 stupo-

261 2224 328 2248 rem
355 2212 505 2248 dentibus
535 2211 694 2251 facientes,
722 2211 820 2247 l'actus
841 2212 870 2246 in
897 2211 1010 2259 laque-

263 2273 316 2297 um
344 2269 376 2296 et
401 2261 543 2301 ruinam,
578 2261 609 2295 in
646 2260 782 2307 lapidem
825 2260 1010 2296 offensionis

263 2319 294 2347 et
308 2318 430 2359 petram
446 2309 585 2346 scandali
601 2309 725 2346 duabus
741 2309 888 2345 domibus
903 2309 1010 2352 lsrael,

263 2360 516 2408 contemplativis
530 2358 687 2399 videlicet,
705 2366 736 2393 et
750 2359 867 2394 activis.
889 2359 1011 2394 Domus

264 2420 392 2457 quoque
415 2417 536 2444 vestrae
563 2409 592 2443 in
624 2407 730 2442 multis
751 2407 828 2443 locis
853 2409 1011 2443 desolatae

265 2466 340 2494 sunt
367 2457 449 2494 sicut
470 2458 501 2492 in
525 2457 668 2492 vastitate
696 2456 820 2501 hostili,
841 2465 872 2492 et
895 2457 1012 2493 multae

265 2506 433 2543 derelictae
453 2514 529 2542 sunt
560 2507 642 2542 sicut
665 2505 884 2541 umbraculum
907 2507 937 2541 in
968 2507 1013 2540 vi-

266 2567 344 2601 nea,
370 2563 401 2592 et
427 2556 511 2592 sicut
542 2556 703 2603 tugurium
726 2555 757 2589 in
780 2556 1013 2601 cucumerario,

266 2613 298 2641 et
323 2604 407 2641 velut
426 2605 545 2651 civitas,
572 2617 652 2653 quae
677 2611 824 2639 vastatur.

1674 229 1745 262 475
1808 236 1857 262 An.
1875 235 1903 262 c.
1926 235 1991 263 ηδε

1095 297 1111 337 5
1140 296 1170 328 1.
1198 293 1304 336 Quare
1327 294 1489 341 cupientes
1515 293 1722 330 deformatum
1741 307 1794 330 or·
1820 296 1935 324 ⁰¹¹³¹¹1¹¹¹¹¹¹¹
1952 302 1991 320 ³0·

1046 343 1152 379 dinem
1168 343 1350 384 reformare,
1369 352 1399 378 et
1416 344 1588 379 instaurare
1605 345 1792 391 collapsum,
1807 330 1991 386 iiiic'uiriffioi‘ass

1047 392 1077 426 in
1101 393 1211 440 primis
1234 394 1413 432 statuimus,
1438 402 1470 427 ut
1491 393 1638 439 gencrale
1662 391 1990 448 εερίιυ-ξΐωῐξῗθζζζζζζ

1047 441 1111 476 lum
1142 441 1290 477 abbatum
1319 450 1350 477 et
1380 443 1519 488 priorum
1556 451 1617 478 tam
1653 452 1991 479 conven·²r³0t³ndam>u-

1047 490 1199 536 tualium,
1237 503 1332 538 quam
1373 491 1529 526 minorum
1571 491 1793 529 cluniacensis
1808 482 1888 503 “mn‘'

1045 539 1177 579 ordinis,
1192 540 1256 575 sive
1273 540 1454 575 immediate
1472 541 1536 575 sive
1558 541 1664 589 aliquo
1686 542 1793 577 medio

1046 589 1109 624 sint
1127 589 1271 628 subiecti,
1296 590 1378 636 apud
1401 589 1590 624 Cluniacum
1612 591 1703 625 annis
1724 592 1793 627 sin-

1045 638 1128 684 gulis
1161 638 1349 673 celebretur.
1385 637 1446 672 Ubi
1482 639 1549 672 sine
1587 651 1792 686 personarum

1046 687 1238 734 acceptione,
1266 688 1443 731 secundum
1466 688 1583 728 Deum,
1606 697 1635 723 et
1665 688 1701 724 B.
1729 689 1793 725 Bc-

1047 735 1159 771 nedicti
1188 736 1348 783 regulam,
1376 745 1405 771 et
1433 736 1654 772 Cluniacensis
1674 738 1793 774 ordinis

1046 784 1200 830 instituta,
1228 786 1482 834 delinquentium
1506 786 1704 833 corrigantur
1735 800 1794 822 ex-

1045 846 1175 879 cessus,
1210 843 1240 870 et
1275 836 1313 870 de
1343 836 1442 870 salute
1465 836 1661 875 animarum,
1689 844 1720 871 et
1753 836 1793 872 de

1045 885 1286 920 conservatione
1327 885 1447 920 ordinis
1486 884 1723 929 Cluniacensis,
1762 893 1794 921 et

1046 932 1212 968 domorum
1237 934 1444 970 indemnitate
1470 930 1638 979 tractetur,
1666 942 1696 969 et
1726 943 1793 970 sta-

1046 990 1152 1018 tuatur
1193 983 1277 1031 quod
1310 983 1402 1018 fuerit
1425 982 1612 1029 regulariter
1644 991 1794 1019 statuen-

1045 1030 1133 1066 dum.
1166 1031 1229 1067 Nec
1258 1032 1286 1066 in
1311 1033 1370 1067 hoc
1396 1034 1514 1079 priores
1548 1032 1593 1068 vel
1629 1034 1791 1068 camerarii

1046 1080 1179 1116 invicem
1208 1081 1266 1116 sibi
1296 1089 1442 1129 parcant,
1480 1081 1536 1116 sed
1570 1083 1792 1129 unusquisque

1045 1129 1129 1176 quod
1154 1130 1262 1165 viderit
1284 1130 1314 1165 in
1341 1131 1403 1165 alio
1436 1130 1676 1175 corrigendum,
1704 1132 1793 1166 timo-

1047 1190 1110 1213 rem
1137 1178 1191 1214 Dei
1215 1179 1335 1214 babens
1356 1191 1429 1226 prae
1450 1180 1569 1221 oculis,
1597 1180 1627 1214 in
1651 1181 1793 1227 capitulo

1045 1227 1174 1274 publice
1208 1229 1255 1263 vel
1293 1230 1437 1276 privatim
1473 1232 1584 1275 (prout
1605 1228 1721 1264 melius
1750 1230 1794 1264 vi-

1045 1277 1125 1311 derit
1147 1277 1314 1323 expedire)
1342 1278 1372 1312 in
1395 1277 1545 1313 charitate
1563 1286 1728 1324 proponat.
1750 1278 1792 1313 Et

1045 1333 1208 1361 correctus
1242 1326 1302 1361 hoc
1336 1327 1469 1361 moleste
1504 1339 1566 1361 non
1607 1327 1701 1367 ferat,
1736 1328 1792 1362 scd

1045 1376 1272 1410 correctionem
1313 1374 1415 1410 fratris
1450 1376 1581 1422 accipiat
1627 1375 1791 1420 patienter.

1045 1423 1078 1458 ln
1102 1423 1161 1458 hoc
1183 1432 1288 1458 autem
1316 1424 1455 1471 capitulo
1489 1424 1591 1459 nullae
1620 1424 1695 1459 fiaiit
1717 1437 1794 1460 exa-

1045 1473 1166 1508 ctiones
1192 1473 1231 1507 ab
1252 1473 1373 1520 aliquo,
1399 1473 1483 1507 nulla
1506 1473 1621 1508 dentur
1642 1486 1793 1516 munera,

1044 1521 1092 1556 vel
1119 1522 1326 1569 accipiantur,
1348 1535 1402 1558 seu
1432 1523 1527 1557 etiam
1551 1524 1793 1570 promittantur,

1045 1571 1099 1606 sed
1122 1572 1227 1606 omnia
1250 1572 1280 1606 in
1303 1572 1483 1607 sinceritate
1503 1572 1686 1618 procedant,
1710 1573 1792 1608 etad

1045 1621 1142 1655 instar
1162 1621 1382 1656 Cisterciensis
1409 1621 1529 1656 ordinis
1555 1622 1765 1657 celebrentur.

1094 1673 1109 1712 ἓ
1136 1674 1168 1704 2.
1202 1669 1241 1704 Et
1276 1670 1305 1704 in
1332 1682 1369 1704 eo
1400 1670 1581 1705 definitores
1608 1671 1645 1705 de
1677 1671 1794 1705 abbati-
1820 1676 1948 1713 neronom
1969 1682 1991 1699 οι

1046 1719 1106 1754 bus
1144 1727 1174 1753 et
1214 1718 1372 1766 prioribus
1414 1718 1635 1754 Cluniacensis
1672 1709 1993 1760 oi·diriis{i.⁸‚'‡÷'{,¹r⁰1{‡,⁵“iri

1046 1776 1231 1808 statuantur,
1253 1775 1283 1803 et
1297 1768 1470 1803 visitatores
1493 1780 1548 1815 per
1569 1769 1709 1815 singulas
1727 1782 1796 1817 pro·
1807 1775 1833 1792 ‘⁰
1848 1771 1949 1797 ⁰¹⁵⁶⁹¹²⁶L

1047 1818 1164 1852 vincias
1186 1818 1388 1861 ordinentur,
1417 1818 1600 1852 visitationis
1627 1818 1742 1858 forma,
1765 1826 1796 1853 et

1047 1866 1251 1902 correctionis
1290 1866 1401 1907 modo,
1437 1867 1520 1902 iuxta
1550 1866 1795 1902 cisterciensem

1047 1915 1310 1951 consuetudinem
1338 1915 1520 1951 observatis.
1553 1915 1638 1951 Huic
1669 1929 1797 1964 quoque

1047 1965 1185 2013 capitulo
1220 1972 1282 2000 tres
1310 1965 1430 2012 priores
1468 1964 1712 2000 Carthusienscs
1747 1978 1799 2001 vo-

1047 2015 1154 2049 lumus
1176 2015 1342 2055 interesse,
1365 2026 1426 2049 non
1456 2022 1488 2048 ut
1510 2014 1645 2062 aliquam
1670 2015 1799 2049 iurisdi-

1047 2065 1184 2099 ctionem
1208 2071 1397 2103 exerceant,
1420 2063 1473 2097 sed
1489 2073 1522 2099 ut
1538 2064 1624 2111 ipsos
1640 2065 1799 2099 instruant

1048 2122 1077 2148 et
1111 2113 1256 2159 dirigant,
1292 2120 1323 2147 et
1350 2112 1545 2158 diligentiam
1584 2113 1724 2159 ipsorum
1747 2113 1797 2148 vel

1051 2162 1274 2208 negligentiam
1298 2161 1471 2197 rescribant
1494 2161 1569 2197 Sedi
1595 2162 1798 2209 Apostolicae

1050 2219 1222 2246 annuatim.
1649 2217 1652 2221 ·

1098 2264 1114 2303 ἓ
1141 2262 1173 2295 5.
1202 2259 1323 2294 Omnes
1349 2270 1480 2302 causae,
1507 2270 1587 2305 quae
1623 2258 1704 2293 inter
1730 2271 1800 2306 per·
1827 2267 1996 2290 uocantum«

1051 2321 1145 2344 sonas
1165 2308 1285 2343 ordinis
1305 2307 1527 2342 Cluniacensis
1545 2308 1745 2348 emerserint,
1768 2316 1800 2343 et
1813 2299 1860 2321 ‘¹¹³⁰
1873 2298 1976 2320 '‘mum''

1052 2370 1107 2405 per
1128 2357 1272 2392 abbatem
1302 2355 1549 2391 Cluniacensem
1584 2368 1647 2391 non
1686 2356 1801 2392 fuerint

1051 2406 1247 2445 terminatae,
1269 2405 1389 2440 delatae
1413 2405 1449 2440 ad
1478 2405 1649 2451 capitulum
1675 2416 1731 2452 per
1751 2406 1801 2441 de-

1052 2456 1194 2491 finitores
1217 2462 1353 2489 statutos
1379 2457 1493 2501 (prout
1514 2454 1548 2488 fit
1565 2454 1595 2489 in
1611 2453 1799 2490 Cistercien.

1052 2503 1209 2553 capitulo)
1235 2504 1455 2538 terminentur.

1102 2558 1117 2598 g
1144 2556 1177 2587 4.
1207 2552 1246 2587 Et
1264 2564 1299 2588 ea
1318 2560 1505 2592 statuantur,
1532 2564 1612 2600 quae
1635 2552 1802 2600 provenire

1053 2602 1092 2639 ad
1109 2602 1378 2638 conservationem
1414 2610 1444 2637 et
1467 2601 1709 2644 restrictionem,
1736 2613 1799 2638 uon
