2129 3223
146 263 194 290 An.
210 258 237 292 c.
262 259 326 287 1227

149 1117 176 1140 De
194 1118 316 1140 trsterntta

135 1153 176 1169 tun
206 1152 226 1169 et
248 1150 318 1171 eolle-

135 1184 214 1200 ttirum
254 1185 316 1201 rec-e

134 1211 235 1238 pioribus.

148 1758 201 1782 gund
216 1757 316 1782 ake-ndum

137 1793 230 1814 tsntpme
250 1792 318 1812 ‘geue-

137 1819 185 1839 {aiis
202 1819 309 1839 interdicti

390 249 460 283 426

915 261 1100 283 BULLARtmu
1129 260 1288 283 nOMANUM

340 315 400 350 rint
423 315 452 349 in
477 321 574 349 vestra
589 313 781 349 fraternitate
799 315 925 361 recepti,
942 315 981 349 ita
1002 313 1084 361 quod
1104 324 1108 373 J
1128 314 1197 348 liam
1237 323 1382 359 vestram,
1425 326 1518 362 quain
1554 321 1675 349 vestros
1702 314 1873 362 participes

339 364 440 399 ordini
469 371 570 399 vestro
591 363 693 399 adhuc
719 373 881 399 manentes
904 365 935 398 in
961 364 1085 398 sat-culo

338 414 401 448 sint
427 412 534 458 oblati,
556 421 676 448 mutato
697 412 806 448 habitu
830 413 980 449 saeculari
1000 441 1007 453 ,
1038 412 1083 447 vel

339 462 427 498 vobis
449 463 530 498 inter
556 463 641 498 vivos
662 462 806 498 dederint
828 463 908 498 bona
939 475 1006 501 sua,
1036 474 1085 496 re-

337 521 422 547 tento
447 512 506 547 sibi
536 513 687 559 quamdiu
725 513 755 547 in
789 513 914 548 saeculo
954 512 1085 547 vixerint

337 561 518 607 usufructu,
539 562 564 597 si
597 562 698 597 forsan
733 562 892 597 Ecclesiae
931 562 967 597 ad
1006 573 1085 608 quas

338 613 492 658 pertinent
514 624 530 647 a
552 612 660 647 divino
699 611 816 647 fuerint
850 612 951 647 officio
987 611 1084 645 inter-

336 661 448 702 dictae,
475 662 624 710 ipsosque
648 662 723 697 mori
761 661 939 708 contigerit,
974 659 1084 707 sepul—

336 721 404 747 tura
425 712 633 747 ecclesiastica
658 723 719 746 non
748 719 878 757 negetur
909 710 993 758 apud
1031 721 1084 744 ve·

333 769 424 803 stras,
447 761 493 797 vel
521 761 652 796 aliorum
676 774 737 796 non
766 761 945 795 interdictas
972 759 1083 794 Eccle-

334 811 408 852 siaS,
434 810 552 858 quibus
577 811 731 857 elegerint
761 810 900 857 sepeliri,
929 810 986 844 nisi
1027 821 1083 843 ex-

333 861 572 904 communicati,
596 862 641 895 vel
676 860 858 894 nominatim
887 859 1002 894 fuerint
1033 859 1083 892 in-

334 910 467 946 terdicti.
493 910 585 945 Tales
606 922 731 957 quoque
757 909 942 951 confratres
968 909 992 942 si
1029 920 1083 942 eos

332 959 545 996 Ecclesiarum
561 960 686 1008 praelati
703 971 763 994 non
781 958 978 1005 permiserint
997 957 1080 1005 apud

331 1022 404 1045 suas
424 1009 581 1044 Ecclesias
601 1009 737 1055 sepeliri,
763 1008 846 1055 apud
883 1016 999 1043 vestras
1025 1007 1083 1042 de-

333 1059 412 1094 ferre
434 1060 560 1107 possitis
581 1058 739 1093 Ecclesias
761 1057 972 1092 tumulandos.
995 1057 1083 1091 Prae-

333 1117 415 1144 terea
438 1121 463 1143 si
486 1121 539 1156 qui
563 1108 690 1144 fratrum
714 1116 886 1142 vestroruin
927 1107 964 1141 ad
1001 1108 1081 1141 reci-

333 1158 463 1207 piendas
483 1158 609 1194 easdem
633 1158 840 1192 fraternitates
865 1156 911 1191 vel
934 1156 1081 1191 collectas

330 1221 345 1243 a
367 1207 457 1243 iobis
478 1208 565 1243 missi
594 1207 736 1243 fuerint
730 1220 759 1242 in
783 1206 955 1261 quamlibet
994 1207 1081 1240 civi-

330 1266 438 1303 tatem,
460 1267 595 1293 castrum
625 1258 669 1292 vel
699 1257 821 1301 villani,
844 1269 874 1290 in
902 1256 1011 1290 eadem
1035 1256 1082 1290 ci—

329 1308 436 1352 vitate,
462 1316 564 1343 castro
587 1307 633 1342 vel
658 1306 727 1341 villa
750 1319 809 1341 una
833 1313 954 1341 tantum
971 1305 1081 1340 Eccle-

330 1358 373 1392 sia
401 1357 502 1404 ipsius
522 1357 641 1392 ordinis
663 1356 821 1396 fratribus,
841 1356 870 1389 in
898 1367 1006 1390 eorum
1031 1356 1081 1389 iu-

330 1408 435 1442 cundo
457 1407 605 1445 adventu,
632 1406 728 1441 semel
751 1405 912 1453 aperiatur
934 1405 963 1438 in
987 1417 1080 1445 anno,

332 1465 364 1492 ut
391 1457 527 1492 exclusis
548 1455 829 1491 excommunicatis
844 1482 852 1494 ,
875 1462 905 1488 et
933 1455 1080 1488 uomina—

333 1507 386 1541 tim
407 1506 594 1546 interdictis,
621 1505 724 1540 divina
747 1504 860 1539 ibidem
888 1504 987 1538 officia
1022 1516 1080 1538 ce-

332 1555 503 1590 lebrentur.
531 1555 707 1590 Statuiinus
728 1555 832 1595 etiam,
851 1561 883 1588 ut
909 1552 985 1587 nulli
1010 1554 1081 1608 epi-

331 1617 428 1652 scopo
477 1605 506 1640 in
535 1604 686 1640 Ecclesiis
720 1603 809 1638 vobis
846 1613 979 1650 utroque
1015 1603 1081 1637 iure

331 1654 485 1690 subiectis
523 1654 680 1690 inteidicti
729 1652 774 1688 vel
823 1653 1081 1687 excommunica-

333 1705 427 1739 tionis
448 1705 635 1739 sententiam
663 1704 752 1738 liceat
771 1702 982 1750 promulgare.
1020 1701 1081 1735 We-

334 1763 509 1789 rumtamen
533 1755 557 1788 si
581 1753 725 1800 generale
749 1751 950 1787 interdictum
984 1760 1082 1786 terrae

332 1802 422 1838 fucrit
444 1804 476 1838 in
503 1803 578 1838 locis
605 1803 665 1837 illis
688 1802 854 1849 prolatum,
871 1801 1007 1835 exclusis
1027 1813 1082 1836 ex-

332 1854 585 1897 communicatis,
614 1862 644 1887 et
686 1851 871 1886 nominatim
895 1850 1081 1890 interdictis,

333 1903 446 1938 clausis
459 1903 572 1939 ianuis,
588 1901 707 1948 absque
726 1902 886 1947 signorum
905 1899 1083 1947 pulsatione

335 1964 389 1986 vos
414 1951 520 1986 divina
544 1951 644 1986 officia
666 1950 843 1985 celebretis.

382 2000 592 2036 Decernimus
619 2001 745 2047 insuper
787 1998 970 2034 auctoritate
1006 2010 1083 2045 apo·

334 2050 455 2092 stolica,
478 2058 511 2086 ut
532 2050 615 2098 apud
639 2060 874 2096 quemcumque
901 2048 1005 2083 locum
1029 2060 1084 2082 vos

336 2104 441 2139 venire
462 2104 638 2151 contigerit,
661 2102 700 2138 ab
734 2103 874 2138 lionestis
904 2111 997 2149 atque
1030 2114 1085 2136 ca-

337 2157 460 2193 tholicis
487 2157 703 2193 sacerdotibus
729 2156 955 2191 poenitentiam
973 2184 980 2195 ,
1016 2155 1085 2190 Un-

336 2213 483 2253 ctionem,
510 2224 564 2247 seu
594 2212 651 2245 alia
683 2210 839 2258 quaelibet
873 2210 1084 2245 ecclesiastica

336 2275 529 2302 sacramenta
551 2265 640 2300 vobis
662 2266 822 2312 suscipere
837 2265 938 2301 liceat,
955 2277 992 2298 ne
1008 2263 1085 2298 forte

338 2320 375 2355 ad
412 2321 645 2368 perceptionem
690 2319 897 2366 spiritualium
931 2319 1083 2353 bonorum

338 2374 453 2421 aliquid
491 2374 576 2408 vobis
616 2373 706 2407 desit.
740 2372 823 2414 Quia
861 2384 933 2407 vero
975 2382 1087 2406 omnes

340 2440 438 2462 unum
460 2440 569 2463 sumus
592 2428 621 2462 in
644 2426 784 2471 Cliristo,
812 2434 843 2462 et
871 2439 933 2461 non
959 2434 1006 2461 est
1021 2438 1087 2473 pcr-

340 2494 484 2518 sonarum
513 2482 687 2517 differentia
709 2481 793 2529 apud
815 2480 931 2525 Deum,
953 2488 1015 2515 tam
1031 2491 1087 2514 re-

342 2536 497 2571 missionis
520 2544 730 2583 peccatorum,
753 2547 846 2583 quam
873 2535 1003 2570 alterius
1040 2533 1087 2568 be-

343 2588 515 2631 neficentia,
543 2600 636 2637 atque
667 2590 856 2637 apostolicae
894 2588 1110 2633 benedictio-

1126 376 1195 398 csse
1223 364 1366 399 volumus
1387 365 1566 400 servientes.

1174 413 1257 448 Nulli
1301 425 1375 460 ergo
1414 414 1542 449 omnino
1585 413 1748 448 hominum
1783 413 1871 448 liceat

1127 464 1320 509 praedictum
1345 463 1445 499 locum
1471 472 1586 498 temere
1609 463 1801 510 peiQtttrbare
1820 472 1870 497 aut

1125 525 1194 547 eius
1217 514 1431 568 possessiones
1457 513 1591 556 auferre⁷
1614 514 1659 547 vel
1689 513 1806 547 ablatas
1828 526 1873 546 rc-

1127 562 1236 606 {inei-,e
1262 563 1414 607 minuere
1437 576 1490 597 seu
1518 562 1712 610 quibuslibtt
1735 563 1872 598 vexitio-

1126 612 1220 647 nilius
1248 612 1386 659 fatigare,
1408 612 1461 647 sed
1491 613 1594 646 omnia
1635 612 1753 658 integra
1793 624 1872 646 con-

1124 671 1287 697 serventur
1313 663 1435 702 vestris,
1463 670 1555 709 atque
1582 661 1711 696 aliorum
1740 660 1797 695 Dei
1834 662 1871 695 ti-

1125 711 1242 746 delium
1262 712 1370 747 usibus
1385 712 1578 747 omniniodsss
1601 711 1772 757 profutura,
1787 711 1870 746 salva

1126 761 1155 795 in
1179 761 1325 796 omnibus
1340 761 1538 808 Apostolicae
1560 760 1653 795 Sedis
1676 761 1869 795 auctoritate.

1123 809 1156 844 Si
1180 812 1250 857 quis
1273 811 1376 857 igitur,
1403 811 1497 845 huius
1521 819 1643 845 nostrae
1669 810 1869 844 constitutio-

1125 860 1172 893 nis
1196 861 1340 906 paginam
1368 862 1482 899 sciens
1509 869 1614 895 contra
1648 872 1717 894 eam
1753 867 1869 894 temere

1126 910 1230 944 tenire
1255 911 1428 951 tentaverit,
1451 910 1592 944 secundo
1621 910 1748 943 tertiove
1782 922 1869 943 com-

1125 960 1273 1002 monitus
1296 960 1355 994 nisi
1379 968 1496 995 reatum
1525 973 1616 993 snum
1645 971 1780 1004 congrua
1818 971 1870 993 sa—

1123 988 1297 1044 tisfacuoiie
1319 1010 1498 1047 correxerit,
1531 1009 1692 1056 potestatis
1706 986 1868 1042 nuntiaris-

1122 1071 1184 1105 que
1223 1059 1269 1093 sui
1305 1067 1407 1094 careat
1445 1059 1612 1105 dignitate,
1641 1070 1793 1105 reumque
1835 1070 1868 1092 se

1123 1109 1228 1143 (livino
1256 1107 1374 1143 indicio
1396 1109 1530 1143 existere
1552 1109 1589 1142 (le
1610 1117 1779 1155 perpetrata
1808 1108 1869 1142 ini-

1122 1158 1239 1205 quitate
1261 1167 1441 1204 cognoscat,
1468 1165 1497 1192 et
1524 1171 1539 1192 a
1567 1158 1775 1193 sacratissimo
1788 1156 1869 1191 Cor-

1123 1220 1197 1254 pore
1220 1216 1249 1242 et
1270 1207 1433 1255 Sanguine
1463 1207 1521 1242 Dei
1568 1220 1603 1242 ac
1638 1207 1764 1242 Domini
1807 1207 1870 1241 Re-

1122 1257 1294 1304 lemptoris
1316 1258 1412 1292 nostri
1440 1256 1509 1292 lesu
1533 1256 1648 1291 Christi
1664 1257 1784 1291 alienus
1807 1257 1868 1296 fiat,

1122 1316 1215 1354 atque
1242 1307 1272 1341 in
1301 1316 1441 1342 extremo
1463 1307 1606 1342 examine
1623 1307 1782 1341 districtae
1797 1306 1869 1341 sub·

1123 1357 1217 1392 iaceat
1241 1357 1362 1391 ultioni.
1387 1356 1619 1391 Conserrautes
1639 1365 1743 1390 autem
1771 1356 1870 1390 omni-

1123 1408 1258 1453 potentis
1286 1406 1342 1441 Dei
1371 1415 1400 1440 et
1422 1406 1585 1441 beatoium
1614 1405 1696 1440 Petri
1723 1413 1753 1441 et
1779 1405 1867 1440 Pauli

1121 1457 1332 1503 apostolorum
1360 1456 1429 1490 eius
1457 1455 1704 1490 benedictionem
1731 1464 1760 1489 et
1795 1467 1867 1502 gra-

1123 1507 1195 1540 tiam
1212 1513 1455 1553 consequantur.
1476 1505 1587 1539 Amen.
1617 1505 1730 1539 Amen.
1753 1504 1866 1539 Amen.

1171 1554 1285 1589 Datum
1314 1555 1476 1601 Anagniae
1500 1567 1554 1600 per
1577 1567 1704 1589 manum
1729 1554 1867 1600 magistri

1121 1604 1273 1639 Sinibaldi
1297 1612 1422 1639 sanctae
1443 1603 1603 1638 Roin.1na‹=
1626 1603 1785 1638 Ecclesiae
1803 1605 1868 1638 vice

1120 1653 1308 1693 cancellarii,
1332 1655 1440 1701 quinto
1468 1654 1616 1688 kalendas
1630 1653 1766 1699 augusti,
1783 1652 1869 1688 indi-

1121 1705 1222 1738 ctione
1244 1703 1490 1750 quintadecima,
1520 1703 1744 1737 incarnationis
1765 1703 1870 1738 domi-

1124 1754 1209 1787 nicae
1236 1765 1317 1787 anno
1339 1753 1505 1786 millesimo
1533 1752 1749 1787 ducentesimo
1783 1752 1870 1798 vige-

1122 1803 1362 1848 siinoseptimo,
1399 1801 1598 1850 pontificatus
1637 1814 1709 1836 vero
1749 1800 1868 1836 domini

1123 1852 1265 1898 Gregorii
1290 1851 1391 1898 Papae
1420 1863 1501 1886 nono
1528 1863 1610 1886 anno
1639 1852 1750 1898 primo.

1182 1912 1242 1942 Dat.
1265 1913 1312 1942 die
1334 1912 1372 1942 28
1395 1913 1460 1943 iulii
1483 1913 1568 1948 1227,
1602 1912 1704 1952 pontif.
1725 1922 1770 1942 an.
1789 1921 1807 1943 ι.

1471 2082 1524 2117 vt.

1128 2161 1258 2193 Ecclesia
1286 2161 1395 2194 Sancti
1423 2161 1573 2194 Theodori
1590 2161 1627 2193 de
1655 2160 1769 2197 Trebis,
1802 2171 1871 2193 cum

1174 2211 1243 2242 aliis
1266 2217 1327 2242 tum
1361 2211 1422 2243 Ioci
1457 2211 1598 2248 eiusdem,
1634 2220 1725 2253 quam
1754 2214 1871 2242 castro-

1175 2271 1241 2292 rum
1282 2260 1419 2292 Fileclini'
1452 2268 1477 2292 et
1517 2259 1771 2303 Vallispetrarum
1807 2258 1871 2292 Ec-

1177 2309 1284 2347 elrsr'i's,
1324 2310 1409 2342 omm'
1444 2309 1680 2342 contradictione
1713 2315 1867 2346 cessante,

1176 2359 1338 2402 Anagnini
1356 2360 1487 2403 episcopi
1512 2357 1715 2391 iuri'sdictioni
1739 2358 1872 2391 subiecta

1177 2408 1351 2440 declaratur
1378 2409 1433 2450 (li.

1394 2480 1605 2511 SUMMARtUM

1128 2549 1164 2578 Pi
1166 2549 1314 2578 ooemium.
1323 2565 1362 2570 —
1372 2548 1542 2586 ⁴anagninus
1558 2546 1714 2585 episcopus
1726 2545 1773 2575 ius
1783 2554 1871 2585 supra

1169 2594 1256 2622 hasce
1274 2592 1422 2622 Ecclesias
1439 2590 1592 2630 portendit.
1614 2605 1653 2613 ·—-
1671 2588 1873 2630 Respondetut·

342 2643 402 2680 nis
430 2655 508 2681 uuae
536 2643 621 2678 vohis
657 2643 776 2678 indulta
815 2650 872 2683 est,
901 2651 961 2676 tam
998 2614 1112 2700 ἵκω-ἑ
1165 2653 1258 2690 (mlix
1277 2652 1495 2688 Regesi.Vauc..

1890 259 1939 286 An.
1952 260 1980 287 C.
2001 261 2067 288 t227

1919 423 2035 446 clausulae.
