2129 3223
17 276 64 306 An.
82 277 108 304 C.
128 277 194 304 taam

841 280 921 303 mma
927 279 984 303 Nus
1005 280 1039 302 tv
1060 279 1107 302 PP.

209 333 289 368 rium
317 341 512 380 separentur,
537 344 657 367 necnon
681 341 711 367 rt
739 332 780 367 illi
804 345 883 380 quos
904 345 954 368 oc-

207 383 334 418 casione
369 381 505 416 incendii
535 381 579 416 vel
604 382 725 423 ruinae,
748 394 801 417 seu
825 382 953 418 alterius

208 431 340 480 periculi
382 431 428 465 vel
450 429 618 478 dispendii
654 442 709 465 seu
738 443 794 478 pro
827 432 953 467 tuendis

207 493 224 517 a
265 479 408 515 violentia
443 479 655 528 quorumlibet
689 481 878 515 monasterio
905 481 951 516 vel

208 530 362 578 personis,
377 536 429 564 aut
449 541 505 575 pio
523 529 628 576 aliquo
649 540 744 575 opere
766 530 952 573 exercendo,

207 579 293 627 quod
315 578 482 613 commode
513 586 599 613 extra
627 579 850 613 monasterium
886 579 951 614 tieri

208 640 271 662 non
299 635 418 676 potest,
451 627 621 667 necessitas
647 627 785 673 exegerit
813 628 950 662 introire.

208 676 270 719 Qui
297 689 419 716 omnes,
442 676 590 723 expedito
621 687 678 710 suo
698 676 882 715 ministerio,
906 677 950 711 vel

210 726 384 761 imminenti
408 725 584 760 necessitati
612 725 769 759 satisfacto
786 725 952 772 peripsOS,

209 784 322 810 exeant
348 775 416 809 sine
443 786 540 809 mora.
568 773 652 808 Nulli
674 783 777 808 autem
802 786 952 821 personae

208 833 362 859 extraneae
379 825 457 857 intra
472 823 651 857 monasterii
668 823 846 857 clausuram
865 824 952 858 liceat

208 872 373 908 comedere
397 872 442 906 vel
465 871 614 907 dormire.
638 872 700 905 Sed
723 882 752 907 et
774 873 798 906 si
822 872 892 918 quis
914 872 952 906 de

208 920 341 957 Sanctae
367 921 478 956 Clarae
509 921 732 961 cardinalibuS,
755 921 793 955 ad
827 921 952 967 aliquod

209 972 432 1006 monasterinm
468 970 648 1005 huiusmodi
691 970 852 1015 religionis
889 971 954 1004 ali-

208 1020 333 1067 quando
369 1021 498 1062 venerit,
532 1028 562 1053 et
590 1020 665 1053 intra
694 1020 864 1053 claustrum
899 1031 953 1053 vo-

208 1069 300 1103 luerit
321 1069 454 1115 ingredi,
477 1081 547 1102 cnm
571 1068 744 1103 reverentia
766 1067 896 1114 quidem
924 1076 954 1101 et

208 1118 374 1152 devotione
407 1118 612 1164 suscipiatur,
652 1117 706 1151 sed
741 1125 884 1163 rogetur,
922 1124 955 1150 ut

208 1178 280 1202 cum
309 1167 417 1213 paucis
436 1167 532 1201 sociis
556 1173 587 1200 et
609 1166 749 1200 honestis
771 1166 881 1200 debeat
904 1166 955 1199 in-

208 1215 314 1250 troire.
349 1215 455 1250 Liceat
482 1226 608 1262 quoque
643 1215 779 1261 generali
810 1215 955 1249 ministro

209 1264 331 1299 ordinis
350 1264 482 1299 fratrum
502 1264 672 1307 Minorum,
691 1263 816 1310 quando
838 1263 953 1297 ibidem

209 1313 369 1348 celebrare
392 1312 537 1353 voluerit,
559 1312 606 1347 vel
635 1324 810 1359 proponere
837 1312 956 1346 sorori-

210 1362 271 1397 bus
287 1361 417 1397 verbum
444 1361 513 1405 Dei,
541 1373 611 1396 cum
634 1369 769 1407 quatuor
796 1361 843 1395 vel
866 1361 957 1407 quin-

209 1423 272 1459 que
297 1410 444 1446 fratribus
467 1410 566 1457 ipsius
598 1410 729 1451 ordinis,
757 1410 835 1444 intra
863 1410 957 1444 clau-

209 1472 315 1496 suram
347 1459 466 1506 ingredi
494 1459 687 1503 monasterii,
719 1460 744 1493 si
780 1459 906 1505 quando
928 1459 956 1492 ei

210 1508 364 1544 videbitur
381 1508 541 1555 expedire.
558 1508 649 1542 Alius
664 1515 767 1542 autem
788 1507 954 1553 praelatus

210 1558 259 1592 cui
296 1557 465 1605 aliquando
504 1556 582 1591 forte
619 1556 659 1591 de
697 1556 825 1590 licentia
865 1555 957 1590 Sedis

210 1606 422 1654 Apostolicae,
450 1605 496 1639 vel
525 1605 600 1640 dicti
633 1605 811 1648 cardinalis,
841 1605 957 1639 intrare

210 1655 348 1696 licuerit,
375 1654 500 1689 (luobus
531 1654 577 1688 vel
606 1654 707 1688 tribus
735 1662 854 1688 tantum
885 1654 957 1687 reli-

210 1705 307 1750 giosis
336 1711 367 1738 et
398 1703 540 1738 honestis
577 1703 670 1737 sociis
705 1703 745 1737 sit
778 1710 955 1737 contentus.

210 1753 304 1795 Quod
339 1753 364 1786 si
387 1752 478 1791 forte,
502 1764 557 1798 pro
576 1751 795 1786 benedictione
818 1751 864 1785 vel
886 1762 959 1784 con-

212 1801 386 1836 secratione
419 1812 580 1838 sororum,
617 1800 662 1833 vel
690 1800 721 1834 in
756 1800 817 1833 alio
852 1799 957 1839 modo,

212 1861 397 1886 concessum
420 1849 513 1883 fuerit
539 1849 687 1895 episcopo
708 1848 800 1882 alicui
828 1848 957 1882 Missam

213 1898 347 1933 interius
368 1897 526 1933 celebrare
555 1896 735 1942 aliquande,
757 1909 850 1943 quam
880 1909 958 1943 pau-

212 1946 350 1983 cioribus
377 1954 407 1981 et
440 1946 672 1980 honestioribus
706 1946 841 1992 potuerit
863 1946 958 1980 sociis

212 1997 253 2032 sit
284 2003 454 2031 contentus
487 2003 516 2029 et
539 1995 702 2029 ministris.
737 1995 775 2032 Et
798 1994 858 2029 hoc
884 2007 960 2041 quo-

212 2057 273 2093 que
293 2045 395 2092 ipsum
412 2044 505 2078 alicui
524 2044 624 2078 rarius
646 2044 846 2078 concedatur.
866 2043 957 2078 Nulla

212 2103 316 2129 tamen
340 2093 471 2128 omnino
493 2092 639 2147 loquatur
666 2105 736 2127 cum
760 2093 862 2139 aliqua
892 2104 959 2139 per-

212 2155 289 2178 sona
323 2142 363 2178 de
395 2141 556 2188 ingressis,
580 2141 638 2176 nisi
666 2141 760 2176 modo
788 2141 958 2186 pizaetlicto

212 2193 276 2227 sive
303 2191 427 2226 infirma
450 2190 555 2234 fuerit,
577 2191 642 2224 sive
668 2202 753 2225 sana.
782 2190 860 2225 lllud
883 2202 959 2225 sane

212 2241 383 2289 praecipue
401 2247 557 2279 caveatur,
572 2247 607 2273 ut
627 2240 645 2273 ii
662 2239 778 2286 quibus
792 2240 960 2285 aliquando

212 2301 398 2326 concessum
435 2288 530 2323 suerit
562 2288 773 2327 solummodo
806 2288 853 2322 vel
889 2288 960 2322 data

213 2338 339 2374 licentia
361 2338 392 2372 in
417 2337 643 2372 monasterium
667 2337 802 2382 ingredi,
826 2349 886 2371 non
910 2336 960 2371 ali

213 2395 260 2422 ter
285 2387 504 2429 admittantur,
528 2386 586 2420 nisi
609 2384 783 2420 abbatissae
801 2393 830 2420 et
844 2385 959 2420 sorori-

213 2436 274 2471 bus
305 2436 405 2471 visum
429 2434 521 2469 fuerit
546 2434 704 2481 expedire,
735 2446 805 2469 cum
829 2446 865 2468 ex
900 2434 961 2468 bu-

216 2485 352 2520 iusmodi
409 2483 669 2519 concessionibus
719 2484 765 2517 vel
810 2482 960 2523 licentiis

215 2533 369 2568 abbatissa
405 2533 452 2567 vel
476 2544 600 2567 sorores
634 2543 687 2566 eos
714 2531 877 2566 admittere
899 2544 960 2566 non

215 2590 380 2628 cogantur,
409 2591 439 2617 et
475 2590 505 2615 nt
537 2582 599 2615 sint
631 2580 719 2624 tales,
754 2581 793 2614 de
825 2592 960 2627 quorum

215 2630 319 2666 verbis
339 2638 368 2665 et
389 2630 543 2671 moribusâ€ž
569 2641 690 2664 necnon
719 2629 778 2663 vita
801 2637 830 2663 et
853 2629 960 2664 habitu

1621 270 1688 301 717

993 333 1150 369 aedificari
1185 333 1307 369 valeant
1335 333 1510 374 intuentes,
1544 341 1574 369 et
1609 332 1738 368 materia

995 383 1067 418 iusti
1103 382 1242 418 scandali
1269 383 1382 418 exinde
1417 390 1551 431 nequeat
1583 382 1736 429 generari.

993 432 1096 480 Super
1133 432 1338 468 concessione
1360 444 1433 467 vero
1466 432 1512 467 vel
1540 432 1665 467 licentia
1688 431 1739 466 in-

993 493 1120 528 gressus
1142 481 1335 525 huiusmodi,
1362 481 1400 516 ad
1428 493 1522 516 omne
1554 481 1738 528 ambiguum

994 531 1231 574 removendum,
1265 531 1430 577 apostolici
1457 531 1562 578 apices
1596 530 1642 565 vel
1668 542 1739 565 car-

993 580 1108 615 dinalis
1131 587 1272 628 patentes
1294 580 1414 614 litterae
1436 579 1651 615 ostendantur.

1283 653 1362 689 Cap.
1394 656 1449 689 19.

1042 724 1089 759 De
1128 724 1338 759 servitialibus
1377 732 1407 759 et
1441 724 1620 769 sororibus,
1659 737 1739 772 quae

994 785 1121 820 semper
1147 785 1274 808 manere
1301 774 1424 809 clausae
1457 774 1537 808 sicut
1572 774 1649 809 aliae
1677 787 1737 809 non

995 831 1151 863 tenentur,
1185 822 1357 858 districtius
1391 822 1537 858 volumus
1569 823 1740 867 observari,

996 880 1027 906 ut
1054 872 1122 907 sine
1144 872 1280 913 licentia,
1299 871 1386 907 nulla
1412 872 1584 907 claustrum
1602 872 1742 919 egredia-

995 928 1054 955 tur.
1085 920 1125 956 Et
1152 933 1233 967 quae
1272 921 1458 956 emittuntur
1494 921 1644 956 honestae
1678 922 1742 956 sint

995 979 1024 1005 et
1053 970 1268 1005 convenientis
1306 971 1432 1014 aetatis,
1470 982 1506 1005 ac
1547 970 1684 1017 religiosi
1712 978 1742 1006 et

997 1020 1106 1054 maturi
1126 1027 1283 1066 aspectus,
1298 1027 1328 1054 et
1350 1019 1570 1054 calceamentis
1589 1020 1741 1064 honestis,

996 1076 1057 1102 tam
1080 1069 1179 1115 ipsae,
1201 1080 1294 1115 quam
1317 1079 1442 1103 sorores
1472 1068 1554 1112 illae,
1589 1081 1667 1116 quas
1689 1070 1742 1104 ali-

995 1118 1122 1164 quando
1155 1119 1298 1152 emittere
1332 1117 1499 1164 contigerit
1532 1130 1588 1165 pro
1618 1118 1742 1153 casibus

996 1166 1198 1213 supradictis,
1229 1167 1384 1201 calceatae
1417 1166 1572 1201 incedant.
1601 1166 1742 1202 Caeteris

997 1227 1069 1250 vero
1092 1216 1177 1249 intus
1200 1215 1400 1250 manentibus
1421 1216 1510 1250 liceat
1540 1216 1622 1251 istud
1647 1216 1740 1251 idem.

997 1264 1241 1310 Egredientibus
1267 1276 1340 1299 vero
1362 1265 1538 1310 assignetur
1560 1273 1664 1301 certus
1685 1273 1744 1301 ter-

998 1314 1103 1347 minus
1126 1313 1293 1353 redeundi,
1312 1325 1370 1348 nec
1391 1313 1515 1348 alicui
1508 1326 1648 1368 ipsarum
1671 1326 1744 1350 con-

997 1361 1127 1396 cedatur
1156 1370 1242 1396 extra
1258 1362 1499 1404 monasterium,
1528 1375 1596 1398 sine
1617 1363 1744 1398 licentia

997 1411 1137 1457 speciali,
1157 1411 1338 1465 comedere,
1366 1410 1474 1446 bibere
1516 1411 1561 1446 vel
1594 1411 1744 1457 dormire,

997 1472 1056 1494 nec
1083 1459 1121 1493 ab
1156 1460 1288 1494 invicem
1322 1460 1480 1507 separari,
1516 1460 1562 1495 vel
1594 1461 1686 1496 alicui
1713 1461 1745 1496 in

997 1516 1132 1552 secreto,
1170 1520 1224 1543 seu
1272 1508 1446 1555 cappellani
1479 1510 1662 1544 monasterii
1698 1511 1745 1544 vel

998 1569 1219 1592 conversorum
1248 1557 1444 1592 domicilium
1479 1558 1624 1599 introireÍ¾
1657 1566 1688 1593 et
1721 1560 1745 1593 si

998 1607 1100 1653 aliqua
1135 1606 1328 1641 contrarium
1364 1606 1483 1647 fecerit,
1513 1608 1648 1653 graviter
1687 1621 1746 1654 pu-

999 1656 1114 1698 niatur,
1141 1663 1171 1689 et
1204 1655 1338 1690 sollicite
1370 1663 1517 1695 caveant,
1547 1668 1586 1690 ne
1617 1656 1656 1691 ad
1679 1657 1746 1692 loca

999 1711 1145 1750 suspecta
1161 1704 1327 1747 divertant,
1342 1704 1387 1738 vel
1403 1716 1474 1738 cum
1490 1705 1633 1751 personis
1647 1705 1746 1740 malae

999 1752 1099 1786 famae
1122 1752 1362 1787 familiaritatem
1392 1753 1538 1797 habeant,
1558 1765 1616 1788 nec
1636 1753 1665 1787 in
1688 1767 1746 1789 suo

1000 1800 1102 1835 reditu
1138 1802 1310 1836 saecularia
1346 1801 1392 1836 vel
1426 1802 1549 1837 inutilia
1583 1803 1746 1838 sororibus

1001 1849 1146 1890 referant,
1187 1861 1241 1896 peiÎ‡
1267 1862 1347 1897 quae
1383 1850 1512 1885 dissolvi
1545 1851 1664 1886 valeant
1698 1852 1745 1887 vel

1000 1898 1128 1933 turbari.
1149 1899 1189 1933 Et
1211 1899 1362 1946 quamdiu
1386 1908 1471 1934 extra
1494 1900 1621 1941 fuerint,
1645 1900 1747 1936 taliter

1000 1947 1147 1982 studeant
1173 1960 1206 1982 se
1238 1948 1366 1992 habere,
1399 1948 1484 1996 quod
1513 1949 1551 1983 de
1578 1961 1746 1985 conversa-

1002 1997 1085 2031 tione
1113 1997 1243 2032 honesta
1272 1998 1410 2044 ipsarum
1438 1998 1597 2033 aedificari
1626 1999 1746 2034 valeant

1000 2046 1171 2090 intuentes,
1193 2054 1223 2080 et
1245 2047 1395 2094 quicquid
1413 2047 1460 2082 eis
1477 2049 1585 2082 datum
1608 2047 1654 2082 vet
1678 2060 1748 2103 proÎ‡

1001 2095 1132 2129 missum
1166 2095 1272 2139 suerit,
1301 2096 1462 2151 resignent
1489 2096 1536 2131 vel
1560 2098 1747 2131 renuncient

1001 2143 1187 2185 abbatissae,
1221 2145 1268 2179 vel
1296 2145 1360 2186 alii,
1392 2146 1442 2180 cui
1471 2145 1501 2179 in
1525 2145 1585 2180 hoc
1612 2146 1747 2180 commi-

1001 2193 1075 2227 serit
1097 2193 1180 2228 vices
1200 2206 1285 2228 suas.

1398 2270 1456 2302 â°20.

1050 2336 1263 2383 Cappellanus
1290 2338 1315 2372 si
1340 2337 1472 2372 voluerit
1496 2349 1530 2372 se
1556 2339 1747 2373 monasterio

1003 2385 1152 2430 obligare,
1179 2393 1210 2420 et
1242 2386 1338 2432 aliqui
1371 2387 1424 2433 qui
1456 2387 1635 2421 monasterii
1668 2398 1746 2422 con-

1004 2434 1082 2468 versi
1130 2445 1199 2468 esse
1235 2434 1401 2475 voluerint,
1434 2443 1463 2469 et
1498 2434 1673 2471 abbatissae
1715 2444 1746 2471 et

1003 2482 1171 2517 conventui
1189 2483 1289 2518 visum
1309 2483 1401 2518 suerit
1422 2496 1476 2518 eos
1497 2484 1647 2531 recipere,
1664 2496 1747 2519 anno

1004 2531 1198 2578 probationis
1235 2531 1352 2579 elapso,
1392 2533 1573 2579 promittant
1599 2533 1750 2568 obedien-

1004 2581 1078 2614 tiam
1100 2580 1286 2625 abbatissae,
1304 2589 1451 2616 voventes
1471 2581 1532 2616 loci
1550 2581 1747 2618 stabilitatem

1004 2637 1034 2664 et
1080 2637 1232 2677 perpetuo
1265 2630 1366 2665 vivere
1398 2630 1467 2666 sine
1496 2631 1632 2679 proprio,
1659 2639 1690 2667 et
1717 2633 1749 2669 in

1289 2267 1369 2302 Cn.

1753 277 1804 304 An.
1817 278 1847 305 C.
1869 278 1936 304 Â¹26â´

1755 740 1783 760 ne
1792 744 1938 760 sororumser-

1753 771 1854 791 viantium
1867 774 1938 796 egres-

1755 807 1777 820 su
1801 806 1839 827 pro
1864 805 1937 820 monne

1755 832 1814 852 sterit
1839 835 1936 851 neceni<

1754 862 1840 882 tatibus.

1761 2353 1789 2374 De
1797 2354 1915 2381 cappellani
1922 2356 1944 2375 et

1774 2388 1925 2404 convenarum

1759 2415 1810 2439 vita,
1819 2414 1913 2435 moribus
1923 2417 1945 2434 et

1760 2445 1841 2465 vestitui
