<?xml version="1.0" encoding="UTF-8"?>
<!DOCTYPE html PUBLIC "-//W3C//DTD XHTML 1.0 Transitional//EN"
    "http://www.w3.org/TR/xhtml1/DTD/xhtml1-transitional.dtd">
<html xmlns="http://www.w3.org/1999/xhtml" xml:lang="en" lang="en">
 <head>
  <title>
</title>
<meta http-equiv="Content-Type" content="text/html;charset=utf-8" />
  <meta name='ocr-system' content='tesseract 3.04.00' />
  <meta name='ocr-capabilities' content='ocr_page ocr_carea ocr_par ocr_line ocrx_word'/>
</head>
<body>
  <div class='ocr_page' id='page_1' title='image "./bullarumdiplomat03cath_0618.png"; bbox 0 0 2129 3223; ppageno 0'>
   <div class='ocr_carea' id='block_1_1' title="bbox 126 296 307 325">
    <p class='ocr_par' dir='ltr' id='par_1_1' title="bbox 126 296 307 325">
     <span class='ocr_line' id='line_1_1' title="bbox 126 296 307 325; baseline -0.011 0"><span class='ocrx_word' id='word_1_1' title='bbox 126 299 175 325; x_wconf 81' lang='lat' dir='ltr'>An.</span> <span class='ocrx_word' id='word_1_2' title='bbox 193 297 221 324; x_wconf 82' lang='lat' dir='ltr'>C.</span> <span class='ocrx_word' id='word_1_3' title='bbox 241 296 307 323; x_wconf 75' lang='lat'>1255</span> 
     </span>
    </p>
   </div>
   <div class='ocr_carea' id='block_1_2' title="bbox 155 923 272 945">
    <p class='ocr_par' dir='ltr' id='par_1_2' title="bbox 155 923 272 945">
     <span class='ocr_line' id='line_1_2' title="bbox 155 923 272 945; baseline -0.009 0"><span class='ocrx_word' id='word_1_4' title='bbox 155 923 272 945; x_wconf 46' lang='lat' dir='ltr'>{nardinis</span> 
     </span>
    </p>
   </div>
   <div class='ocr_carea' id='block_1_3' title="bbox 128 1717 310 1772">
    <p class='ocr_par' dir='ltr' id='par_1_3' title="bbox 128 1717 310 1772">
     <span class='ocr_line' id='line_1_3' title="bbox 140 1717 310 1741; baseline -0.012 0"><span class='ocrx_word' id='word_1_5' title='bbox 140 1719 230 1741; x_wconf 73' lang='lat' dir='ltr'>Primum</span> <span class='ocrx_word' id='word_1_6' title='bbox 271 1717 310 1739; x_wconf 75' lang='lat' dir='ltr'>do·</span> 
     </span>
     <span class='ocr_line' id='line_1_4' title="bbox 128 1751 190 1772; baseline 0 0"><span class='ocrx_word' id='word_1_7' title='bbox 128 1751 190 1772; x_wconf 35' lang='lat' dir='ltr'>bium,</span> 
     </span>
    </p>
   </div>
   <div class='ocr_carea' id='block_1_4' title="bbox 163 2311 285 2338">
    <p class='ocr_par' dir='ltr' id='par_1_4' title="bbox 163 2311 285 2338">
     <span class='ocr_line' id='line_1_5' title="bbox 163 2311 285 2338; baseline -0.008 -5"><span class='ocrx_word' id='word_1_8' title='bbox 163 2311 285 2338; x_wconf 53' lang='lat' dir='ltr'>nospes-to.</span> 
     </span>
    </p>
   </div>
   <div class='ocr_carea' id='block_1_5' title="bbox 360 284 1064 470">
    <p class='ocr_par' dir='ltr' id='par_1_5' title="bbox 360 284 1064 470">
     <span class='ocr_line' id='line_1_6' title="bbox 371 284 440 317; baseline -0.029 0"><span class='ocrx_word' id='word_1_9' title='bbox 371 284 440 317; x_wconf 69' lang='lat'>612</span> 
     </span>
     <span class='ocr_line' id='line_1_7' title="bbox 362 339 1062 380; baseline -0.017 -1"><span class='ocrx_word' id='word_1_10' title='bbox 362 348 490 378; x_wconf 86' lang='lat' dir='ltr'>Tertium</span> <span class='ocrx_word' id='word_1_11' title='bbox 514 344 645 375; x_wconf 86' lang='lat' dir='ltr'>dubium.</span> <span class='ocrx_word' id='word_1_12' title='bbox 659 358 699 366; x_wconf 91' lang='lat'>-</span> <span class='ocrx_word' id='word_1_13' title='bbox 715 342 743 372; x_wconf 87' lang='lat'>5.</span> <span class='ocrx_word' id='word_1_14' title='bbox 761 341 922 380; x_wconf 84' lang='lat' dir='ltr'>Responsio</span> <span class='ocrx_word' id='word_1_15' title='bbox 937 339 972 369; x_wconf 87' lang='lat' dir='ltr'>ad</span> <span class='ocrx_word' id='word_1_16' title='bbox 992 339 1062 368; x_wconf 88' lang='lat' dir='ltr'>haec</span> 
     </span>
     <span class='ocr_line' id='line_1_8' title="bbox 361 383 1062 424; baseline -0.019 -1"><span class='ocrx_word' id='word_1_17' title='bbox 361 393 427 423; x_wconf 85' lang='lat' dir='ltr'>duo.</span> <span class='ocrx_word' id='word_1_18' title='bbox 445 407 482 414; x_wconf 91' lang='lat'>—</span> <span class='ocrx_word' id='word_1_19' title='bbox 496 390 523 420; x_wconf 80' lang='grc'>6.</span> <span class='ocrx_word' id='word_1_20' title='bbox 539 388 679 424; x_wconf 88' lang='lat' dir='ltr'>Quartum</span> <span class='ocrx_word' id='word_1_21' title='bbox 694 385 825 417; x_wconf 86' lang='lat' dir='ltr'>dubium.</span> <span class='ocrx_word' id='word_1_22' title='bbox 841 401 879 407; x_wconf 90' lang='lat'><strong>—</strong></span> <span class='ocrx_word' id='word_1_23' title='bbox 891 384 916 414; x_wconf 85' lang='lat'>7.</span> <span class='ocrx_word' id='word_1_24' title='bbox 934 383 1062 422; x_wconf 84' lang='lat' dir='ltr'>Respon-</span> 
     </span>
     <span class='ocr_line' id='line_1_9' title="bbox 360 429 1064 470; baseline -0.014 -3"><span class='ocrx_word' id='word_1_25' title='bbox 360 439 413 467; x_wconf 80' lang='lat' dir='ltr'>sio.</span> <span class='ocrx_word' id='word_1_26' title='bbox 431 453 469 459; x_wconf 95' lang='lat'>—</span> <span class='ocrx_word' id='word_1_27' title='bbox 490 435 516 465; x_wconf 89' lang='lat'>8.</span> <span class='ocrx_word' id='word_1_28' title='bbox 534 434 672 470; x_wconf 91' lang='lat' dir='ltr'>Quintum</span> <span class='ocrx_word' id='word_1_29' title='bbox 689 432 821 463; x_wconf 90' lang='lat' dir='ltr'>dubium.</span> <span class='ocrx_word' id='word_1_30' title='bbox 838 448 875 454; x_wconf 96' lang='lat'>—</span> <span class='ocrx_word' id='word_1_31' title='bbox 891 431 919 460; x_wconf 80' lang='lat'>9.</span> <span class='ocrx_word' id='word_1_32' title='bbox 933 429 1064 467; x_wconf 79' lang='lat' dir='ltr'>Respon-</span> 
     </span>
    </p>
   </div>
   <div class='ocr_carea' id='block_1_6' title="bbox 359 475 1061 564">
    <p class='ocr_par' dir='ltr' id='par_1_6' title="bbox 359 475 1061 564">
     <span class='ocr_line' id='line_1_10' title="bbox 360 475 1061 513; baseline -0.013 0"><span class='ocrx_word' id='word_1_33' title='bbox 360 483 413 513; x_wconf 73' lang='lat' dir='ltr'>sio.</span> <span class='ocrx_word' id='word_1_34' title='bbox 431 498 469 505; x_wconf 91' lang='lat'>-</span> <span class='ocrx_word' id='word_1_35' title='bbox 492 481 537 511; x_wconf 86' lang='lat'>10.</span> <span class='ocrx_word' id='word_1_36' title='bbox 559 478 734 510; x_wconf 84' lang='lat' dir='ltr'>Huiusmodi</span> <span class='ocrx_word' id='word_1_37' title='bbox 755 476 965 508; x_wconf 74' lang='lat' dir='ltr'>declarationes</span> <span class='ocrx_word' id='word_1_38' title='bbox 988 475 1061 504; x_wconf 80' lang='lat' dir='ltr'>civi-</span> 
     </span>
     <span class='ocr_line' id='line_1_11' title="bbox 359 521 911 564; baseline -0.013 -7"><span class='ocrx_word' id='word_1_39' title='bbox 359 532 448 557; x_wconf 90' lang='lat' dir='ltr'>tatum</span> <span class='ocrx_word' id='word_1_40' title='bbox 468 523 680 564; x_wconf 77' lang='lat' dir='ltr'>capitularibus</span> <span class='ocrx_word' id='word_1_41' title='bbox 697 521 911 553; x_wconf 83' lang='lat' dir='ltr'>inscribendae.</span> 
     </span>
    </p>
   </div>
   <div class='ocr_carea' id='block_1_7' title="bbox 319 588 1065 824">
    <p class='ocr_par' dir='ltr' id='par_1_7' title="bbox 319 588 1065 824">
     <span class='ocr_line' id='line_1_12' title="bbox 319 588 1065 632; baseline -0.013 -5"><span class='ocrx_word' id='word_1_42' title='bbox 319 598 466 627; x_wconf 69' lang='lat' dir='ltr'>alexander</span> <span class='ocrx_word' id='word_1_43' title='bbox 478 595 616 632; x_wconf 71' lang='lat' dir='ltr'>episcopus</span> <span class='ocrx_word' id='word_1_44' title='bbox 626 600 721 623; x_wconf 78' lang='lat' dir='ltr'>servus</span> <span class='ocrx_word' id='word_1_45' title='bbox 737 598 875 622; x_wconf 82' lang='lat' dir='ltr'>servorum</span> <span class='ocrx_word' id='word_1_46' title='bbox 887 590 941 623; x_wconf 77' lang='lat' dir='ltr'>Dei.</span> <span class='ocrx_word' id='word_1_47' title='bbox 956 588 1065 618; x_wconf 82' lang='lat' dir='ltr'>dilectis</span> 
     </span>
     <span class='ocr_line' id='line_1_13' title="bbox 361 639 1065 677; baseline -0.016 0"><span class='ocrx_word' id='word_1_48' title='bbox 361 648 428 677; x_wconf 76' lang='lat' dir='ltr'>filiis</span> <span class='ocrx_word' id='word_1_49' title='bbox 445 645 582 676; x_wconf 79' lang='lat' dir='ltr'>fratribus</span> <span class='ocrx_word' id='word_1_50' title='bbox 600 642 844 674; x_wconf 65' lang='lat' dir='ltr'>praedicatoribus,</span> <span class='ocrx_word' id='word_1_51' title='bbox 858 639 1065 676; x_wconf 78' lang='lat' dir='ltr'>inquisitoribus</span> 
     </span>
     <span class='ocr_line' id='line_1_14' title="bbox 361 688 1062 731; baseline -0.016 -5"><span class='ocrx_word' id='word_1_52' title='bbox 361 696 514 726; x_wconf 78' lang='lat' dir='ltr'>haereticae</span> <span class='ocrx_word' id='word_1_53' title='bbox 531 694 694 731; x_wconf 56' lang='lat' dir='ltr'>pravitatis</span> <span class='ocrx_word' id='word_1_54' title='bbox 714 693 742 721; x_wconf 81' lang='lat' dir='ltr'>in</span> <span class='ocrx_word' id='word_1_55' title='bbox 763 690 921 720; x_wconf 78' lang='lat' dir='ltr'>Lambardta</span> <span class='ocrx_word' id='word_1_56' title='bbox 942 689 970 717; x_wconf 76' lang='lat' dir='ltr'>et</span> <span class='ocrx_word' id='word_1_57' title='bbox 993 688 1062 717; x_wconf 75' lang='lat' dir='ltr'>Mai·-</span> 
     </span>
     <span class='ocr_line' id='line_1_15' title="bbox 362 738 1064 777; baseline -0.014 -2"><span class='ocrx_word' id='word_1_58' title='bbox 362 746 422 775; x_wconf 75' lang='lat' dir='ltr'>chia</span> <span class='ocrx_word' id='word_1_59' title='bbox 440 745 572 777; x_wconf 74' lang='lat' dir='ltr'>lauriensi.</span> <span class='ocrx_word' id='word_1_60' title='bbox 600 743 717 773; x_wconf 77' lang='lat' dir='ltr'>salutem</span> <span class='ocrx_word' id='word_1_61' title='bbox 737 742 765 770; x_wconf 79' lang='lat' dir='ltr'>ot</span> <span class='ocrx_word' id='word_1_62' title='bbox 789 738 966 775; x_wconf 73' lang='lat' dir='ltr'>apostoticam</span> <span class='ocrx_word' id='word_1_63' title='bbox 988 738 1064 766; x_wconf 80' lang='lat' dir='ltr'>bene·</span> 
     </span>
     <span class='ocr_line' id='line_1_16' title="bbox 361 795 516 824; baseline -0.013 0"><span class='ocrx_word' id='word_1_64' title='bbox 361 795 516 824; x_wconf 78' lang='lat' dir='ltr'>dictionem.</span> 
     </span>
    </p>
   </div>
   <div class='ocr_carea' id='block_1_8' title="bbox 318 858 1075 2438">
    <p class='ocr_par' dir='ltr' id='par_1_8' title="bbox 318 858 1068 1651">
     <span class='ocr_line' id='line_1_17' title="bbox 367 858 1064 904; baseline -0.014 -3"><span class='ocrx_word' id='word_1_65' title='bbox 367 866 481 901; x_wconf 88' lang='lat' dir='ltr'>Felicis</span> <span class='ocrx_word' id='word_1_66' title='bbox 507 864 730 900; x_wconf 90' lang='lat' dir='ltr'>recordationis</span> <span class='ocrx_word' id='word_1_67' title='bbox 756 859 958 896; x_wconf 80' lang='lat' dir='ltr'>Innocentius</span> <span class='ocrx_word' id='word_1_68' title='bbox 982 858 1064 904; x_wconf 79' lang='lat' dir='ltr'>Papa</span> 
     </span>
     <span class='ocr_line' id='line_1_18' title="bbox 319 908 1066 964; baseline -0.016 -12"><span class='ocrx_word' id='word_1_69' title='bbox 319 915 542 964; x_wconf 83' lang='lat' dir='ltr'>praedecessor</span> <span class='ocrx_word' id='word_1_70' title='bbox 557 922 673 955; x_wconf 86' lang='lat' dir='ltr'>noster,</span> <span class='ocrx_word' id='word_1_71' title='bbox 695 912 813 946; x_wconf 84' lang='lat' dir='ltr'>dudum</span> <span class='ocrx_word' id='word_1_72' title='bbox 827 908 1066 945; x_wconf 68' lang='lat' dir='ltr'>constitutiones</span> 
     </span>
     <span class='ocr_line' id='line_1_19' title="bbox 318 957 1066 1013; baseline -0.015 -12"><span class='ocrx_word' id='word_1_73' title='bbox 318 965 468 1013; x_wconf 91' lang='lat' dir='ltr'>quasdam</span> <span class='ocrx_word' id='word_1_74' title='bbox 508 963 617 1001; x_wconf 82' lang='lat' dir='ltr'>edidit,</span> <span class='ocrx_word' id='word_1_75' title='bbox 654 960 826 996; x_wconf 81' lang='lat' dir='ltr'>secundum</span> <span class='ocrx_word' id='word_1_76' title='bbox 868 970 946 1008; x_wconf 83' lang='lat' dir='ltr'>quas</span> <span class='ocrx_word' id='word_1_77' title='bbox 983 957 1066 1004; x_wconf 83' lang='lat' dir='ltr'>rigor</span> 
     </span>
     <span class='ocr_line' id='line_1_20' title="bbox 319 1006 1066 1055; baseline -0.015 -5"><span class='ocrx_word' id='word_1_78' title='bbox 319 1015 412 1050; x_wconf 88' lang='lat' dir='ltr'>debet</span> <span class='ocrx_word' id='word_1_79' title='bbox 438 1013 574 1049; x_wconf 79' lang='lat' dir='ltr'>exerceri</span> <span class='ocrx_word' id='word_1_80' title='bbox 611 1010 780 1046; x_wconf 87' lang='lat' dir='ltr'>canonicus</span> <span class='ocrx_word' id='word_1_81' title='bbox 810 1010 840 1043; x_wconf 92' lang='lat' dir='ltr'>in</span> <span class='ocrx_word' id='word_1_82' title='bbox 873 1006 1066 1055; x_wconf 79' lang='lat' dir='ltr'>extirpandis</span> 
     </span>
     <span class='ocr_line' id='line_1_21' title="bbox 318 1058 1066 1110; baseline -0.015 -10"><span class='ocrx_word' id='word_1_83' title='bbox 318 1078 356 1100; x_wconf 73' lang='lat' dir='ltr'>es</span> <span class='ocrx_word' id='word_1_84' title='bbox 377 1076 450 1110; x_wconf 84' lang='lat' dir='ltr'>agro</span> <span class='ocrx_word' id='word_1_85' title='bbox 477 1062 617 1097; x_wconf 84' lang='lat' dir='ltr'>fidelium</span> <span class='ocrx_word' id='word_1_86' title='bbox 639 1060 763 1095; x_wconf 78' lang='lat' dir='ltr'>zizaniis</span> <span class='ocrx_word' id='word_1_87' title='bbox 791 1058 962 1092; x_wconf 80' lang='lat' dir='ltr'>haereticae</span> <span class='ocrx_word' id='word_1_88' title='bbox 995 1067 1066 1102; x_wconf 90' lang='lat' dir='ltr'>pra-</span> 
     </span>
     <span class='ocr_line' id='line_1_22' title="bbox 320 1105 1065 1160; baseline -0.013 -11"><span class='ocrx_word' id='word_1_89' title='bbox 320 1114 433 1149; x_wconf 82' lang='lat' dir='ltr'>vitatis:</span> <span class='ocrx_word' id='word_1_90' title='bbox 460 1124 593 1160; x_wconf 86' lang='lat' dir='ltr'>quarum</span> <span class='ocrx_word' id='word_1_91' title='bbox 621 1110 743 1156; x_wconf 81' lang='lat' dir='ltr'>aliquae</span> <span class='ocrx_word' id='word_1_92' title='bbox 777 1108 920 1142; x_wconf 84' lang='lat' dir='ltr'>videntur</span> <span class='ocrx_word' id='word_1_93' title='bbox 955 1105 1065 1140; x_wconf 87' lang='lat' dir='ltr'>ambi—</span> 
     </span>
     <span class='ocr_line' id='line_1_23' title="bbox 319 1155 1066 1210; baseline -0.013 -12"><span class='ocrx_word' id='word_1_94' title='bbox 319 1175 410 1210; x_wconf 77' lang='lat' dir='ltr'>guae,</span> <span class='ocrx_word' id='word_1_95' title='bbox 436 1173 530 1208; x_wconf 86' lang='lat' dir='ltr'>super</span> <span class='ocrx_word' id='word_1_96' title='bbox 552 1160 667 1208; x_wconf 86' lang='lat' dir='ltr'>quibus</span> <span class='ocrx_word' id='word_1_97' title='bbox 690 1166 812 1193; x_wconf 91' lang='lat' dir='ltr'>nostrae</span> <span class='ocrx_word' id='word_1_98' title='bbox 851 1155 1066 1203; x_wconf 83' lang='lat' dir='ltr'>responsionis</span> 
     </span>
     <span class='ocr_line' id='line_1_24' title="bbox 320 1206 1064 1257; baseline -0.015 -9"><span class='ocrx_word' id='word_1_99' title='bbox 320 1212 482 1248; x_wconf 85' lang='lat' dir='ltr'>oraculum</span> <span class='ocrx_word' id='word_1_100' title='bbox 510 1210 709 1257; x_wconf 82' lang='lat' dir='ltr'>implorastis.</span> <span class='ocrx_word' id='word_1_101' title='bbox 734 1207 780 1242; x_wconf 76' lang='lat' dir='ltr'>Ne</span> <span class='ocrx_word' id='word_1_102' title='bbox 803 1206 898 1252; x_wconf 74' lang='lat' dir='ltr'>igitur</span> <span class='ocrx_word' id='word_1_103' title='bbox 929 1206 1064 1251; x_wconf 82' lang='lat' dir='ltr'>ipsarum</span> 
     </span>
     <span class='ocr_line' id='line_1_25' title="bbox 320 1256 1067 1298; baseline -0.012 -1"><span class='ocrx_word' id='word_1_104' title='bbox 320 1261 580 1298; x_wconf 84' lang='lat' dir='ltr'>constitutionum</span> <span class='ocrx_word' id='word_1_105' title='bbox 608 1257 793 1295; x_wconf 79' lang='lat' dir='ltr'>obscuritas,</span> <span class='ocrx_word' id='word_1_106' title='bbox 816 1256 1002 1290; x_wconf 85' lang='lat' dir='ltr'>commissae</span> <span class='ocrx_word' id='word_1_107' title='bbox 1019 1266 1067 1288; x_wconf 87' lang='lat' dir='ltr'>vo-</span> 
     </span>
     <span class='ocr_line' id='line_1_26' title="bbox 321 1303 1067 1354; baseline -0.013 -8"><span class='ocrx_word' id='word_1_108' title='bbox 321 1311 371 1346; x_wconf 90' lang='lat' dir='ltr'>bis</span> <span class='ocrx_word' id='word_1_109' title='bbox 396 1308 599 1346; x_wconf 89' lang='lat' dir='ltr'>sollicitudini</span> <span class='ocrx_word' id='word_1_110' title='bbox 642 1307 830 1354; x_wconf 88' lang='lat' dir='ltr'>perniciosas</span> <span class='ocrx_word' id='word_1_111' title='bbox 868 1304 965 1338; x_wconf 72' lang='lat' dir='ltr'>vineae</span> <span class='ocrx_word' id='word_1_112' title='bbox 1002 1303 1067 1337; x_wconf 86' lang='lat' dir='ltr'>Do-</span> 
     </span>
     <span class='ocr_line' id='line_1_27' title="bbox 321 1352 1067 1407; baseline -0.012 -12"><span class='ocrx_word' id='word_1_113' title='bbox 321 1362 398 1395; x_wconf 88' lang='lat' dir='ltr'>mini</span> <span class='ocrx_word' id='word_1_114' title='bbox 435 1361 483 1407; x_wconf 86' lang='lat' dir='ltr'>pie</span> <span class='ocrx_word' id='word_1_115' title='bbox 519 1356 725 1406; x_wconf 90' lang='lat' dir='ltr'>persequendi</span> <span class='ocrx_word' id='word_1_116' title='bbox 765 1353 973 1402; x_wconf 88' lang='lat' dir='ltr'>capiendique</span> <span class='ocrx_word' id='word_1_117' title='bbox 1000 1352 1067 1387; x_wconf 84' lang='lat' dir='ltr'>vul-</span> 
     </span>
     <span class='ocr_line' id='line_1_28' title="bbox 323 1402 1065 1457; baseline -0.013 -12"><span class='ocrx_word' id='word_1_118' title='bbox 323 1410 459 1457; x_wconf 85' lang='lat' dir='ltr'>peculas,</span> <span class='ocrx_word' id='word_1_119' title='bbox 487 1408 682 1443; x_wconf 82' lang='lat' dir='ltr'>obstaculum</span> <span class='ocrx_word' id='word_1_120' title='bbox 727 1404 853 1440; x_wconf 84' lang='lat' dir='ltr'>obiiciat</span> <span class='ocrx_word' id='word_1_121' title='bbox 887 1402 1065 1437; x_wconf 85' lang='lat' dir='ltr'>tarditatis:</span> 
     </span>
     <span class='ocr_line' id='line_1_29' title="bbox 322 1451 1067 1506; baseline -0.012 -13"><span class='ocrx_word' id='word_1_122' title='bbox 322 1459 460 1506; x_wconf 87' lang='lat' dir='ltr'>quinque</span> <span class='ocrx_word' id='word_1_123' title='bbox 487 1458 622 1504; x_wconf 82' lang='lat' dir='ltr'>ipsarum</span> <span class='ocrx_word' id='word_1_124' title='bbox 645 1453 900 1490; x_wconf 88' lang='lat' dir='ltr'>constitutionum</span> <span class='ocrx_word' id='word_1_125' title='bbox 914 1451 1067 1498; x_wconf 88' lang='lat' dir='ltr'>capitula,</span> 
     </span>
     <span class='ocr_line' id='line_1_30' title="bbox 322 1501 1067 1555; baseline -0.012 -12"><span class='ocrx_word' id='word_1_126' title='bbox 322 1520 403 1555; x_wconf 90' lang='lat' dir='ltr'>quae</span> <span class='ocrx_word' id='word_1_127' title='bbox 426 1506 512 1542; x_wconf 91' lang='lat' dir='ltr'>vobis</span> <span class='ocrx_word' id='word_1_128' title='bbox 537 1505 630 1540; x_wconf 90' lang='lat' dir='ltr'>dubia</span> <span class='ocrx_word' id='word_1_129' title='bbox 659 1504 853 1546; x_wconf 86' lang='lat' dir='ltr'>videbantur,</span> <span class='ocrx_word' id='word_1_130' title='bbox 887 1501 1067 1536; x_wconf 88' lang='lat' dir='ltr'>auctoritate</span> 
     </span>
     <span class='ocr_line' id='line_1_31' title="bbox 323 1553 1068 1604; baseline -0.011 -13"><span class='ocrx_word' id='word_1_131' title='bbox 323 1557 547 1604; x_wconf 85' lang='lat' dir='ltr'>praesentium,</span> <span class='ocrx_word' id='word_1_132' title='bbox 569 1555 607 1589; x_wconf 93' lang='lat' dir='ltr'>de</span> <span class='ocrx_word' id='word_1_133' title='bbox 630 1553 757 1588; x_wconf 85' lang='lat' dir='ltr'>fratrum</span> <span class='ocrx_word' id='word_1_134' title='bbox 778 1559 956 1586; x_wconf 90' lang='lat' dir='ltr'>nostrorum</span> <span class='ocrx_word' id='word_1_135' title='bbox 991 1561 1068 1585; x_wconf 89' lang='lat' dir='ltr'>con-</span> 
     </span>
     <span class='ocr_line' id='line_1_32' title="bbox 323 1601 796 1651; baseline -0.013 -10"><span class='ocrx_word' id='word_1_136' title='bbox 323 1607 407 1651; x_wconf 86' lang='lat' dir='ltr'>silio,</span> <span class='ocrx_word' id='word_1_137' title='bbox 429 1606 578 1641; x_wconf 82' lang='lat' dir='ltr'>duximus</span> <span class='ocrx_word' id='word_1_138' title='bbox 599 1601 796 1638; x_wconf 90' lang='lat' dir='ltr'>declaranda.</span> 
     </span>
    </p>

    <p class='ocr_par' dir='ltr' id='par_1_9' title="bbox 323 1649 1073 2247">
     <span class='ocr_line' id='line_1_33' title="bbox 373 1649 1068 1704; baseline -0.013 -13"><span class='ocrx_word' id='word_1_139' title='bbox 373 1656 394 1704; x_wconf 67' lang='lat' dir='ltr'>S</span> <span class='ocrx_word' id='word_1_140' title='bbox 417 1658 447 1690; x_wconf 85' lang='lat'>1.</span> <span class='ocrx_word' id='word_1_141' title='bbox 469 1654 612 1690; x_wconf 85' lang='lat' dir='ltr'>Primum</span> <span class='ocrx_word' id='word_1_142' title='bbox 634 1663 709 1688; x_wconf 86' lang='lat' dir='ltr'>sane</span> <span class='ocrx_word' id='word_1_143' title='bbox 730 1649 935 1685; x_wconf 89' lang='lat' dir='ltr'>dubitationis</span> <span class='ocrx_word' id='word_1_144' title='bbox 950 1656 1068 1683; x_wconf 86' lang='lat' dir='ltr'>vestrae</span> 
     </span>
     <span class='ocr_line' id='line_1_34' title="bbox 323 1697 1067 1752; baseline -0.013 -11"><span class='ocrx_word' id='word_1_145' title='bbox 323 1704 496 1752; x_wconf 87' lang='lat' dir='ltr'>capitulum</span> <span class='ocrx_word' id='word_1_146' title='bbox 521 1702 672 1745; x_wconf 89' lang='lat' dir='ltr'>continet,</span> <span class='ocrx_word' id='word_1_147' title='bbox 694 1700 777 1748; x_wconf 88' lang='lat' dir='ltr'>quod</span> <span class='ocrx_word' id='word_1_148' title='bbox 805 1708 864 1734; x_wconf 91' lang='lat' dir='ltr'>tam</span> <span class='ocrx_word' id='word_1_149' title='bbox 899 1697 1067 1733; x_wconf 88' lang='lat' dir='ltr'>duodecim</span> 
     </span>
     <span class='ocr_line' id='line_1_35' title="bbox 325 1747 1069 1802; baseline -0.011 -13"><span class='ocrx_word' id='word_1_150' title='bbox 325 1756 394 1796; x_wconf 88' lang='lat' dir='ltr'>viri,</span> <span class='ocrx_word' id='word_1_151' title='bbox 413 1765 506 1802; x_wconf 87' lang='lat' dir='ltr'>quarn</span> <span class='ocrx_word' id='word_1_152' title='bbox 528 1751 636 1788; x_wconf 89' lang='lat' dir='ltr'>notarii</span> <span class='ocrx_word' id='word_1_153' title='bbox 651 1759 681 1785; x_wconf 90' lang='lat' dir='ltr'>et</span> <span class='ocrx_word' id='word_1_154' title='bbox 695 1750 861 1786; x_wconf 85' lang='lat' dir='ltr'>servitores</span> <span class='ocrx_word' id='word_1_155' title='bbox 874 1747 1069 1786; x_wconf 85' lang='lat' dir='ltr'>eorumdem,</span> 
     </span>
     <span class='ocr_line' id='line_1_36' title="bbox 324 1796 1071 1851; baseline -0.013 -11"><span class='ocrx_word' id='word_1_156' title='bbox 324 1804 361 1840; x_wconf 85' lang='lat' dir='ltr'>ad</span> <span class='ocrx_word' id='word_1_157' title='bbox 383 1802 572 1851; x_wconf 90' lang='lat' dir='ltr'>capiendum</span> <span class='ocrx_word' id='word_1_158' title='bbox 607 1799 779 1835; x_wconf 87' lang='lat' dir='ltr'>haereticos</span> <span class='ocrx_word' id='word_1_159' title='bbox 819 1798 986 1845; x_wconf 86' lang='lat' dir='ltr'>deputati,</span> <span class='ocrx_word' id='word_1_160' title='bbox 1025 1796 1071 1831; x_wconf 88' lang='lat' dir='ltr'>si-</span> 
     </span>
     <span class='ocr_line' id='line_1_37' title="bbox 324 1845 1070 1896; baseline -0.013 -7"><span class='ocrx_word' id='word_1_161' title='bbox 324 1853 390 1889; x_wconf 88' lang='lat' dir='ltr'>mut</span> <span class='ocrx_word' id='word_1_162' title='bbox 422 1860 452 1888; x_wconf 88' lang='lat' dir='ltr'>et</span> <span class='ocrx_word' id='word_1_163' title='bbox 490 1851 610 1886; x_wconf 80' lang='lat' dir='ltr'>divisim</span> <span class='ocrx_word' id='word_1_164' title='bbox 649 1850 816 1896; x_wconf 86' lang='lat' dir='ltr'>plenariam</span> <span class='ocrx_word' id='word_1_165' title='bbox 848 1845 1070 1895; x_wconf 86' lang='lat' dir='ltr'>praecipiendi,</span> 
     </span>
     <span class='ocr_line' id='line_1_38' title="bbox 325 1895 1070 1950; baseline -0.013 -11"><span class='ocrx_word' id='word_1_166' title='bbox 325 1904 385 1939; x_wconf 89' lang='lat' dir='ltr'>sub</span> <span class='ocrx_word' id='word_1_167' title='bbox 412 1913 510 1950; x_wconf 90' lang='lat' dir='ltr'>poena</span> <span class='ocrx_word' id='word_1_168' title='bbox 533 1909 562 1936; x_wconf 84' lang='lat' dir='ltr'>et</span> <span class='ocrx_word' id='word_1_169' title='bbox 589 1899 704 1939; x_wconf 82' lang='lat' dir='ltr'>banno,</span> <span class='ocrx_word' id='word_1_170' title='bbox 744 1910 823 1945; x_wconf 87' lang='lat' dir='ltr'>quae</span> <span class='ocrx_word' id='word_1_171' title='bbox 861 1897 898 1932; x_wconf 90' lang='lat' dir='ltr'>ad</span> <span class='ocrx_word' id='word_1_172' title='bbox 934 1895 1070 1931; x_wconf 85' lang='lat' dir='ltr'>officium</span> 
     </span>
     <span class='ocr_line' id='line_1_39' title="bbox 326 1944 1072 1999; baseline -0.013 -11"><span class='ocrx_word' id='word_1_173' title='bbox 326 1964 419 1988; x_wconf 87' lang='lat' dir='ltr'>sunm</span> <span class='ocrx_word' id='word_1_174' title='bbox 441 1951 608 1999; x_wconf 83' lang='lat' dir='ltr'>pertinent,</span> <span class='ocrx_word' id='word_1_175' title='bbox 636 1948 767 1983; x_wconf 90' lang='lat' dir='ltr'>habeant</span> <span class='ocrx_word' id='word_1_176' title='bbox 796 1953 990 1994; x_wconf 88' lang='lat' dir='ltr'>potestatem.</span> <span class='ocrx_word' id='word_1_177' title='bbox 1014 1944 1072 1979; x_wconf 87' lang='lat' dir='ltr'>Po-</span> 
     </span>
     <span class='ocr_line' id='line_1_40' title="bbox 328 1998 1072 2042; baseline -0.012 -5"><span class='ocrx_word' id='word_1_178' title='bbox 328 2010 421 2038; x_wconf 88' lang='lat' dir='ltr'>testas</span> <span class='ocrx_word' id='word_1_179' title='bbox 443 2012 515 2036; x_wconf 91' lang='lat' dir='ltr'>vero</span> <span class='ocrx_word' id='word_1_180' title='bbox 542 1999 609 2034; x_wconf 87' lang='lat' dir='ltr'>talis</span> <span class='ocrx_word' id='word_1_181' title='bbox 638 1999 709 2042; x_wconf 90' lang='lat' dir='ltr'>loci,</span> <span class='ocrx_word' id='word_1_182' title='bbox 732 1998 776 2032; x_wconf 78' lang='lat' dir='ltr'>vel</span> <span class='ocrx_word' id='word_1_183' title='bbox 798 2004 909 2036; x_wconf 91' lang='lat' dir='ltr'>rector,</span> <span class='ocrx_word' id='word_1_184' title='bbox 932 2003 1072 2030; x_wconf 87' lang='lat' dir='ltr'>teneatur</span> 
     </span>
     <span class='ocr_line' id='line_1_41' title="bbox 327 2046 1072 2093; baseline -0.013 -5"><span class='ocrx_word' id='word_1_185' title='bbox 327 2051 442 2088; x_wconf 90' lang='lat' dir='ltr'>habere</span> <span class='ocrx_word' id='word_1_186' title='bbox 464 2050 551 2086; x_wconf 84' lang='lat' dir='ltr'>firma</span> <span class='ocrx_word' id='word_1_187' title='bbox 590 2056 621 2083; x_wconf 91' lang='lat' dir='ltr'>et</span> <span class='ocrx_word' id='word_1_188' title='bbox 656 2056 718 2082; x_wconf 89' lang='lat' dir='ltr'>rata</span> <span class='ocrx_word' id='word_1_189' title='bbox 756 2046 861 2081; x_wconf 89' lang='lat' dir='ltr'>omnia</span> <span class='ocrx_word' id='word_1_190' title='bbox 895 2053 1072 2093; x_wconf 82' lang='lat' dir='ltr'>praecepta,</span> 
     </span>
     <span class='ocr_line' id='line_1_42' title="bbox 328 2094 1070 2150; baseline -0.013 -13"><span class='ocrx_word' id='word_1_191' title='bbox 328 2113 408 2150; x_wconf 89' lang='lat' dir='ltr'>quae</span> <span class='ocrx_word' id='word_1_192' title='bbox 432 2100 597 2136; x_wconf 87' lang='lat' dir='ltr'>occasione</span> <span class='ocrx_word' id='word_1_193' title='bbox 623 2096 714 2133; x_wconf 85' lang='lat' dir='ltr'>officii</span> <span class='ocrx_word' id='word_1_194' title='bbox 733 2096 779 2131; x_wconf 91' lang='lat' dir='ltr'>sui</span> <span class='ocrx_word' id='word_1_195' title='bbox 802 2095 933 2131; x_wconf 78' lang='lat' dir='ltr'>fecerint</span> <span class='ocrx_word' id='word_1_196' title='bbox 954 2094 1016 2128; x_wconf 94' lang='lat' dir='ltr'>duo</span> <span class='ocrx_word' id='word_1_197' title='bbox 1033 2105 1070 2128; x_wconf 86' lang='lat' dir='ltr'>ex</span> 
     </span>
     <span class='ocr_line' id='line_1_43' title="bbox 328 2145 1073 2200; baseline -0.012 -14"><span class='ocrx_word' id='word_1_198' title='bbox 328 2152 406 2200; x_wconf 89' lang='lat' dir='ltr'>ipsis</span> <span class='ocrx_word' id='word_1_199' title='bbox 427 2148 624 2189; x_wconf 89' lang='lat' dir='ltr'>officialibus,</span> <span class='ocrx_word' id='word_1_200' title='bbox 657 2146 722 2181; x_wconf 87' lang='lat' dir='ltr'>sive</span> <span class='ocrx_word' id='word_1_201' title='bbox 762 2145 876 2193; x_wconf 86' lang='lat' dir='ltr'>plures,</span> <span class='ocrx_word' id='word_1_202' title='bbox 903 2152 933 2179; x_wconf 92' lang='lat' dir='ltr'>et</span> <span class='ocrx_word' id='word_1_203' title='bbox 958 2154 1073 2191; x_wconf 87' lang='lat' dir='ltr'>poenas</span> 
     </span>
     <span class='ocr_line' id='line_1_44' title="bbox 329 2197 760 2247; baseline -0.019 -10"><span class='ocrx_word' id='word_1_204' title='bbox 329 2201 454 2247; x_wconf 83' lang='lat' dir='ltr'>exigere</span> <span class='ocrx_word' id='word_1_205' title='bbox 475 2211 537 2234; x_wconf 90' lang='lat' dir='ltr'>non</span> <span class='ocrx_word' id='word_1_206' title='bbox 559 2197 760 2233; x_wconf 88' lang='lat' dir='ltr'>servantium.</span> 
     </span>
    </p>

    <p class='ocr_par' dir='ltr' id='par_1_10' title="bbox 332 2243 1075 2438">
     <span class='ocr_line' id='line_1_45' title="bbox 379 2243 1075 2298; baseline -0.013 -13"><span class='ocrx_word' id='word_1_207' title='bbox 379 2250 400 2298; x_wconf 70' lang='lat' dir='ltr'>S</span> <span class='ocrx_word' id='word_1_208' title='bbox 425 2251 457 2284; x_wconf 77' lang='lat'>2.</span> <span class='ocrx_word' id='word_1_209' title='bbox 482 2247 549 2283; x_wconf 91' lang='lat' dir='ltr'>Hoc</span> <span class='ocrx_word' id='word_1_210' title='bbox 570 2248 684 2295; x_wconf 87' lang='lat' dir='ltr'>itaque,</span> <span class='ocrx_word' id='word_1_211' title='bbox 713 2244 796 2293; x_wconf 90' lang='lat' dir='ltr'>quod</span> <span class='ocrx_word' id='word_1_212' title='bbox 835 2243 875 2278; x_wconf 88' lang='lat' dir='ltr'>de</span> <span class='ocrx_word' id='word_1_213' title='bbox 909 2254 1006 2290; x_wconf 88' lang='lat' dir='ltr'>poena</span> <span class='ocrx_word' id='word_1_214' title='bbox 1044 2248 1075 2276; x_wconf 88' lang='lat' dir='ltr'>et</span> 
     </span>
     <span class='ocr_line' id='line_1_46' title="bbox 332 2291 1074 2339; baseline -0.013 -4"><span class='ocrx_word' id='word_1_215' title='bbox 332 2300 436 2335; x_wconf 84' lang='lat' dir='ltr'>banno</span> <span class='ocrx_word' id='word_1_216' title='bbox 462 2298 579 2333; x_wconf 89' lang='lat' dir='ltr'>dictum</span> <span class='ocrx_word' id='word_1_217' title='bbox 602 2306 659 2339; x_wconf 80' lang='lat' dir='ltr'>est,</span> <span class='ocrx_word' id='word_1_218' title='bbox 688 2294 725 2330; x_wconf 89' lang='lat' dir='ltr'>de</span> <span class='ocrx_word' id='word_1_219' title='bbox 749 2294 808 2328; x_wconf 90' lang='lat' dir='ltr'>illis</span> <span class='ocrx_word' id='word_1_220' title='bbox 835 2293 994 2328; x_wconf 77' lang='lat' dir='ltr'>dumtaxat</span> <span class='ocrx_word' id='word_1_221' title='bbox 1024 2291 1074 2325; x_wconf 92' lang='lat' dir='ltr'>in-</span> 
     </span>
     <span class='ocr_line' id='line_1_47' title="bbox 332 2346 1075 2397; baseline -0.012 -13"><span class='ocrx_word' id='word_1_222' title='bbox 332 2355 540 2397; x_wconf 87' lang='lat' dir='ltr'>terpretamur</span> <span class='ocrx_word' id='word_1_223' title='bbox 562 2346 706 2391; x_wconf 82' lang='lat' dir='ltr'>intelligi,</span> <span class='ocrx_word' id='word_1_224' title='bbox 734 2355 813 2391; x_wconf 87' lang='lat' dir='ltr'>quae</span> <span class='ocrx_word' id='word_1_225' title='bbox 847 2349 1075 2389; x_wconf 88' lang='lat' dir='ltr'>consequenter</span> 
     </span>
     <span class='ocr_line' id='line_1_48' title="bbox 333 2394 1073 2438; baseline -0.012 -4"><span class='ocrx_word' id='word_1_226' title='bbox 333 2400 364 2434; x_wconf 89' lang='lat' dir='ltr'>in</span> <span class='ocrx_word' id='word_1_227' title='bbox 387 2397 506 2435; x_wconf 90' lang='lat' dir='ltr'>eisdem</span> <span class='ocrx_word' id='word_1_228' title='bbox 523 2394 798 2432; x_wconf 85' lang='lat' dir='ltr'>constitutionibus</span> <span class='ocrx_word' id='word_1_229' title='bbox 812 2400 886 2428; x_wconf 90' lang='lat' dir='ltr'>sunt</span> <span class='ocrx_word' id='word_1_230' title='bbox 900 2402 1073 2438; x_wconf 80' lang='lat' dir='ltr'>expressae.</span> 
     </span>
    </p>
   </div>
   <div class='ocr_carea' id='block_1_9' title="bbox 334 2445 1078 2715">
    <p class='ocr_par' dir='ltr' id='par_1_11' title="bbox 334 2445 1078 2715">
     <span class='ocr_line' id='line_1_49' title="bbox 334 2445 1076 2498; baseline -0.012 -10"><span class='ocrx_word' id='word_1_231' title='bbox 334 2453 470 2488; x_wconf 86' lang='lat' dir='ltr'>Possunt</span> <span class='ocrx_word' id='word_1_232' title='bbox 496 2459 599 2486; x_wconf 89' lang='lat' dir='ltr'>autem</span> <span class='ocrx_word' id='word_1_233' title='bbox 625 2448 772 2498; x_wconf 86' lang='lat' dir='ltr'>praedicti</span> <span class='ocrx_word' id='word_1_234' title='bbox 804 2445 950 2482; x_wconf 88' lang='lat' dir='ltr'>officiales</span> <span class='ocrx_word' id='word_1_235' title='bbox 988 2457 1076 2481; x_wconf 90' lang='lat' dir='ltr'>com-</span> 
     </span>
     <span class='ocr_line' id='line_1_50' title="bbox 335 2498 1076 2552; baseline -0.012 -10"><span class='ocrx_word' id='word_1_236' title='bbox 335 2506 489 2546; x_wconf 89' lang='lat' dir='ltr'>munitati,</span> <span class='ocrx_word' id='word_1_237' title='bbox 516 2505 616 2552; x_wconf 86' lang='lat' dir='ltr'>burgo</span> <span class='ocrx_word' id='word_1_238' title='bbox 637 2513 667 2539; x_wconf 88' lang='lat' dir='ltr'>et</span> <span class='ocrx_word' id='word_1_239' title='bbox 694 2502 782 2538; x_wconf 89' lang='lat' dir='ltr'>villae</span> <span class='ocrx_word' id='word_1_240' title='bbox 810 2502 988 2549; x_wconf 88' lang='lat' dir='ltr'>praecipere</span> <span class='ocrx_word' id='word_1_241' title='bbox 1017 2498 1076 2534; x_wconf 93' lang='lat' dir='ltr'>sub</span> 
     </span>
     <span class='ocr_line' id='line_1_51' title="bbox 337 2554 1078 2609; baseline -0.011 -13"><span class='ocrx_word' id='word_1_242' title='bbox 337 2572 434 2609; x_wconf 87' lang='lat' dir='ltr'>poena</span> <span class='ocrx_word' id='word_1_243' title='bbox 456 2567 486 2594; x_wconf 87' lang='lat' dir='ltr'>et</span> <span class='ocrx_word' id='word_1_244' title='bbox 513 2559 626 2599; x_wconf 91' lang='lat' dir='ltr'>banno,</span> <span class='ocrx_word' id='word_1_245' title='bbox 651 2569 748 2605; x_wconf 88' lang='lat' dir='ltr'>usque</span> <span class='ocrx_word' id='word_1_246' title='bbox 769 2555 807 2591; x_wconf 89' lang='lat' dir='ltr'>ad</span> <span class='ocrx_word' id='word_1_247' title='bbox 829 2554 979 2591; x_wconf 87' lang='lat' dir='ltr'>ducentas</span> <span class='ocrx_word' id='word_1_248' title='bbox 1000 2565 1078 2589; x_wconf 90' lang='lat' dir='ltr'>mar·</span> 
     </span>
     <span class='ocr_line' id='line_1_52' title="bbox 337 2610 1077 2662; baseline -0.008 -12"><span class='ocrx_word' id='word_1_249' title='bbox 337 2614 410 2650; x_wconf 86' lang='lat' dir='ltr'>chas</span> <span class='ocrx_word' id='word_1_250' title='bbox 435 2615 566 2662; x_wconf 79' lang='lat' dir='ltr'>argenti,</span> <span class='ocrx_word' id='word_1_251' title='bbox 593 2622 623 2650; x_wconf 91' lang='lat' dir='ltr'>et</span> <span class='ocrx_word' id='word_1_252' title='bbox 650 2614 739 2657; x_wconf 87' lang='lat' dir='ltr'>ultra,</span> <span class='ocrx_word' id='word_1_253' title='bbox 765 2611 802 2647; x_wconf 91' lang='lat' dir='ltr'>ad</span> <span class='ocrx_word' id='word_1_254' title='bbox 837 2610 996 2646; x_wconf 89' lang='lat' dir='ltr'>arbitrium</span> <span class='ocrx_word' id='word_1_255' title='bbox 1020 2620 1077 2658; x_wconf 91' lang='lat' dir='ltr'>po-</span> 
     </span>
     <span class='ocr_line' id='line_1_53' title="bbox 339 2661 1076 2715; baseline -0.009 -10"><span class='ocrx_word' id='word_1_256' title='bbox 339 2668 457 2705; x_wconf 85' lang='lat' dir='ltr'>testatis</span> <span class='ocrx_word' id='word_1_257' title='bbox 484 2668 542 2705; x_wconf 86' lang='lat' dir='ltr'>loci</span> <span class='ocrx_word' id='word_1_258' title='bbox 564 2668 716 2713; x_wconf 88' lang='lat' dir='ltr'>eiusdem,</span> <span class='ocrx_word' id='word_1_259' title='bbox 738 2665 822 2715; x_wconf 90' lang='lat' dir='ltr'>quod</span> <span class='ocrx_word' id='word_1_260' title='bbox 851 2665 991 2713; x_wconf 90' lang='lat' dir='ltr'>potestati</span> <span class='ocrx_word' id='word_1_261' title='bbox 1029 2661 1076 2699; x_wconf 80' lang='lat' dir='ltr'>vel</span> 
     </span>
    </p>
   </div>
   <div class='ocr_carea' id='block_1_10' title="bbox 897 280 1267 307">
    <p class='ocr_par' dir='ltr' id='par_1_12' title="bbox 897 280 1267 307">
     <span class='ocr_line' id='line_1_54' title="bbox 897 280 1267 307; baseline -0.011 0"><span class='ocrx_word' id='word_1_262' title='bbox 897 284 997 307; x_wconf 73' lang='lat' dir='ltr'>ntLLA</span> <span class='ocrx_word' id='word_1_263' title='bbox 1003 282 1083 305; x_wconf 76' lang='lat' dir='ltr'>{tum</span> <span class='ocrx_word' id='word_1_264' title='bbox 1105 280 1267 304; x_wconf 62' lang='lat' dir='ltr'>Romnum</span> 
     </span>
    </p>
   </div>
   <div class='ocr_carea' id='block_1_11' title="bbox 1860 273 2040 303">
    <p class='ocr_par' dir='ltr' id='par_1_13' title="bbox 1860 273 2040 303">
     <span class='ocr_line' id='line_1_55' title="bbox 1860 273 2040 303; baseline -0.011 0"><span class='ocrx_word' id='word_1_265' title='bbox 1860 275 1910 303; x_wconf 78' lang='lat' dir='ltr'>An.</span> <span class='ocrx_word' id='word_1_266' title='bbox 1925 273 1954 302; x_wconf 91' lang='lat' dir='ltr'>C.</span> <span class='ocrx_word' id='word_1_267' title='bbox 1973 273 2040 302; x_wconf 61' lang='lat'>¹²58</span> 
     </span>
    </p>
   </div>
   <div class='ocr_carea' id='block_1_12' title="bbox 1103 331 2082 2698">
    <p class='ocr_par' dir='ltr' id='par_1_14' title="bbox 1103 331 1847 681">
     <span class='ocr_line' id='line_1_56' title="bbox 1104 331 1844 380; baseline -0.007 -9"><span class='ocrx_word' id='word_1_268' title='bbox 1104 336 1304 380; x_wconf 86' lang='lat' dir='ltr'>dioecesano,</span> <span class='ocrx_word' id='word_1_269' title='bbox 1331 342 1386 370; x_wconf 84' lang='lat' dir='ltr'>aut</span> <span class='ocrx_word' id='word_1_270' title='bbox 1409 334 1477 370; x_wconf 87' lang='lat' dir='ltr'>eius</span> <span class='ocrx_word' id='word_1_271' title='bbox 1503 333 1630 374; x_wconf 83' lang='lat' dir='ltr'>vicario,</span> <span class='ocrx_word' id='word_1_272' title='bbox 1657 344 1712 368; x_wconf 88' lang='lat' dir='ltr'>seu</span> <span class='ocrx_word' id='word_1_273' title='bbox 1745 331 1844 380; x_wconf 89' lang='lat' dir='ltr'>inqui-</span> 
     </span>
     <span class='ocr_line' id='line_1_57' title="bbox 1103 381 1845 431; baseline -0.005 -11"><span class='ocrx_word' id='word_1_274' title='bbox 1103 385 1252 421; x_wconf 88' lang='lat' dir='ltr'>sitoribus</span> <span class='ocrx_word' id='word_1_275' title='bbox 1279 384 1520 426; x_wconf 88' lang='lat' dir='ltr'>haereticorum,</span> <span class='ocrx_word' id='word_1_276' title='bbox 1543 381 1785 431; x_wconf 89' lang='lat' dir='ltr'>praesentabunt</span> <span class='ocrx_word' id='word_1_277' title='bbox 1801 382 1845 417; x_wconf 90' lang='lat' dir='ltr'>in-</span> 
     </span>
     <span class='ocr_line' id='line_1_58' title="bbox 1105 433 1845 483; baseline -0.004 -13"><span class='ocrx_word' id='word_1_278' title='bbox 1105 435 1147 470; x_wconf 78' lang='lat' dir='ltr'>fra</span> <span class='ocrx_word' id='word_1_279' title='bbox 1176 433 1408 483; x_wconf 78' lang='lat' dir='ltr'>praeligendum</span> <span class='ocrx_word' id='word_1_280' title='bbox 1437 434 1482 469; x_wconf 89' lang='lat' dir='ltr'>eis</span> <span class='ocrx_word' id='word_1_281' title='bbox 1515 433 1682 469; x_wconf 88' lang='lat' dir='ltr'>terminum</span> <span class='ocrx_word' id='word_1_282' title='bbox 1716 444 1845 479; x_wconf 86' lang='lat' dir='ltr'>compe-</span> 
     </span>
     <span class='ocr_line' id='line_1_59' title="bbox 1104 482 1846 530; baseline -0.004 -10"><span class='ocrx_word' id='word_1_283' title='bbox 1104 492 1232 530; x_wconf 84' lang='lat' dir='ltr'>tentem,</span> <span class='ocrx_word' id='word_1_284' title='bbox 1258 496 1366 520; x_wconf 90' lang='lat' dir='ltr'>omnes</span> <span class='ocrx_word' id='word_1_285' title='bbox 1389 482 1560 519; x_wconf 87' lang='lat' dir='ltr'>haereticos</span> <span class='ocrx_word' id='word_1_286' title='bbox 1598 490 1628 517; x_wconf 91' lang='lat' dir='ltr'>et</span> <span class='ocrx_word' id='word_1_287' title='bbox 1665 482 1846 527; x_wconf 85' lang='lat' dir='ltr'>haereticas,</span> 
     </span>
     <span class='ocr_line' id='line_1_60' title="bbox 1103 532 1845 582; baseline -0.004 -12"><span class='ocrx_word' id='word_1_288' title='bbox 1103 547 1183 582; x_wconf 91' lang='lat' dir='ltr'>quos</span> <span class='ocrx_word' id='word_1_289' title='bbox 1209 533 1267 570; x_wconf 90' lang='lat' dir='ltr'>sibi</span> <span class='ocrx_word' id='word_1_290' title='bbox 1295 533 1368 568; x_wconf 91' lang='lat' dir='ltr'>dicti</span> <span class='ocrx_word' id='word_1_291' title='bbox 1407 533 1555 568; x_wconf 85' lang='lat' dir='ltr'>officiales</span> <span class='ocrx_word' id='word_1_292' title='bbox 1592 532 1739 567; x_wconf 84' lang='lat' dir='ltr'>duxerint</span> <span class='ocrx_word' id='word_1_293' title='bbox 1768 532 1845 567; x_wconf 88' lang='lat' dir='ltr'>assi-</span> 
     </span>
     <span class='ocr_line' id='line_1_61' title="bbox 1104 582 1847 631; baseline -0.004 -12"><span class='ocrx_word' id='word_1_294' title='bbox 1104 584 1256 631; x_wconf 82' lang='lat' dir='ltr'>gnandos.</span> <span class='ocrx_word' id='word_1_295' title='bbox 1284 583 1323 618; x_wconf 89' lang='lat' dir='ltr'>Et</span> <span class='ocrx_word' id='word_1_296' title='bbox 1352 590 1487 630; x_wconf 87' lang='lat' dir='ltr'>potestas</span> <span class='ocrx_word' id='word_1_297' title='bbox 1512 582 1570 617; x_wconf 87' lang='lat' dir='ltr'>loci</span> <span class='ocrx_word' id='word_1_298' title='bbox 1596 593 1613 617; x_wconf 89' lang='lat' dir='ltr'>a</span> <span class='ocrx_word' id='word_1_299' title='bbox 1634 593 1697 617; x_wconf 92' lang='lat' dir='ltr'>non</span> <span class='ocrx_word' id='word_1_300' title='bbox 1724 593 1847 617; x_wconf 89' lang='lat' dir='ltr'>servan-</span> 
     </span>
     <span class='ocr_line' id='line_1_62' title="bbox 1104 631 1843 681; baseline -0.003 -12"><span class='ocrx_word' id='word_1_301' title='bbox 1104 634 1189 669; x_wconf 84' lang='lat' dir='ltr'>tibus</span> <span class='ocrx_word' id='word_1_302' title='bbox 1208 645 1338 681; x_wconf 90' lang='lat' dir='ltr'>poenam</span> <span class='ocrx_word' id='word_1_303' title='bbox 1354 631 1533 667; x_wconf 88' lang='lat' dir='ltr'>huiusmodi</span> <span class='ocrx_word' id='word_1_304' title='bbox 1549 631 1673 678; x_wconf 82' lang='lat' dir='ltr'>exigere</span> <span class='ocrx_word' id='word_1_305' title='bbox 1692 639 1843 667; x_wconf 86' lang='lat' dir='ltr'>teneatur.</span> 
     </span>
    </p>

    <p class='ocr_par' dir='ltr' id='par_1_15' title="bbox 1105 680 2042 966">
     <span class='ocr_line' id='line_1_63' title="bbox 1153 680 2042 731; baseline -0.007 -13"><span class='ocrx_word' id='word_1_306' title='bbox 1153 683 1219 731; x_wconf 62' lang='grc'>55.</span> <span class='ocrx_word' id='word_1_307' title='bbox 1241 681 1421 718; x_wconf 89' lang='lat' dir='ltr'>Secundum</span> <span class='ocrx_word' id='word_1_308' title='bbox 1446 693 1517 716; x_wconf 88' lang='lat' dir='ltr'>vero</span> <span class='ocrx_word' id='word_1_309' title='bbox 1539 690 1596 721; x_wconf 92' lang='lat' dir='ltr'>est,</span> <span class='ocrx_word' id='word_1_310' title='bbox 1617 680 1701 728; x_wconf 88' lang='lat' dir='ltr'>quod</span> <span class='ocrx_word' id='word_1_311' title='bbox 1722 681 1845 722; x_wconf 89' lang='lat' dir='ltr'>domus,</span> <span class='ocrx_word' id='word_1_312' title='bbox 1871 692 1988 714; x_wconf 67' lang='lat' dir='ltr'>somam</span> <span class='ocrx_word' id='word_1_313' title='bbox 2007 692 2042 713; x_wconf 71' lang='lat' dir='ltr'>au-</span> 
     </span>
     <span class='ocr_line' id='line_1_64' title="bbox 1106 723 1921 780; baseline -0.001 -13"><span class='ocrx_word' id='word_1_314' title='bbox 1106 733 1136 767; x_wconf 92' lang='lat' dir='ltr'>in</span> <span class='ocrx_word' id='word_1_315' title='bbox 1159 745 1218 780; x_wconf 90' lang='lat' dir='ltr'>qua</span> <span class='ocrx_word' id='word_1_316' title='bbox 1241 731 1387 779; x_wconf 88' lang='lat' dir='ltr'>prohibiti</span> <span class='ocrx_word' id='word_1_317' title='bbox 1413 730 1529 765; x_wconf 81' lang='lat' dir='ltr'>fuerint</span> <span class='ocrx_word' id='word_1_318' title='bbox 1549 730 1777 766; x_wconf 88' lang='lat' dir='ltr'>haereticorum</span> <span class='ocrx_word' id='word_1_319' title='bbox 1792 743 1845 766; x_wconf 85' lang='lat' dir='ltr'>ca·</span> <span class='ocrx_word' id='word_1_320' title='bbox 1859 723 1921 744; x_wconf 52' lang='lat' dir='ltr'>&#39;’hm’&#39;</span> 
     </span>
     <span class='ocr_line' id='line_1_65' title="bbox 1107 779 1848 830; baseline -0.003 -13"><span class='ocrx_word' id='word_1_321' title='bbox 1107 791 1233 830; x_wconf 89' lang='lat' dir='ltr'>ptores,</span> <span class='ocrx_word' id='word_1_322' title='bbox 1270 782 1339 816; x_wconf 86' lang='lat' dir='ltr'>sine</span> <span class='ocrx_word' id='word_1_323' title='bbox 1373 793 1429 828; x_wconf 90' lang='lat' dir='ltr'>spe</span> <span class='ocrx_word' id='word_1_324' title='bbox 1462 779 1670 815; x_wconf 73' lang='lat' dir='ltr'>reaedificandi</span> <span class='ocrx_word' id='word_1_325' title='bbox 1707 779 1848 815; x_wconf 80' lang='lat' dir='ltr'>funditus</span> 
     </span>
     <span class='ocr_line' id='line_1_66' title="bbox 1105 829 1849 877; baseline -0.004 -10"><span class='ocrx_word' id='word_1_326' title='bbox 1105 831 1295 872; x_wconf 86' lang='lat' dir='ltr'>destruatur,</span> <span class='ocrx_word' id='word_1_327' title='bbox 1322 837 1354 865; x_wconf 89' lang='lat' dir='ltr'>et</span> <span class='ocrx_word' id='word_1_328' title='bbox 1379 830 1470 871; x_wconf 88' lang='lat' dir='ltr'>bona,</span> <span class='ocrx_word' id='word_1_329' title='bbox 1488 841 1569 877; x_wconf 91' lang='lat' dir='ltr'>quae</span> <span class='ocrx_word' id='word_1_330' title='bbox 1590 829 1632 864; x_wconf 93' lang='lat' dir='ltr'>ibi</span> <span class='ocrx_word' id='word_1_331' title='bbox 1647 837 1765 876; x_wconf 85' lang='lat' dir='ltr'>reperta</span> <span class='ocrx_word' id='word_1_332' title='bbox 1779 829 1849 865; x_wconf 81' lang='lat' dir='ltr'>fue-</span> 
     </span>
     <span class='ocr_line' id='line_1_67' title="bbox 1106 878 1848 926; baseline -0.001 -11"><span class='ocrx_word' id='word_1_333' title='bbox 1106 881 1177 921; x_wconf 86' lang='lat' dir='ltr'>rint,</span> <span class='ocrx_word' id='word_1_334' title='bbox 1200 880 1273 915; x_wconf 87' lang='lat' dir='ltr'>fiant</span> <span class='ocrx_word' id='word_1_335' title='bbox 1295 879 1498 926; x_wconf 89' lang='lat' dir='ltr'>capientium,</span> <span class='ocrx_word' id='word_1_336' title='bbox 1513 891 1548 914; x_wconf 86' lang='lat' dir='ltr'>ac</span> <span class='ocrx_word' id='word_1_337' title='bbox 1562 879 1587 914; x_wconf 91' lang='lat' dir='ltr'>si</span> <span class='ocrx_word' id='word_1_338' title='bbox 1607 879 1752 915; x_wconf 84' lang='lat' dir='ltr'>haeretici</span> <span class='ocrx_word' id='word_1_339' title='bbox 1767 878 1848 914; x_wconf 78' lang='lat' dir='ltr'>fuis-</span> 
     </span>
     <span class='ocr_line' id='line_1_68' title="bbox 1105 929 1466 966; baseline -0.008 0"><span class='ocrx_word' id='word_1_340' title='bbox 1105 939 1175 966; x_wconf 88' lang='lat' dir='ltr'>sent</span> <span class='ocrx_word' id='word_1_341' title='bbox 1201 929 1314 965; x_wconf 89' lang='lat' dir='ltr'>ibidem</span> <span class='ocrx_word' id='word_1_342' title='bbox 1337 929 1466 965; x_wconf 85' lang='lat' dir='ltr'>inventi.</span> 
     </span>
    </p>

    <p class='ocr_par' dir='ltr' id='par_1_16' title="bbox 1106 977 2098 1559">
     <span class='ocr_line' id='line_1_69' title="bbox 1155 977 2045 1027; baseline -0.002 -13"><span class='ocrx_word' id='word_1_343' title='bbox 1155 980 1174 1027; x_wconf 70' lang='lat' dir='ltr'>S</span> <span class='ocrx_word' id='word_1_344' title='bbox 1195 981 1228 1014; x_wconf 73' lang='lat'>4.</span> <span class='ocrx_word' id='word_1_345' title='bbox 1255 978 1413 1026; x_wconf 88' lang='lat' dir='ltr'>Quodque</span> <span class='ocrx_word' id='word_1_346' title='bbox 1434 978 1539 1018; x_wconf 89' lang='lat' dir='ltr'>habet,</span> <span class='ocrx_word' id='word_1_347' title='bbox 1559 978 1642 1025; x_wconf 88' lang='lat' dir='ltr'>quod</span> <span class='ocrx_word' id='word_1_348' title='bbox 1669 977 1794 1022; x_wconf 88' lang='lat' dir='ltr'>domus,</span> <span class='ocrx_word' id='word_1_349' title='bbox 1816 978 1848 1013; x_wconf 91' lang='lat' dir='ltr'>in</span> <span class='ocrx_word' id='word_1_350' title='bbox 1874 991 1965 1013; x_wconf 63' lang='lat' dir='ltr'>rorum</span> <span class='ocrx_word' id='word_1_351' title='bbox 2005 991 2045 1012; x_wconf 73' lang='lat' dir='ltr'>au-</span> 
     </span>
     <span class='ocr_line' id='line_1_70' title="bbox 1106 1022 1924 1076; baseline -0.001 -12"><span class='ocrx_word' id='word_1_352' title='bbox 1106 1041 1166 1076; x_wconf 88' lang='lat' dir='ltr'>qua</span> <span class='ocrx_word' id='word_1_353' title='bbox 1200 1035 1341 1076; x_wconf 87' lang='lat' dir='ltr'>repertus</span> <span class='ocrx_word' id='word_1_354' title='bbox 1379 1027 1471 1063; x_wconf 88' lang='lat' dir='ltr'>fuerit</span> <span class='ocrx_word' id='word_1_355' title='bbox 1507 1027 1619 1075; x_wconf 88' lang='lat' dir='ltr'>aliquis</span> <span class='ocrx_word' id='word_1_356' title='bbox 1652 1022 1924 1071; x_wconf 64' lang='lat' dir='ltr'>haereticus,¹²³&#39;¹³²·</span> 
     </span>
     <span class='ocr_line' id='line_1_71' title="bbox 1106 1076 1849 1124; baseline -0.001 -11"><span class='ocrx_word' id='word_1_357' title='bbox 1106 1090 1161 1113; x_wconf 88' lang='lat' dir='ltr'>seu</span> <span class='ocrx_word' id='word_1_358' title='bbox 1189 1077 1354 1122; x_wconf 83' lang='lat' dir='ltr'>haeretica,</span> <span class='ocrx_word' id='word_1_359' title='bbox 1376 1078 1444 1112; x_wconf 89' lang='lat' dir='ltr'>sine</span> <span class='ocrx_word' id='word_1_360' title='bbox 1471 1076 1530 1112; x_wconf 92' lang='lat' dir='ltr'>ulla</span> <span class='ocrx_word' id='word_1_361' title='bbox 1557 1077 1767 1112; x_wconf 69' lang='lat' dir='ltr'>reaedificandi</span> <span class='ocrx_word' id='word_1_362' title='bbox 1793 1089 1849 1124; x_wconf 87' lang='lat' dir='ltr'>spe</span> 
     </span>
     <span class='ocr_line' id='line_1_72' title="bbox 1107 1126 1850 1167; baseline -0.001 -4"><span class='ocrx_word' id='word_1_363' title='bbox 1107 1127 1247 1163; x_wconf 78' lang='lat' dir='ltr'>funditus</span> <span class='ocrx_word' id='word_1_364' title='bbox 1268 1127 1458 1167; x_wconf 84' lang='lat' dir='ltr'>destruatur,</span> <span class='ocrx_word' id='word_1_365' title='bbox 1476 1126 1535 1161; x_wconf 87' lang='lat' dir='ltr'>nisi</span> <span class='ocrx_word' id='word_1_366' title='bbox 1557 1126 1704 1162; x_wconf 90' lang='lat' dir='ltr'>dominus</span> <span class='ocrx_word' id='word_1_367' title='bbox 1736 1127 1850 1162; x_wconf 89' lang='lat' dir='ltr'>domus</span> 
     </span>
     <span class='ocr_line' id='line_1_73' title="bbox 1107 1175 1851 1224; baseline -0.001 -12"><span class='ocrx_word' id='word_1_368' title='bbox 1107 1177 1223 1212; x_wconf 86' lang='lat' dir='ltr'>ibidem</span> <span class='ocrx_word' id='word_1_369' title='bbox 1246 1176 1455 1224; x_wconf 88' lang='lat' dir='ltr'>procuraverit</span> <span class='ocrx_word' id='word_1_370' title='bbox 1477 1176 1619 1223; x_wconf 77' lang='lat' dir='ltr'>reperiri3</span> <span class='ocrx_word' id='word_1_371' title='bbox 1640 1183 1670 1211; x_wconf 86' lang='lat' dir='ltr'>et</span> <span class='ocrx_word' id='word_1_372' title='bbox 1696 1175 1722 1211; x_wconf 88' lang='lat' dir='ltr'>si</span> <span class='ocrx_word' id='word_1_373' title='bbox 1752 1175 1851 1211; x_wconf 88' lang='lat' dir='ltr'>domi-</span> 
     </span>
     <span class='ocr_line' id='line_1_74' title="bbox 1108 1225 1852 1262; baseline -0.003 0"><span class='ocrx_word' id='word_1_374' title='bbox 1108 1239 1166 1262; x_wconf 88' lang='lat' dir='ltr'>nus</span> <span class='ocrx_word' id='word_1_375' title='bbox 1193 1226 1306 1262; x_wconf 89' lang='lat' dir='ltr'>domus</span> <span class='ocrx_word' id='word_1_376' title='bbox 1331 1225 1416 1261; x_wconf 92' lang='lat' dir='ltr'>illius</span> <span class='ocrx_word' id='word_1_377' title='bbox 1448 1225 1524 1260; x_wconf 89' lang='lat' dir='ltr'>alias</span> <span class='ocrx_word' id='word_1_378' title='bbox 1562 1225 1672 1261; x_wconf 92' lang='lat' dir='ltr'>domos</span> <span class='ocrx_word' id='word_1_379' title='bbox 1707 1225 1852 1261; x_wconf 86' lang='lat' dir='ltr'>babuerit</span> 
     </span>
     <span class='ocr_line' id='line_1_75' title="bbox 1107 1274 1852 1322; baseline 0 -11"><span class='ocrx_word' id='word_1_380' title='bbox 1107 1276 1270 1322; x_wconf 82' lang='lat' dir='ltr'>contiguas</span> <span class='ocrx_word' id='word_1_381' title='bbox 1291 1274 1332 1310; x_wconf 88' lang='lat' dir='ltr'>illi</span> <span class='ocrx_word' id='word_1_382' title='bbox 1355 1275 1475 1319; x_wconf 90' lang='lat' dir='ltr'>domui,</span> <span class='ocrx_word' id='word_1_383' title='bbox 1501 1287 1612 1310; x_wconf 88' lang='lat' dir='ltr'>omnes</span> <span class='ocrx_word' id='word_1_384' title='bbox 1634 1275 1704 1310; x_wconf 87' lang='lat' dir='ltr'>illae</span> <span class='ocrx_word' id='word_1_385' title='bbox 1737 1274 1852 1311; x_wconf 83' lang='lat' dir='ltr'>domus</span> 
     </span>
     <span class='ocr_line' id='line_1_76' title="bbox 1108 1320 2082 1373; baseline -0.002 -12"><span class='ocrx_word' id='word_1_386' title='bbox 1108 1325 1256 1361; x_wconf 91' lang='lat' dir='ltr'>similiter</span> <span class='ocrx_word' id='word_1_387' title='bbox 1277 1324 1490 1366; x_wconf 89' lang='lat' dir='ltr'>destruantur,</span> <span class='ocrx_word' id='word_1_388' title='bbox 1512 1332 1543 1360; x_wconf 91' lang='lat' dir='ltr'>et</span> <span class='ocrx_word' id='word_1_389' title='bbox 1563 1324 1655 1368; x_wconf 91' lang='lat' dir='ltr'>bona,</span> <span class='ocrx_word' id='word_1_390' title='bbox 1673 1336 1753 1373; x_wconf 88' lang='lat' dir='ltr'>quae</span> <span class='ocrx_word' id='word_1_391' title='bbox 1783 1324 1851 1359; x_wconf 84' lang='lat' dir='ltr'>fue-</span> <span class='ocrx_word' id='word_1_392' title='bbox 2027 1330 2046 1365; x_wconf 46' lang='grc' dir='ltr'>’ἢ</span> <span class='ocrx_word' id='word_1_393' title='bbox 2072 1320 2082 1323; x_wconf 51' lang='grc'><strong><em>”</em></strong></span> 
     </span>
     <span class='ocr_line' id='line_1_77' title="bbox 1108 1368 2048 1410; baseline -0.003 0"><span class='ocrx_word' id='word_1_394' title='bbox 1108 1376 1168 1410; x_wconf 91' lang='lat' dir='ltr'>rint</span> <span class='ocrx_word' id='word_1_395' title='bbox 1205 1375 1327 1410; x_wconf 87' lang='lat' dir='ltr'>inventa</span> <span class='ocrx_word' id='word_1_396' title='bbox 1358 1374 1389 1408; x_wconf 91' lang='lat' dir='ltr'>in</span> <span class='ocrx_word' id='word_1_397' title='bbox 1408 1373 1502 1409; x_wconf 91' lang='lat' dir='ltr'>domo</span> <span class='ocrx_word' id='word_1_398' title='bbox 1528 1373 1579 1409; x_wconf 90' lang='lat' dir='ltr'>illa</span> <span class='ocrx_word' id='word_1_399' title='bbox 1614 1381 1645 1409; x_wconf 83' lang='lat' dir='ltr'>et</span> <span class='ocrx_word' id='word_1_400' title='bbox 1677 1374 1706 1408; x_wconf 93' lang='lat' dir='ltr'>in</span> <span class='ocrx_word' id='word_1_401' title='bbox 1746 1373 1851 1410; x_wconf 90' lang='lat' dir='ltr'>domi·</span> <span class='ocrx_word' id='word_1_402' title='bbox 2034 1368 2048 1384; x_wconf 61' lang='lat'>³</span> 
     </span>
     <span class='ocr_line' id='line_1_78' title="bbox 1107 1422 1851 1470; baseline -0.003 -11"><span class='ocrx_word' id='word_1_403' title='bbox 1107 1425 1167 1460; x_wconf 92' lang='lat' dir='ltr'>bus</span> <span class='ocrx_word' id='word_1_404' title='bbox 1181 1424 1222 1459; x_wconf 94' lang='lat' dir='ltr'>illi</span> <span class='ocrx_word' id='word_1_405' title='bbox 1239 1423 1493 1463; x_wconf 87' lang='lat' dir='ltr'>adhaerentibus,</span> <span class='ocrx_word' id='word_1_406' title='bbox 1509 1422 1718 1470; x_wconf 87' lang='lat' dir='ltr'>publicentur,</span> <span class='ocrx_word' id='word_1_407' title='bbox 1733 1431 1764 1458; x_wconf 87' lang='lat' dir='ltr'>et</span> <span class='ocrx_word' id='word_1_408' title='bbox 1777 1423 1851 1458; x_wconf 83' lang='lat' dir='ltr'>fiant</span> 
     </span>
     <span class='ocr_line' id='line_1_79' title="bbox 1107 1472 1850 1517; baseline -0.004 -7"><span class='ocrx_word' id='word_1_409' title='bbox 1107 1474 1327 1517; x_wconf 66' lang='lat' dir='ltr'>auferendum,</span> <span class='ocrx_word' id='word_1_410' title='bbox 1362 1473 1421 1509; x_wconf 90' lang='lat' dir='ltr'>nisi</span> <span class='ocrx_word' id='word_1_411' title='bbox 1455 1472 1632 1509; x_wconf 82' lang='lat' dir='ltr'>auferentes</span> <span class='ocrx_word' id='word_1_412' title='bbox 1673 1472 1788 1508; x_wconf 85' lang='lat' dir='ltr'>fuerint</span> <span class='ocrx_word' id='word_1_413' title='bbox 1820 1473 1850 1507; x_wconf 92' lang='lat' dir='ltr'>in</span> 
     </span>
     <span class='ocr_line' id='line_1_80' title="bbox 1107 1522 1401 1559; baseline -0.01 0"><span class='ocrx_word' id='word_1_414' title='bbox 1107 1523 1208 1559; x_wconf 85' lang='lat' dir='ltr'>officio</span> <span class='ocrx_word' id='word_1_415' title='bbox 1231 1522 1401 1558; x_wconf 89' lang='lat' dir='ltr'>constituti.</span> 
     </span>
    </p>

    <p class='ocr_par' dir='ltr' id='par_1_17' title="bbox 1108 1570 1858 2698">
     <span class='ocr_line' id='line_1_81' title="bbox 1155 1570 1851 1620; baseline 0 -14"><span class='ocrx_word' id='word_1_416' title='bbox 1155 1573 1228 1620; x_wconf 62' lang='lat'>§5-</span> <span class='ocrx_word' id='word_1_417' title='bbox 1253 1571 1338 1607; x_wconf 88' lang='lat' dir='ltr'>Haec</span> <span class='ocrx_word' id='word_1_418' title='bbox 1370 1579 1474 1606; x_wconf 87' lang='lat' dir='ltr'>autem</span> <span class='ocrx_word' id='word_1_419' title='bbox 1513 1570 1576 1606; x_wconf 95' lang='lat' dir='ltr'>duo</span> <span class='ocrx_word' id='word_1_420' title='bbox 1608 1571 1743 1618; x_wconf 87' lang='lat' dir='ltr'>capitula</span> <span class='ocrx_word' id='word_1_421' title='bbox 1789 1584 1851 1606; x_wconf 92' lang='lat' dir='ltr'>uno</span> 
     </span>
     <span class='ocr_line' id='line_1_82' title="bbox 1108 1619 1853 1667; baseline 0 -11"><span class='ocrx_word' id='word_1_422' title='bbox 1108 1622 1325 1656; x_wconf 86' lang='lat' dir='ltr'>declarationis</span> <span class='ocrx_word' id='word_1_423' title='bbox 1350 1620 1443 1656; x_wconf 88' lang='lat' dir='ltr'>Sedis</span> <span class='ocrx_word' id='word_1_424' title='bbox 1463 1619 1663 1667; x_wconf 85' lang='lat' dir='ltr'>Apostolicae</span> <span class='ocrx_word' id='word_1_425' title='bbox 1692 1619 1777 1655; x_wconf 90' lang='lat' dir='ltr'>radio</span> <span class='ocrx_word' id='word_1_426' title='bbox 1804 1620 1853 1656; x_wconf 89' lang='lat' dir='ltr'>lu-</span> 
     </span>
     <span class='ocr_line' id='line_1_83' title="bbox 1108 1669 1852 1717; baseline 0.001 -12"><span class='ocrx_word' id='word_1_427' title='bbox 1108 1670 1246 1706; x_wconf 82' lang='lat' dir='ltr'>cidantes</span> <span class='ocrx_word' id='word_1_428' title='bbox 1284 1671 1428 1705; x_wconf 87' lang='lat' dir='ltr'>volumus</span> <span class='ocrx_word' id='word_1_429' title='bbox 1449 1669 1632 1715; x_wconf 88' lang='lat' dir='ltr'>absolvere,</span> <span class='ocrx_word' id='word_1_430' title='bbox 1667 1677 1700 1705; x_wconf 93' lang='lat' dir='ltr'>ut</span> <span class='ocrx_word' id='word_1_431' title='bbox 1734 1681 1852 1717; x_wconf 86' lang='lat' dir='ltr'>poenae</span> 
     </span>
     <span class='ocr_line' id='line_1_84' title="bbox 1109 1719 1854 1767; baseline 0 -12"><span class='ocrx_word' id='word_1_432' title='bbox 1109 1727 1228 1755; x_wconf 81' lang='lat' dir='ltr'>taxatae</span> <span class='ocrx_word' id='word_1_433' title='bbox 1250 1731 1305 1767; x_wconf 88' lang='lat' dir='ltr'>per</span> <span class='ocrx_word' id='word_1_434' title='bbox 1318 1719 1557 1754; x_wconf 87' lang='lat' dir='ltr'>constitutiones</span> <span class='ocrx_word' id='word_1_435' title='bbox 1569 1719 1696 1755; x_wconf 90' lang='lat' dir='ltr'>easdem</span> <span class='ocrx_word' id='word_1_436' title='bbox 1715 1719 1746 1754; x_wconf 92' lang='lat' dir='ltr'>iu</span> <span class='ocrx_word' id='word_1_437' title='bbox 1767 1732 1854 1767; x_wconf 88' lang='lat' dir='ltr'>prae-</span> 
     </span>
     <span class='ocr_line' id='line_1_85' title="bbox 1111 1768 1853 1816; baseline 0 -12"><span class='ocrx_word' id='word_1_438' title='bbox 1111 1770 1213 1804; x_wconf 89' lang='lat' dir='ltr'>missis</span> <span class='ocrx_word' id='word_1_439' title='bbox 1239 1768 1364 1804; x_wconf 89' lang='lat' dir='ltr'>casibus</span> <span class='ocrx_word' id='word_1_440' title='bbox 1395 1768 1587 1816; x_wconf 83' lang='lat' dir='ltr'>inssigantur,</span> <span class='ocrx_word' id='word_1_441' title='bbox 1625 1769 1685 1803; x_wconf 91' lang='lat' dir='ltr'>nisi</span> <span class='ocrx_word' id='word_1_442' title='bbox 1724 1769 1853 1804; x_wconf 86' lang='lat' dir='ltr'>dioece-</span> 
     </span>
     <span class='ocr_line' id='line_1_86' title="bbox 1110 1817 1854 1860; baseline 0 -7"><span class='ocrx_word' id='word_1_443' title='bbox 1110 1819 1218 1859; x_wconf 89' lang='lat' dir='ltr'>sanis,</span> <span class='ocrx_word' id='word_1_444' title='bbox 1241 1817 1287 1853; x_wconf 90' lang='lat' dir='ltr'>vel</span> <span class='ocrx_word' id='word_1_445' title='bbox 1320 1818 1351 1852; x_wconf 90' lang='lat' dir='ltr'>in</span> <span class='ocrx_word' id='word_1_446' title='bbox 1388 1829 1497 1853; x_wconf 85' lang='lat' dir='ltr'>eorum</span> <span class='ocrx_word' id='word_1_447' title='bbox 1531 1817 1694 1860; x_wconf 87' lang='lat' dir='ltr'>absentia,</span> <span class='ocrx_word' id='word_1_448' title='bbox 1732 1819 1854 1853; x_wconf 90' lang='lat' dir='ltr'>vicariis</span> 
     </span>
     <span class='ocr_line' id='line_1_87' title="bbox 1112 1867 1855 1916; baseline 0 -13"><span class='ocrx_word' id='word_1_449' title='bbox 1112 1869 1261 1916; x_wconf 91' lang='lat' dir='ltr'>ipsorum,</span> <span class='ocrx_word' id='word_1_450' title='bbox 1282 1879 1341 1902; x_wconf 90' lang='lat' dir='ltr'>una</span> <span class='ocrx_word' id='word_1_451' title='bbox 1363 1879 1435 1903; x_wconf 92' lang='lat' dir='ltr'>cum</span> <span class='ocrx_word' id='word_1_452' title='bbox 1462 1867 1697 1914; x_wconf 90' lang='lat' dir='ltr'>inquisitoribus</span> <span class='ocrx_word' id='word_1_453' title='bbox 1720 1867 1855 1916; x_wconf 89' lang='lat' dir='ltr'>inquisi—</span> 
     </span>
     <span class='ocr_line' id='line_1_88' title="bbox 1111 1916 1853 1965; baseline 0.001 -12"><span class='ocrx_word' id='word_1_454' title='bbox 1111 1926 1226 1958; x_wconf 90' lang='lat' dir='ltr'>torum,</span> <span class='ocrx_word' id='word_1_455' title='bbox 1253 1918 1300 1953; x_wconf 87' lang='lat' dir='ltr'>vel</span> <span class='ocrx_word' id='word_1_456' title='bbox 1327 1916 1402 1952; x_wconf 90' lang='lat' dir='ltr'>solis</span> <span class='ocrx_word' id='word_1_457' title='bbox 1438 1916 1513 1965; x_wconf 90' lang='lat' dir='ltr'>ipsis</span> <span class='ocrx_word' id='word_1_458' title='bbox 1547 1916 1740 1953; x_wconf 87' lang='lat' dir='ltr'>dioecesanis</span> <span class='ocrx_word' id='word_1_459' title='bbox 1769 1921 1853 1962; x_wconf 88' lang='lat' dir='ltr'>(cum</span> 
     </span>
     <span class='ocr_line' id='line_1_89' title="bbox 1112 1966 1852 2015; baseline 0 -13"><span class='ocrx_word' id='word_1_460' title='bbox 1112 1968 1251 2015; x_wconf 85' lang='lat' dir='ltr'>ipsorum</span> <span class='ocrx_word' id='word_1_461' title='bbox 1270 1967 1492 2014; x_wconf 91' lang='lat' dir='ltr'>inquisitorum</span> <span class='ocrx_word' id='word_1_462' title='bbox 1515 1967 1689 2014; x_wconf 85' lang='lat' dir='ltr'>praesentia</span> <span class='ocrx_word' id='word_1_463' title='bbox 1709 1966 1748 2003; x_wconf 90' lang='lat' dir='ltr'>de</span> <span class='ocrx_word' id='word_1_464' title='bbox 1772 1967 1852 2004; x_wconf 78' lang='lat' dir='ltr'>faciti</span> 
     </span>
     <span class='ocr_line' id='line_1_90' title="bbox 1113 2016 1855 2064; baseline 0 -12"><span class='ocrx_word' id='word_1_465' title='bbox 1113 2017 1217 2052; x_wconf 88' lang='lat' dir='ltr'>haberi</span> <span class='ocrx_word' id='word_1_466' title='bbox 1257 2029 1319 2052; x_wconf 91' lang='lat' dir='ltr'>non</span> <span class='ocrx_word' id='word_1_467' title='bbox 1353 2016 1478 2064; x_wconf 89' lang='lat' dir='ltr'>poterit)</span> <span class='ocrx_word' id='word_1_468' title='bbox 1519 2016 1656 2063; x_wconf 83' lang='lat' dir='ltr'>legitime</span> <span class='ocrx_word' id='word_1_469' title='bbox 1682 2017 1855 2053; x_wconf 89' lang='lat' dir='ltr'>constiterit</span> 
     </span>
     <span class='ocr_line' id='line_1_91' title="bbox 1114 2066 1854 2114; baseline 0.001 -13"><span class='ocrx_word' id='word_1_470' title='bbox 1114 2066 1318 2114; x_wconf 85' lang='lat' dir='ltr'>praefatarum</span> <span class='ocrx_word' id='word_1_471' title='bbox 1350 2066 1516 2101; x_wconf 89' lang='lat' dir='ltr'>domorum</span> <span class='ocrx_word' id='word_1_472' title='bbox 1552 2066 1707 2108; x_wconf 90' lang='lat' dir='ltr'>dominos,</span> <span class='ocrx_word' id='word_1_473' title='bbox 1741 2067 1772 2102; x_wconf 92' lang='lat' dir='ltr'>in</span> <span class='ocrx_word' id='word_1_474' title='bbox 1806 2066 1854 2103; x_wconf 90' lang='lat' dir='ltr'>bis</span> 
     </span>
     <span class='ocr_line' id='line_1_92' title="bbox 1112 2116 1855 2164; baseline 0.001 -13"><span class='ocrx_word' id='word_1_475' title='bbox 1112 2116 1236 2152; x_wconf 87' lang='lat' dir='ltr'>casibus</span> <span class='ocrx_word' id='word_1_476' title='bbox 1271 2116 1394 2163; x_wconf 91' lang='lat' dir='ltr'>penitus</span> <span class='ocrx_word' id='word_1_477' title='bbox 1431 2116 1626 2156; x_wconf 91' lang='lat' dir='ltr'>innocentes,</span> <span class='ocrx_word' id='word_1_478' title='bbox 1660 2123 1690 2152; x_wconf 88' lang='lat' dir='ltr'>et</span> <span class='ocrx_word' id='word_1_479' title='bbox 1726 2128 1855 2164; x_wconf 88' lang='lat' dir='ltr'>prorsus</span> 
     </span>
     <span class='ocr_line' id='line_1_93' title="bbox 1113 2165 1854 2213; baseline 0.001 -13"><span class='ocrx_word' id='word_1_480' title='bbox 1113 2165 1320 2213; x_wconf 84' lang='lat' dir='ltr'>inculpabiles</span> <span class='ocrx_word' id='word_1_481' title='bbox 1341 2165 1488 2201; x_wconf 76' lang='lat' dir='ltr'>extitisse:</span> <span class='ocrx_word' id='word_1_482' title='bbox 1512 2177 1547 2200; x_wconf 91' lang='lat' dir='ltr'>ac</span> <span class='ocrx_word' id='word_1_483' title='bbox 1572 2165 1664 2201; x_wconf 90' lang='lat' dir='ltr'>etiam</span> <span class='ocrx_word' id='word_1_484' title='bbox 1700 2177 1754 2201; x_wconf 90' lang='lat' dir='ltr'>eos</span> <span class='ocrx_word' id='word_1_485' title='bbox 1791 2178 1854 2201; x_wconf 90' lang='lat' dir='ltr'>non</span> 
     </span>
     <span class='ocr_line' id='line_1_94' title="bbox 1113 2215 1855 2262; baseline -0.001 -11"><span class='ocrx_word' id='word_1_486' title='bbox 1113 2227 1183 2251; x_wconf 88' lang='lat' dir='ltr'>esse</span> <span class='ocrx_word' id='word_1_487' title='bbox 1209 2215 1383 2256; x_wconf 83' lang='lat' dir='ltr'>credentes,</span> <span class='ocrx_word' id='word_1_488' title='bbox 1406 2215 1450 2250; x_wconf 81' lang='lat' dir='ltr'>vel</span> <span class='ocrx_word' id='word_1_489' title='bbox 1479 2222 1699 2262; x_wconf 79' lang='lat' dir='ltr'>receptatoreS,</span> <span class='ocrx_word' id='word_1_490' title='bbox 1723 2222 1777 2251; x_wconf 84' lang='lat' dir='ltr'>aut</span> <span class='ocrx_word' id='word_1_491' title='bbox 1798 2215 1855 2250; x_wconf 90' lang='lat' dir='ltr'>de-</span> 
     </span>
     <span class='ocr_line' id='line_1_95' title="bbox 1115 2264 1853 2307; baseline 0 -7"><span class='ocrx_word' id='word_1_492' title='bbox 1115 2265 1264 2307; x_wconf 85' lang='lat' dir='ltr'>fensores,</span> <span class='ocrx_word' id='word_1_493' title='bbox 1287 2265 1352 2300; x_wconf 86' lang='lat' dir='ltr'>sive</span> <span class='ocrx_word' id='word_1_494' title='bbox 1380 2264 1515 2300; x_wconf 83' lang='lat' dir='ltr'>fautores</span> <span class='ocrx_word' id='word_1_495' title='bbox 1541 2264 1767 2300; x_wconf 89' lang='lat' dir='ltr'>haereticorum</span> <span class='ocrx_word' id='word_1_496' title='bbox 1799 2277 1853 2300; x_wconf 90' lang='lat' dir='ltr'>seu</span> 
     </span>
     <span class='ocr_line' id='line_1_96' title="bbox 1114 2313 1854 2362; baseline -0.001 -12"><span class='ocrx_word' id='word_1_497' title='bbox 1114 2314 1153 2350; x_wconf 90' lang='lat' dir='ltr'>de</span> <span class='ocrx_word' id='word_1_498' title='bbox 1175 2314 1328 2350; x_wconf 84' lang='lat' dir='ltr'>haeretica</span> <span class='ocrx_word' id='word_1_499' title='bbox 1349 2314 1418 2350; x_wconf 89' lang='lat' dir='ltr'>labe</span> <span class='ocrx_word' id='word_1_500' title='bbox 1439 2322 1613 2362; x_wconf 88' lang='lat' dir='ltr'>suspectos.</span> <span class='ocrx_word' id='word_1_501' title='bbox 1636 2313 1723 2349; x_wconf 91' lang='lat' dir='ltr'>Bona</span> <span class='ocrx_word' id='word_1_502' title='bbox 1758 2324 1829 2349; x_wconf 89' lang='lat' dir='ltr'>vero</span> <span class='ocrx_word' id='word_1_503' title='bbox 1845 2342 1854 2359; x_wconf 91' lang='lat'>‚</span> 
     </span>
     <span class='ocr_line' id='line_1_97' title="bbox 1115 2362 1856 2412; baseline 0 -13"><span class='ocrx_word' id='word_1_504' title='bbox 1115 2376 1195 2412; x_wconf 89' lang='lat' dir='ltr'>quae</span> <span class='ocrx_word' id='word_1_505' title='bbox 1217 2365 1339 2400; x_wconf 88' lang='lat' dir='ltr'>inventa</span> <span class='ocrx_word' id='word_1_506' title='bbox 1365 2364 1479 2400; x_wconf 84' lang='lat' dir='ltr'>fuerint</span> <span class='ocrx_word' id='word_1_507' title='bbox 1501 2364 1531 2399; x_wconf 85' lang='lat' dir='ltr'>in</span> <span class='ocrx_word' id='word_1_508' title='bbox 1560 2362 1706 2400; x_wconf 89' lang='lat' dir='ltr'>domibus</span> <span class='ocrx_word' id='word_1_509' title='bbox 1744 2375 1856 2410; x_wconf 84' lang='lat' dir='ltr'>supra-</span> 
     </span>
     <span class='ocr_line' id='line_1_98' title="bbox 1115 2412 1856 2455; baseline 0 -7"><span class='ocrx_word' id='word_1_510' title='bbox 1115 2414 1217 2455; x_wconf 86' lang='lat' dir='ltr'>dictis,</span> <span class='ocrx_word' id='word_1_511' title='bbox 1244 2413 1359 2450; x_wconf 87' lang='lat' dir='ltr'>debent</span> <span class='ocrx_word' id='word_1_512' title='bbox 1398 2414 1428 2449; x_wconf 92' lang='lat' dir='ltr'>in</span> <span class='ocrx_word' id='word_1_513' title='bbox 1464 2413 1512 2449; x_wconf 84' lang='lat' dir='ltr'>his</span> <span class='ocrx_word' id='word_1_514' title='bbox 1549 2412 1673 2449; x_wconf 89' lang='lat' dir='ltr'>casibus</span> <span class='ocrx_word' id='word_1_515' title='bbox 1709 2412 1856 2448; x_wconf 87' lang='lat' dir='ltr'>similiter</span> 
     </span>
     <span class='ocr_line' id='line_1_99' title="bbox 1117 2462 1857 2511; baseline 0 -14"><span class='ocrx_word' id='word_1_516' title='bbox 1117 2462 1290 2511; x_wconf 80' lang='lat' dir='ltr'>publicari,</span> <span class='ocrx_word' id='word_1_517' title='bbox 1324 2464 1380 2499; x_wconf 88' lang='lat' dir='ltr'>nisi</span> <span class='ocrx_word' id='word_1_518' title='bbox 1422 2463 1559 2510; x_wconf 82' lang='lat' dir='ltr'>legitime</span> <span class='ocrx_word' id='word_1_519' title='bbox 1595 2462 1767 2498; x_wconf 88' lang='lat' dir='ltr'>constiterit</span> <span class='ocrx_word' id='word_1_520' title='bbox 1802 2475 1857 2509; x_wconf 84' lang='lat' dir='ltr'>per</span> 
     </span>
     <span class='ocr_line' id='line_1_100' title="bbox 1117 2511 1856 2560; baseline -0.001 -12"><span class='ocrx_word' id='word_1_521' title='bbox 1117 2521 1210 2549; x_wconf 88' lang='lat' dir='ltr'>testes</span> <span class='ocrx_word' id='word_1_522' title='bbox 1232 2513 1291 2548; x_wconf 80' lang='lat' dir='ltr'>lide</span> <span class='ocrx_word' id='word_1_523' title='bbox 1328 2513 1451 2560; x_wconf 82' lang='lat' dir='ltr'>dignos,</span> <span class='ocrx_word' id='word_1_524' title='bbox 1484 2522 1514 2548; x_wconf 88' lang='lat' dir='ltr'>ct</span> <span class='ocrx_word' id='word_1_525' title='bbox 1545 2511 1629 2548; x_wconf 90' lang='lat' dir='ltr'>omni</span> <span class='ocrx_word' id='word_1_526' title='bbox 1669 2512 1856 2558; x_wconf 89' lang='lat' dir='ltr'>exceptione</span> 
     </span>
     <span class='ocr_line' id='line_1_101' title="bbox 1117 2561 1857 2611; baseline -0.003 -13"><span class='ocrx_word' id='word_1_527' title='bbox 1117 2563 1261 2604; x_wconf 88' lang='lat' dir='ltr'>maiores,</span> <span class='ocrx_word' id='word_1_528' title='bbox 1288 2563 1354 2611; x_wconf 87' lang='lat' dir='ltr'>ipsa</span> <span class='ocrx_word' id='word_1_529' title='bbox 1377 2562 1457 2598; x_wconf 90' lang='lat' dir='ltr'>bona</span> <span class='ocrx_word' id='word_1_530' title='bbox 1477 2573 1546 2598; x_wconf 87' lang='lat' dir='ltr'>esse</span> <span class='ocrx_word' id='word_1_531' title='bbox 1575 2561 1704 2596; x_wconf 86' lang='lat' dir='ltr'>aliarum</span> <span class='ocrx_word' id='word_1_532' title='bbox 1749 2573 1857 2608; x_wconf 88' lang='lat' dir='ltr'>perso·-</span> 
     </span>
     <span class='ocr_line' id='line_1_102' title="bbox 1117 2610 1858 2697; baseline -0.001 -50"><span class='ocrx_word' id='word_1_533' title='bbox 1117 2624 1240 2697; x_wconf 50' lang='lat' dir='ltr'>narugn,</span> <span class='ocrx_word' id='word_1_534' title='bbox 1262 2624 1355 2660; x_wconf 87' lang='lat' dir='ltr'>quam</span> <span class='ocrx_word' id='word_1_535' title='bbox 1383 2611 1581 2648; x_wconf 90' lang='lat' dir='ltr'>dominorum</span> <span class='ocrx_word' id='word_1_536' title='bbox 1615 2610 1767 2647; x_wconf 88' lang='lat' dir='ltr'>domuum</span> <span class='ocrx_word' id='word_1_537' title='bbox 1798 2622 1858 2646; x_wconf 82' lang='lat' dir='ltr'>ea-</span> 
     </span>
     <span class='ocr_line' id='line_1_103' title="bbox 1119 2674 1272 2698; baseline 0.007 -1"><span class='ocrx_word' id='word_1_538' title='bbox 1119 2674 1187 2697; x_wconf 86' lang='lat' dir='ltr'>rum</span> <span class='ocrx_word' id='word_1_539' title='bbox 1212 2674 1272 2698; x_wconf 89' lang='lat' dir='ltr'>em.</span> 
     </span>
    </p>
   </div>
   <div class='ocr_carea' id='block_1_13' title="bbox 1866 1613 1981 1635">
    <p class='ocr_par' dir='ltr' id='par_1_18' title="bbox 1866 1613 1981 1635">
     <span class='ocr_line' id='line_1_104' title="bbox 1866 1613 1981 1635; baseline -0.017 0"><span class='ocrx_word' id='word_1_540' title='bbox 1866 1614 1918 1635; x_wconf 72' lang='lat' dir='ltr'>tuoe</span> <span class='ocrx_word' id='word_1_541' title='bbox 1934 1613 1981 1635; x_wconf 79' lang='lat' dir='ltr'>duo.</span> 
     </span>
    </p>
   </div>
   <div class='ocr_carea' id='block_1_14' title="bbox 2043 1106 2129 3223">
    <p class='ocr_par' dir='ltr' id='par_1_19' title="bbox 2043 1106 2129 3223">
     <span class='ocr_line' id='line_1_105' title="bbox 2043 1106 2129 3223; baseline 0 0"><span class='ocrx_word' id='word_1_542' title='bbox 2043 1106 2129 3223; x_wconf 95' lang='lat' dir='ltr'> </span> 
     </span>
    </p>
   </div>
   <div class='ocr_carea' id='block_1_15' title="bbox 1877 1582 2049 1610">
    <p class='ocr_par' dir='ltr' id='par_1_20' title="bbox 1877 1563 2122 1611">
     <span class='ocr_line' id='line_1_106' title="bbox 1877 1582 2049 1610; baseline -0.004 -6"><span class='ocrx_word' id='word_1_543' title='bbox 1877 1582 1994 1610; x_wconf 71' lang='lat' dir='ltr'>Responsio</span> <span class='ocrx_word' id='word_1_544' title='bbox 2023 1582 2049 1604; x_wconf 67' lang='lat' dir='ltr'>ad</span> 
     </span>
    </p>
   </div>
  </div>
 </body>
</html>
