2129 3223
161 277 209 302 An.
225 276 253 303 C.
274 277 342 303 1200

228 1704 273 1722 allii)
297 1710 308 1722 a

153 1734 259 1753 ucnbnur.

407 272 475 304 176

356 337 524 383 imperator
549 335 718 375 Henricus,
745 344 776 370 et
809 335 884 370 haec
919 335 1097 382 imperatrix

354 385 478 431 egregia
505 383 715 430 Kunegundis
752 384 791 419 de
830 384 964 432 propriis
995 384 1100 418 facul-

356 433 470 467 tatibus
492 432 788 479 Babenbergensem
811 433 1020 468 fundaverunt
1051 445 1101 467 ec-

353 482 494 521 clesiam,
515 490 545 516 et
573 482 772 526 dotaverunt,
797 494 892 529 quam
925 494 998 517 cum
1033 482 1100 515 suis

353 530 502 565 omnibus
541 531 739 578 pertinentiis
770 543 808 566 ex
844 531 963 566 fervore
1001 530 1099 564 devo-

355 580 462 623 tionis,
505 591 598 626 quam
645 579 684 614 ad
726 580 938 627 Apostolicam
981 579 1096 614 Sedem

353 629 522 672 habehant,
551 629 640 663 beato
666 628 760 664 Petro
776 629 988 676 apostolorum
1015 629 1098 675 prin-

353 678 414 725 cipi
436 677 617 712 obtulerunt
642 689 782 713 aunuum
822 678 850 712 ei
891 690 1022 712 censum
1060 677 1098 712 ad

354 727 519 768 indicium,
540 726 625 773 quod
653 726 728 761 iuris
763 727 803 762 sit
838 727 1000 762 Ecclesiae
1032 726 1098 761 Ro-

354 787 463 810 manae
484 776 653 819 solventes,
690 775 745 810 sed
791 783 822 809 et
864 776 922 810 alia
964 775 1113 822 plurima¹

353 824 505 860 beneficia
554 824 615 871 piis
660 824 751 865 locis,
792 831 823 859 et
868 824 1098 859 venerabilibus

351 873 493 908 ecclesiis
513 872 726 913 contulerunt,
759 872 921 907 Christum
957 873 1014 908 sibi
1052 873 1099 907 fa-

351 923 470 956 cientes
492 921 669 956 haeredem.
688 921 774 957 Haec
789 929 819 956 et
838 922 897 957 alia
908 922 1042 956 retulere
1060 923 1098 956 de

352 971 483 1006 meritis:
518 971 557 1005 de
595 970 755 1005 miraculis
794 978 992 1014 asserentes,
1014 971 1096 1018 quod

351 1020 398 1054 eis
425 1019 644 1066 praesentibus
676 1027 707 1053 et
740 1019 921 1054 videntibus
959 1019 996 1053 ad
1031 1032 1098 1053 me-

351 1070 482 1103 moriam
505 1068 600 1102 huius
616 1067 745 1113 virginis
769 1068 852 1103 caeci
867 1068 982 1111 visum,
995 1068 1097 1102 claudi

349 1129 508 1163 gressum,
533 1117 611 1151 muti
633 1117 775 1158 verbnm,
808 1126 839 1151 et
884 1116 971 1151 surdi
1009 1128 1098 1151 recu-

351 1175 499 1212 perarunt
527 1165 682 1206 auditum,
725 1166 859 1212 aliisque
892 1165 1098 1211 languoribus

351 1215 493 1261 impediti
521 1215 701 1261 frequenter
727 1223 756 1249 et
783 1214 944 1249 evidenter
973 1215 1096 1261 plenam

350 1265 512 1299 consecuti
530 1272 605 1299 sunt
626 1263 801 1298 sanitatem:
824 1272 854 1298 et
879 1263 966 1310 quod
1003 1264 1098 1298 mira-

351 1312 424 1347 bilis
445 1313 601 1356 novitatis,
632 1320 661 1346 et
696 1313 766 1347 novi
795 1312 963 1352 miraculi,
997 1312 1099 1360 pulvis

351 1361 390 1395 de
416 1362 536 1396 tumulo
577 1362 645 1395 eius
682 1369 863 1408 assumptus
897 1372 991 1407 saepe
1022 1373 1099 1396 con—

351 1421 458 1444 versus
480 1419 525 1445 est
554 1410 584 1444 in
607 1410 812 1444 frumentum.
854 1409 918 1444 Nos
951 1421 1026 1455 ergo
1058 1410 1098 1445 de

351 1459 472 1493 meritis
492 1467 523 1494 et
545 1458 704 1493 miraculis
725 1459 792 1492 eius
809 1458 915 1493 multis
927 1466 957 1506 et
974 1460 1098 1505 magnis

351 1519 413 1541 non
436 1508 538 1542 solum
575 1508 774 1546 testimoniis,
808 1507 862 1541 sed
898 1515 929 1542 et
967 1508 1098 1542 testibus

349 1556 501 1591 certiores
533 1556 648 1595 effecti,
689 1568 762 1591 cum
808 1556 980 1591 secundum
1020 1555 1098 1591 Pro-

351 1605 475 1651 phetam
509 1605 684 1640 laudandus
710 1606 750 1640 sit
791 1604 877 1639 Deus
915 1606 947 1640 in
982 1606 1098 1640 sanctis

350 1655 427 1688 suis.
447 1654 487 1688 de
512 1654 640 1688 fratrum
680 1661 858 1688 nostrorum
898 1654 1045 1695 consilio,
1068 1664 1097 1689 et

324 1715 334 1717 -
350 1701 540 1738 Pontificum
567 1704 736 1737 multorum
759 1703 841 1749 apud
868 1702 984 1737 Sedem
1011 1703 1098 1758 Apo-

350 1751 492 1786 stolicam
514 1752 728 1792 existentium,
755 1752 853 1798 ipsam
883 1751 1005 1787 beatam
1039 1753 1094 1787 vir

349 1801 454 1846 ginem
482 1800 714 1847 Kunegundam
744 1801 885 1846 catalogo
916 1809 1096 1836 sanctorum

348 1849 585 1896 adscripsimus,
622 1850 753 1897 eiusque
791 1851 975 1884 memoriam
1018 1851 1098 1885 inter

349 1908 474 1932 sanctos
508 1898 706 1932 decrevimus
739 1898 970 1933 celebrandam.
1003 1898 1097 1940 Qua-

349 1955 477 1993 propter
502 1947 737 1981 unirersitatem
761 1955 893 1981 vestram
929 1959 1097 1983 monemus

347 2004 378 2029 et
400 1995 564 2030 hortamur
588 1996 617 2030 in
657 1995 794 2030 Domino
835 2008 890 2042 per
923 1996 1094 2043 apostolica

347 2044 461 2090 scripta
495 2044 693 2087 mandantes,
727 2053 882 2091 quatenus
915 2045 1001 2091 quod
1038 2058 1094 2080 nos

348 2093 528 2136 solemniter
554 2102 583 2127 et
611 2101 701 2127 caute
734 2094 912 2133 statuimus,
950 2106 1003 2128 vos
1032 2094 1095 2128 hu-

349 2142 462 2176 militer
488 2150 518 2175 et
539 2142 649 2176 devote
676 2143 816 2182 servetis,
839 2143 1005 2177 mmeritis
1027 2143 1095 2177 eius

347 2199 377 2225 et
405 2190 552 2238 precibus
575 2191 658 2238 apud
682 2191 1012 2226 misericordissimum
1036 2191 1094 2226 lu—

347 2240 449 2274 dicem
479 2240 704 2286 indulgentiam
738 2252 980 2286 consequamur.
1018 2240 1093 2275 Col-

348 2289 460 2323 lectam
482 2297 598 2329 autem,
624 2297 654 2323 et
681 2289 756 2323 alias
782 2289 940 2323 orationes
959 2290 989 2323 in
1005 2301 1094 2324 corn-

347 2338 573 2372 memoratione
614 2338 682 2372 eius
719 2337 869 2372 dicendas
914 2337 1092 2379 edidimus,

346 2398 425 2432 quas
453 2388 483 2420 in
516 2387 574 2421 hac
615 2388 728 2433 pagina
763 2386 914 2422 duximus
952 2387 1088 2422 subscri-

346 2435 473 2470 bendas.

629 2505 804 2540 ORATIO.

395 2576 604 2623 Omnipotens
625 2585 655 2611 et
693 2577 871 2611 misericors
902 2577 998 2620 Deus,
1038 2577 1091 2623 qui

347 2637 361 2657 a
384 2624 481 2669 gloria
504 2633 555 2659 tua
578 2625 697 2659 nullum
725 2626 842 2671 excipis
865 2637 991 2669 sexum,
1015 2627 1092 2660 nul-

940 281 1127 304 BCLLARUM
1149 280 1283 302 Rosnxt
1286 279 1311 301 .ἱί

1142 334 1266 381 lamque
1278 333 1491 368 conditionem
1502 333 1656 377 excludis,
1668 342 1696 368 te
1704 333 1890 381 suppliciter

1904 276 1956 303 An.
1967 275 1997 303 C.
2016 276 2086 304 ¹2⁰0

1915 331 2029 353 Oratione·
2063 334 2085 353 in
2123 331 2127 334 ”

1902 363 1967 383 mint
1985 362 2020 383 die
2039 363 2086 383 eiu·

1140 395 1319 422 exoramus,
1360 390 1393 417 ut
1431 383 1510 418 sicut
1550 383 1658 418 beatae
1695 382 1886 430 Kunegundi
1901 393 2024 414 cen-nune
2052 393 2086 414 d·-

1143 432 1252 478 virgini
1277 440 1347 466 tuae
1371 442 1441 480 post
1462 434 1576 467 terreni
1599 432 1725 467 culmen
1764 432 1912 480 imperii

1139 481 1285 516 coelestis
1313 482 1399 527 regni
1419 482 1533 517 solium
1557 482 1731 521 contulisti,
1760 481 1799 516 ita
1827 494 1887 517 me-

1141 532 1209 565 ritis
1230 531 1299 565 eius
1314 539 1343 565 et
1365 531 1521 577 precibus,
1555 531 1645 565 nobis
1678 542 1805 578 quoque
1841 531 1889 566 fa-

1141 581 1236 615 mulis
1272 581 1333 614 tuis
1370 588 1514 615 aeternae
1553 580 1708 615 felicitatis
1745 580 1888 627 praemia

1141 629 1292 675 largiaris.
1322 628 1385 663 Per
1411 628 1583 664 Dominum
1604 638 1659 664 etc.

1448 703 1474 736 S
1475 709 1580 736 ecreto.

1189 773 1385 808 Sacrificium
1409 773 1509 807 laudis
1538 780 1610 807 tuae
1645 771 1717 811 tibi,
1755 771 1889 807 Domine

1140 822 1226 857 Deus
1241 830 1346 857 noster
1355 824 1380 865 (l
1390 825 1411 865 ),
1421 830 1503 856 tuam
1517 820 1715 856 clementiam
1726 821 1889 868 imploran-

1141 879 1198 916 tes,
1215 880 1247 906 ut
1261 884 1316 918 per
1335 871 1430 905 huius
1451 870 1637 905 sacramenti
1660 871 1818 910 virtutem,
1840 870 1889 905 in—

1138 921 1320 955 tercedente
1333 920 1420 954 beata
1439 919 1640 965 Kunegunde
1668 919 1787 966 virgine
1824 927 1889 963 tua,

1141 982 1197 1004 nos
1219 979 1248 1004 et
1270 981 1287 1004 a
1309 970 1445 1015 peccatis
1471 967 1631 1016 expedias,
1669 977 1701 1002 et
1746 980 1763 1003 a
1800 969 1889 1015 ,pet-i—

1139 1019 1220 1053 culis
1244 1019 1374 1053 tuearis.
1396 1017 1470 1069 Per‘
1482 1018 1655 1052 Dominum
1687 1026 1740 1052 etc.

1419 1089 1616 1133 Complenda.

1188 1159 1443 1195 Sacratissimum
1484 1168 1716 1194 sacramentum
1746 1158 1889 1194 Redem-

1141 1210 1256 1256 ptionis
1282 1210 1449 1252 humanae,
1470 1208 1553 1255 quod
1582 1209 1612 1243 in
1635 1209 1753 1243 honore
1780 1207 1887 1242 beatae

1139 1258 1350 1293 Kuneoundis
1371 1256 1555 1297 obtulimus,
1575 1257 1631 1292 tibi
1653 1269 1722 1296 nos,
1739 1255 1889 1301 Domine,

1141 1307 1249 1343 reddat
1283 1316 1451 1361 acceptos,
1487 1314 1519 1340 ut
1560 1318 1615 1353 per
1648 1307 1726 1345 hoe,
1747 1305 1832 1362 quod
1857 1313 1888 1341 et

1139 1357 1320 1411 accepimus
1344 1356 1405 1410 ipsi
1428 1356 1466 1390 de
1489 1363 1553 1395 tuo,
1588 1364 1618 1390 et
1647 1355 1814 1401 suscepisti
1847 1354 1889 1390 de

1141 1414 1246 1440 nostro
1289 1405 1391 1439 intui
1432 1416 1557 1452 semper
1594 1405 1710 1440 unione
1736 1404 1886 1439 vivamus.

1139 1454 1200 1495 Qui
1239 1466 1311 1488 cum
1339 1453 1432 1488 Patre
1458 1462 1510 1487 etc.

1188 1502 1303 1537 Datum
1334 1502 1479 1537 Laterani
1515 1502 1605 1537 tertio
1645 1514 1744 1537 nonas
1765 1501 1887 1548 aprilis,

1141 1552 1342 1598 pontificatus
1364 1552 1460 1585 nostri
1489 1563 1572 1585 anno
1600 1552 1700 1585 tertio.

1179 1608 1238 1637 Dat.
1258 1608 1304 1638 die
1323 1608 1340 1637 3
1362 1607 1463 1647 aprilis
1488 1607 1573 1643 1200,
1593 1607 1693 1647 pontis.
1711 1617 1788 1637 anno
1805 1617 1847 1639 m.

1448 1729 1580 1764 xxxtt.

1165 1806 1282 1838 Othoni
1304 1806 1334 1837 in
1362 1806 1574 1850 imperatorem
1595 1807 1684 1839 electo
1713 1817 1839 1850 reqnum

1373 1855 1573 1899 confirmatur
1595 1856 1650 1897 (2).

1404 1930 1619 1961 SUMMARIUM

1138 1991 1324 2021 Procemium.
1347 2009 1386 2014 -
1403 1992 1565 2022 Innocentii
1585 1993 1753 2023 sollicitudo
1776 1994 1812 2023 de
1829 1994 1886 2024 im-

1177 2036 1267 2073 perio.
1300 2051 1338 2057 —
1371 2034 1494 2065 Othonis
1529 2037 1610 2066 dotes
1643 2042 1671 2079 et
1708 2038 1738 2066 in
1777 2037 1882 2067 Sedem

1176 2079 1373 2117 Apostolicam
1402 2080 1515 2108 merita.
1542 2096 1581 2101 -—-
1601 2079 1673 2109 Eum
1696 2081 1730 2110 ad
1751 2090 1885 2120 perseve-

1176 2124 1300 2152 rantiam
1325 2123 1354 2151 in
1374 2124 1410 2152 iis
1433 2124 1613 2153 adhortatur.
1631 2141 1670 2147 —-
1695 2120 1833 2163 Regalem
1856 2127 1883 2154 ei

1176 2167 1347 2203 dignitatem
1380 2168 1532 2197 confirmat
1556 2169 1591 2198 ad
1620 2169 1801 2208 imperialem
1827 2178 1881 2198 co-

1175 2219 1276 2238 ronam
1295 2211 1495 2249 recipiendam
1515 2212 1614 2242 —Pia
1631 2213 1749 2242 adeum
1763 2214 1881 2243 monita.

1175 2271 1212 2275 —
1232 2255 1352 2292 Legatos
1376 2256 1411 2284 ad
1434 2265 1500 2285 enm
1521 2258 1616 2287 mittit.

1133 2321 1307 2349 Innocentius
1325 2322 1466 2358 episcopus
1484 2330 1580 2352 servus
1598 2331 1738 2352 servorum
1764 2322 1880 2359 Deisil-

1179 2369 1264 2397 lustri
1282 2371 1342 2405 regi
1372 2371 1468 2399 Othoni
1491 2371 1518 2400 in
1536 2372 1712 2400 Romanorum
1730 2374 1880 2409 imperato-

1178 2425 1235 2446 rem
1254 2419 1351 2447 electo.

1184 2480 1222 2514 Ut
1247 2493 1307 2515 non
1346 2482 1448 2517 solum
1489 2482 1655 2529 dispositio
1699 2496 1802 2520 rerum
1847 2495 1878 2521 et

1133 2537 1312 2577 temporum
1339 2532 1586 2578 omnipotentem
1613 2531 1786 2569 Dominum
1819 2534 1878 2570 de-

1169 2601 1207 2633 (l)
1224 2600 1380 2627 Addendum
1398 2602 1507 2628 forsitan
1523 2601 1667 2634 offerimus.
1707 2604 1746 2637 (2)
1766 2603 1806 2630 Ex
1826 2605 1875 2632 Ba-

1134 2639 1195 2664 lu7..
1215 2640 1261 2665 toc.
1280 2641 1337 2672 cit,
1355 2645 1417 2668 tom.
1436 2649 1454 2673 t,
1471 2648 1530 2676 pag.
1552 2642 1610 2668 702.

1902 424 1989 444 cendae

1914 2496 2046 2520 Prooemtnn.
