2129 3223
39 287 97 315 Au.
111 289 138 316 C.
160 290 224 317 ¹26&

37 1584 127 1622 Reginae
136 1587 212 1609 obser-

33 1620 107 1639 untia.

863 293 1008 317 vultanus
1030 294 1063 316 tv
1083 294 1131 317 1²1².

240 356 350 380 narum
374 345 404 380 in
427 345 473 381 eis
505 344 705 392 degentium,
732 347 850 383 scilicet
877 349 983 396 capel-

240 393 382 430 lanorum
404 402 435 430 et
461 407 684 431 conversorum
710 404 740 431 et
766 396 981 443 familiarium,

239 443 330 490 plene
352 443 499 480 duximus
526 446 762 490 committenda,
796 456 980 488 statuentes,

239 501 272 527 ut
292 492 351 528 sub
377 494 456 538 eius,
478 503 508 530 et
528 494 661 530 aliorum
684 496 900 542 cardinalium,
927 498 980 544 qui

238 541 352 577 fuerint
370 555 427 591 pro
449 552 600 592 tempore,
622 544 853 592 gubernationi,
876 556 981 593 prote·-

237 592 330 627 ctioni
375 602 471 641 atque
492 595 676 630 correctioni
712 596 895 631 eorumdem
919 596 981 632 fra-

235 648 318 676 trum
353 644 473 679 ordinis
505 655 520 678 a
552 643 635 679 Sede
668 645 848 691 Apostolica
880 647 980 693 depu-

236 691 301 733 tati,
329 691 506 729 obedientia
533 702 563 729 et
596 705 669 729 cura
692 702 722 729 et
744 695 894 742 regimine
930 695 979 730 de-

236 739 335 776 beatis
360 741 399 777 de
420 750 542 778 caetero
570 755 765 790 permanere,
795 744 910 791 quibus
933 754 979 780 te-

235 791 370 826 neamini
399 792 530 827 firmiter
555 793 694 828 obedire.
717 792 758 828 Et
781 794 836 841 ipsi
858 795 977 829 anima-

235 851 304 875 rum
339 849 510 876 vestrarum
545 842 789 878 sollicitudinem
833 853 979 889 gerentes

233 897 264 923 et
290 901 408 932 curam,
431 891 548 926 eisdem
582 892 781 928 monasteriis
814 900 843 927 et
870 905 977 940 perso-

233 939 284 973 nis
304 939 491 986 degentibus
519 940 549 975 in
577 941 639 983 eis,
666 941 871 989 cappellanis,
898 954 977 977 con-

233 988 332 1024 versis
363 997 394 1023 et
416 989 548 1025 familiae
570 998 630 1025 tam
657 1002 712 1038 per
736 1003 786 1035 se,
807 1003 900 1038 qnam
924 1004 977 1038 per

230 1038 315 1073 viros
337 1038 477 1079 idoneos,
504 1040 627 1087 quoties
653 1039 801 1087 expedire
827 1041 976 1085 viderint,

231 1087 417 1123 visitationis
449 1088 584 1124 officium
608 1090 792 1137 impendere
819 1089 975 1135 studeant,

230 1137 418 1184 corrigendo
452 1146 481 1173 et
508 1138 705 1174 reformando
741 1138 877 1180 ibidem,
914 1149 974 1174 tam

229 1185 261 1221 in
283 1189 396 1234 capite,
419 1199 512 1235 quam
537 1189 566 1222 in
590 1188 751 1228 membris,
778 1201 859 1236 quae
875 1201 974 1224 corre-

228 1236 343 1271 ctionis
374 1245 405 1272 et
438 1237 669 1273 reformationis
694 1237 795 1273 officio
833 1239 974 1273 noverint

227 1285 380 1333 indigere.
403 1285 570 1322 Instituant
593 1286 797 1322 nihilominus
823 1296 853 1323 et
871 1287 974 1323 desti-

227 1342 333 1379 tuant,
360 1336 525 1381 ordinent,
553 1344 688 1371 statuant
722 1345 751 1372 et
787 1337 973 1383 disponant,

227 1392 322 1431 prout
342 1385 518 1421 secundum
540 1386 644 1421 Deum
662 1385 798 1421 viderint
815 1387 972 1434 expedire.

521 1461 601 1497 Cn.
622 1463 678 1496 26.

277 1532 318 1568 Ut
338 1540 443 1568 autem
462 1544 516 1568 vos
538 1532 568 1567 in
591 1533 649 1567 hac
671 1532 776 1579 regula
817 1534 881 1569 sive
908 1533 973 1569 for-

227 1582 310 1617 mula
337 1590 495 1630 tamquam
514 1582 544 1616 in
567 1581 695 1628 speculo
723 1583 851 1630 possitis
879 1584 973 1631 inspi-

225 1643 307 1673 cere,
341 1644 399 1667 nec
428 1644 483 1679 per
503 1631 694 1667 oblivionem
721 1632 838 1680 aliquid
870 1634 973 1679 negli-

225 1681 321 1727 gatis,
349 1681 446 1717 semel
475 1682 564 1717 vobis
593 1682 622 1716 in
650 1681 786 1729 qnalibet
812 1682 972 1729 quindena

225 1730 355 1778 legatur,
377 1739 407 1766 et
437 1731 489 1766 ubi
516 1744 571 1766 vos
597 1731 782 1766 inveneritis
809 1743 860 1771 ea,
894 1744 973 1778 quae

224 1781 339 1827 scripta
366 1788 456 1824 sunt,
491 1780 613 1821 facere,
648 1781 729 1826 agite
764 1782 879 1827 gratias
906 1781 972 1815 Deo

225 1828 379 1865 bonorum
412 1831 551 1864 omnium
590 1829 739 1875 largitori.
777 1829 836 1864 Ubi
867 1838 970 1864 autem

224 1878 283 1913 sibi
311 1890 530 1926 quaecumque
556 1879 668 1913 viderit
696 1879 814 1926 aliquid
846 1878 971 1920 deesse,

224 1927 328 1964 doleat
349 1928 388 1963 de
419 1928 596 1976 praeterito,
617 1936 648 1963 et
661 1937 768 1962 caveat
788 1927 828 1963 de
851 1928 971 1969 futui-03

224 1989 317 2013 orans
339 1986 372 2012 ut
393 1979 420 2012 ei
444 1977 582 2013 debitum
605 1977 791 2019 dimittatur,
813 1986 844 2013 et
859 1979 889 2012 in
910 1986 973 2012 ten-

224 2027 374 2062 tationem
402 2026 551 2074 deinceps
577 2039 639 2061 non
663 2026 840 2062 inducatur.

272 2075 357 2112 Nulli
394 2089 469 2124 ergo
508 2077 639 2112 omnino
679 2076 842 2112 hominum
881 2076 971 2112 liceat

224 2125 306 2162 hanc
332 2135 456 2162 nostrae
493 2125 712 2166 institutionis,
753 2125 972 2161 declarationis

224 2188 255 2214 et
275 2180 510 2216 constitutionis
537 2180 681 2227 paginam
706 2179 892 2227 infringere,
924 2180 970 2215 vel

223 2234 252 2270 ei
274 2246 352 2270 ausu
376 2234 540 2270 temerario
568 2234 732 2269 contraire.
763 2233 795 2269 Si
819 2235 887 2281 quis
914 2247 971 2269 au-

223 2296 286 2324 tem
308 2288 368 2324 hoc
386 2297 536 2323 attentare
551 2289 806 2336 praesumpserit,
831 2288 971 2334 indigna-

225 2343 341 2378 tionem
381 2343 607 2390 omnipotentis
646 2341 705 2376 Dei
740 2350 770 2377 et
807 2342 969 2388 beatorum

224 2396 308 2432 Petri
326 2405 356 2431 et
369 2396 459 2432 Pauli
475 2397 690 2445 apostolorum
713 2396 780 2432 eius
801 2410 834 2432 se
850 2398 969 2432 noverit

226 2450 438 2487 incursurum.

273 2504 388 2540 Datum
410 2505 493 2553 apud
526 2504 643 2540 Urbem
668 2504 824 2547 Veterem,
848 2505 971 2540 decimo

226 2559 335 2606 quinto
367 2559 515 2594 kalendas
542 2558 734 2600 novembris,
770 2559 971 2607 pontificatus

227 2613 323 2647 nostri
351 2624 433 2648 anno
455 2613 555 2649 tertio.

254 2672 315 2704 Dat.
331 2674 377 2705 die
394 2675 430 2706 18
446 2674 573 2705 octobris
592 2675 676 2711 tao-t,
695 2674 797 2714 pontif.
814 2684 889 2705 anno
905 2684 944 2706 111.

303 2722 368 2752 Bull
394 2723 472 2752 Rom.
497 2723 619 2758 Voldll.
818 2724 851 2753 01

1653 288 1715 321 721

1234 374 1465 426 CLEMENS
1510 378 1558 426 tv

1259 467 1351 498 PAPA
1383 468 1531 501 CLXXXIII

1169 537 1260 570 Anno
1283 537 1411 571 Domini
1432 538 1579 573 MCCLX
1589 538 1619 572 V.

1024 624 1155 701 Guido,
1193 658 1317 694 natione
1348 659 1474 700 Gallus,
1510 673 1548 696 ex
1575 658 1700 707 Oppido
1730 661 1764 698 S.

1019 710 1139 758 AEgidii
1176 712 1214 747 ad
1248 711 1392 748 Rhodani
1421 714 1517 760 ripam
1547 715 1576 750 in
1607 716 1765 762 provincia

1018 763 1232 810 Narbonensi,
1266 766 1362 801 nobili
1387 767 1501 802 familia
1524 767 1652 813 Grossa,
1679 780 1764 818 patre

1018 817 1192 864 Fulcodio,
1231 829 1320 855 antea
1359 821 1538 857 Anieiensis
1573 825 1762 872 episcopus,

1018 872 1131 908 deinde
1153 874 1407 922 archiepiscopus
1429 875 1661 922 Narbonensis,
1691 891 1762 914 mox

1017 926 1050 961 S.
1070 926 1108 962 R.
1124 927 1162 962 E.
1185 928 1353 964 cardinalis
1374 928 1569 972 Sabinensis,
1586 932 1705 967 electus
1716 941 1762 968 est

1016 980 1147 1017 Viterbii
1162 981 1325 1018 Romanus
1340 983 1483 1018 Pontifex
1507 997 1614 1021 mense
1636 985 1762 1022 februa·

1017 1036 1061 1070 rio
1097 1048 1179 1071 anno
1206 1038 1311 1077 1265,
1339 1044 1370 1072 et
1399 1038 1451 1072 die
1472 1040 1518 1073 22
1545 1042 1588 1084 (1)
1621 1041 1759 1076 eiusdem

1016 1099 1195 1134 coronatus,
1213 1089 1387 1126 Clementis
1402 1091 1444 1126 lv
1465 1102 1592 1140 sumpto
1619 1095 1757 1129 nomine.

1014 1143 1104 1179 Sedit
1126 1145 1156 1179 in
1181 1145 1361 1191 pontificatu
1381 1158 1480 1182 annos
1496 1159 1547 1187 111,
1571 1160 1695 1183 menses
1711 1161 1760 1192 rx,

1015 1197 1082 1233 dies
1109 1210 1155 1233 vn
1183 1201 1238 1244 (2),
1266 1199 1438 1246 imperante
1475 1201 1504 1235 in
1537 1199 1667 1237 Oriente
1698 1202 1759 1237 Mi-

1014 1252 1122 1287 chaele
1148 1252 1348 1300 Palaeologo.
1370 1254 1456 1289 Obiit
1482 1254 1611 1290 Viterbii
1639 1255 1691 1291 die
1713 1258 1758 1291 29

1014 1306 1194 1342 novembris
1228 1319 1311 1342 anno
1343 1310 1448 1350 1268,
1480 1318 1509 1344 et
1536 1310 1680 1356 sepultus
1712 1318 1760 1346 est

1014 1360 1128 1396 ibidem
1148 1361 1177 1395 in
1197 1361 1327 1397 ecclesia
1345 1362 1471 1398 fratrum
1488 1362 1757 1400 Praedicator-um.

1013 1413 1140 1451 Vacavit
1162 1416 1254 1451 sedes
1275 1428 1375 1452 annos
1400 1416 1463 1452 fere
1484 1429 1534 1453 ιιι.

1377 1617 1400 1652 Ι.

1014 1687 1184 1734 Encyclicis
1205 1689 1311 1722 litteris
1337 1701 1438 1724 onmes
1456 1691 1662 1727 Ecclesiarum
1672 1706 1760 1739 prae-

1062 1743 1139 1776 latos
1166 1744 1208 1776 ad
1234 1745 1461 1788 implorandam
1498 1747 1636 1782 divinam
1674 1761 1757 1793 opem

1059 1807 1116 1839 pro
1136 1796 1271 1831 Ecclesia
1283 1798 1352 1832 bene
1364 1800 1565 1843 yubernnnda
1580 1802 1686 1835 incitat
1701 1804 1755 1844 (3).

1281 1879 1494 1912 SUMMARIUM

1011 1947 1078 1978 Dies
1097 1948 1193 1979 obitus
1216 1949 1323 1981 Urbani
1341 1951 1394 1981 PP.
1413 1968 1450 1975 —
1468 1952 1626 1984 Clementis
1644 1955 1755 1986 electio.

1077 2025 1199 2055 clemens
1216 2026 1358 2062 episcopus
1372 2035 1466 2058 servus
1483 2035 1622 2059 servorum
1633 2029 1689 2059 Dei.

1060 2097 1117 2133 His
1147 2098 1259 2134 diebus
1294 2099 1392 2135 felicis
1426 2101 1652 2137 recordationis
1691 2102 1755 2138 Ur-

1012 2151 1092 2186 bano
1124 2151 1208 2199 Papa
1248 2153 1487 2200 praedecessore
1525 2163 1631 2190 nostro
1668 2166 1756 2191 sexto

1011 2217 1110 2240 nonas
1136 2206 1274 2242 octobris
1297 2208 1374 2242 viam
1399 2209 1563 2244 universae
1588 2210 1690 2245 carnis
1712 2211 1756 2245 in-

1010 2271 1129 2306 greSSO,
1151 2268 1182 2295 et
1206 2261 1283 2296 sicut
1307 2262 1345 2296 de
1368 2262 1541 2309 largissima
1563 2263 1621 2298 Dei
1643 2264 1755 2311 pietate

1011 2314 1209 2358 confidimus,
1240 2324 1308 2362 post
1348 2315 1470 2351 labores
1505 2317 1543 2351 ad
1581 2319 1755 2365 praemium

1011 2375 1151 2406 evocato.
1175 2369 1314 2416 tantique
1338 2371 1434 2416 patris
1456 2370 1594 2406 defuncti
1611 2384 1755 2420 corpore,

1013 2431 1103 2468 prout
1127 2430 1173 2457 est
1196 2423 1271 2457 iuris
1294 2431 1323 2457 et
1351 2424 1457 2465 moris,
1480 2437 1551 2459 cum
1574 2425 1692 2461 honore
1726 2436 1755 2461 et

1047 2506 1085 2539 (1)
1102 2505 1226 2531 Electioni
1246 2505 1386 2533 Clementis
1396 2507 1522 2542 assignari
1533 2511 1622 2535 cortus
1638 2508 1694 2536 dies
1703 2517 1755 2537 non

1013 2554 1108 2585 potest.
1126 2550 1173 2576 nisi
1198 2551 1394 2578 assentiendum
1416 2553 1537 2579 videatur
1563 2553 1682 2587 Euromo,
1709 2555 1755 2590 qui

1013 2600 1077 2621 teste
1098 2594 1231 2629 Raynaldo
1248 2595 1272 2621 in
1289 2595 1391 2623 schedis
1406 2598 1633 2625 asseriteumdem
1643 2598 1755 2626 electum

1011 2639 1052 2665 die
1069 2640 1085 2665 9
1101 2638 1234 2665 februarii.
1273 2639 1311 2674 (⁴2)
1338 2643 1357 2667 Α
1379 2644 1555 2670 coronationis
1578 2643 1622 2670 dio
1645 2651 1756 2678 compu-

1013 2684 1113 2710 tandos.
1155 2683 1193 2717 (5)
1215 2685 1251 2711 Ex
1270 2685 1404 2719 Raynaldo
1424 2687 1456 2714 ad
1472 2696 1570 2715 annum
1594 2689 1678 2721 1205,
1695 2689 1712 2725 S
1728 2690 1750 2715 is.

1786 297 1837 324 An.
1854 295 1882 323 C.
1901 297 1967 324 ¹263

1778 2110 1828 2132 Dies
1838 2111 1906 2132 otiatus
1916 2109 1953 2132 Ur—

1771 2141 1818 2163 bani
1833 2140 1872 2161 PP.
