2129 3223
56 237 106 263 Aa.
120 234 150 262 C.
171 236 235 262 ¹227

55 380 77 395 et
116 375 238 402 prtrilegin-

55 411 100 426 ium
118 410 236 426 concessio>

7 1251 18 1258 r
0 966 22 1202 *furvyaermkvz
15 946 18 952 .
14 910 21 929 ,.
12 887 19 898 ,ν
11 855 14 857 -

862 236 1004 259 mimoni
1011 237 1046 259 [S
1068 236 1102 259 ΙΧ

1126 237 1173 259 nt).
1664 231 1734 264 425

254 302 327 336 pere
353 289 454 334 liceat,
494 289 540 324 rel
579 297 696 324 tenere.
732 290 813 325 Sanc
853 291 994 325 laborum
1037 299 1154 325 vestrae
1176 303 1209 325 sc
1232 300 1349 327 temere
1377 293 1593 335 intromittere,
1613 296 1783 342 nisiquan-

81 343 237 371 E=emr¹ion¹¹¹¹¹
255 348 449 378 vestrorum,
483 351 564 385 quos
598 338 732 386 propriis
771 339 915 375 manibus
944 348 995 375 aut
1037 349 1102 375 tum
1131 340 1226 375 fuerit
1251 342 1296 376 eis
1318 354 1333 376 a
1357 342 1444 378 vobis
1468 343 1653 379 iniunctum.
1686 345 1782 381 Prae-

252 388 433 436 sumptibus
454 388 555 423 colitis
581 389 619 423 de
647 389 900 436 possessionibus
933 389 995 424 lia-

252 438 324 473 bitis
345 446 416 473 ante
448 438 616 473 concilium
656 438 814 484 generale,
854 439 916 473 sive
956 439 995 475 ‹le

252 496 424 523 vestrorum
447 488 627 522 animalium
652 487 864 527 nutrimentis,
890 488 995 523 nullus

249 549 266 572 a
294 537 382 572 vobis
408 537 546 572 decimas
568 537 693 583 exigere
725 536 771 572 vel
807 546 994 584 extorquere

249 595 435 632 praesumat.
459 586 506 621 Ad
527 587 603 622 baec
625 587 764 621 decimas
798 600 877 633 quas
911 599 992 621 con-

247 636 316 670 silio
357 636 405 670 vel
430 649 557 671 assensu
582 637 799 683 episcoporum
830 636 869 671 de
899 649 993 671 nia-iu

247 684 431 721 clericorum
456 686 502 720 vel
524 686 672 720 laicorum
703 685 817 720 habere
841 686 992 732 poteritis,

246 747 362 782 quasve
374 734 644 770 consentientibus
656 735 814 782 episcopis
834 743 864 770 et
883 748 992 770 eorum

245 785 367 820 clericis
392 785 570 832 acquiretis,
593 785 774 819 auctoritate
802 784 889 819 robis
913 797 993 832 apo-

245 834 353 869 stolica
379 835 612 869 confirmamus.
636 833 677 869 Ut
699 843 801 869 autem
829 833 916 869 vobis
953 834 990 869 ad

245 895 353 918 curam
385 883 562 918 animarum
597 891 780 923 vestrarum,
820 893 849 918 et
884 884 992 919 salutis

245 932 471 980 plenitudinem
489 934 563 968 nibil
580 933 671 976 desit,
691 941 783 980 atque
798 943 990 968 sacramenta

243 982 456 1017 ecclesiastica
488 991 519 1017 et
540 983 645 1017 divina
659 982 760 1018 officia
780 992 882 1017 restro
903 995 991 1017 sacro

243 1032 374 1078 collegio
403 1032 523 1067 valeant
537 1032 736 1067 commodius
757 1032 908 1072 exbiberi,
925 1044 991 1067 san-

243 1081 356 1125 cimus,
384 1090 417 1115 ut
443 1081 533 1116 liceat
561 1081 648 1116 vobis
679 1083 828 1117 honestos
860 1082 990 1116 clericos

243 1131 422 1167 sacerdotes
444 1131 619 1166 secundum
634 1131 748 1170 Deum,
771 1141 921 1178 quantum
952 1132 988 1165 ad

243 1189 377 1216 vestram
389 1181 567 1226 scientiam,
589 1181 750 1216 ordinatos
771 1181 1005 1228 undecumque

242 1229 282 1265 ad
306 1242 361 1265 vos
394 1230 554 1265 venientes
587 1230 761 1278 suscipere,
797 1239 825 1265 et
861 1240 922 1265 tam
959 1242 988 1264 tn

244 1279 406 1327 principali
426 1279 520 1314 domo
554 1288 664 1319 vestra,
703 1292 796 1327 quam
830 1279 920 1314 etiam
959 1280 988 1314 in

242 1327 432 1364 obedientiis
453 1337 482 1365 et
505 1329 581 1364 locis
602 1330 659 1364 sibi
674 1329 809 1364 subditis
830 1328 987 1363 vobiscum

243 1377 372 1423 babere,
398 1378 571 1414 dummodo
597 1379 623 1414 si
641 1391 657 1412 e
681 1378 783 1414 vicino
805 1379 878 1423 sint,
897 1390 950 1413 eos
972 1391 988 1412 a

243 1428 379 1474 propriis
392 1428 547 1475 episcopis
562 1429 726 1476 expetatis,
739 1428 897 1475 iidemque
913 1428 987 1462 nulli

242 1477 294 1512 alii
318 1477 501 1524 professioni
529 1477 575 1512 vel
605 1477 705 1512 ordini
739 1478 864 1512 obnoxii
901 1486 988 1511 tene-

242 1535 345 1562 antur.
367 1526 460 1569 Quod
483 1527 508 1561 si
531 1528 671 1574 episcopi
695 1527 783 1562 vobis
815 1526 988 1562 concedere

243 1575 322 1612 forte
343 1577 516 1617 noluerint,
539 1576 746 1611 nihilominus
773 1587 875 1611 tamen
911 1590 987 1611 vos—

243 1627 314 1661 dem
335 1626 528 1673 suscipiendi
552 1634 582 1661 et
616 1626 772 1662 retinendi
805 1626 987 1661 auctoritate

242 1684 367 1711 sanctae
391 1675 554 1711 Romanae
575 1675 722 1711 Ecclesae
749 1676 904 1711 licentiam
933 1676 989 1710 lia-

243 1724 350 1760 beatis.
372 1724 408 1760 Si
429 1737 502 1760 vero
524 1725 619 1772 aliqui
638 1726 750 1760 horum
778 1734 847 1772 post
876 1725 987 1760 saetam

244 1773 469 1821 professionem
492 1774 668 1810 turbatores
695 1784 813 1810 vestrae
831 1775 988 1820 religionis

243 1832 297 1858 aut
317 1823 431 1859 domus
451 1824 565 1859 fuerint
586 1824 717 1859 fortasse
743 1824 872 1868 inventi,
900 1824 989 1859 liceat

245 1872 331 1908 vobis
372 1885 427 1908 eos
461 1886 533 1908 cum
573 1874 688 1908 saniori
731 1881 816 1921 parte
859 1873 986 1920 capituli

245 1934 402 1963 amovere,
425 1923 565 1970 ipsisque
606 1923 783 1958 transeundi
818 1922 855 1957 ad
894 1923 988 1957 alium

245 1970 407 2013 ordinem,
442 1972 493 2006 ubi
532 1972 706 2007 secundum
745 1971 847 2007 Deum
887 1973 989 2007 virere

245 2021 350 2061 velint,
369 2029 399 2055 et
421 2021 552 2064 taleam,
575 2021 649 2056 dare
669 2021 841 2062 licentiam,
864 2031 894 2056 et
922 2023 989 2057 loco

246 2071 388 2117 ipsorum
424 2070 501 2106 alios
543 2071 672 2106 idoneos
710 2071 894 2118 subrogare,
936 2071 988 2118 qui

245 2120 338 2156 etiam
362 2120 455 2155 unius
481 2120 554 2155 anni
582 2121 682 2167 spatio
704 2121 734 2155 in
767 2130 865 2155 vestra
888 2122 990 2156 socie-

246 2178 308 2206 tate
330 2169 511 2217 probentur,
535 2182 637 2216 eoque
678 2179 812 2217 peracto,
841 2171 865 2205 si
888 2183 991 2205 mores

246 2231 356 2257 eorum
369 2220 543 2265 exegerint,
566 2228 595 2253 et
619 2219 708 2254 utiles
731 2220 845 2254 fuerint
866 2219 904 2254 ad
925 2232 991 2254 ser-

248 2268 355 2304 vitium
373 2268 488 2304 domus
518 2277 634 2303 restrae
667 2269 804 2310 ini-enti,
839 2278 904 2304 tum
936 2269 991 2305 dc-

249 2331 335 2355 mum
358 2318 584 2366 professionem
604 2318 715 2353 faciant
734 2319 904 2366 regularem
926 2331 993 2366 pro-

248 2369 408 2404 mittentes
429 2382 462 2404 se
485 2368 668 2415 regulariter
694 2369 817 2413 vivere,
851 2381 885 2403 ac
919 2381 993 2403 ma-

251 2418 347 2463 gistro
369 2418 495 2466 proprio
513 2417 665 2458 obedire;
688 2417 729 2452 ita
762 2426 876 2458 tamen,
910 2418 991 2466 qnod

251 2468 396 2503 eumdem
419 2468 580 2503 vobiscum
616 2467 730 2502 victum
769 2467 903 2502 habeant
919 2496 928 2511 ,
964 2476 991 2502 ct

252 2517 542 2558 vestitum,necnon
552 2517 755 2560 lectisternia,
774 2517 833 2551 boc
850 2526 993 2564 excepto,

253 2566 337 2613 quod
352 2567 454 2602 clausa
471 2567 652 2601 vestimenta
668 2566 849 2614 portabunt,
864 2566 918 2601 scd
938 2579 995 2601 nec

1037 398 1118 425 terea
1142 389 1218 424 nulli
1236 403 1387 436 personae
1401 401 1485 427 extra
1507 403 1643 428 vestrum
1666 394 1782 442 capitu—

1035 439 1098 473 lum
1113 440 1174 474 sint
1188 440 1332 482 subiecti,
1344 441 1590 488 tibique,dilecte
1605 443 1782 479 inDomino

1035 488 1077 523 fili
1101 489 1259 533 magister,
1287 491 1411 537 tuisque
1438 492 1673 528 successoribus
1699 502 1781 529 tam—

1034 551 1128 585 quam
1152 539 1301 586 magistro
1319 549 1349 575 et
1384 541 1520 587 praelato
1549 555 1607 577 suo
1641 543 1779 578 deferant

1035 588 1208 623 secundum
1232 590 1324 624 vestri
1353 591 1473 625 ordinis
1507 592 1657 627 instituta.
1692 591 1779 628 Con·-

1033 638 1223 673 secrationes
1246 651 1320 674 vero
1341 639 1483 674 altarium
1500 653 1554 675 seu
1570 641 1777 682 basilicarum,

1033 687 1246 723 ordinationes
1277 688 1476 730 clericorum,
1512 691 1566 736 qni
1601 690 1639 726 ad
1674 703 1778 727 sacros

1033 737 1161 773 ordines
1188 737 1304 773 suerint
1342 740 1558 786 promovendi,
1592 748 1623 775 et
1657 749 1777 776 caetera

1032 786 1241 822 ecclesiastica
1282 796 1475 823 sacramenta
1521 801 1538 824 a
1584 789 1777 825 dioecesanis

1032 836 1211 883 suscipietis
1237 837 1407 885 episcopis,
1438 837 1594 885 siquidem
1633 839 1776 875 catholici

1031 885 1159 926 fuerint,
1186 894 1217 921 et
1237 887 1366 933 gratiam
1394 895 1488 934 atque
1520 889 1775 924 communionem

1031 935 1228 981 Apostolicae
1249 936 1343 972 Sedis
1365 936 1542 983 habuerint,
1564 946 1594 973 et
1616 950 1649 973 ea
1680 939 1777 984 gratis

1031 993 1061 1019 et
1087 984 1206 1032 absque
1229 986 1377 1033 pravitate
1407 987 1510 1034 aliqua
1542 987 1632 1022 vobis
1670 988 1777 1023 volue-

1032 1034 1093 1068 rint
1119 1035 1279 1070 exhibere.
1301 1036 1451 1082 Alioquin
1474 1036 1563 1071 liceat
1603 1036 1689 1072 vobis
1724 1050 1777 1073 ca-

1031 1083 1181 1119 tholicum
1212 1097 1447 1132 quemcumque
1480 1086 1652 1122 malueritis
1690 1087 1776 1122 adire

1030 1134 1213 1175 antistitem,
1237 1135 1289 1180 qui
1313 1144 1415 1170 nostra
1441 1135 1538 1170 fultus
1569 1137 1752 1171 auctoritate
1768 1165 1775 1176 ,

1030 1183 1113 1229 quod
1149 1184 1326 1230 postulatur
1368 1185 1538 1231 impendat.
1575 1184 1608 1220 Si
1649 1186 1776 1233 quando

1031 1244 1102 1267 rero
1123 1232 1191 1267 loca
1212 1233 1333 1268 deserta
1349 1233 1465 1268 fuerint
1486 1234 1587 1270 eidem
1606 1235 1774 1270 venerabili

1029 1281 1137 1317 domui
1163 1283 1201 1317 ab
1239 1283 1345 1330 aliquo
1367 1283 1416 1331 pia
1443 1283 1610 1319 devotione
1643 1285 1773 1325 collata,

1030 1330 1121 1366 liceat
1140 1331 1231 1366 vobis
1258 1332 1373 1367 ibidem
1396 1333 1560 1368 aedificare
1582 1333 1686 1375 villas,
1720 1347 1774 1369 ec-

1029 1381 1152 1420 elesias,
1174 1390 1205 1416 et
1226 1383 1412 1417 caemeteria
1440 1382 1478 1417 ad
1513 1395 1594 1430 opus
1610 1384 1773 1418 bominum

1030 1431 1146 1465 ibidem
1170 1432 1362 1466 manentium
1393 1431 1555 1474 fabricare,
1585 1434 1623 1468 ita
1655 1443 1774 1472 tamen,

1030 1488 1063 1514 ut
1084 1481 1113 1515 iu
1136 1480 1251 1515 vicinia
1274 1481 1323 1515 illa
1346 1481 1469 1516 abbatia
1492 1481 1539 1516 vel
1555 1482 1773 1529 religiosorum

1029 1530 1167 1565 virorum
1195 1530 1362 1577 collegium
1392 1544 1452 1565 non
1477 1532 1600 1573 existat,
1627 1544 1709 1580 quae
1735 1532 1775 1567 ob

1029 1579 1089 1615 boc
1115 1580 1213 1615 valeat
1240 1581 1427 1627 pertin-bari.
1450 1581 1531 1616 Cum
1555 1590 1659 1617 autem
1675 1591 1774 1617 terrae

1028 1630 1131 1665 cultae
1154 1629 1241 1664 vobis
1259 1630 1399 1677 quolibet
1413 1631 1494 1665 iusto
1510 1631 1601 1666 titulo
1616 1631 1776 1666 conferen-

1030 1689 1089 1720 tur,
1112 1679 1290 1714 facultatem
1315 1689 1344 1714 et
1370 1680 1528 1715 licentiam
1551 1680 1692 1716 habeatis
1718 1681 1775 1716 ibi-

1028 1729 1099 1763 dem
1125 1728 1164 1764 ad
1199 1741 1278 1774 opus
1311 1730 1564 1773 transeuntium,
1600 1739 1631 1765 et
1665 1743 1773 1767 eorum

1799 243 1848 269 An.
1867 245 1976 272 0122?

1806 656 1954 678 Oronti-tiana·

1793 687 1874 713 altaque
1902 694 1974 708 uacci«-

1793 722 1863 739 menta
1877 720 1901 739 al,
1920 720 1975 739 ordi-

1792 751 1851 770 ntulo
1866 755 1971 776 rocipien—

1793 782 1824 802 da.

1804 1250 1901 1272 fat-unas
1911 1256 1969 1272 acce«

1789 1282 1859 1309 piandi
1878 1282 1970 1305 dun-tlu-

1789 1319 1826 1334 nei

1029 1787 1162 1820 tantum,
1180 1779 1232 1826 qui
1254 1779 1294 1814 de
1310 1791 1416 1814 mensa
1434 1789 1534 1815 vestra
1554 1780 1680 1825 fuerint,
1699 1793 1772 1816 con·
1808 1801 1811 1803 ·

1028 1828 1168 1863 struendi
1195 1829 1327 1863 oratoria
1353 1837 1384 1863 et
1412 1830 1596 1865 caemeteria
1629 1830 1773 1865 faciendi.

1028 1877 1085 1912 Est
1105 1878 1189 1912 enim
1212 1877 1373 1919 indecens,
1395 1887 1425 1913 et
1445 1879 1584 1925 periculo
1598 1880 1772 1927 proximum

1028 1927 1216 1968 animarum,
1232 1927 1392 1974 religiosos
1409 1928 1518 1964 fratres
1540 1931 1704 1964 occasione
1724 1929 1776 1964 ad—

1029 1976 1151 2012 eundae
1172 1975 1334 2012 Ecclesiae
1356 1990 1389 2012 se
1422 1978 1558 2013 virorum
1598 1979 1699 2014 turbis
1714 2006 1722 2021 .,
1745 1991 1771 2013 ei

1030 2026 1200 2061 mulierum
1233 2027 1427 2074 frequentiae
1470 2028 1657 2063 immiscere.
1694 2028 1773 2072 Qui-

1030 2088 1165 2123 cumque
1188 2088 1262 2111 sane
1295 2077 1325 2110 in
1366 2087 1468 2112 vestro
1508 2077 1640 2124 collegio
1673 2078 1771 2112 susci—

1031 2125 1168 2173 pientur,
1192 2125 1392 2160 stabilitatem
1415 2126 1473 2161 loci
1492 2154 1499 2165 ,
1536 2128 1773 2162 conversionem

1031 2187 1167 2214 morum,
1189 2187 1287 2221 seque
1306 2176 1492 2210 militaturos
1507 2176 1642 2210 Domino
1665 2176 1774 2211 diebus

1032 2225 1111 2259 vitae
1133 2237 1208 2259 snae
1230 2224 1288 2258 sub
1310 2224 1486 2259 obedientia
1514 2226 1651 2271 magistri
1667 2226 1774 2260 vestri.

1033 2274 1134 2320 posito
1161 2273 1277 2320 scripto
1299 2286 1395 2320 super
1417 2274 1521 2315 altare,
1550 2274 1578 2308 in
1601 2287 1664 2321 quo
1698 2287 1776 2309 con—

1033 2324 1193 2357 tineantur
1221 2323 1288 2363 ista,
1319 2324 1510 2370 promittant.

1082 2371 1289 2407 Decet-nimus
1315 2385 1399 2418 ergo,
1436 2381 1468 2406 nt
1503 2381 1678 2418 receptores
1719 2386 1776 2409 re—

1034 2429 1166 2456 strarum
1202 2422 1428 2456 fraternitatum
1462 2422 1527 2456 sive
1565 2422 1775 2463 collectarum,

1034 2471 1121 2506 salvo
1144 2471 1210 2505 inre
1224 2470 1421 2505 dominorum
1437 2483 1579 2515 suorum,
1595 2472 1624 2506 in
1641 2471 1678 2507 B.
1695 2472 1775 2507 Petri

1034 2529 1063 2555 et
1086 2531 1191 2555 nostra
1218 2522 1412 2568 protectione
1438 2521 1622 2561 consistant,
1645 2530 1674 2555 ct
1702 2534 1775 2568 pace

1035 2571 1066 2605 iu
1089 2572 1189 2614 terris,
1212 2570 1467 2617 quihusl'uerint‚
1484 2570 1657 2618 potiantur:
1681 2572 1773 2606 simili

254 2616 330 2663 ipsis
349 2616 439 2650 liceat
465 2616 504 2650 de
527 2617 673 2662 capitulo,
701 2615 746 2649 vel
770 2628 842 2650 cura
882 2615 994 2650 domus
1013 2608 1017 2653 l
1035 2631 1159 2666 quoqne
1188 2619 1281 2655 modo
1303 2621 1472 2654 sancimus,
1497 2629 1528 2654 ut
1556 2620 1605 2654 iis.
1627 2621 1678 2667 qui
1706 2621 1775 2656 ἰυειτ

822 2673 854 2702 54

372 2674 442 2702 Ball.
462 2673 536 2702 Rom.
563 2674 613 2702 δὀἱ.
637 2674 686 2702 111.

1818 2390 1945 2411 ouri-›titiliu-

1790 2422 1899 2447 privilegia
1918 2427 1968 2441 eut:-

1790 2457 1857 2474 cessa.
