2129 3223
55 263 107 294 Au.
123 263 153 290 C.
169 263 234 290 ¹207

250 318 327 365 pitio
355 317 467 365 poterit
501 316 652 364 adipisci
679 316 766 351 firma
801 316 903 357 vobis,
932 329 991 352 ve·-

248 366 384 414 strisque
411 365 646 404 successoribus
672 374 703 401 et
725 365 838 401 illibata
868 378 991 413 perma-

248 415 407 453 neant.1n
435 414 552 462 quibus
578 415 655 451 haec
682 415 816 462 propriis
842 414 991 451 duximus

248 465 404 500 vocabulis
425 465 639 512 exprimenda.
654 463 768 500 Villam
792 464 936 500 videlicet
952 465 990 498 de

245 513 414 550 Sentiliaco
436 527 507 549 cum
531 514 675 558 ecclesia,
698 513 800 549 villam
823 513 862 548 de
888 513 989 549 Ruem

244 575 316 598 curn
359 563 506 603 ecclesia,
535 563 637 603 villam
673 562 712 598 de
749 562 881 598 Tilliaco
917 576 989 599 cum

243 612 395 657 ecclesia,
429 613 592 649 ecclesiam
627 613 666 648 de
703 612 803 648 Chalo
829 620 860 647 et
887 612 988 648 villam

243 661 282 698 de
302 662 451 698 Artenaio
472 675 487 697 a
512 662 612 697 bonae
633 662 804 698 memoriae
828 662 886 706 A.,
920 662 990 697 illu-

243 711 298 746 stri
336 711 529 748 Francorum
554 712 678 758 regina,
714 712 801 746 vobis
839 723 990 746 commu-

242 769 338 796 tatam
367 774 423 809 pro
457 761 527 797 villa
553 761 593 796 de
627 761 727 796 Clialo
763 761 794 800 in
830 772 864 795 ea
894 760 990 796 liber-

243 818 304 845 tate
343 822 379 846 ac
419 811 618 850 immunitate
645 809 831 854 tenendam,
865 810 895 844 in
929 822 990 858 qua

242 858 343 895 bonae
377 860 548 896 memoriae
587 859 624 894 L.
661 859 819 907 quondam
861 858 989 895 illustris

241 907 436 944 Francorum
465 922 530 953 rex,
557 909 825 958 quemadmodum
862 909 893 942 in
920 909 989 944 eius

243 958 361 1006 scripto
395 959 576 994 continetur
607 958 800 1000 authentico,
831 970 899 993 eam
929 970 988 993 no-

61 1008 117 1060 '⁰⁸⁰⁵'
128 1016 171 1061 ἔξω*
173 1010 232 1061 01:1¹²
243 1007 342 1043 scitur
367 1007 526 1043 habuisse.
549 1007 749 1043 Medietatem
771 1019 898 1055 quoque
922 1021 989 1054 pro-

49 1046 117 1093 siffis
136 1046 231 1092 vivif-im
244 1066 394 1092 ventuum
417 1065 478 1092 tam
508 1059 537 1092 in
560 1058 693 1092 minutis
722 1057 870 1098 decimis,
892 1070 986 1112 quam

49 1105 215 1123 ⁸⁸¹³⁰¹¹¹¹⁰¹¹¹¹¹²
243 1105 275 1141 in
298 1105 510 1143 oblationibus
531 1115 561 1142 et
587 1106 735 1162 omnibus
756 1106 918 1141 beneficiis
941 1120 987 1141 vi-

242 1168 353 1191 vorum
369 1164 399 1191 et
414 1164 612 1196 mortuorum
630 1156 659 1191 in
677 1156 832 1202 praedicta
848 1155 986 1190 Ecclesia

241 1205 281 1240 de
301 1205 414 1247 Chalo,
436 1206 520 1240 iuxta
539 1205 622 1253 quod
645 1204 733 1240 vobis
763 1204 837 1239 olim
861 1217 987 1240 conces-

241 1266 312 1290 sum
346 1264 393 1290 est
426 1267 441 1289 a
475 1254 576 1289 bonae
607 1255 779 1289 memoriae
811 1253 878 1292 W.,
914 1262 987 1288 tunc

241 1303 432 1349 Senonensi,
450 1304 651 1352 postmodum
675 1316 747 1339 vero
772 1303 922 1338 Remensi
943 1316 988 1337 ar-

241 1353 459 1401 chiepiscopo,
492 1353 627 1389 Sanctae
660 1352 796 1388 Sabinae
823 1352 986 1396 cardinali,

240 1402 441 1450 Apostolicae
468 1402 562 1437 Sedis
582 1403 695 1449 legato,
717 1410 747 1437 et
770 1402 799 1436 in
822 1402 892 1436 eius
908 1402 987 1436 scri—

241 1461 294 1500 pto
320 1452 500 1488 authentico
537 1451 698 1487 redactum
724 1460 783 1492 est;
818 1463 855 1485 eo
883 1458 985 1486 tamen

241 1509 361 1547 tenore,
393 1500 477 1548 quod
513 1502 538 1536 si
567 1501 675 1548 plures
707 1500 738 1534 in
773 1499 881 1535 eadem
918 1500 985 1535 villa

241 1550 436 1606 parochiales
456 1551 607 1586 ecclesiae
628 1558 827 1586 constructae
849 1549 985 1588 fuerint,

242 1601 274 1634 in
299 1599 449 1636 omnibus
481 1612 561 1648 quae
582 1599 702 1637 ibidem
728 1599 922 1635 surrexerint
956 1599 985 1633 id

242 1649 319 1684 iuris
340 1649 492 1691 habeatis,
514 1649 599 1697 quod
622 1650 652 1683 in
675 1648 831 1696 praedicta
854 1649 985 1684 ecclesii

242 1698 390 1734 habuisse
417 1699 586 1738 noscimini,
612 1707 641 1733 et
663 1698 790 1733 habere.
818 1698 932 1734 Villam
948 1698 986 1732 de

241 1747 420 1784 Herbiliaco
449 1761 521 1784 cum
543 1748 674 1784 ecclesia
702 1756 733 1783 et
754 1747 903 1782 omnibus
930 1747 986 1782 de-

242 1797 334 1839 cimis
345 1805 377 1833 et
390 1798 587 1845 pertinentiis
601 1798 678 1839 suis,
697 1797 862 1832 ecclesiam
878 1797 985 1832 Sancti

242 1847 358 1882 Auiani
382 1846 517 1889 Veteris,
539 1859 620 1894 quae
642 1846 770 1894 Capella
797 1854 934 1885 vocatur,
957 1854 986 1880 et

243 1895 410 1931 ecclesiam
449 1895 556 1931 Sancti
583 1894 734 1930 Germani
765 1894 843 1930 infra
877 1908 986 1930 muros

0 1980 1 1983 ,
49 1945 184 1997 ,“’;,““ὃ“”ω
185 1945 386 2000 ¹⁰dncivitatis.
426 1944 587 1992 Quicquid
622 1945 742 1979 habetis
775 1945 804 1979 in
839 1944 910 1979 villa
947 1944 986 1979 de

0 1986 1 2010 ¹
49 2007 163 2027 canonicis
244 1993 401 2034 Centolio,
438 2002 470 2029 et
504 1994 668 2031 ecclesiam
705 1994 794 2029 villae
831 1994 985 2029 eiusdem.

243 2043 402 2091 Quicquid
430 2043 584 2078 habetis
578 2056 609 2078 in
633 2043 702 2078 villa
729 2043 768 2078 de
789 2042 985 2087 Fonteneio,

242 2101 274 2127 et
294 2092 459 2128 ecclesiam
479 2092 620 2127 eiusdem
640 2092 730 2127 villae
752 2105 823 2127 cum
855 2092 986 2128 decimis

242 2150 274 2177 et
290 2142 359 2178 aliis
385 2141 560 2177 redditibus
581 2141 620 2180 ad
648 2142 698 2176 ius
724 2150 861 2176 vestrum
881 2142 986 2189 perti-

242 2191 404 2226 nentibus.
432 2191 556 2238 Aquam
580 2191 701 2237 Ligeris
723 2203 739 2226 a
761 2204 852 2226 muro
875 2192 986 2226 veteris

241 2241 376 2276 civitatis
409 2253 508 2288 usque
538 2239 577 2278 ad
599 2240 749 2275 Sanctum
777 2240 923 2287 Lupum,
956 2249 986 2275 et

243 2289 424 2326 molendina
456 2290 561 2325 omnia
589 2302 670 2336 quae
706 2290 736 2324 in
769 2289 877 2324 eadem
905 2302 985 2337 aqua

242 2339 365 2375 habetis
385 2352 457 2374 cum
486 2338 709 2385 piscationibus
730 2339 807 2373 suis.
826 2338 985 2386 Quicquid

243 2388 366 2428 habetis
380 2389 460 2424 ultra
480 2387 616 2435 Ligerim
632 2396 662 2422 et
675 2388 705 2422 in
723 2387 871 2433 Sologne.
887 2388 987 2431 Quic-

244 2438 322 2485 quid
355 2437 476 2473 habetis
511 2438 541 2472 in
573 2436 763 2472 Gastinesio.
800 2436 912 2472 Villam
948 2437 987 2472 de

244 2487 407 2532 Berziaco,
428 2499 501 2522 cum
524 2486 671 2521 omnibus
694 2486 892 2533 pertinentiis
908 2487 985 2522 suis.

245 2535 403 2593 Quicquid
422 2536 543 2571 habetis
562 2535 645 2583 apud
663 2534 813 2570 Oscuras.
827 2535 986 2583 Quicquid

245 2584 368 2621 habetis
394 2587 424 2620 in
451 2585 564 2620 foresta
596 2597 673 2632 quae
699 2583 831 2618 Bolonia
861 2584 988 2628 dicitur,

247 2643 278 2668 et
305 2634 405 2669 villam
432 2635 471 2669 de
494 2634 634 2669 Casellis
664 2633 825 2680 Quicquid
854 2635 988 2679 pertinet

329 2690 390 2713 nnn
421 2689 484 2716 nimi
518 2691 561 2716 νηί
596 2690 634 2718 111
834 2689 871 2718 26

846 262 875 284 m
881 261 1014 285 NOCENTi
1021 262 1055 284 tis
1078 262 1112 284 tlt
1138 263 1182 284 t’t‘.

1657 251 1721 285 201

1030 316 1069 351 ad
1086 316 1245 351 M1'1noriam
1269 317 1308 352 dc
1322 317 1414 353 larria
1437 326 1467 353 et
1483 318 1584 353 villam
1600 317 1639 353 de
1658 316 1773 356 seteis,

1032 365 1212 402 molendina
1253 379 1379 414 quoquc
1414 380 1492 415 quac
1531 368 1560 402 in
1598 366 1678 402 villis
1717 378 1776 401 ve-

1031 414 1103 450 stris
1140 415 1179 450 de
1215 428 1294 450 novo
1328 416 1459 457 fecistis,
1481 425 1512 451 et
1535 417 1610 452 illud
1638 416 1752 464 quod
1746 429 1775 451 in

1032 464 1111 505 loco,
1125 464 1402 512 quiDomitiacum
1430 467 1616 514 appellatur,
1644 466 1774 502 habetis.

1031 513 1064 548 In
1093 515 1284 562 supradictis
1311 527 1385 550 vero
1412 516 1642 563 parochialibus
1674 516 1777 551 eccle-

1031 564 1096 605 siis,
1119 564 1236 600 scilicet
1263 564 1302 599 de
1328 564 1510 610 Sentiliaco,
1532 565 1571 600 de
1593 565 1709 605 Ruem,
1737 566 1775 600 de

1030 613 1162 658 Tiliaco,
1193 614 1232 649 dc
1261 613 1457 658 Fontcneio,
1485 615 1524 650 de
1546 615 1709 659 Centolio,
1737 615 1776 649 de

1032 662 1210 698 Herbiliaco
1242 672 1273 699 et
1303 663 1341 699 de
1376 664 1493 705 Chalo,
1528 677 1605 711 quas
1639 664 1774 705 tenetis,

1032 712 1227 760 presbyteros
1253 713 1386 760 eligatis,
1401 722 1431 749 et
1445 714 1604 761 episcopis
1626 726 1776 760 praesen-

1030 762 1116 796 tetis:
1148 762 1265 809 quihus
1292 763 1316 797 si
1340 763 1445 798 idonei
1473 762 1601 804 suerint,
1636 764 1774 810 episcopi

1030 823 1136 846 curam
1158 813 1335 847 animarum
1362 811 1482 860 absque
1505 812 1669 847 venalitate
1687 825 1775 847 com-

1031 860 1166 906 mittant,
1194 870 1226 896 ut
1253 861 1291 896 de
1325 861 1428 909 plebis
1455 862 1583 909 quidem
1621 874 1694 897 cura
1731 863 1776 897 eis

1031 910 1252 957 respondeant,
1269 924 1325 958 pro
1348 910 1442 946 rebus
1457 924 1529 947 vero
1548 911 1775 959 temporalibus

1029 959 1149 995 debitas
1187 961 1275 995 vobis
1313 961 1507 996 obedientias
1533 968 1564 995 et
1590 969 1774 996 consuetam

1029 1008 1258 1044 subiectionem
1287 1010 1468 1049 exhibeant.
1492 1010 1525 1045 In
1548 1010 1675 1057 reliquis
1702 1023 1774 1045 vero

1029 1058 1152 1094 duabus
1174 1058 1339 1101 Ecclesiis,
1364 1059 1508 1097 videlicet
1527 1059 1635 1095 Sancti
1658 1060 1773 1094 Aniani

1029 1116 1058 1141 et
1072 1107 1179 1142 Sancti
1194 1107 1357 1153 Germani,
1375 1109 1413 1144 ed
1429 1109 1467 1144 ad
1491 1109 1654 1144 servitium
1670 1110 1775 1145 altaris

1028 1157 1178 1192 Crucifixi
1201 1159 1350 1194 ecclesiae
1372 1158 1457 1193 Beati
1481 1159 1595 1197 Auiani
1619 1158 1714 1193 libere
1744 1167 1774 1193 et

1028 1207 1146 1253 absque
1176 1208 1311 1243 alicuius
1342 1207 1589 1244 contradictione
1626 1216 1656 1243 et
1684 1221 1774 1256 prae-

1028 1256 1215 1298 sentatione,
1237 1258 1319 1292 sicut
1336 1257 1502 1302 hactenus,
1521 1258 1560 1293 ita
1576 1265 1607 1293 et
1620 1257 1774 1305 deinceps

1029 1305 1120 1340 liceat
1142 1305 1229 1340 vobis
1251 1307 1443 1342 substituere
1462 1307 1651 1343 sacerdotes.
1667 1307 1774 1343 Liceat

1028 1356 1122 1390 etiam
1162 1355 1249 1390 vobis
1283 1357 1313 1390 in
1349 1357 1599 1403 parrochialibus
1632 1357 1774 1392 ecclesiis

1029 1405 1139 1439 restris
1163 1405 1355 1445 vacantibus,
1383 1407 1428 1440 uti
1451 1415 1639 1441 consuetum
1661 1415 1721 1451 est,
1743 1417 1773 1441 et

1027 1454 1066 1488 ab
1087 1454 1226 1501 antiquis
1260 1455 1411 1490 hactenus
1438 1463 1514 1502 tem
1518 1456 1637 1491 »oribus
1662 1457 1773 1492 obser-

1028 1510 1146 1548 iatum,
1167 1504 1349 1539 sacerdotes
1372 1517 1489 1560 ponere
1511 1505 1548 1540 ad
1573 1518 1773 1548 succursum;

1027 1553 1078 1600 qni
1104 1553 1206 1587 donec
1233 1555 1447 1590 conveneritis
1474 1555 1503 1589 in
1528 1567 1682 1611 personas
1709 1556 1775 1591 ido-

1029 1614 1114 1643 neas,
1137 1615 1218 1650 quae
1246 1603 1366 1639 institui
1389 1604 1525 1639 debeant
1552 1618 1582 1639 in
1610 1606 1674 1646 eis
1702 1618 1773 1641 om—

1028 1652 1180 1707 nipotenti
1195 1652 1262 1688 Deo
1282 1653 1484 1689 famulentur.
1497 1653 1664 1699 Ferias(¹l)
1682 1668 1773 1703 prae-

1029 1710 1112 1736 terea
1125 1715 1154 1736 in
1164 1702 1547 1738 duabussolemnitatibus
1564 1704 1646 1739 beati
1661 1705 1771 1740 Auiani

1027 1752 1063 1785 ad
1091 1751 1257 1787 luminaria
1295 1753 1437 1788 eiusdem
1460 1753 1610 1788 ecclesiae
1641 1755 1773 1790 concin—

1028 1800 1128 1835 nanda
1154 1809 1214 1836 tam
1237 1814 1254 1836 a
1276 1801 1376 1837 bonae
1397 1803 1568 1838 memoriae
1590 1803 1638 1844 l.,
1658 1804 1769 1840 illustri

1028 1862 1100 1895 iege
1122 1849 1329 1895 Francorum,
1351 1864 1446 1907 quam
1469 1865 1485 1887 a
1507 1852 1646 1889 Iohanne
1667 1866 1771 1901 quon-

1026 1899 1096 1933 dam
1119 1899 1337 1936 Aurelianensi
1361 1901 1524 1949 episcopo,
1548 1902 1636 1938 robis
1658 1913 1686 1938 et
1709 1903 1771 1938 Ec-

1026 1949 1139 1983 clesiae
1169 1958 1287 1986 vestrae
1315 1963 1498 1996 concessas,
1526 1960 1557 1986 et
1588 1952 1694 1999 scripti
1722 1954 1769 1988 sui

1028 1998 1202 2034 munimine
1240 2000 1400 2036 roboratas
1433 2001 1709 2056 (quemadmodum
1741 2003 1768 2036 in

1027 2060 1136 2083 rorum
1179 2050 1306 2097 scriptis
1345 2050 1537 2085 authenticis
1564 2052 1769 2094 continetur),

1026 2097 1207 2133 anctoritate
1244 2099 1412 2146 apostolica
1444 2099 1677 2136 confirmamus.
1712 2100 1770 2134 Ni-

1027 2147 1198 2182 hilominus
1229 2151 1388 2196 praesenti
1423 2149 1552 2185 decreto
1584 2151 1768 2193 statuimus,

1026 2204 1060 2230 ut
1091 2196 1170 2231 duae
1203 2198 1402 2245 praebendae
1429 2211 1509 2245 quae
1542 2208 1631 2233 antea
1666 2199 1769 2246 depu-

1028 2255 1106 2281 tatae
1129 2246 1250 2282 fuerant
1271 2248 1374 2282 officio
1399 2247 1593 2292 Confrariae,
1615 2261 1649 2283 ac
1669 2250 1767 2290 tertia,

1027 2308 1121 2342 quam
1143 2296 1171 2330 ei
1201 2297 1327 2343 provida
1351 2297 1462 2343 pietate
1485 2298 1685 2344 postmodum
1713 2298 1769 2333 ad—

1027 2345 1162 2383 didistis,
1190 2354 1221 2380 et
1242 2345 1393 2381 annuales
1420 2347 1661 2388 canonicorum,
1688 2359 1770 2394 quo-

1028 2406 1162 2440 cumque
1205 2394 1299 2429 modo
1338 2395 1536 2442 praebendae
1582 2405 1767 2441 mutentur,

1027 2443 1128 2477 officio
1154 2453 1357 2491 permaneant
1372 2443 1564 2480 Confrariae.
1588 2445 1704 2482 Vineas
1728 2448 1769 2482 in-

1027 2504 1144 2540 super,
1178 2501 1207 2528 et
1238 2494 1342 2529 omnia
1375 2506 1455 2541 quae
1492 2495 1645 2542 praefatae
1683 2494 1769 2532 Con-

1063 2570 1214 2605 (l)Feriae,
1230 2575 1373 2603 nundinae,
1386 2577 1512 2604 mercata,
1522 2574 1648 2601 itadictae
1657 2577 1729 2612 quia,
1742 2581 1770 2602 ut

1028 2611 1180 2644 plurimum,
1193 2613 1218 2638 in
1229 2616 1380 2639 sanctorum
1389 2617 1559 2647 patronoram
1569 2614 1767 2648 festivitatibus

1030 2650 1068 2676 iel
1086 2651 1253 2677 ecclesiarum
1270 2652 1400 2678 encaeniis
1417 2652 1560 2680 institutae
1578 2654 1616 2689 (n
1639 2655 1676 2689 r)

1792 259 1840 287 An.
1859 260 1887 285 C.
1906 258 1970 285 ¹207
