<?xml version="1.0" encoding="UTF-8"?>
<!DOCTYPE html PUBLIC "-//W3C//DTD XHTML 1.0 Transitional//EN"
    "http://www.w3.org/TR/xhtml1/DTD/xhtml1-transitional.dtd">
<html xmlns="http://www.w3.org/1999/xhtml" xml:lang="en" lang="en">
 <head>
  <title>
</title>
<meta http-equiv="Content-Type" content="text/html;charset=utf-8" />
  <meta name='ocr-system' content='tesseract 3.04.00' />
  <meta name='ocr-capabilities' content='ocr_page ocr_carea ocr_par ocr_line ocrx_word'/>
</head>
<body>
  <div class='ocr_page' id='page_1' title='image "./bullarumdiplomat03cath_0458.png"; bbox 0 0 2129 3223; ppageno 0'>
   <div class='ocr_carea' id='block_1_1' title="bbox 117 257 296 283">
    <p class='ocr_par' dir='ltr' id='par_1_1' title="bbox 117 257 296 283">
     <span class='ocr_line' id='line_1_1' title="bbox 117 257 296 283; baseline 0 0"><span class='ocrx_word' id='word_1_1' title='bbox 117 258 165 283; x_wconf 79' lang='grc' dir='ltr'>Αιι</span> <span class='ocrx_word' id='word_1_2' title='bbox 184 257 213 283; x_wconf 91' lang='lat' dir='ltr'>C.</span> <span class='ocrx_word' id='word_1_3' title='bbox 231 257 296 283; x_wconf 70' lang='lat'>1250</span> 
     </span>
    </p>
   </div>
   <div class='ocr_carea' id='block_1_2' title="bbox 139 318 1058 406">
    <p class='ocr_par' dir='ltr' id='par_1_2' title="bbox 155 318 1058 406">
     <span class='ocr_line' id='line_1_2' title="bbox 218 318 296 333; baseline 0 -1"><span class='ocrx_word' id='word_1_4' title='bbox 218 318 296 333; x_wconf 72' lang='lat' dir='ltr'>netu·-</span> 
     </span>
     <span class='ocr_line' id='line_1_3' title="bbox 139 343 1058 406; baseline 0.001 -13.018"><span class='ocrx_word' id='word_1_5' title='bbox 139 346 178 361; x_wconf 50' lang='grc' dir='ltr'>ι</span> <span class='ocrx_word' id='word_1_6' title='bbox 183 344 214 361; x_wconf 63' lang='lat'>¹</span> <span class='ocrx_word' id='word_1_7' title='bbox 190 343 297 397; x_wconf 43' lang='lat' dir='ltr'>wli</span> <span class='ocrx_word' id='word_1_8' title='bbox 311 360 394 406; x_wconf 81' lang='lat' dir='ltr'>qnod</span> <span class='ocrx_word' id='word_1_9' title='bbox 424 360 453 393; x_wconf 91' lang='grc' dir='ltr'>ιιι</span> <span class='ocrx_word' id='word_1_10' title='bbox 473 360 728 405; x_wconf 80' lang='lat' dir='ltr'>teguladicitur,</span> <span class='ocrx_word' id='word_1_11' title='bbox 751 367 783 394; x_wconf 90' lang='lat' dir='ltr'>ut</span> <span class='ocrx_word' id='word_1_12' title='bbox 811 360 984 394; x_wconf 79' lang='lat' dir='ltr'>decedente</span> <span class='ocrx_word' id='word_1_13' title='bbox 1002 373 1058 406; x_wconf 76' lang='lat' dir='ltr'>gc-</span> 
     </span>
    </p>
   </div>
   <div class='ocr_carea' id='block_1_3' title="bbox 110 1153 292 1294">
    <p class='ocr_par' dir='ltr' id='par_1_3' title="bbox 110 1153 292 1294">
     <span class='ocr_line' id='line_1_4' title="bbox 121 1153 292 1179; baseline -0.014 -6"><span class='ocrx_word' id='word_1_14' title='bbox 121 1153 174 1179; x_wconf 70' lang='lat' dir='ltr'>Quid</span> <span class='ocrx_word' id='word_1_15' title='bbox 210 1153 292 1173; x_wconf 78' lang='lat' dir='ltr'>intelli-</span> 
     </span>
     <span class='ocr_line' id='line_1_5' title="bbox 110 1185 292 1209; baseline -0.005 -5"><span class='ocrx_word' id='word_1_16' title='bbox 110 1186 198 1209; x_wconf 49' lang='lat' dir='ltr'>gendum</span> <span class='ocrx_word' id='word_1_17' title='bbox 235 1185 292 1204; x_wconf 70' lang='lat' dir='ltr'>circa</span> 
     </span>
     <span class='ocr_line' id='line_1_6' title="bbox 110 1217 291 1236; baseline -0.006 -1"><span class='ocrx_word' id='word_1_18' title='bbox 110 1217 227 1236; x_wconf 59' lang='lat' dir='ltr'>inxiessum</span> <span class='ocrx_word' id='word_1_19' title='bbox 271 1221 291 1234; x_wconf 88' lang='grc' dir='ltr'>ιιι</span> 
     </span>
     <span class='ocr_line' id='line_1_7' title="bbox 110 1246 291 1265; baseline 0.006 -1"><span class='ocrx_word' id='word_1_20' title='bbox 110 1246 237 1265; x_wconf 71' lang='lat' dir='ltr'>monasteria</span> <span class='ocrx_word' id='word_1_21' title='bbox 250 1251 291 1265; x_wconf 74' lang='lat' dir='ltr'>mn-</span> 
     </span>
     <span class='ocr_line' id='line_1_8' title="bbox 110 1274 202 1294; baseline -0.011 0"><span class='ocrx_word' id='word_1_22' title='bbox 110 1274 202 1294; x_wconf 54' lang='lat' dir='ltr'>zwlium,</span> 
     </span>
    </p>
   </div>
   <div class='ocr_carea' id='block_1_4' title="bbox 312 248 1057 357">
    <p class='ocr_par' dir='ltr' id='par_1_4' title="bbox 312 248 1057 357">
     <span class='ocr_line' id='line_1_9' title="bbox 362 248 431 280; baseline 0.014 -1"><span class='ocrx_word' id='word_1_23' title='bbox 362 248 431 280; x_wconf 56' lang='lat'>45⁹2</span> 
     </span>
     <span class='ocr_line' id='line_1_10' title="bbox 312 310 1057 357; baseline -0.003 -13"><span class='ocrx_word' id='word_1_24' title='bbox 312 311 445 357; x_wconf 87' lang='lat' dir='ltr'>lusupei</span> <span class='ocrx_word' id='word_1_25' title='bbox 471 310 690 345; x_wconf 66' lang='lat' dir='ltr'>dubitantibus</span> <span class='ocrx_word' id='word_1_26' title='bbox 725 310 830 353; x_wconf 82' lang='lat' dir='ltr'>vobis,</span> <span class='ocrx_word' id='word_1_27' title='bbox 864 324 901 345; x_wconf 86' lang='grc' dir='ltr'>ιιιι</span> <span class='ocrx_word' id='word_1_28' title='bbox 936 323 993 357; x_wconf 83' lang='lat' dir='ltr'>pio</span> <span class='ocrx_word' id='word_1_29' title='bbox 1020 323 1057 344; x_wconf 83' lang='lat' dir='ltr'>co</span> 
     </span>
    </p>
   </div>
   <div class='ocr_carea' id='block_1_5' title="bbox 301 387 1058 2670">
    <p class='ocr_par' dir='ltr' id='par_1_5' title="bbox 301 387 1058 2670">
     <span class='ocr_line' id='line_1_11' title="bbox 312 387 1057 456; baseline 0 -14"><span class='ocrx_word' id='word_1_30' title='bbox 312 408 405 443; x_wconf 85' lang='lat' dir='ltr'>nerali</span> <span class='ocrx_word' id='word_1_31' title='bbox 429 408 585 453; x_wconf 87' lang='lat' dir='ltr'>ministro,</span> <span class='ocrx_word' id='word_1_32' title='bbox 607 421 623 443; x_wconf 90' lang='lat' dir='ltr'>a</span> <span class='ocrx_word' id='word_1_33' title='bbox 639 387 885 456; x_wconf 67' lang='lat' dir='ltr'>proxincialibus</span> <span class='ocrx_word' id='word_1_34' title='bbox 906 409 1057 443; x_wconf 71' lang='lat' dir='ltr'>ministris</span> 
     </span>
     <span class='ocr_line' id='line_1_12' title="bbox 309 457 1057 505; baseline 0 -14"><span class='ocrx_word' id='word_1_35' title='bbox 309 466 339 492; x_wconf 87' lang='lat' dir='ltr'>et</span> <span class='ocrx_word' id='word_1_36' title='bbox 361 457 574 492; x_wconf 72' lang='lat' dir='ltr'>custodibus</span> <span class='ocrx_word' id='word_1_37' title='bbox 568 470 598 492; x_wconf 87' lang='grc' dir='ltr'>ιιι</span> <span class='ocrx_word' id='word_1_38' title='bbox 622 458 760 505; x_wconf 89' lang='lat' dir='ltr'>capitulo</span> <span class='ocrx_word' id='word_1_39' title='bbox 780 458 984 494; x_wconf 81' lang='lat' dir='ltr'>Pentecostes</span> <span class='ocrx_word' id='word_1_40' title='bbox 1007 458 1057 492; x_wconf 82' lang='lat' dir='ltr'>fiat</span> 
     </span>
     <span class='ocr_line' id='line_1_13' title="bbox 309 506 1056 552; baseline 0.001 -11"><span class='ocrx_word' id='word_1_41' title='bbox 309 506 420 541; x_wconf 86' lang='lat' dir='ltr'>electio</span> <span class='ocrx_word' id='word_1_42' title='bbox 462 508 675 552; x_wconf 86' lang='lat' dir='ltr'>successoris,</span> <span class='ocrx_word' id='word_1_43' title='bbox 711 508 852 543; x_wconf 89' lang='lat' dir='ltr'>omnium</span> <span class='ocrx_word' id='word_1_44' title='bbox 889 510 1056 543; x_wconf 81' lang='lat' dir='ltr'>custodum</span> 
     </span>
     <span class='ocr_line' id='line_1_14' title="bbox 309 555 1058 604; baseline 0.003 -15"><span class='ocrx_word' id='word_1_45' title='bbox 309 555 544 591; x_wconf 74' lang='lat' dir='ltr'>multitudinem</span> <span class='ocrx_word' id='word_1_46' title='bbox 567 564 709 604; x_wconf 76' lang='lat' dir='ltr'>oporteat</span> <span class='ocrx_word' id='word_1_47' title='bbox 734 556 773 592; x_wconf 86' lang='lat' dir='ltr'>ad</span> <span class='ocrx_word' id='word_1_48' title='bbox 795 557 941 603; x_wconf 81' lang='lat' dir='ltr'>generale</span> <span class='ocrx_word' id='word_1_49' title='bbox 969 557 1058 604; x_wconf 87' lang='lat' dir='ltr'>capi-</span> 
     </span>
     <span class='ocr_line' id='line_1_15' title="bbox 309 604 1057 647; baseline 0.001 -8"><span class='ocrx_word' id='word_1_50' title='bbox 309 604 409 640; x_wconf 90' lang='lat' dir='ltr'>tulum</span> <span class='ocrx_word' id='word_1_51' title='bbox 438 606 616 647; x_wconf 90' lang='lat' dir='ltr'>convenire,</span> <span class='ocrx_word' id='word_1_52' title='bbox 641 618 679 642; x_wconf 91' lang='lat' dir='ltr'>an</span> <span class='ocrx_word' id='word_1_53' title='bbox 702 614 737 641; x_wconf 86' lang='lat' dir='ltr'>ut</span> <span class='ocrx_word' id='word_1_54' title='bbox 764 607 870 641; x_wconf 89' lang='lat' dir='ltr'>omnia</span> <span class='ocrx_word' id='word_1_55' title='bbox 893 619 966 642; x_wconf 88' lang='lat' dir='ltr'>cum</span> <span class='ocrx_word' id='word_1_56' title='bbox 989 618 1057 641; x_wconf 54' lang='lat' dir='ltr'>ma»</span> 
     </span>
     <span class='ocr_line' id='line_1_16' title="bbox 309 654 1057 702; baseline 0.004 -15"><span class='ocrx_word' id='word_1_57' title='bbox 309 654 365 688; x_wconf 91' lang='lat' dir='ltr'>iori</span> <span class='ocrx_word' id='word_1_58' title='bbox 408 655 630 702; x_wconf 70' lang='lat' dir='ltr'>tranquillitate</span> <span class='ocrx_word' id='word_1_59' title='bbox 671 663 865 696; x_wconf 74' lang='lat' dir='ltr'>tractentur,</span> <span class='ocrx_word' id='word_1_60' title='bbox 913 656 1057 690; x_wconf 85' lang='lat' dir='ltr'>sufficere</span> 
     </span>
     <span class='ocr_line' id='line_1_17' title="bbox 309 704 1056 752; baseline 0.003 -15"><span class='ocrx_word' id='word_1_61' title='bbox 309 704 426 750; x_wconf 81' lang='lat' dir='ltr'>possit,</span> <span class='ocrx_word' id='word_1_62' title='bbox 460 713 493 738; x_wconf 91' lang='lat' dir='ltr'>ut</span> <span class='ocrx_word' id='word_1_63' title='bbox 519 704 614 752; x_wconf 89' lang='lat' dir='ltr'>aliqui</span> <span class='ocrx_word' id='word_1_64' title='bbox 642 704 681 739; x_wconf 88' lang='lat' dir='ltr'>de</span> <span class='ocrx_word' id='word_1_65' title='bbox 703 705 835 751; x_wconf 82' lang='lat' dir='ltr'>singulis</span> <span class='ocrx_word' id='word_1_66' title='bbox 868 705 1056 752; x_wconf 81' lang='lat' dir='ltr'>provinciis,</span> 
     </span>
     <span class='ocr_line' id='line_1_18' title="bbox 308 753 1058 799; baseline 0.003 -13"><span class='ocrx_word' id='word_1_67' title='bbox 308 753 361 799; x_wconf 90' lang='lat' dir='ltr'>qui</span> <span class='ocrx_word' id='word_1_68' title='bbox 383 764 490 788; x_wconf 80' lang='lat' dir='ltr'>vocem</span> <span class='ocrx_word' id='word_1_69' title='bbox 513 753 651 789; x_wconf 85' lang='lat' dir='ltr'>habeant</span> <span class='ocrx_word' id='word_1_70' title='bbox 671 754 805 789; x_wconf 82' lang='lat' dir='ltr'>aliorum</span> <span class='ocrx_word' id='word_1_71' title='bbox 829 754 989 794; x_wconf 71' lang='lat' dir='ltr'>intersint,</span> <span class='ocrx_word' id='word_1_72' title='bbox 1016 761 1058 788; x_wconf 92' lang='lat' dir='ltr'>ta-</span> 
     </span>
     <span class='ocr_line' id='line_1_19' title="bbox 308 802 1057 850; baseline 0.003 -14"><span class='ocrx_word' id='word_1_73' title='bbox 308 802 376 836; x_wconf 85' lang='lat' dir='ltr'>liter</span> <span class='ocrx_word' id='word_1_74' title='bbox 407 802 653 849; x_wconf 81' lang='lat' dir='ltr'>respondemus,</span> <span class='ocrx_word' id='word_1_75' title='bbox 690 813 722 839; x_wconf 90' lang='lat' dir='ltr'>ut</span> <span class='ocrx_word' id='word_1_76' title='bbox 756 804 952 850; x_wconf 82' lang='lat' dir='ltr'>singularum</span> <span class='ocrx_word' id='word_1_77' title='bbox 982 815 1057 850; x_wconf 87' lang='lat' dir='ltr'>pro-</span> 
     </span>
     <span class='ocr_line' id='line_1_20' title="bbox 306 851 1057 888; baseline 0.003 -4"><span class='ocrx_word' id='word_1_78' title='bbox 306 851 479 886; x_wconf 88' lang='lat' dir='ltr'>vinciarum</span> <span class='ocrx_word' id='word_1_79' title='bbox 516 853 665 887; x_wconf 78' lang='lat' dir='ltr'>custodes</span> <span class='ocrx_word' id='word_1_80' title='bbox 700 865 797 887; x_wconf 90' lang='lat' dir='ltr'>unum</span> <span class='ocrx_word' id='word_1_81' title='bbox 829 864 864 887; x_wconf 76' lang='lat' dir='ltr'>ex</span> <span class='ocrx_word' id='word_1_82' title='bbox 889 865 922 887; x_wconf 90' lang='lat' dir='ltr'>se</span> <span class='ocrx_word' id='word_1_83' title='bbox 945 853 1057 888; x_wconf 89' lang='lat' dir='ltr'>consti-</span> 
     </span>
     <span class='ocr_line' id='line_1_21' title="bbox 306 902 1056 949; baseline 0.003 -15"><span class='ocrx_word' id='word_1_84' title='bbox 306 907 410 941; x_wconf 89' lang='lat' dir='ltr'>tuant,</span> <span class='ocrx_word' id='word_1_85' title='bbox 432 913 527 949; x_wconf 87' lang='lat' dir='ltr'>quem</span> <span class='ocrx_word' id='word_1_86' title='bbox 550 914 622 936; x_wconf 91' lang='lat' dir='ltr'>cum</span> <span class='ocrx_word' id='word_1_87' title='bbox 657 914 715 936; x_wconf 94' lang='lat' dir='ltr'>suo</span> <span class='ocrx_word' id='word_1_88' title='bbox 744 902 927 949; x_wconf 84' lang='lat' dir='ltr'>provinciali</span> <span class='ocrx_word' id='word_1_89' title='bbox 961 902 1056 936; x_wconf 89' lang='lat' dir='ltr'>mini-</span> 
     </span>
     <span class='ocr_line' id='line_1_22' title="bbox 306 950 1055 998; baseline 0.003 -15"><span class='ocrx_word' id='word_1_90' title='bbox 306 957 372 984; x_wconf 89' lang='lat' dir='ltr'>stro</span> <span class='ocrx_word' id='word_1_91' title='bbox 393 962 450 997; x_wconf 89' lang='lat' dir='ltr'>pro</span> <span class='ocrx_word' id='word_1_92' title='bbox 477 950 555 998; x_wconf 91' lang='lat' dir='ltr'>ipsis</span> <span class='ocrx_word' id='word_1_93' title='bbox 573 951 610 985; x_wconf 90' lang='lat' dir='ltr'>ad</span> <span class='ocrx_word' id='word_1_94' title='bbox 634 952 804 998; x_wconf 88' lang='lat' dir='ltr'>capitulum</span> <span class='ocrx_word' id='word_1_95' title='bbox 827 951 974 998; x_wconf 77' lang='lat' dir='ltr'>dirigant,</span> <span class='ocrx_word' id='word_1_96' title='bbox 1000 964 1055 985; x_wconf 86' lang='lat' dir='ltr'>vo-</span> 
     </span>
     <span class='ocr_line' id='line_1_23' title="bbox 306 1000 1054 1042; baseline 0.003 -9"><span class='ocrx_word' id='word_1_97' title='bbox 306 1010 359 1033; x_wconf 88' lang='lat' dir='ltr'>ces</span> <span class='ocrx_word' id='word_1_98' title='bbox 373 1011 446 1034; x_wconf 90' lang='lat' dir='ltr'>suas</span> <span class='ocrx_word' id='word_1_99' title='bbox 459 1000 693 1035; x_wconf 86' lang='lat' dir='ltr'>committentes</span> <span class='ocrx_word' id='word_1_100' title='bbox 715 1000 831 1035; x_wconf 82' lang='lat' dir='ltr'>eidem.</span> <span class='ocrx_word' id='word_1_101' title='bbox 854 1000 947 1042; x_wconf 84' lang='lat' dir='ltr'>Quod</span> <span class='ocrx_word' id='word_1_102' title='bbox 960 1001 1054 1035; x_wconf 86' lang='lat' dir='ltr'>etiam</span> 
     </span>
     <span class='ocr_line' id='line_1_24' title="bbox 306 1049 1053 1096; baseline 0.003 -15"><span class='ocrx_word' id='word_1_103' title='bbox 306 1059 378 1082; x_wconf 90' lang='lat' dir='ltr'>cum</span> <span class='ocrx_word' id='word_1_104' title='bbox 407 1049 581 1084; x_wconf 90' lang='lat' dir='ltr'>statueritis</span> <span class='ocrx_word' id='word_1_105' title='bbox 609 1062 665 1096; x_wconf 90' lang='lat' dir='ltr'>per</span> <span class='ocrx_word' id='word_1_106' title='bbox 693 1062 747 1084; x_wconf 67' lang='lat' dir='ltr'>vos</span> <span class='ocrx_word' id='word_1_107' title='bbox 775 1050 878 1096; x_wconf 77' lang='lat' dir='ltr'>ipsos,</span> <span class='ocrx_word' id='word_1_108' title='bbox 904 1058 1053 1084; x_wconf 87' lang='lat' dir='ltr'>statutum</span> 
     </span>
     <span class='ocr_line' id='line_1_25' title="bbox 307 1097 1055 1153; baseline 0.003 -22"><span class='ocrx_word' id='word_1_109' title='bbox 307 1097 488 1132; x_wconf 87' lang='lat' dir='ltr'>huiusmodi</span> <span class='ocrx_word' id='word_1_110' title='bbox 516 1098 665 1133; x_wconf 82' lang='lat' dir='ltr'>duximus</span> <span class='ocrx_word' id='word_1_111' title='bbox 695 1098 947 1153; x_wconf 83' lang='lat' dir='ltr'>approbandum.</span> <span class='ocrx_word' id='word_1_112' title='bbox 984 1099 1055 1133; x_wconf 89' lang='lat' dir='ltr'>De—</span> 
     </span>
     <span class='ocr_line' id='line_1_26' title="bbox 307 1147 1054 1195; baseline 0.003 -15"><span class='ocrx_word' id='word_1_113' title='bbox 307 1147 403 1193; x_wconf 83' lang='lat' dir='ltr'>nique</span> <span class='ocrx_word' id='word_1_114' title='bbox 431 1147 503 1194; x_wconf 84' lang='lat' dir='ltr'>quia</span> <span class='ocrx_word' id='word_1_115' title='bbox 533 1148 712 1182; x_wconf 87' lang='lat' dir='ltr'>continetur</span> <span class='ocrx_word' id='word_1_116' title='bbox 747 1161 776 1182; x_wconf 96' lang='grc' dir='ltr'>ιιι</span> <span class='ocrx_word' id='word_1_117' title='bbox 807 1148 913 1194; x_wconf 81' lang='lat' dir='ltr'>regula</span> <span class='ocrx_word' id='word_1_118' title='bbox 936 1161 1054 1195; x_wconf 85' lang='lat' dir='ltr'>supra-</span> 
     </span>
     <span class='ocr_line' id='line_1_27' title="bbox 306 1195 1055 1243; baseline 0.003 -14"><span class='ocrx_word' id='word_1_119' title='bbox 306 1195 400 1235; x_wconf 85' lang='lat' dir='ltr'>dicta,</span> <span class='ocrx_word' id='word_1_120' title='bbox 423 1196 508 1243; x_wconf 86' lang='lat' dir='ltr'>quod</span> <span class='ocrx_word' id='word_1_121' title='bbox 530 1197 642 1232; x_wconf 70' lang='lat' dir='ltr'>fratres</span> <span class='ocrx_word' id='word_1_122' title='bbox 666 1209 727 1232; x_wconf 93' lang='lat' dir='ltr'>non</span> <span class='ocrx_word' id='word_1_123' title='bbox 752 1197 968 1243; x_wconf 84' lang='lat' dir='ltr'>ingrediantur</span> <span class='ocrx_word' id='word_1_124' title='bbox 987 1210 1055 1231; x_wconf 90' lang='lat' dir='ltr'>mo-</span> 
     </span>
     <span class='ocr_line' id='line_1_28' title="bbox 307 1245 1056 1293; baseline 0.004 -15"><span class='ocrx_word' id='word_1_125' title='bbox 307 1245 441 1280; x_wconf 86' lang='lat' dir='ltr'>nasteria</span> <span class='ocrx_word' id='word_1_126' title='bbox 464 1246 667 1286; x_wconf 85' lang='lat' dir='ltr'>monialium,</span> <span class='ocrx_word' id='word_1_127' title='bbox 697 1255 817 1293; x_wconf 88' lang='lat' dir='ltr'>praeter</span> <span class='ocrx_word' id='word_1_128' title='bbox 845 1246 914 1281; x_wconf 91' lang='lat' dir='ltr'>illos</span> <span class='ocrx_word' id='word_1_129' title='bbox 940 1246 1056 1293; x_wconf 86' lang='lat' dir='ltr'>quibus</span> 
     </span>
     <span class='ocr_line' id='line_1_29' title="bbox 307 1293 1054 1342; baseline 0.003 -15"><span class='ocrx_word' id='word_1_130' title='bbox 307 1306 322 1328; x_wconf 87' lang='lat' dir='ltr'>a</span> <span class='ocrx_word' id='word_1_131' title='bbox 344 1293 428 1328; x_wconf 84' lang='lat' dir='ltr'>Sede</span> <span class='ocrx_word' id='word_1_132' title='bbox 449 1294 631 1342; x_wconf 74' lang='lat' dir='ltr'>Apostolica</span> <span class='ocrx_word' id='word_1_133' title='bbox 647 1307 796 1330; x_wconf 82' lang='lat' dir='ltr'>concessa</span> <span class='ocrx_word' id='word_1_134' title='bbox 817 1296 909 1330; x_wconf 77' lang='lat' dir='ltr'>suerit</span> <span class='ocrx_word' id='word_1_135' title='bbox 930 1295 1054 1330; x_wconf 89' lang='lat' dir='ltr'>licentia</span> 
     </span>
     <span class='ocr_line' id='line_1_30' title="bbox 307 1344 1055 1391; baseline 0.004 -15"><span class='ocrx_word' id='word_1_136' title='bbox 307 1344 465 1389; x_wconf 88' lang='lat' dir='ltr'>specialis,</span> <span class='ocrx_word' id='word_1_137' title='bbox 492 1356 683 1391; x_wconf 88' lang='lat' dir='ltr'>quamquam</span> <span class='ocrx_word' id='word_1_138' title='bbox 711 1344 771 1379; x_wconf 89' lang='lat' dir='ltr'>hoc</span> <span class='ocrx_word' id='word_1_139' title='bbox 795 1345 834 1379; x_wconf 83' lang='lat' dir='ltr'>(le</span> <span class='ocrx_word' id='word_1_140' title='bbox 856 1345 1055 1380; x_wconf 81' lang='lat' dir='ltr'>monasteriis</span> 
     </span>
     <span class='ocr_line' id='line_1_31' title="bbox 309 1393 1055 1438; baseline 0.004 -13"><span class='ocrx_word' id='word_1_141' title='bbox 309 1403 479 1438; x_wconf 82' lang='lat' dir='ltr'>pauperum</span> <span class='ocrx_word' id='word_1_142' title='bbox 507 1394 690 1428; x_wconf 90' lang='lat' dir='ltr'>monialium</span> <span class='ocrx_word' id='word_1_143' title='bbox 724 1393 917 1428; x_wconf 72' lang='lat' dir='ltr'>inclusarum</span> <span class='ocrx_word' id='word_1_144' title='bbox 945 1393 1055 1428; x_wconf 88' lang='lat' dir='ltr'>fratres</span> 
     </span>
     <span class='ocr_line' id='line_1_32' title="bbox 309 1440 1053 1488; baseline 0.005 -15"><span class='ocrx_word' id='word_1_145' title='bbox 309 1440 463 1475; x_wconf 74' lang='lat' dir='ltr'>hactenus</span> <span class='ocrx_word' id='word_1_146' title='bbox 490 1442 729 1488; x_wconf 82' lang='lat' dir='ltr'>intelligendum</span> <span class='ocrx_word' id='word_1_147' title='bbox 753 1455 822 1476; x_wconf 82' lang='lat' dir='ltr'>esse</span> <span class='ocrx_word' id='word_1_148' title='bbox 848 1442 1053 1484; x_wconf 84' lang='lat' dir='ltr'>crediderint,</span> 
     </span>
     <span class='ocr_line' id='line_1_33' title="bbox 306 1491 1054 1538; baseline 0.004 -15"><span class='ocrx_word' id='word_1_149' title='bbox 306 1501 378 1523; x_wconf 87' lang='lat' dir='ltr'>cum</span> <span class='ocrx_word' id='word_1_150' title='bbox 406 1501 512 1524; x_wconf 88' lang='lat' dir='ltr'>earum</span> <span class='ocrx_word' id='word_1_151' title='bbox 540 1491 642 1526; x_wconf 85' lang='lat' dir='ltr'>Sedes</span> <span class='ocrx_word' id='word_1_152' title='bbox 664 1491 842 1538; x_wconf 77' lang='lat' dir='ltr'>Apostolica</span> <span class='ocrx_word' id='word_1_153' title='bbox 869 1503 976 1526; x_wconf 89' lang='lat' dir='ltr'>curam</span> <span class='ocrx_word' id='word_1_154' title='bbox 993 1492 1054 1526; x_wconf 72' lang='grc' dir='ltr'>ιιιι-</span> 
     </span>
     <span class='ocr_line' id='line_1_34' title="bbox 306 1538 1053 1586; baseline 0.004 -14"><span class='ocrx_word' id='word_1_155' title='bbox 306 1538 376 1573; x_wconf 85' lang='lat' dir='ltr'>beat</span> <span class='ocrx_word' id='word_1_156' title='bbox 397 1539 585 1586; x_wconf 76' lang='lat' dir='ltr'>specialem,</span> <span class='ocrx_word' id='word_1_157' title='bbox 613 1548 642 1576; x_wconf 94' lang='lat' dir='ltr'>et</span> <span class='ocrx_word' id='word_1_158' title='bbox 670 1540 848 1575; x_wconf 85' lang='lat' dir='ltr'>intellectus</span> <span class='ocrx_word' id='word_1_159' title='bbox 871 1540 1053 1576; x_wconf 84' lang='lat' dir='ltr'>huiusmodi</span> 
     </span>
     <span class='ocr_line' id='line_1_35' title="bbox 306 1589 1054 1635; baseline 0.004 -14"><span class='ocrx_word' id='word_1_160' title='bbox 306 1598 362 1633; x_wconf 88' lang='lat' dir='ltr'>per</span> <span class='ocrx_word' id='word_1_161' title='bbox 409 1589 664 1624; x_wconf 89' lang='lat' dir='ltr'>constitutionem</span> <span class='ocrx_word' id='word_1_162' title='bbox 704 1589 874 1635; x_wconf 86' lang='lat' dir='ltr'>quamdam</span> <span class='ocrx_word' id='word_1_163' title='bbox 913 1598 1054 1635; x_wconf 84' lang='lat' dir='ltr'>ternpore</span> 
     </span>
     <span class='ocr_line' id='line_1_36' title="bbox 305 1635 1055 1683; baseline 0.005 -14"><span class='ocrx_word' id='word_1_164' title='bbox 305 1635 395 1670; x_wconf 87' lang='lat' dir='ltr'>datae</span> <span class='ocrx_word' id='word_1_165' title='bbox 416 1637 553 1683; x_wconf 82' lang='lat' dir='ltr'>regulae,</span> <span class='ocrx_word' id='word_1_166' title='bbox 577 1639 699 1674; x_wconf 77' lang='lat' dir='ltr'>vivente</span> <span class='ocrx_word' id='word_1_167' title='bbox 721 1638 825 1673; x_wconf 88' lang='lat' dir='ltr'>adhuc</span> <span class='ocrx_word' id='word_1_168' title='bbox 848 1639 938 1673; x_wconf 87' lang='lat' dir='ltr'>beato</span> <span class='ocrx_word' id='word_1_169' title='bbox 958 1638 1055 1673; x_wconf 87' lang='lat' dir='ltr'>Fran-</span> 
     </span>
     <span class='ocr_line' id='line_1_37' title="bbox 304 1685 1054 1733; baseline 0.005 -15"><span class='ocrx_word' id='word_1_170' title='bbox 304 1685 403 1726; x_wconf 89' lang='lat' dir='ltr'>cisco‚</span> <span class='ocrx_word' id='word_1_171' title='bbox 442 1697 499 1733; x_wconf 91' lang='lat' dir='ltr'>per</span> <span class='ocrx_word' id='word_1_172' title='bbox 533 1687 739 1733; x_wconf 81' lang='lat' dir='ltr'>provinciales</span> <span class='ocrx_word' id='word_1_173' title='bbox 767 1687 929 1722; x_wconf 87' lang='lat' dir='ltr'>ministros</span> <span class='ocrx_word' id='word_1_174' title='bbox 956 1688 1054 1722; x_wconf 83' lang='lat' dir='ltr'>fuisse</span> 
     </span>
     <span class='ocr_line' id='line_1_38' title="bbox 304 1733 1052 1782; baseline 0.004 -15"><span class='ocrx_word' id='word_1_175' title='bbox 304 1733 452 1769; x_wconf 84' lang='lat' dir='ltr'>credatur</span> <span class='ocrx_word' id='word_1_176' title='bbox 483 1735 512 1769; x_wconf 87' lang='lat' dir='ltr'>in</span> <span class='ocrx_word' id='word_1_177' title='bbox 537 1735 675 1782; x_wconf 87' lang='lat' dir='ltr'>generali</span> <span class='ocrx_word' id='word_1_178' title='bbox 703 1736 841 1781; x_wconf 86' lang='lat' dir='ltr'>capitulo</span> <span class='ocrx_word' id='word_1_179' title='bbox 863 1736 1052 1781; x_wconf 42' lang='lat' dir='ltr'>declaratus</span> 
     </span>
     <span class='ocr_line' id='line_1_39' title="bbox 304 1782 1053 1832; baseline 0.005 -16"><span class='ocrx_word' id='word_1_180' title='bbox 304 1782 469 1818; x_wconf 81' lang='lat' dir='ltr'>certificari</span> <span class='ocrx_word' id='word_1_181' title='bbox 486 1784 694 1820; x_wconf 89' lang='lat' dir='ltr'>nihilominus</span> <span class='ocrx_word' id='word_1_182' title='bbox 719 1786 916 1832; x_wconf 82' lang='lat' dir='ltr'>postulastis,</span> <span class='ocrx_word' id='word_1_183' title='bbox 939 1797 977 1820; x_wconf 92' lang='lat' dir='ltr'>an</span> <span class='ocrx_word' id='word_1_184' title='bbox 992 1785 1053 1820; x_wconf 86' lang='lat' dir='ltr'>hoc</span> 
     </span>
     <span class='ocr_line' id='line_1_40' title="bbox 304 1832 1054 1880; baseline 0.007 -16"><span class='ocrx_word' id='word_1_185' title='bbox 304 1832 343 1865; x_wconf 73' lang='lat' dir='ltr'>«le</span> <span class='ocrx_word' id='word_1_186' title='bbox 364 1832 513 1868; x_wconf 90' lang='lat' dir='ltr'>omnibus</span> <span class='ocrx_word' id='word_1_187' title='bbox 539 1834 739 1879; x_wconf 79' lang='lat' dir='ltr'>generaliter,</span> <span class='ocrx_word' id='word_1_188' title='bbox 763 1846 834 1868; x_wconf 89' lang='lat' dir='ltr'>cum</span> <span class='ocrx_word' id='word_1_189' title='bbox 860 1835 962 1880; x_wconf 80' lang='lat' dir='ltr'>regula</span> <span class='ocrx_word' id='word_1_190' title='bbox 986 1835 1054 1870; x_wconf 90' lang='lat' dir='ltr'>nul-</span> 
     </span>
     <span class='ocr_line' id='line_1_41' title="bbox 305 1881 1052 1928; baseline 0.007 -14"><span class='ocrx_word' id='word_1_191' title='bbox 305 1881 368 1915; x_wconf 90' lang='lat' dir='ltr'>lum</span> <span class='ocrx_word' id='word_1_192' title='bbox 404 1882 554 1928; x_wconf 80' lang='lat' dir='ltr'>excipiat3</span> <span class='ocrx_word' id='word_1_193' title='bbox 593 1895 632 1917; x_wconf 90' lang='lat' dir='ltr'>an</span> <span class='ocrx_word' id='word_1_194' title='bbox 669 1882 707 1917; x_wconf 92' lang='lat' dir='ltr'>de</span> <span class='ocrx_word' id='word_1_195' title='bbox 746 1883 821 1918; x_wconf 91' lang='lat' dir='ltr'>solis</span> <span class='ocrx_word' id='word_1_196' title='bbox 852 1884 1052 1919; x_wconf 77' lang='lat' dir='ltr'>monasteriis</span> 
     </span>
     <span class='ocr_line' id='line_1_42' title="bbox 305 1929 1050 1979; baseline 0.007 -17"><span class='ocrx_word' id='word_1_197' title='bbox 305 1929 435 1976; x_wconf 83' lang='lat' dir='ltr'>intelligi</span> <span class='ocrx_word' id='word_1_198' title='bbox 459 1931 572 1966; x_wconf 84' lang='lat' dir='ltr'>debeat</span> <span class='ocrx_word' id='word_1_199' title='bbox 595 1931 778 1967; x_wconf 85' lang='lat' dir='ltr'>monialium</span> <span class='ocrx_word' id='word_1_200' title='bbox 809 1933 1050 1979; x_wconf 76' lang='lat' dir='ltr'>praedictarum.</span> 
     </span>
     <span class='ocr_line' id='line_1_43' title="bbox 304 1978 1052 2029; baseline 0.005 -17"><span class='ocrx_word' id='word_1_201' title='bbox 304 1978 368 2013; x_wconf 83' lang='lat' dir='ltr'>Nos</span> <span class='ocrx_word' id='word_1_202' title='bbox 390 1980 515 2027; x_wconf 90' lang='lat' dir='ltr'>utique,</span> <span class='ocrx_word' id='word_1_203' title='bbox 542 1981 741 2027; x_wconf 77' lang='lat' dir='ltr'>generaliter,</span> <span class='ocrx_word' id='word_1_204' title='bbox 767 1981 797 2015; x_wconf 92' lang='lat' dir='ltr'>id</span> <span class='ocrx_word' id='word_1_205' title='bbox 823 1994 891 2016; x_wconf 85' lang='lat' dir='ltr'>esse.</span> <span class='ocrx_word' id='word_1_206' title='bbox 909 1982 1052 2029; x_wconf 76' lang='lat' dir='ltr'>prohibi-</span> 
     </span>
     <span class='ocr_line' id='line_1_44' title="bbox 304 2029 1049 2077; baseline 0.004 -15"><span class='ocrx_word' id='word_1_207' title='bbox 304 2036 370 2063; x_wconf 90' lang='lat' dir='ltr'>tum</span> <span class='ocrx_word' id='word_1_208' title='bbox 392 2029 430 2063; x_wconf 93' lang='lat' dir='ltr'>de</span> <span class='ocrx_word' id='word_1_209' title='bbox 448 2030 661 2077; x_wconf 89' lang='lat' dir='ltr'>quarumlibet</span> <span class='ocrx_word' id='word_1_210' title='bbox 679 2030 840 2065; x_wconf 88' lang='lat' dir='ltr'>coenobiis</span> <span class='ocrx_word' id='word_1_211' title='bbox 867 2031 1049 2066; x_wconf 87' lang='lat' dir='ltr'>monialium</span> 
     </span>
     <span class='ocr_line' id='line_1_45' title="bbox 303 2078 1051 2125; baseline 0.005 -14"><span class='ocrx_word' id='word_1_212' title='bbox 303 2078 544 2125; x_wconf 88' lang='lat' dir='ltr'>respondemus,</span> <span class='ocrx_word' id='word_1_213' title='bbox 577 2088 607 2115; x_wconf 90' lang='lat' dir='ltr'>et</span> <span class='ocrx_word' id='word_1_214' title='bbox 635 2079 763 2115; x_wconf 88' lang='lat' dir='ltr'>nomine</span> <span class='ocrx_word' id='word_1_215' title='bbox 790 2080 970 2115; x_wconf 86' lang='lat' dir='ltr'>monasterii</span> <span class='ocrx_word' id='word_1_216' title='bbox 995 2093 1051 2115; x_wconf 85' lang='lat' dir='ltr'>vo-</span> 
     </span>
     <span class='ocr_line' id='line_1_46' title="bbox 304 2126 1050 2174; baseline 0.004 -14"><span class='ocrx_word' id='word_1_217' title='bbox 304 2126 409 2162; x_wconf 90' lang='lat' dir='ltr'>lumus</span> <span class='ocrx_word' id='word_1_218' title='bbox 429 2129 613 2174; x_wconf 86' lang='lat' dir='ltr'>claustrum,</span> <span class='ocrx_word' id='word_1_219' title='bbox 635 2129 757 2169; x_wconf 89' lang='lat' dir='ltr'>domos,</span> <span class='ocrx_word' id='word_1_220' title='bbox 780 2137 809 2164; x_wconf 88' lang='lat' dir='ltr'>et</span> <span class='ocrx_word' id='word_1_221' title='bbox 836 2129 977 2164; x_wconf 85' lang='lat' dir='ltr'>officinas</span> <span class='ocrx_word' id='word_1_222' title='bbox 995 2130 1050 2163; x_wconf 89' lang='lat' dir='ltr'>in·-</span> 
     </span>
     <span class='ocr_line' id='line_1_47' title="bbox 304 2176 1048 2225; baseline 0.004 -15"><span class='ocrx_word' id='word_1_223' title='bbox 304 2176 432 2212; x_wconf 86' lang='lat' dir='ltr'>teriores</span> <span class='ocrx_word' id='word_1_224' title='bbox 465 2178 595 2225; x_wconf 83' lang='lat' dir='ltr'>intelligi</span> <span class='ocrx_word' id='word_1_225' title='bbox 628 2191 685 2225; x_wconf 90' lang='lat' dir='ltr'>pro</span> <span class='ocrx_word' id='word_1_226' title='bbox 712 2190 767 2219; x_wconf 83' lang='lat' dir='ltr'>eo,</span> <span class='ocrx_word' id='word_1_227' title='bbox 800 2178 883 2225; x_wconf 85' lang='lat' dir='ltr'>quod</span> <span class='ocrx_word' id='word_1_228' title='bbox 917 2178 954 2213; x_wconf 89' lang='lat' dir='ltr'>ad</span> <span class='ocrx_word' id='word_1_229' title='bbox 991 2178 1048 2213; x_wconf 87' lang='lat' dir='ltr'>alia</span> 
     </span>
     <span class='ocr_line' id='line_1_48' title="bbox 303 2226 1050 2265; baseline 0.004 -6"><span class='ocrx_word' id='word_1_230' title='bbox 303 2226 382 2265; x_wconf 87' lang='lat' dir='ltr'>loca,</span> <span class='ocrx_word' id='word_1_231' title='bbox 410 2227 463 2262; x_wconf 90' lang='lat' dir='ltr'>ubi</span> <span class='ocrx_word' id='word_1_232' title='bbox 490 2228 582 2262; x_wconf 89' lang='lat' dir='ltr'>etiam</span> <span class='ocrx_word' id='word_1_233' title='bbox 611 2227 757 2263; x_wconf 89' lang='lat' dir='ltr'>homines</span> <span class='ocrx_word' id='word_1_234' title='bbox 780 2227 957 2262; x_wconf 81' lang='lat' dir='ltr'>saeculares</span> <span class='ocrx_word' id='word_1_235' title='bbox 978 2240 1050 2262; x_wconf 90' lang='lat' dir='ltr'>con-</span> 
     </span>
     <span class='ocr_line' id='line_1_49' title="bbox 302 2275 1049 2324; baseline 0.004 -15"><span class='ocrx_word' id='word_1_236' title='bbox 302 2275 443 2317; x_wconf 74' lang='lat' dir='ltr'>veniunt,</span> <span class='ocrx_word' id='word_1_237' title='bbox 471 2285 604 2324; x_wconf 87' lang='lat' dir='ltr'>possunt</span> <span class='ocrx_word' id='word_1_238' title='bbox 636 2277 747 2312; x_wconf 78' lang='lat' dir='ltr'>fratres</span> <span class='ocrx_word' id='word_1_239' title='bbox 773 2277 815 2311; x_wconf 90' lang='lat' dir='ltr'>illi</span> <span class='ocrx_word' id='word_1_240' title='bbox 842 2289 935 2312; x_wconf 85' lang='lat' dir='ltr'>causa</span> <span class='ocrx_word' id='word_1_241' title='bbox 959 2289 1049 2324; x_wconf 87' lang='lat' dir='ltr'>prae-</span> 
     </span>
     <span class='ocr_line' id='line_1_50' title="bbox 302 2324 1050 2373; baseline 0.004 -15"><span class='ocrx_word' id='word_1_242' title='bbox 302 2324 482 2365; x_wconf 80' lang='lat' dir='ltr'>dicationis,</span> <span class='ocrx_word' id='word_1_243' title='bbox 508 2325 553 2361; x_wconf 83' lang='lat' dir='ltr'>vel</span> <span class='ocrx_word' id='word_1_244' title='bbox 577 2327 794 2373; x_wconf 63' lang='lat' dir='ltr'>eleemosynae</span> <span class='ocrx_word' id='word_1_245' title='bbox 817 2326 970 2373; x_wconf 89' lang='lat' dir='ltr'>petendae</span> <span class='ocrx_word' id='word_1_246' title='bbox 997 2339 1050 2361; x_wconf 88' lang='lat' dir='ltr'>ac—</span> 
     </span>
     <span class='ocr_line' id='line_1_51' title="bbox 303 2373 1048 2423; baseline 0.004 -16"><span class='ocrx_word' id='word_1_247' title='bbox 303 2373 427 2415; x_wconf 79' lang='lat' dir='ltr'>cedere,</span> <span class='ocrx_word' id='word_1_248' title='bbox 467 2375 582 2422; x_wconf 80' lang='lat' dir='ltr'>quibus</span> <span class='ocrx_word' id='word_1_249' title='bbox 615 2376 645 2410; x_wconf 82' lang='lat' dir='ltr'>id</span> <span class='ocrx_word' id='word_1_250' title='bbox 681 2388 697 2410; x_wconf 90' lang='lat' dir='ltr'>a</span> <span class='ocrx_word' id='word_1_251' title='bbox 732 2375 951 2423; x_wconf 85' lang='lat' dir='ltr'>superioribus</span> <span class='ocrx_word' id='word_1_252' title='bbox 982 2376 1048 2410; x_wconf 88' lang='lat' dir='ltr'>suis</span> 
     </span>
     <span class='ocr_line' id='line_1_52' title="bbox 304 2424 1048 2467; baseline 0.003 -10"><span class='ocrx_word' id='word_1_253' title='bbox 304 2435 358 2467; x_wconf 80' lang='lat' dir='ltr'>pro</span> <span class='ocrx_word' id='word_1_254' title='bbox 384 2436 440 2459; x_wconf 90' lang='lat' dir='ltr'>sua</span> <span class='ocrx_word' id='word_1_255' title='bbox 475 2424 568 2461; x_wconf 82' lang='lat' dir='ltr'>fuerit</span> <span class='ocrx_word' id='word_1_256' title='bbox 597 2424 775 2460; x_wconf 90' lang='lat' dir='ltr'>maturitate</span> <span class='ocrx_word' id='word_1_257' title='bbox 801 2425 848 2459; x_wconf 91' lang='lat' dir='ltr'>vel</span> <span class='ocrx_word' id='word_1_258' title='bbox 876 2424 1048 2460; x_wconf 84' lang='lat' dir='ltr'>idoneitate</span> 
     </span>
     <span class='ocr_line' id='line_1_53' title="bbox 303 2473 1049 2522; baseline 0.005 -17"><span class='ocrx_word' id='word_1_259' title='bbox 303 2484 509 2518; x_wconf 88' lang='lat' dir='ltr'>concessum,</span> <span class='ocrx_word' id='word_1_260' title='bbox 546 2475 688 2522; x_wconf 84' lang='lat' dir='ltr'>exceptis</span> <span class='ocrx_word' id='word_1_261' title='bbox 721 2486 848 2522; x_wconf 87' lang='lat' dir='ltr'>semper</span> <span class='ocrx_word' id='word_1_262' title='bbox 879 2473 1049 2522; x_wconf 85' lang='lat' dir='ltr'>praedicta-</span> 
     </span>
     <span class='ocr_line' id='line_1_54' title="bbox 303 2523 1045 2571; baseline 0.005 -17"><span class='ocrx_word' id='word_1_263' title='bbox 303 2533 371 2555; x_wconf 89' lang='lat' dir='ltr'>rum</span> <span class='ocrx_word' id='word_1_264' title='bbox 387 2524 586 2558; x_wconf 84' lang='lat' dir='ltr'>monasteriis</span> <span class='ocrx_word' id='word_1_265' title='bbox 598 2524 800 2565; x_wconf 88' lang='lat' dir='ltr'>inclusarum,</span> <span class='ocrx_word' id='word_1_266' title='bbox 822 2524 860 2558; x_wconf 94' lang='lat' dir='ltr'>ad</span> <span class='ocrx_word' id='word_1_267' title='bbox 873 2536 953 2571; x_wconf 88' lang='lat' dir='ltr'>quae</span> <span class='ocrx_word' id='word_1_268' title='bbox 969 2523 1045 2558; x_wconf 91' lang='lat' dir='ltr'>nulli</span> 
     </span>
     <span class='ocr_line' id='line_1_55' title="bbox 303 2570 1046 2609; baseline 0.005 -5"><span class='ocrx_word' id='word_1_269' title='bbox 303 2570 394 2606; x_wconf 84' lang='lat' dir='ltr'>datur</span> <span class='ocrx_word' id='word_1_270' title='bbox 431 2572 602 2608; x_wconf 88' lang='lat' dir='ltr'>accedendi</span> <span class='ocrx_word' id='word_1_271' title='bbox 644 2573 774 2608; x_wconf 75' lang='lat' dir='ltr'>facultas</span> <span class='ocrx_word' id='word_1_272' title='bbox 813 2574 883 2608; x_wconf 87' lang='lat' dir='ltr'>sine</span> <span class='ocrx_word' id='word_1_273' title='bbox 921 2573 1046 2609; x_wconf 84' lang='lat' dir='ltr'>licentia</span> 
     </span>
     <span class='ocr_line' id='line_1_56' title="bbox 301 2618 780 2670; baseline 0.004 -16"><span class='ocrx_word' id='word_1_274' title='bbox 301 2618 394 2655; x_wconf 76' lang='lat' dir='ltr'>Sedis</span> <span class='ocrx_word' id='word_1_275' title='bbox 419 2621 619 2668; x_wconf 82' lang='lat' dir='ltr'>Apostolicae</span> <span class='ocrx_word' id='word_1_276' title='bbox 641 2622 780 2670; x_wconf 86' lang='lat' dir='ltr'>speciali.</span> 
     </span>
    </p>
   </div>
   <div class='ocr_carea' id='block_1_6' title="bbox 884 255 1255 279">
    <p class='ocr_par' dir='ltr' id='par_1_6' title="bbox 884 255 1255 279">
     <span class='ocr_line' id='line_1_57' title="bbox 884 255 1255 279; baseline -0.003 0"><span class='ocrx_word' id='word_1_277' title='bbox 884 257 1020 279; x_wconf 66' lang='lat' dir='ltr'>BULLAtu</span> <span class='ocrx_word' id='word_1_278' title='bbox 1027 255 1071 278; x_wconf 72' lang='lat' dir='ltr'>cM</span> <span class='ocrx_word' id='word_1_279' title='bbox 1095 255 1255 278; x_wconf 68' lang='lat' dir='ltr'>RonAn&#39;ml</span> 
     </span>
    </p>
   </div>
   <div class='ocr_carea' id='block_1_7' title="bbox 1866 258 2043 285">
    <p class='ocr_par' dir='ltr' id='par_1_7' title="bbox 1866 258 2043 285">
     <span class='ocr_line' id='line_1_58' title="bbox 1866 258 2043 285; baseline 0.006 -1"><span class='ocrx_word' id='word_1_280' title='bbox 1866 258 1917 285; x_wconf 75' lang='lat' dir='ltr'>An.</span> <span class='ocrx_word' id='word_1_281' title='bbox 1935 258 1965 285; x_wconf 91' lang='lat' dir='ltr'>C.</span> <span class='ocrx_word' id='word_1_282' title='bbox 1979 258 2043 285; x_wconf 66' lang='lat' dir='ltr'>tam</span> 
     </span>
    </p>
   </div>
   <div class='ocr_carea' id='block_1_8' title="bbox 1101 309 1851 406">
    <p class='ocr_par' dir='ltr' id='par_1_8' title="bbox 1101 309 1851 406">
     <span class='ocr_line' id='line_1_59' title="bbox 1150 309 1851 357; baseline 0.006 -14"><span class='ocrx_word' id='word_1_283' title='bbox 1150 309 1263 344; x_wconf 87' lang='lat' dir='ltr'>Datum</span> <span class='ocrx_word' id='word_1_284' title='bbox 1277 311 1451 357; x_wconf 80' lang='lat' dir='ltr'>Anagniae,</span> <span class='ocrx_word' id='word_1_285' title='bbox 1473 311 1688 346; x_wconf 81' lang='lat' dir='ltr'>sextodecimo</span> <span class='ocrx_word' id='word_1_286' title='bbox 1701 310 1851 347; x_wconf 84' lang='lat' dir='ltr'>kalendas</span> 
     </span>
     <span class='ocr_line' id='line_1_60' title="bbox 1101 358 1810 406; baseline 0.004 -14"><span class='ocrx_word' id='word_1_287' title='bbox 1101 358 1294 404; x_wconf 83' lang='lat' dir='ltr'>novembris,</span> <span class='ocrx_word' id='word_1_288' title='bbox 1312 359 1513 406; x_wconf 86' lang='lat' dir='ltr'>pontificatus</span> <span class='ocrx_word' id='word_1_289' title='bbox 1541 361 1637 395; x_wconf 91' lang='lat' dir='ltr'>nostri</span> <span class='ocrx_word' id='word_1_290' title='bbox 1660 373 1744 395; x_wconf 90' lang='lat' dir='ltr'>anno</span> <span class='ocrx_word' id='word_1_291' title='bbox 1765 373 1810 395; x_wconf 78' lang='lat' dir='ltr'>lv.</span> 
     </span>
    </p>
   </div>
   <div class='ocr_carea' id='block_1_9' title="bbox 1140 419 1810 462">
    <p class='ocr_par' dir='ltr' id='par_1_9' title="bbox 1140 419 1810 462">
     <span class='ocr_line' id='line_1_61' title="bbox 1140 419 1810 462; baseline 0.003 -12"><span class='ocrx_word' id='word_1_292' title='bbox 1140 419 1200 450; x_wconf 87' lang='lat' dir='ltr'>Dat.</span> <span class='ocrx_word' id='word_1_293' title='bbox 1217 421 1264 451; x_wconf 89' lang='lat' dir='ltr'>die</span> <span class='ocrx_word' id='word_1_294' title='bbox 1290 421 1322 451; x_wconf 83' lang='lat'>17</span> <span class='ocrx_word' id='word_1_295' title='bbox 1341 421 1471 452; x_wconf 85' lang='lat' dir='ltr'>octobris</span> <span class='ocrx_word' id='word_1_296' title='bbox 1492 423 1578 460; x_wconf 66' lang='lat'>1230,</span> <span class='ocrx_word' id='word_1_297' title='bbox 1597 422 1810 462; x_wconf 83' lang='lat' dir='ltr'>pontit&#39;.an.1v.</span> 
     </span>
    </p>
   </div>
   <div class='ocr_carea' id='block_1_10' title="bbox 1415 593 1533 639">
    <p class='ocr_par' dir='ltr' id='par_1_10' title="bbox 1415 593 1533 639">
     <span class='ocr_line' id='line_1_62' title="bbox 1415 593 1533 639; baseline 0 -11"><span class='ocrx_word' id='word_1_298' title='bbox 1415 593 1533 639; x_wconf 84' lang='lat' dir='ltr'>xxiu.</span> 
     </span>
    </p>
   </div>
   <div class='ocr_carea' id='block_1_11' title="bbox 1102 671 1849 863">
    <p class='ocr_par' dir='ltr' id='par_1_11' title="bbox 1102 671 1849 863">
     <span class='ocr_line' id='line_1_63' title="bbox 1102 671 1849 717; baseline 0.004 -14"><span class='ocrx_word' id='word_1_299' title='bbox 1102 671 1193 710; x_wconf 77' lang='lat' dir='ltr'>Oetod</span> <span class='ocrx_word' id='word_1_300' title='bbox 1234 677 1354 714; x_wconf 77' lang='lat' dir='ltr'>tyrones</span> <span class='ocrx_word' id='word_1_301' title='bbox 1385 671 1472 714; x_wconf 80' lang='lat' dir='ltr'>infra</span> <span class='ocrx_word' id='word_1_302' title='bbox 1510 678 1624 716; x_wconf 82' lang='lat' dir='ltr'>tempus</span> <span class='ocrx_word' id='word_1_303' title='bbox 1656 673 1849 717; x_wconf 71' lang='lat' dir='ltr'>probationis</span> 
     </span>
     <span class='ocr_line' id='line_1_64' title="bbox 1147 719 1847 766; baseline 0.006 -14"><span class='ocrx_word' id='word_1_304' title='bbox 1147 719 1286 753; x_wconf 75' lang='lat' dir='ltr'>habitum</span> <span class='ocrx_word' id='word_1_305' title='bbox 1325 720 1494 759; x_wconf 71' lang='lat' dir='ltr'>dimittere,</span> <span class='ocrx_word' id='word_1_306' title='bbox 1525 728 1560 766; x_wconf 55' lang='lat' dir='ltr'>⁴et</span> <span class='ocrx_word' id='word_1_307' title='bbox 1596 722 1639 754; x_wconf 84' lang='lat' dir='ltr'>ad</span> <span class='ocrx_word' id='word_1_308' title='bbox 1670 723 1847 756; x_wconf 74' lang='lat' dir='ltr'>saecularia</span> 
     </span>
     <span class='ocr_line' id='line_1_65' title="bbox 1147 770 1848 814; baseline 0.003 -12"><span class='ocrx_word' id='word_1_309' title='bbox 1147 776 1217 802; x_wconf 79' lang='lat' dir='ltr'>vota</span> <span class='ocrx_word' id='word_1_310' title='bbox 1253 780 1386 802; x_wconf 85' lang='lat' dir='ltr'>remeare</span> <span class='ocrx_word' id='word_1_311' title='bbox 1422 770 1534 814; x_wconf 80' lang='lat' dir='ltr'>absque</span> <span class='ocrx_word' id='word_1_312' title='bbox 1566 771 1739 814; x_wconf 73' lang='lat' dir='ltr'>apostasiae</span> <span class='ocrx_word' id='word_1_313' title='bbox 1775 778 1848 805; x_wconf 78' lang='lat' dir='ltr'>nota</span> 
     </span>
     <span class='ocr_line' id='line_1_66' title="bbox 1147 819 1821 863; baseline 0.006 -12"><span class='ocrx_word' id='word_1_314' title='bbox 1147 819 1237 851; x_wconf 78' lang='lat' dir='ltr'>libere</span> <span class='ocrx_word' id='word_1_315' title='bbox 1261 825 1288 851; x_wconf 83' lang='lat' dir='ltr'>et</span> <span class='ocrx_word' id='word_1_316' title='bbox 1313 819 1392 852; x_wconf 79' lang='lat' dir='ltr'>licite</span> <span class='ocrx_word' id='word_1_317' title='bbox 1425 820 1543 863; x_wconf 77' lang='lat' dir='ltr'>possint</span> <span class='ocrx_word' id='word_1_318' title='bbox 1564 826 1591 852; x_wconf 84' lang='lat' dir='ltr'>et</span> <span class='ocrx_word' id='word_1_319' title='bbox 1616 821 1738 854; x_wconf 81' lang='lat' dir='ltr'>valeant</span> <span class='ocrx_word' id='word_1_320' title='bbox 1760 822 1821 862; x_wconf 74' lang='lat' dir='ltr'>(t).</span> 
     </span>
    </p>
   </div>
   <div class='ocr_carea' id='block_1_12' title="bbox 1369 901 1583 932">
    <p class='ocr_par' dir='ltr' id='par_1_12' title="bbox 1369 901 1583 932">
     <span class='ocr_line' id='line_1_67' title="bbox 1369 901 1583 932; baseline 0.005 -1"><span class='ocrx_word' id='word_1_321' title='bbox 1369 901 1583 932; x_wconf 69' lang='lat' dir='ltr'>smtmffltm</span> 
     </span>
    </p>
   </div>
   <div class='ocr_carea' id='block_1_13' title="bbox 1097 965 1849 1220">
    <p class='ocr_par' dir='ltr' id='par_1_13' title="bbox 1097 965 1849 1220">
     <span class='ocr_line' id='line_1_68' title="bbox 1097 965 1847 1010; baseline 0.011 -16"><span class='ocrx_word' id='word_1_322' title='bbox 1097 965 1191 995; x_wconf 83' lang='lat' dir='ltr'>Causa</span> <span class='ocrx_word' id='word_1_323' title='bbox 1237 967 1351 996; x_wconf 90' lang='lat' dir='ltr'>dandae</span> <span class='ocrx_word' id='word_1_324' title='bbox 1387 968 1616 998; x_wconf 83' lang='lat' dir='ltr'>constitutionis.</span> <span class='ocrx_word' id='word_1_325' title='bbox 1646 986 1685 992; x_wconf 90' lang='lat'><strong>—</strong></span> <span class='ocrx_word' id='word_1_326' title='bbox 1717 970 1847 1010; x_wconf 73' lang='lat' dir='ltr'>Tyrones</span> 
     </span>
     <span class='ocr_line' id='line_1_69' title="bbox 1137 1010 1847 1050; baseline 0.008 -11"><span class='ocrx_word' id='word_1_327' title='bbox 1137 1010 1212 1040; x_wconf 85' lang='lat' dir='ltr'>infra</span> <span class='ocrx_word' id='word_1_328' title='bbox 1231 1015 1346 1049; x_wconf 86' lang='lat' dir='ltr'>tempus</span> <span class='ocrx_word' id='word_1_329' title='bbox 1379 1011 1561 1050; x_wconf 88' lang='lat' dir='ltr'>probationis</span> <span class='ocrx_word' id='word_1_330' title='bbox 1583 1013 1718 1044; x_wconf 88' lang='lat' dir='ltr'>habitum</span> <span class='ocrx_word' id='word_1_331' title='bbox 1744 1015 1847 1045; x_wconf 84' lang='lat' dir='ltr'>dimit-</span> 
     </span>
     <span class='ocr_line' id='line_1_70' title="bbox 1138 1058 1847 1095; baseline 0.01 -11"><span class='ocrx_word' id='word_1_332' title='bbox 1138 1059 1231 1085; x_wconf 89' lang='lat' dir='ltr'>tentes</span> <span class='ocrx_word' id='word_1_333' title='bbox 1254 1065 1312 1085; x_wconf 90' lang='lat' dir='ltr'>non</span> <span class='ocrx_word' id='word_1_334' title='bbox 1335 1060 1404 1086; x_wconf 91' lang='lat' dir='ltr'>sunt</span> <span class='ocrx_word' id='word_1_335' title='bbox 1422 1061 1581 1095; x_wconf 82' lang='lat' dir='ltr'>apostatae.</span> <span class='ocrx_word' id='word_1_336' title='bbox 1603 1075 1642 1080; x_wconf 98' lang='lat'><strong>—</strong></span> <span class='ocrx_word' id='word_1_337' title='bbox 1663 1058 1755 1090; x_wconf 84' lang='lat' dir='ltr'>Dubia</span> <span class='ocrx_word' id='word_1_338' title='bbox 1770 1070 1847 1091; x_wconf 87' lang='lat' dir='ltr'>non-</span> 
     </span>
     <span class='ocr_line' id='line_1_71' title="bbox 1137 1099 1849 1140; baseline 0.01 -12"><span class='ocrx_word' id='word_1_339' title='bbox 1137 1099 1218 1129; x_wconf 88' lang='lat' dir='ltr'>nulla</span> <span class='ocrx_word' id='word_1_340' title='bbox 1231 1109 1321 1139; x_wconf 86' lang='lat' dir='ltr'>super</span> <span class='ocrx_word' id='word_1_341' title='bbox 1339 1101 1394 1130; x_wconf 88' lang='lat' dir='ltr'>hoc</span> <span class='ocrx_word' id='word_1_342' title='bbox 1408 1101 1600 1140; x_wconf 76' lang='lat' dir='ltr'>exphcantur.</span> <span class='ocrx_word' id='word_1_343' title='bbox 1619 1119 1657 1125; x_wconf 91' lang='lat'><em>-</em></span> <span class='ocrx_word' id='word_1_344' title='bbox 1674 1102 1780 1134; x_wconf 86' lang='lat' dir='ltr'>Novitii</span> <span class='ocrx_word' id='word_1_345' title='bbox 1795 1106 1849 1136; x_wconf 85' lang='lat' dir='ltr'>ita-</span> 
     </span>
     <span class='ocr_line' id='line_1_72' title="bbox 1136 1143 1846 1185; baseline 0.01 -12"><span class='ocrx_word' id='word_1_346' title='bbox 1136 1153 1192 1182; x_wconf 85' lang='lat' dir='ltr'>que</span> <span class='ocrx_word' id='word_1_347' title='bbox 1206 1143 1371 1174; x_wconf 87' lang='lat' dir='ltr'>libertatem</span> <span class='ocrx_word' id='word_1_348' title='bbox 1384 1145 1493 1175; x_wconf 84' lang='lat' dir='ltr'>hahent</span> <span class='ocrx_word' id='word_1_349' title='bbox 1511 1146 1547 1176; x_wconf 89' lang='lat' dir='ltr'>ad</span> <span class='ocrx_word' id='word_1_350' title='bbox 1566 1147 1722 1185; x_wconf 84' lang='lat' dir='ltr'>pristinum</span> <span class='ocrx_word' id='word_1_351' title='bbox 1738 1152 1846 1180; x_wconf 85' lang='lat' dir='ltr'>statum</span> 
     </span>
     <span class='ocr_line' id='line_1_73' title="bbox 1137 1189 1538 1220; baseline 0.005 -3"><span class='ocrx_word' id='word_1_352' title='bbox 1137 1189 1289 1218; x_wconf 82' lang='lat' dir='ltr'>redeundi.</span> <span class='ocrx_word' id='word_1_353' title='bbox 1311 1206 1350 1211; x_wconf 96' lang='lat'><strong>—</strong></span> <span class='ocrx_word' id='word_1_354' title='bbox 1371 1189 1538 1220; x_wconf 87' lang='lat' dir='ltr'>Clausulae.</span> 
     </span>
    </p>
   </div>
   <div class='ocr_carea' id='block_1_14' title="bbox 1096 1263 1848 1343">
    <p class='ocr_par' dir='ltr' id='par_1_14' title="bbox 1096 1263 1848 1343">
     <span class='ocr_line' id='line_1_74' title="bbox 1096 1263 1848 1302; baseline 0.008 -10"><span class='ocrx_word' id='word_1_355' title='bbox 1096 1263 1241 1300; x_wconf 78' lang='lat' dir='ltr'>Gregorius</span> <span class='ocrx_word' id='word_1_356' title='bbox 1263 1265 1405 1301; x_wconf 78' lang='lat' dir='ltr'>opiscopus</span> <span class='ocrx_word' id='word_1_357' title='bbox 1428 1273 1524 1295; x_wconf 83' lang='lat' dir='ltr'>servus</span> <span class='ocrx_word' id='word_1_358' title='bbox 1560 1273 1702 1296; x_wconf 79' lang='lat' dir='ltr'>sorvorum</span> <span class='ocrx_word' id='word_1_359' title='bbox 1738 1268 1794 1302; x_wconf 74' lang='lat' dir='ltr'>Dei.</span> <span class='ocrx_word' id='word_1_360' title='bbox 1813 1269 1848 1297; x_wconf 78' lang='lat' dir='ltr'>ad</span> 
     </span>
     <span class='ocr_line' id='line_1_75' title="bbox 1141 1312 1511 1343; baseline 0.006 -2"><span class='ocrx_word' id='word_1_361' title='bbox 1141 1312 1265 1342; x_wconf 79' lang='lat' dir='ltr'>futuram</span> <span class='ocrx_word' id='word_1_362' title='bbox 1288 1314 1330 1342; x_wconf 78' lang='lat' dir='ltr'>rei</span> <span class='ocrx_word' id='word_1_363' title='bbox 1344 1314 1511 1343; x_wconf 79' lang='lat' dir='ltr'>memoriam.</span> 
     </span>
    </p>
   </div>
   <div class='ocr_carea' id='block_1_15' title="bbox 1097 1403 2042 1477">
    <p class='ocr_par' dir='ltr' id='par_1_15' title="bbox 1097 1403 2042 1477">
     <span class='ocr_line' id='line_1_76' title="bbox 1872 1403 2042 1426; baseline 0.012 -2"><span class='ocrx_word' id='word_1_364' title='bbox 1872 1403 1940 1425; x_wconf 67' lang='lat' dir='ltr'>Causa</span> <span class='ocrx_word' id='word_1_365' title='bbox 1975 1405 2042 1426; x_wconf 70' lang='lat' dir='ltr'>und-o</span> 
     </span>
     <span class='ocr_line' id='line_1_77' title="bbox 1097 1404 2026 1477; baseline 0.005 -14"><span class='ocrx_word' id='word_1_366' title='bbox 1097 1430 1321 1476; x_wconf 88' lang='lat' dir='ltr'>protestatione</span> <span class='ocrx_word' id='word_1_367' title='bbox 1350 1430 1465 1465; x_wconf 87' lang='lat' dir='ltr'>intrare</span> <span class='ocrx_word' id='word_1_368' title='bbox 1497 1431 1669 1477; x_wconf 84' lang='lat' dir='ltr'>contingit,</span> <span class='ocrx_word' id='word_1_369' title='bbox 1701 1440 1732 1466; x_wconf 83' lang='lat' dir='ltr'>et</span> <span class='ocrx_word' id='word_1_370' title='bbox 1764 1404 2026 1469; x_wconf 51' lang='lat' dir='ltr'>infra⁰⁰¹¹⁸¹ifflg⁰¹¹¹ffl</span> 
     </span>
    </p>
   </div>
   <div class='ocr_carea' id='block_1_16' title="bbox 1094 1479 2036 2018">
    <p class='ocr_par' dir='ltr' id='par_1_16' title="bbox 1094 1479 2036 2018">
     <span class='ocr_line' id='line_1_78' title="bbox 1096 1479 1843 1526; baseline 0.007 -14"><span class='ocrx_word' id='word_1_371' title='bbox 1096 1487 1222 1525; x_wconf 90' lang='lat' dir='ltr'>tempus</span> <span class='ocrx_word' id='word_1_372' title='bbox 1253 1479 1448 1526; x_wconf 89' lang='lat' dir='ltr'>probationis</span> <span class='ocrx_word' id='word_1_373' title='bbox 1482 1480 1586 1520; x_wconf 80' lang='lat' dir='ltr'>exire,</span> <span class='ocrx_word' id='word_1_374' title='bbox 1612 1480 1650 1514; x_wconf 89' lang='lat' dir='ltr'>ad</span> <span class='ocrx_word' id='word_1_375' title='bbox 1681 1482 1843 1517; x_wconf 85' lang='lat' dir='ltr'>saeculum</span> 
     </span>
     <span class='ocr_line' id='line_1_79' title="bbox 1097 1527 1842 1576; baseline 0.007 -14"><span class='ocrx_word' id='word_1_376' title='bbox 1097 1527 1266 1562; x_wconf 90' lang='lat' dir='ltr'>redeuntes</span> <span class='ocrx_word' id='word_1_377' title='bbox 1297 1529 1472 1575; x_wconf 89' lang='lat' dir='ltr'>apostasiae</span> <span class='ocrx_word' id='word_1_378' title='bbox 1493 1529 1635 1564; x_wconf 90' lang='lat' dir='ltr'>criminis</span> <span class='ocrx_word' id='word_1_379' title='bbox 1655 1539 1842 1576; x_wconf 85' lang='lat' dir='ltr'>arguuntur:</span> 
     </span>
     <span class='ocr_line' id='line_1_80' title="bbox 1095 1577 1844 1626; baseline 0.007 -15"><span class='ocrx_word' id='word_1_380' title='bbox 1095 1589 1190 1623; x_wconf 90' lang='lat' dir='ltr'>super</span> <span class='ocrx_word' id='word_1_381' title='bbox 1211 1589 1274 1624; x_wconf 89' lang='lat' dir='ltr'>quo</span> <span class='ocrx_word' id='word_1_382' title='bbox 1296 1577 1354 1611; x_wconf 86' lang='lat' dir='ltr'>fuit</span> <span class='ocrx_word' id='word_1_383' title='bbox 1376 1577 1528 1612; x_wconf 87' lang='lat' dir='ltr'>hactenus</span> <span class='ocrx_word' id='word_1_384' title='bbox 1549 1591 1565 1614; x_wconf 87' lang='lat' dir='ltr'>a</span> <span class='ocrx_word' id='word_1_385' title='bbox 1588 1578 1734 1626; x_wconf 88' lang='lat' dir='ltr'>pluribus</span> <span class='ocrx_word' id='word_1_386' title='bbox 1751 1580 1844 1616; x_wconf 90' lang='lat' dir='ltr'>dubi-</span> 
     </span>
     <span class='ocr_line' id='line_1_81' title="bbox 1096 1627 1844 1682; baseline 0.005 -22"><span class='ocrx_word' id='word_1_387' title='bbox 1096 1633 1206 1667; x_wconf 87' lang='lat' dir='ltr'>tatum,</span> <span class='ocrx_word' id='word_1_388' title='bbox 1229 1627 1303 1673; x_wconf 89' lang='lat' dir='ltr'>quia</span> <span class='ocrx_word' id='word_1_389' title='bbox 1325 1638 1395 1661; x_wconf 91' lang='lat' dir='ltr'>cum</span> <span class='ocrx_word' id='word_1_390' title='bbox 1416 1635 1541 1682; x_wconf 80' lang='lat' dir='ltr'>tempus</span> <span class='ocrx_word' id='word_1_391' title='bbox 1560 1627 1755 1674; x_wconf 90' lang='lat' dir='ltr'>probationis</span> <span class='ocrx_word' id='word_1_392' title='bbox 1771 1641 1844 1664; x_wconf 89' lang='lat' dir='ltr'>con-</span> 
     </span>
     <span class='ocr_line' id='line_1_82' title="bbox 1095 1675 1840 1713; baseline 0.005 -4"><span class='ocrx_word' id='word_1_393' title='bbox 1095 1687 1219 1710; x_wconf 86' lang='lat' dir='ltr'>cessum</span> <span class='ocrx_word' id='word_1_394' title='bbox 1243 1675 1405 1711; x_wconf 84' lang='lat' dir='ltr'>continere</span> <span class='ocrx_word' id='word_1_395' title='bbox 1432 1676 1462 1710; x_wconf 91' lang='lat' dir='ltr'>in</span> <span class='ocrx_word' id='word_1_396' title='bbox 1488 1688 1522 1711; x_wconf 92' lang='lat' dir='ltr'>se</span> <span class='ocrx_word' id='word_1_397' title='bbox 1546 1676 1686 1711; x_wconf 89' lang='lat' dir='ltr'>videatur</span> <span class='ocrx_word' id='word_1_398' title='bbox 1712 1676 1840 1713; x_wconf 87' lang='lat' dir='ltr'>liberam</span> 
     </span>
     <span class='ocr_line' id='line_1_83' title="bbox 1095 1724 1841 1779; baseline 0.004 -21"><span class='ocrx_word' id='word_1_399' title='bbox 1095 1725 1254 1779; x_wconf 82' lang='lat' dir='ltr'>optionem</span> <span class='ocrx_word' id='word_1_400' title='bbox 1282 1724 1419 1771; x_wconf 82' lang='lat' dir='ltr'>eligendi</span> <span class='ocrx_word' id='word_1_401' title='bbox 1441 1725 1573 1760; x_wconf 91' lang='lat' dir='ltr'>alterum</span> <span class='ocrx_word' id='word_1_402' title='bbox 1595 1737 1612 1760; x_wconf 93' lang='lat' dir='ltr'>e</span> <span class='ocrx_word' id='word_1_403' title='bbox 1634 1725 1773 1771; x_wconf 86' lang='lat' dir='ltr'>duobus,</span> <span class='ocrx_word' id='word_1_404' title='bbox 1795 1727 1841 1762; x_wconf 83' lang='lat' dir='ltr'>vel</span> 
     </span>
     <span class='ocr_line' id='line_1_84' title="bbox 1095 1773 1842 1819; baseline 0.005 -12"><span class='ocrx_word' id='word_1_405' title='bbox 1095 1773 1125 1807; x_wconf 95' lang='grc' dir='ltr'>ιιι</span> <span class='ocrx_word' id='word_1_406' title='bbox 1153 1774 1344 1809; x_wconf 86' lang='lat' dir='ltr'>monasterio</span> <span class='ocrx_word' id='word_1_407' title='bbox 1370 1774 1446 1808; x_wconf 86' lang='lat' dir='ltr'>tales</span> <span class='ocrx_word' id='word_1_408' title='bbox 1473 1782 1667 1819; x_wconf 87' lang='lat' dir='ltr'>remaneant,</span> <span class='ocrx_word' id='word_1_409' title='bbox 1700 1783 1754 1809; x_wconf 92' lang='lat' dir='ltr'>aut</span> <span class='ocrx_word' id='word_1_410' title='bbox 1785 1776 1842 1811; x_wconf 90' lang='lat' dir='ltr'>ab-</span> 
     </span>
     <span class='ocr_line' id='line_1_85' title="bbox 1094 1822 1842 1870; baseline 0.005 -14"><span class='ocrx_word' id='word_1_411' title='bbox 1094 1822 1223 1857; x_wconf 85' lang='lat' dir='ltr'>scedant</span> <span class='ocrx_word' id='word_1_412' title='bbox 1244 1822 1352 1864; x_wconf 89' lang='lat' dir='ltr'>liberi,</span> <span class='ocrx_word' id='word_1_413' title='bbox 1377 1823 1470 1857; x_wconf 91' lang='lat' dir='ltr'>etiam</span> <span class='ocrx_word' id='word_1_414' title='bbox 1499 1830 1568 1869; x_wconf 85' lang='lat' dir='ltr'>post</span> <span class='ocrx_word' id='word_1_415' title='bbox 1589 1822 1777 1870; x_wconf 89' lang='lat' dir='ltr'>promissam</span> <span class='ocrx_word' id='word_1_416' title='bbox 1802 1824 1842 1860; x_wconf 87' lang='lat' dir='ltr'>de</span> 
     </span>
     <span class='ocr_line' id='line_1_86' title="bbox 1094 1871 1840 1919; baseline 0.005 -14"><span class='ocrx_word' id='word_1_417' title='bbox 1094 1871 1261 1907; x_wconf 90' lang='lat' dir='ltr'>stabilitate</span> <span class='ocrx_word' id='word_1_418' title='bbox 1287 1872 1564 1919; x_wconf 79' lang='lat' dir='ltr'>perseverantiam,</span> <span class='ocrx_word' id='word_1_419' title='bbox 1595 1873 1677 1907; x_wconf 90' lang='lat' dir='ltr'>sicut</span> <span class='ocrx_word' id='word_1_420' title='bbox 1701 1873 1732 1907; x_wconf 91' lang='lat' dir='ltr'>in</span> <span class='ocrx_word' id='word_1_421' title='bbox 1759 1873 1840 1909; x_wconf 89' lang='lat' dir='ltr'>beati</span> 
     </span>
     <span class='ocr_line' id='line_1_87' title="bbox 1094 1921 1841 1969; baseline 0.004 -14"><span class='ocrx_word' id='word_1_422' title='bbox 1094 1921 1257 1956; x_wconf 88' lang='lat' dir='ltr'>Benedicti</span> <span class='ocrx_word' id='word_1_423' title='bbox 1284 1921 1391 1968; x_wconf 81' lang='lat' dir='ltr'>regula</span> <span class='ocrx_word' id='word_1_424' title='bbox 1421 1921 1610 1957; x_wconf 82' lang='lat' dir='ltr'>continetur.</span> <span class='ocrx_word' id='word_1_425' title='bbox 1638 1921 1730 1957; x_wconf 90' lang='lat' dir='ltr'>Varia</span> <span class='ocrx_word' id='word_1_426' title='bbox 1759 1935 1841 1969; x_wconf 89' lang='lat' dir='ltr'>quo-</span> 
     </span>
     <span class='ocr_line' id='line_1_88' title="bbox 1094 1971 2036 2018; baseline 0.007 -15"><span class='ocrx_word' id='word_1_427' title='bbox 1094 1983 1154 2017; x_wconf 82' lang='lat' dir='ltr'>qne</span> <span class='ocrx_word' id='word_1_428' title='bbox 1190 1971 1382 2017; x_wconf 75' lang='lat' dir='ltr'>probationis</span> <span class='ocrx_word' id='word_1_429' title='bbox 1417 1979 1555 2017; x_wconf 90' lang='lat' dir='ltr'>tempora</span> <span class='ocrx_word' id='word_1_430' title='bbox 1592 1983 1630 2005; x_wconf 82' lang='lat' dir='ltr'>ex</span> <span class='ocrx_word' id='word_1_431' title='bbox 1662 1971 1840 2008; x_wconf 84' lang='lat' dir='ltr'>diversitate</span> <span class='ocrx_word' id='word_1_432' title='bbox 1865 1989 1960 2018; x_wconf 56' lang='lat'>15:0³„</span> <span class='ocrx_word' id='word_1_433' title='bbox 1980 1991 2036 2013; x_wconf 63' lang='lat' dir='ltr'>int„</span> 
     </span>
    </p>
   </div>
   <div class='ocr_carea' id='block_1_17' title="bbox 1144 1380 1845 1437">
    <p class='ocr_par' dir='ltr' id='par_1_17' title="bbox 1144 1380 1845 1437">
     <span class='ocr_line' id='line_1_89' title="bbox 1144 1380 1845 1437; baseline 0.009 -23"><span class='ocrx_word' id='word_1_434' title='bbox 1144 1380 1226 1423; x_wconf 86' lang='lat' dir='ltr'>Quia</span> <span class='ocrx_word' id='word_1_435' title='bbox 1254 1381 1425 1416; x_wconf 90' lang='lat' dir='ltr'>nonnullos</span> <span class='ocrx_word' id='word_1_436' title='bbox 1451 1380 1518 1416; x_wconf 90' lang='lat' dir='ltr'>loca</span> <span class='ocrx_word' id='word_1_437' title='bbox 1552 1381 1697 1437; x_wconf 79' lang='lat' dir='ltr'>religiosa</span> <span class='ocrx_word' id='word_1_438' title='bbox 1724 1383 1845 1431; x_wconf 84' lang='lat' dir='ltr'>absque</span> 
     </span>
    </p>
   </div>
   <div class='ocr_carea' id='block_1_18' title="bbox 1095 2020 2086 2075">
    <p class='ocr_par' dir='ltr' id='par_1_18' title="bbox 1095 2020 2086 2075">
     <span class='ocr_line' id='line_1_90' title="bbox 1095 2020 2086 2075; baseline 0.004 -21"><span class='ocrx_word' id='word_1_439' title='bbox 1095 2032 1318 2075; x_wconf 70' lang='lat' dir='ltr'>personarum,</span> <span class='ocrx_word' id='word_1_440' title='bbox 1352 2032 1520 2055; x_wconf 89' lang='lat' dir='ltr'>causarum</span> <span class='ocrx_word' id='word_1_441' title='bbox 1557 2028 1588 2055; x_wconf 87' lang='lat' dir='ltr'>et</span> <span class='ocrx_word' id='word_1_442' title='bbox 1621 2020 1837 2057; x_wconf 85' lang='lat' dir='ltr'>conditionum</span> <span class='ocrx_word' id='word_1_443' title='bbox 1852 2023 1935 2048; x_wconf 66' lang='lat'>²⁹¹⁰¹³⁸¹⁸</span> <span class='ocrx_word' id='word_1_444' title='bbox 1956 2022 2036 2049; x_wconf 58' lang='grc' dir='ltr'>ΨΜ·</span> <span class='ocrx_word' id='word_1_445' title='bbox 2084 2056 2086 2058; x_wconf 78' lang='grc'>,</span> 
     </span>
    </p>
   </div>
   <div class='ocr_carea' id='block_1_19' title="bbox 1095 2053 2085 2118">
    <p class='ocr_par' dir='ltr' id='par_1_19' title="bbox 1095 2053 2085 2118">
     <span class='ocr_line' id='line_1_91' title="bbox 1851 2053 2035 2074; baseline 0.016 -3"><span class='ocrx_word' id='word_1_446' title='bbox 1851 2053 1916 2073; x_wconf 77' lang='lat' dir='ltr'>tionis</span> <span class='ocrx_word' id='word_1_447' title='bbox 1942 2053 2035 2074; x_wconf 76' lang='lat' dir='ltr'>habitum</span> 
     </span>
     <span class='ocr_line' id='line_1_92' title="bbox 1095 2069 2085 2118; baseline 0.004 -16"><span class='ocrx_word' id='word_1_448' title='bbox 1095 2069 1219 2103; x_wconf 83' lang='lat' dir='ltr'>fuerunt</span> <span class='ocrx_word' id='word_1_449' title='bbox 1238 2070 1390 2113; x_wconf 81' lang='lat' dir='ltr'>instituta,</span> <span class='ocrx_word' id='word_1_450' title='bbox 1405 2069 1523 2117; x_wconf 84' lang='lat' dir='ltr'>quibus</span> <span class='ocrx_word' id='word_1_451' title='bbox 1540 2069 1731 2118; x_wconf 88' lang='lat' dir='ltr'>quandoque</span> <span class='ocrx_word' id='word_1_452' title='bbox 1745 2078 1838 2106; x_wconf 83' lang='lat' dir='ltr'>trien</span> <span class='ocrx_word' id='word_1_453' title='bbox 1851 2083 2034 2105; x_wconf 76' lang='lat' dir='ltr'>dimitieniesnon</span> <span class='ocrx_word' id='word_1_454' title='bbox 2083 2088 2085 2090; x_wconf 85' lang='lat'>·</span> 
     </span>
    </p>
   </div>
   <div class='ocr_carea' id='block_1_20' title="bbox 1090 2117 2034 2612">
    <p class='ocr_par' dir='ltr' id='par_1_20' title="bbox 1090 2117 2034 2612">
     <span class='ocr_line' id='line_1_93' title="bbox 1094 2117 2034 2175; baseline 0.004 -23"><span class='ocrx_word' id='word_1_455' title='bbox 1094 2118 1179 2152; x_wconf 88' lang='lat' dir='ltr'>nium</span> <span class='ocrx_word' id='word_1_456' title='bbox 1219 2119 1249 2153; x_wconf 90' lang='grc' dir='ltr'>ιιι</span> <span class='ocrx_word' id='word_1_457' title='bbox 1292 2119 1399 2154; x_wconf 85' lang='lat' dir='ltr'>habitu</span> <span class='ocrx_word' id='word_1_458' title='bbox 1439 2119 1623 2175; x_wconf 80' lang='lat' dir='ltr'>saeculari,</span> <span class='ocrx_word' id='word_1_459' title='bbox 1648 2117 2034 2168; x_wconf 57' lang='lat' dir='ltr'>quandoque212&#39;}„⁵”&#39;¹‘⁸⁹⁰‘</span> 
     </span>
     <span class='ocr_line' id='line_1_94' title="bbox 1093 2167 1838 2213; baseline 0.004 -12"><span class='ocrx_word' id='word_1_460' title='bbox 1093 2167 1254 2202; x_wconf 79' lang='lat' dir='ltr'>biennium</span> <span class='ocrx_word' id='word_1_461' title='bbox 1283 2168 1341 2203; x_wconf 85' lang='lat' dir='ltr'>fuit</span> <span class='ocrx_word' id='word_1_462' title='bbox 1367 2169 1490 2203; x_wconf 88' lang='lat' dir='ltr'>statutis</span> <span class='ocrx_word' id='word_1_463' title='bbox 1511 2168 1685 2213; x_wconf 84' lang='lat' dir='ltr'>canonicis,</span> <span class='ocrx_word' id='word_1_464' title='bbox 1711 2181 1747 2204; x_wconf 87' lang='lat' dir='ltr'>ac</span> <span class='ocrx_word' id='word_1_465' title='bbox 1768 2182 1838 2205; x_wconf 89' lang='lat' dir='ltr'>san-</span> 
     </span>
     <span class='ocr_line' id='line_1_95' title="bbox 1092 2217 1838 2265; baseline 0.005 -15"><span class='ocrx_word' id='word_1_466' title='bbox 1092 2217 1196 2251; x_wconf 87' lang='lat' dir='ltr'>ctione</span> <span class='ocrx_word' id='word_1_467' title='bbox 1235 2217 1344 2264; x_wconf 80' lang='lat' dir='ltr'>legalis</span> <span class='ocrx_word' id='word_1_468' title='bbox 1384 2217 1572 2265; x_wconf 79' lang='lat' dir='ltr'>provisionis</span> <span class='ocrx_word' id='word_1_469' title='bbox 1605 2217 1779 2259; x_wconf 86' lang='lat' dir='ltr'>indultum,</span> <span class='ocrx_word' id='word_1_470' title='bbox 1806 2227 1838 2254; x_wconf 87' lang='lat' dir='ltr'>et</span> 
     </span>
     <span class='ocr_line' id='line_1_96' title="bbox 1092 2266 1837 2314; baseline 0.004 -15"><span class='ocrx_word' id='word_1_471' title='bbox 1092 2266 1217 2301; x_wconf 88' lang='lat' dir='ltr'>tandem</span> <span class='ocrx_word' id='word_1_472' title='bbox 1245 2279 1281 2301; x_wconf 79' lang='lat' dir='ltr'>ex</span> <span class='ocrx_word' id='word_1_473' title='bbox 1310 2267 1443 2314; x_wconf 75' lang='lat' dir='ltr'>praefata</span> <span class='ocrx_word' id='word_1_474' title='bbox 1465 2267 1583 2313; x_wconf 81' lang='lat' dir='ltr'>regula,</span> <span class='ocrx_word' id='word_1_475' title='bbox 1610 2275 1640 2302; x_wconf 91' lang='lat' dir='ltr'>et</span> <span class='ocrx_word' id='word_1_476' title='bbox 1658 2267 1739 2302; x_wconf 87' lang='lat' dir='ltr'>beati</span> <span class='ocrx_word' id='word_1_477' title='bbox 1760 2267 1837 2303; x_wconf 87' lang='lat' dir='ltr'>Gre-</span> 
     </span>
     <span class='ocr_line' id='line_1_97' title="bbox 1091 2315 1837 2364; baseline 0.004 -15"><span class='ocrx_word' id='word_1_478' title='bbox 1091 2316 1167 2361; x_wconf 85' lang='lat' dir='ltr'>gorii</span> <span class='ocrx_word' id='word_1_479' title='bbox 1197 2315 1299 2364; x_wconf 84' lang='lat' dir='ltr'>Papae</span> <span class='ocrx_word' id='word_1_480' title='bbox 1323 2316 1533 2364; x_wconf 87' lang='lat' dir='ltr'>prohibitione</span> <span class='ocrx_word' id='word_1_481' title='bbox 1560 2316 1766 2352; x_wconf 87' lang='lat' dir='ltr'>nihilominus</span> <span class='ocrx_word' id='word_1_482' title='bbox 1792 2317 1837 2352; x_wconf 91' lang='lat' dir='ltr'>in-</span> 
     </span>
     <span class='ocr_line' id='line_1_98' title="bbox 1091 2365 1835 2413; baseline 0.004 -14"><span class='ocrx_word' id='word_1_483' title='bbox 1091 2365 1272 2411; x_wconf 87' lang='lat' dir='ltr'>terdictum,</span> <span class='ocrx_word' id='word_1_484' title='bbox 1301 2379 1339 2401; x_wconf 92' lang='lat' dir='ltr'>ne</span> <span class='ocrx_word' id='word_1_485' title='bbox 1366 2375 1438 2402; x_wconf 87' lang='lat' dir='ltr'>ante</span> <span class='ocrx_word' id='word_1_486' title='bbox 1466 2365 1560 2400; x_wconf 91' lang='lat' dir='ltr'>unius</span> <span class='ocrx_word' id='word_1_487' title='bbox 1585 2366 1658 2403; x_wconf 89' lang='lat' dir='ltr'>anni</span> <span class='ocrx_word' id='word_1_488' title='bbox 1680 2366 1835 2413; x_wconf 83' lang='lat' dir='ltr'>probatio·</span> 
     </span>
     <span class='ocr_line' id='line_1_99' title="bbox 1091 2414 1833 2462; baseline 0.003 -13"><span class='ocrx_word' id='word_1_489' title='bbox 1091 2427 1162 2449; x_wconf 87' lang='lat' dir='ltr'>nem</span> <span class='ocrx_word' id='word_1_490' title='bbox 1202 2415 1316 2462; x_wconf 91' lang='lat' dir='ltr'>aliquis</span> <span class='ocrx_word' id='word_1_491' title='bbox 1350 2417 1380 2450; x_wconf 89' lang='lat' dir='ltr'>in</span> <span class='ocrx_word' id='word_1_492' title='bbox 1414 2414 1602 2450; x_wconf 87' lang='lat' dir='ltr'>monachum</span> <span class='ocrx_word' id='word_1_493' title='bbox 1635 2414 1833 2458; x_wconf 71' lang='lat' dir='ltr'>admittatur,</span> 
     </span>
     <span class='ocr_line' id='line_1_100' title="bbox 1091 2464 1833 2512; baseline 0.001 -13"><span class='ocrx_word' id='word_1_494' title='bbox 1091 2476 1242 2512; x_wconf 85' lang='lat' dir='ltr'>personae</span> <span class='ocrx_word' id='word_1_495' title='bbox 1263 2464 1445 2500; x_wconf 85' lang='lat' dir='ltr'>huiusmodi</span> <span class='ocrx_word' id='word_1_496' title='bbox 1466 2473 1624 2512; x_wconf 88' lang='lat' dir='ltr'>apostatae</span> <span class='ocrx_word' id='word_1_497' title='bbox 1643 2476 1706 2499; x_wconf 92' lang='lat' dir='ltr'>non</span> <span class='ocrx_word' id='word_1_498' title='bbox 1730 2464 1833 2500; x_wconf 79' lang='lat' dir='ltr'>viden-</span> 
     </span>
     <span class='ocr_line' id='line_1_101' title="bbox 1091 2513 1834 2561; baseline 0.003 -13"><span class='ocrx_word' id='word_1_499' title='bbox 1091 2521 1159 2559; x_wconf 86' lang='lat' dir='ltr'>tur,</span> <span class='ocrx_word' id='word_1_500' title='bbox 1186 2515 1367 2561; x_wconf 89' lang='lat' dir='ltr'>praesertim</span> <span class='ocrx_word' id='word_1_501' title='bbox 1401 2526 1473 2550; x_wconf 90' lang='lat' dir='ltr'>cum</span> <span class='ocrx_word' id='word_1_502' title='bbox 1501 2525 1516 2548; x_wconf 86' lang='lat' dir='ltr'>a</span> <span class='ocrx_word' id='word_1_503' title='bbox 1539 2513 1834 2561; x_wconf 87' lang='lat' dir='ltr'>praedecessoribus</span> 
     </span>
     <span class='ocr_line' id='line_1_102' title="bbox 1090 2563 1833 2612; baseline 0.001 -14"><span class='ocrx_word' id='word_1_504' title='bbox 1090 2565 1205 2598; x_wconf 90' lang='lat' dir='ltr'>nostris</span> <span class='ocrx_word' id='word_1_505' title='bbox 1226 2563 1346 2611; x_wconf 87' lang='lat' dir='ltr'>pluries</span> <span class='ocrx_word' id='word_1_506' title='bbox 1378 2564 1501 2599; x_wconf 88' lang='lat' dir='ltr'>dicatur</span> <span class='ocrx_word' id='word_1_507' title='bbox 1531 2575 1601 2599; x_wconf 88' lang='lat' dir='ltr'>esse</span> <span class='ocrx_word' id='word_1_508' title='bbox 1626 2575 1833 2612; x_wconf 67' lang='lat' dir='ltr'>responsum</span> 
     </span>
    </p>
   </div>
   <div class='ocr_carea' id='block_1_21' title="bbox 1124 2634 1440 2670">
    <p class='ocr_par' dir='ltr' id='par_1_21' title="bbox 1124 2634 1440 2670">
     <span class='ocr_line' id='line_1_103' title="bbox 1124 2634 1440 2670; baseline -0.003 -9"><span class='ocrx_word' id='word_1_509' title='bbox 1124 2636 1163 2669; x_wconf 78' lang='lat'>(¹)</span> <span class='ocrx_word' id='word_1_510' title='bbox 1181 2635 1218 2661; x_wconf 82' lang='lat' dir='ltr'>Ex</span> <span class='ocrx_word' id='word_1_511' title='bbox 1236 2634 1287 2661; x_wconf 77' lang='lat' dir='ltr'>Re</span> <span class='ocrx_word' id='word_1_512' title='bbox 1273 2639 1339 2670; x_wconf 74' lang='lat' dir='ltr'>gest.</span> <span class='ocrx_word' id='word_1_513' title='bbox 1358 2635 1440 2663; x_wconf 83' lang='lat' dir='ltr'>Vatic.</span> 
     </span>
    </p>
   </div>
   <div class='ocr_carea' id='block_1_22' title="bbox 2082 0 2129 3223">
    <p class='ocr_par' dir='ltr' id='par_1_22' title="bbox 2082 0 2129 3223">
     <span class='ocr_line' id='line_1_104' title="bbox 2082 0 2129 3223; baseline 0 0"><span class='ocrx_word' id='word_1_514' title='bbox 2082 0 2129 3223; x_wconf 95' lang='lat' dir='ltr'> </span> 
     </span>
    </p>
   </div>
  </div>
 </body>
</html>
