2129 3223
166 286 216 312 An.
231 285 260 312 C.
283 286 348 312 1199

179 2329 231 2354 Quid
262 2330 281 2348 in
312 2329 348 2348 hac

168 2366 216 2380 cars
226 2375 230 2379 .
276 2361 323 2379 Adri
332 2369 351 2379 t-

168 2397 206 2410 ntis
222 2390 261 2410 ΡΙ).
289 2395 350 2416 prae*

169 2422 263 2441 etmerit-

416 276 484 309 146

363 342 446 388 quod
477 353 625 388 processu
649 340 799 388 temporis
821 339 920 375 honae
943 340 1112 375 memoriae

363 391 526 437 Eugenius
548 390 631 438 Papa
663 389 886 437 praedecessor
924 399 1032 426 noster
1064 389 1111 424 fe-

363 441 430 476 licis
460 440 581 476 record.
623 440 660 475 B.
702 439 927 475 Claraevallen.
967 440 1109 475 abbatem

361 491 399 525 ad
426 490 611 537 sopiendam
658 490 738 525 inter
785 491 910 525 easdem
955 489 1111 524 Ecclesias

361 540 604 575 controversiam
633 539 810 574 destinavit:
834 540 925 575 cuius
959 547 1108 574 statutum

360 602 484 624 serrare
506 590 605 625 noluit
638 588 781 624 Ecclesia
824 589 985 624 Turonen.
1029 588 1110 624 Cae—

361 648 462 674 terum
486 651 558 674 cum
582 639 621 673 H.
646 639 847 685 postmodum
862 639 974 674 Dolen.
990 639 1110 674 electus

361 698 488 737 propter
511 689 724 724 illiteraturam
747 701 835 724 suam
869 689 1041 736 apostolico
1076 700 1109 723 se

360 740 483 775 timeret
504 739 687 786 conspectui
703 747 912 785 praesentare,
930 751 1001 773 cum
1032 750 1110 773 can-

360 798 425 824 tore
463 797 494 824 et
528 797 661 836 quatuor
695 789 764 823 aliis
796 789 956 824 canonicis
994 788 1107 823 Dolen.

359 839 549 886 Andegavis,
576 838 664 886 quasi
692 850 762 872 cum
790 838 952 873 Turonen.
979 850 1108 885 compo-

358 889 475 923 siturus
502 889 644 932 accessit,
672 895 702 921 et
724 887 837 922 exinde
861 896 969 923 contra
998 888 1108 934 prohi-

359 937 509 974 bitionem
552 937 709 977 cantoris,
738 946 768 972 et
796 937 923 972 alterius
966 938 1106 972 canonici

358 989 502 1027 senioris,
531 1000 603 1022 cum
627 986 726 1021 tribus
745 987 922 1022 iunioribus
944 986 1105 1022 Turonen.

358 1037 432 1072 adiit
454 1038 624 1076 civitatem,
651 1044 680 1071 et
708 1037 866 1084 corruptis
900 1037 968 1071 aliis
1007 1037 1108 1072 tribus

358 1088 517 1122 canonicis
545 1099 600 1134 per
621 1086 820 1121 collationem
844 1085 1106 1132 praebendarum,

357 1145 387 1170 et
409 1137 494 1171 salvo
516 1137 583 1171 iure
609 1136 722 1171 Dolen.
752 1136 912 1171 Ecclesiae
935 1136 1038 1170 iurare
1058 1137 1107 1170 in-

357 1186 471 1226 ductis,
500 1198 533 1221 se
579 1193 769 1226 servaturos,
805 1185 890 1232 quod
929 1185 1030 1220 oblata
1062 1186 1107 1221 eis

357 1236 497 1271 chartula
520 1235 720 1280 continebat,
741 1247 758 1270 a
799 1235 961 1270 Turonen.
997 1235 1107 1270 archi-

357 1286 507 1334 episcopo
541 1298 657 1320 munus
703 1284 949 1320 consecrationis
975 1286 1105 1333 accepit.

357 1335 451 1377 Quod
478 1344 581 1370 autem
609 1335 692 1370 idem
715 1334 754 1369 H.
783 1342 846 1369 tres
871 1334 1002 1370 iuvenes
1033 1347 1107 1370 me-

359 1392 495 1420 moratos
516 1384 704 1433 corruperit,
731 1384 786 1418 uni
808 1383 930 1419 scilicet
950 1384 1107 1419 archidia-

358 1442 518 1475 conatum,
545 1434 633 1470 alteri
668 1433 880 1482 praebendam
928 1434 1105 1474 conferens,

358 1492 388 1518 et
410 1485 502 1519 tertio
523 1484 736 1531 praebendam
759 1491 938 1531 susceptam
959 1483 998 1518 de
1011 1496 1105 1519 manu

358 1533 458 1569 laicali
480 1534 682 1569 confirmans:
706 1532 791 1581 quod
813 1541 932 1574 cantor,
950 1541 980 1568 et
1001 1534 1107 1568 socius

359 1584 427 1619 eius
453 1583 554 1619 eidem
594 1583 633 1617 H.
669 1596 707 1619 ne
750 1581 887 1618 Turonis
931 1583 1106 1627 accederet,

359 1633 536 1668 curaverint
585 1633 761 1668 districtius
806 1632 960 1674 inhibere,
1020 1633 1105 1679 quod

359 1683 454 1717 iidem
473 1682 613 1727 iuvenes,
625 1682 710 1717 salvo
726 1681 836 1717 Dolen.
853 1681 1014 1717 Ecclesiae
1028 1684 1105 1723 iure,

359 1733 549 1767 iuraverunt:
577 1732 662 1779 quod
691 1731 774 1766 idem
812 1731 852 1766 H.
892 1731 1105 1766 adulterinum

359 1781 498 1828 sigillum
520 1781 676 1822 babuerit,
698 1781 809 1816 eadem
842 1793 914 1828 pars
946 1793 1002 1828 per
1031 1793 1108 1816 suos

360 1839 454 1866 testes
467 1831 659 1866 sufficienter
670 1832 803 1866 asseruit
819 1830 913 1866 fuisse
929 1830 1105 1878 probatum.

360 1880 528 1915 Adiectum
551 1888 596 1915 est
618 1881 723 1924 etiam,
742 1880 826 1927 quod
848 1879 966 1915 litterae
981 1881 1107 1915 nomine

359 1929 473 1965 Dolen.
496 1929 574 1977 Cap.
602 1942 698 1977 super
720 1931 820 1977 ipsius
842 1929 881 1964 H.
924 1938 1107 1975 praesenta-

362 1981 445 2014 tione
468 1979 639 2019 confectae,
655 1992 743 2014 verae
766 1991 828 2014 non
851 1987 967 2018 essent;
1001 1987 1108 2027 utpote

361 2029 392 2064 in
415 2029 531 2076 quibus
559 2041 672 2064 nomen
702 2028 956 2075 praemittebatur
981 2028 1108 2069 decani·,

362 2090 433 2114 cum
462 2079 600 2114 decanus
623 2078 741 2113 nullum
772 2077 899 2113 haberet
934 2078 964 2112 in
999 2078 1107 2114 eadem

361 2128 503 2163 Ecclesia
528 2136 742 2175 personatum,
765 2128 818 2162 sed
842 2135 950 2162 cantor
972 2128 1108 2183 primum

362 2178 468 2214 locum
492 2178 596 2226 potius
618 2177 785 2212 obtineret
815 2177 900 2212 ldem
939 2178 1032 2212 etiam
1067 2177 1106 2212 H.

364 2228 394 2262 in
418 2227 626 2275 professione,
653 2239 748 2282 quam
771 2226 844 2261 fecit
872 2225 1110 2274 archiepiscopo

362 2277 524 2312 Turonen.
547 2289 581 2312 se
608 2289 670 2311 non
693 2277 888 2331 episcopum
925 2277 980 2312 sed
1013 2277 1112 2311 archi-

364 2328 546 2374 episcopum
565 2327 747 2361 nominarit.
771 2326 1110 2361 Caeterumcumidem

365 2376 403 2411 H.
429 2384 555 2424 propter
577 2376 732 2423 praedicta
756 2387 817 2410 non
837 2375 976 2411 suisseta
997 2375 1110 2411 Dolen.

367 2434 521 2473 receptus,
547 2426 585 2461 ad
620 2425 831 2472 Apostolicam
869 2425 985 2461 Sedem
1019 2437 1112 2461 acce-

366 2475 455 2519 dens,
477 2489 492 2510 a
520 2475 620 2511 bonae
655 2475 824 2510 memoriae
858 2475 997 2511 Adriano
1027 2475 1112 2522 Papa

369 2526 609 2572 praedecessore
636 2533 742 2560 nostro
764 2525 803 2559 ab
825 2524 1004 2560 obedientia
1044 2525 1113 2570 suit,

368 2586 459 2629 quam
482 2574 641 2610 Turonen.
669 2574 905 2622 archiepiscopo
936 2575 968 2610 in
1001 2586 1114 2611 conse-

369 2624 505 2659 erutione
527 2636 582 2659 sua
606 2625 810 2672 promiserat
843 2623 1016 2660 absolutus.
1050 2623 1113 2660 Sed

370 2673 428 2708 hoc
455 2685 517 2709 non
546 2675 646 2721 potuit
673 2686 744 2722 pars
770 2674 878 2709 eadem
907 2687 960 2710 oer
998 2674 1114 2710 litteras

943 286 977 308 BL
987 285 1131 308 LLARttJM
1159 285 1320 308 noussen!

1152 340 1349 375 authenticas
1371 339 1596 376 demonstrare.
1620 340 1680 376 Cui
1695 353 1768 376 cum
1786 341 1900 377 Dolen.

1152 389 1293 425 Ecclesia
1317 389 1357 425 ab
1378 390 1488 425 eodem
1512 390 1651 425 Adriano
1685 390 1768 438 Papa
1809 398 1901 426 usum

1152 439 1242 485 pallei
1266 447 1332 474 tum
1359 452 1396 474 ex
1428 448 1535 475 tenore
1571 440 1770 481 concordiae,
1805 452 1900 488 quam

1151 489 1232 523 inter
1253 501 1285 523 se
1301 497 1331 524 et
1353 489 1514 524 Turonen.
1542 490 1817 537 archiepiscopum
1853 489 1899 524 fa-

1150 546 1231 573 ctam
1255 538 1352 574 l'uisse
1378 539 1600 578 confitebatur,
1623 547 1688 574 tum
1711 552 1748 574 ex
1770 539 1898 586 antiqua

1151 587 1381 623 consuetudine
1405 589 1585 635 postularet.
1609 589 1715 624 nuncii
1740 601 1812 624 vero
1829 588 1899 624 Tu-

1150 650 1258 673 ronen.
1286 637 1446 673 Ecclesiae
1484 638 1744 685 compositionem
1779 651 1898 694 quam-

1150 687 1220 721 dam
1244 687 1355 722 sactam
1388 700 1444 734 per
1465 687 1609 722 abbatem
1629 687 1667 722 de
1681 687 1844 728 Fontanis‚
1867 688 1897 723 in

1149 749 1208 784 qua
1231 736 1342 772 Dolen.
1367 737 1507 772 Ecclesia
1534 737 1740 784 suffraganeis
1773 749 1898 772 renun-

1149 787 1249 821 ciasse
1271 786 1428 829 dicebant,
1457 794 1599 834 peterent
1620 787 1812 831 confirmari,
1840 787 1897 822 ad-

1149 835 1270 877 denteS,
1292 837 1375 884 quod
1398 837 1442 871 sic
1468 836 1568 871 fuerat
1594 849 1609 872 a
1633 837 1771 884 prael'ato
1799 836 1898 872 Lucio

1148 885 1232 933 Papa
1267 886 1510 933 praedecessore
1549 894 1656 921 nostro
1697 886 1737 922 de
1766 886 1897 922 fratrum

1148 935 1282 970 consilio
1304 949 1359 983 per
1381 936 1566 971 sententiam
1595 935 1784 977 deffinitum,
1810 944 1897 984 parte

1147 985 1258 1020 Dolen.
1284 985 1444 1021 Ecclesiae
1470 985 1660 1033 praedictam
1694 985 1898 1033 compositio·

1148 1047 1219 1069 nem
1241 1043 1272 1070 et
1293 1036 1479 1071 sententiam
1519 1047 1582 1070 non
1616 1043 1720 1070 tenere
1753 1035 1896 1071 dicente:

1148 1096 1218 1119 cum
1256 1084 1297 1126 is,
1329 1086 1383 1132 qui
1423 1085 1454 1120 in
1490 1084 1600 1120 Dolen.
1641 1085 1781 1120 Ecclesia
1822 1092 1898 1120 tunc

1149 1134 1345 1180 praesulatus
1362 1134 1489 1181 gerebat
1510 1134 1660 1176 officium,
1681 1134 1790 1170 dolum
1811 1134 1898 1169 adhi-

1147 1183 1280 1228 buisset,
1300 1192 1331 1219 et
1357 1184 1512 1225 fraudem,
1534 1192 1641 1231 utpote
1662 1185 1715 1231 qui
1743 1196 1816 1219 cum
1834 1185 1896 1219 iam

1147 1233 1184 1268 ad
1207 1233 1393 1282 Capuanam
1415 1234 1616 1282 metropolim
1637 1234 1800 1282 aspiraret,
1818 1234 1896 1269 nihil

1147 1283 1186 1318 ad
1208 1284 1411 1319 commodum
1432 1284 1547 1319 Dolen.
1567 1283 1728 1320 Ecclesiae
1741 1283 1894 1330 allegavit:

1147 1344 1218 1368 cum
1262 1341 1292 1368 et
1333 1333 1447 1369 Dolen.

1146 1382 1379 1419 examinatione
1412 1383 1534 1430 negocii
1570 1395 1632 1419 non
1660 1382 1780 1419 fuisset.
1808 1382 1896 1418 Idem

1147 1432 1239 1467 etiam
1287 1412 1473 1468 Adrianus⁰
1497 1432 1687 1480 praedictam
1734 1433 1895 1480 composi-

1146 1481 1264 1516 tionem
1311 1483 1442 1517 omnino
1476 1483 1619 1523 cassavit,
1656 1491 1685 1517 et
1719 1494 1787 1518 eam
1813 1482 1896 1517 vires

1146 1532 1269 1566 censuit
1295 1544 1357 1567 non
1389 1531 1516 1567 habere.
1555 1531 1667 1567 Eidem
1711 1531 1751 1566 H.
1803 1531 1895 1579 pallei

1147 1593 1237 1617 usum
1277 1581 1464 1628 indulgens,
1515 1594 1551 1617 ac
1601 1581 1638 1616 E.
1679 1590 1754 1616 tunc
1797 1581 1897 1619 archi-

1146 1631 1294 1679 episcopo
1332 1631 1491 1666 Turoncn.
1527 1631 1741 1679 praecipiens,
1777 1639 1810 1666 ut
1843 1639 1896 1666 aut

1146 1692 1217 1716 cum
1252 1693 1290 1716 eo
1321 1693 1418 1728 super
1455 1680 1660 1727 suffraganeis
1701 1680 1893 1721 conveniret,

1146 1738 1200 1765 aut
1226 1742 1325 1777 usque
1347 1731 1387 1765 ad
1428 1732 1540 1766 festum
1577 1730 1685 1765 Sancti
1732 1730 1894 1765 Michaelis

1149 1780 1290 1826 proximo
1318 1789 1393 1815 tunc
1415 1788 1581 1815 venturum
1604 1781 1728 1828 plenam
1751 1780 1779 1815 ei
1801 1779 1893 1815 exhi-

1146 1829 1272 1864 biturus
1299 1838 1329 1865 et
1351 1838 1534 1877 recepturus
1557 1830 1706 1864 iustitiam
1721 1829 1894 1877 apostolico

1148 1892 1181 1913 se
1203 1880 1388 1927 conspectui
1413 1887 1633 1926 praesentaret.
1647 1878 1777 1914 Interim
1788 1887 1894 1914 autem

1149 1930 1263 1975 ipsum,
1286 1929 1333 1964 vel
1355 1929 1486 1964 clericos
1523 1930 1592 1963 eius
1637 1929 1894 1964 excommunica-

1149 1979 1257 2022 tionis,
1280 1978 1326 2014 rel
1348 1978 1502 2013 interdicti
1525 1979 1680 2014 sententia
1703 1991 1764 2014 non
1799 1990 1895 2026 prae-

1148 2036 1287 2063 sumeret
1313 2040 1490 2075 aggravare.
1523 2028 1639 2064 lterum
1679 2029 1774 2064 etiam
1810 2027 1894 2064 idem

1149 2077 1308 2112 Adrianus
1334 2077 1373 2112 ad
1395 2077 1506 2112 festum
1530 2077 1682 2113 Omnium
1708 2077 1894 2113 Sanctorum

1149 2127 1255 2162 citavit
1278 2135 1396 2174 partem
1429 2127 1588 2163 Ecclesiae
1639 2127 1826 2172 Turonen.,
1865 2135 1896 2162 et

1150 2175 1286 2211 eundem
1310 2176 1348 2210 H.
1366 2177 1544 2224 frequenter
1565 2177 1595 2212 in
1618 2177 1729 2213 litteris
1747 2177 1814 2212 suis
1842 2188 1895 2212 ar-

1150 2225 1387 2273 chiepiscopum
1410 2227 1592 2262 nominavit:
1615 2226 1699 2274 quod
1720 2226 1895 2274 exscriptis

1151 2275 1338 2311 authenticis
1392 2288 1463 2324 pars
1512 2276 1621 2312 eadem
1660 2276 1892 2312 demonstravit.

1152 2324 1282 2371 Insuper
1329 2325 1400 2360 bon.
1444 2338 1537 2361 mem.
1589 2325 1766 2361 Alexander
1811 2325 1894 2373 Papa

1151 2374 1297 2409 eumdem
1311 2374 1484 2410 Adrianum
1513 2375 1785 2423 praedecessorem
1799 2387 1893 2410 suum

1152 2424 1372 2480 postmodum
1366 2425 1515 2470 imitatus,
1536 2425 1653 2461 dictum
1667 2424 1706 2460 H.
1726 2425 1895 2461 nominavit

1152 2473 1438 2522 archiepiscopum,
1459 2483 1490 2510 et
1515 2484 1545 2510 te
1579 2487 1640 2510 non
1679 2475 1801 2516 semel,
1839 2475 1895 2510 sed

1153 2531 1183 2558 et
1201 2536 1338 2571 saepius,
1361 2533 1391 2559 et
1417 2524 1543 2560 tandem
1575 2525 1787 2573 peremptorio
1820 2536 1896 2560 evo-

1153 2573 1243 2614 carit,
1267 2583 1298 2608 ut
1310 2574 1348 2609 ad
1363 2574 1576 2622 Apostolicam
1588 2573 1705 2610 Sedem
1717 2574 1896 2620 accederes,

1153 2621 1236 2658 Roll
1261 2631 1332 2659 tunc
1354 2623 1467 2660 Dolo-n
1489 2623 1589 2660 electo
1619 2625 1658 2660 de
1690 2624 1896 2672 suffraganeis

1154 2684 1373 2711 responsurus
1402 2674 1545 2710 Asseruit
1571 2674 1663 2711 etiam
1699 2674 1782 2711 idem
1817 2673 1895 2711 ΑΙεἓ

1915 285 1966 312 An.
1980 285 2010 313 C.
2029 286 2097 316 ¹¹⁹9

1499 1333 1641 1368 Ecclesia
1680 1345 1831 1381 praesens
1864 1333 1923 1368 in·

1920 2339 1974 2366 Quid
1981 2339 2031 2360 dein
2043 2338 2092 2359 Ate-

1909 2371 1987 2392 xander
2002 2369 2040 2390 PP.
2057 2369 2091 2390 fo·

1909 2404 1971 2428 cerm
