2129 3223
139 249 178 274 An
208 248 234 274 C.
254 248 321 274 taos

387 252 455 283 798

384 315 499 350 Actum
523 315 554 349 in
578 314 690 359 palatio
712 320 818 349 nostro
841 312 1029 348 Viterbiensi
1053 311 1082 346 in

334 365 384 400 die
410 364 537 399 Coenae
572 363 713 407 Domini,
754 362 953 410 pontificatus
987 361 1082 396 nostri

334 426 416 448 anno
438 421 560 460 quarto.

374 474 434 504 Dat.
450 483 550 505 mense
573 474 678 504 martio
704 474 786 511 1258,
802 474 903 513 pontis.
920 483 996 503 anno
1015 481 1050 502 iv.

650 636 764 671 XXlX.

337 720 482 753 Reducn'o
519 719 676 763 privilegii
713 717 822 752 Sancti
862 715 1021 749 Domim'ci
1058 722 1083 748 et

383 769 495 803 Sancti
534 768 691 801 Fruucisci
722 767 872 810 frutribus
914 766 989 798 olim
1029 775 1084 808 per

383 818 491 852 Sedem
527 818 735 862 Apostolt'cam
772 816 919 852 concessi,
958 825 993 846 ne
1026 814 1085 846 atii

381 867 519 911 relt'yt‘osi
557 877 654 911 prope
689 877 794 899 eorum
819 866 959 902 (Ionium,
998 863 1082 907 infra

381 917 515 961 spatium
537 921 739 948 trecentarum
764 925 947 956 cannarum,
973 924 1083 946 mona-

382 966 476 1000 steria
513 965 676 1010 aedificare
709 965 844 1009 possint,
884 964 926 997 ad
966 969 1084 996 centum

383 1015 595 1059 quadrayt‘nta
621 1025 736 1047 cannas
759 1014 820 1055 (t).

601 1081 814 1113 SUMMARIUM

337 1142 360 1171 1,
385 1141 550 1171 Exordium.
578 1157 617 1163 —
644 1140 671 1170 2.
694 1138 839 1170 statutum
863 1143 946 1169 antea
974 1142 1005 1168 ut
1026 1147 1083 1168 non

375 1185 604 1216 aedificarentur
625 1188 785 1214 conventus
814 1182 888 1212 insi-a
908 1191 992 1212 canu.
1017 1182 1085 1217 300;

373 1246 411 1253 —
430 1230 472 1260 Ad
488 1229 545 1260 tto
562 1237 671 1259 cannas
694 1228 854 1258 reducitur.

333 1296 453 1325 clemens
468 1296 610 1333 episcopus
621 1301 717 1323 servus
741 1300 881 1323 servornm
898 1293 954 1325 Dei,
976 1293 1086 1322 dilectis

377 1345 443 1374 tiliis
460 1344 594 1377 uenerati,
610 1345 640 1373 et
659 1343 724 1372 aliis
741 1342 877 1372 ministris
900 1349 931 1370 ae
951 1342 1086 1370 fratribus

378 1394 481 1424 ordinis
494 1394 635 1426 minorum,
662 1393 779 1421 satutem
795 1393 825 1421 et
844 1391 1021 1427 apostoticam
1039 1391 1087 1418 be-

378 1444 565 1473 neaietionem.

383 1511 398 1551 ἓ
433 1510 464 1540 1.
498 1505 579 1547 Quia
614 1505 802 1552 plerumque
840 1502 870 1536 in
907 1501 1085 1536 futurorum

335 1555 513 1594 eventibus,
535 1554 581 1589 sic
604 1553 732 1588 humani
756 1552 876 1587 fallitur
898 1551 1086 1586 incertitudo

336 1604 455 1645 iudicii.
479 1612 512 1639 ut
543 1603 629 1650 quod
665 1602 741 1637 utile
767 1602 948 1637 coniectura
983 1600 1088 1635 verisi-

336 1654 432 1693 milis,
453 1653 518 1688 imo
544 1652 637 1687 etiam
655 1659 772 1686 attenta
794 1649 952 1685 interdum
981 1650 1087 1684 consi-

335 1703 454 1739 deratio
476 1701 654 1750 pollicetur,
675 1713 737 1735 non
760 1700 862 1735 solum
887 1698 1010 1739 inutile,
1031 1698 1086 1732 sed

335 1753 523 1788 damnosum
563 1751 692 1797 reperiri
729 1750 891 1795 contingat
928 1759 1087 1782 nonnum-

335 1814 442 1849 quam,
472 1800 559 1848 quod
591 1800 733 1836 consulte
766 1798 922 1838 statuitur,
946 1805 1088 1844 postmo-

336 1851 413 1887 dum
443 1849 619 1886 consultius
646 1851 840 1883 immutatur.
874 1846 943 1881 Hoc
969 1846 1087 1894 quippe

338 1900 509 1936 necessitas
537 1899 712 1947 praesentis
748 1896 936 1945 provisionis
957 1895 1087 1930 eviden—

337 1957 384 1985 ter
405 1948 554 1985 ostendit.

387 2003 402 2043 ἓ
428 2002 461 2033 2.
488 1997 619 2033 Dudum
646 1995 828 2043 siquidem,
850 2003 883 2030 ut
904 1994 985 2028 inter
1013 1993 1090 2029 reli-

142 2049 461 2101 ‚‡']²³¹''‘⁰‘¹¹³¹¹,l‘·f²giosos,
495 2046 660 2093 potissime
682 2057 736 2093 per
752 2053 876 2079 nostrae
906 2042 1089 2088 diligentiae

143 2084 325 2132 avenantirnec'tiii]
339 2097 492 2139 studium,
519 2094 739 2130 aemulationis
752 2102 782 2128 et
800 2092 1006 2128 dissensionis
1030 2091 1090 2126 tol-

143 2147 256 2192 iiiiii'isna
273 2143 325 2163 *⁰¹¹³
341 2148 456 2182 leretur
498 2145 637 2188 occasio,
675 2151 705 2178 et
732 2143 891 2178 charitatis
928 2141 1090 2187 integritas

261 2189 265 2195 ’
340 2203 528 2238 servaretur,
562 2206 617 2241 per
647 2200 769 2228 nostras
797 2191 857 2227 sub
879 2199 963 2226 certa
992 2190 1089 2224 forma

341 2246 458 2280 litteras
473 2243 685 2279 ordinandum
701 2241 852 2276 duximus
867 2248 897 2275 et
919 2239 1091 2274 districtius

341 2293 562 2332 inhibendum,
597 2291 681 2339 quod
705 2290 782 2326 nulli
818 2290 926 2324 liceret
955 2301 991 2322 ex
1015 2296 1091 2322 tunc

340 2344 380 2378 de
416 2343 545 2378 fratrum
574 2340 843 2379 Praedicatorum,
875 2337 1091 2373 poenitentiae

341 2392 410 2427 lesu
447 2390 582 2435 Christi,
618 2389 733 2426 Beatae
769 2388 885 2423 Mariae
913 2387 951 2421 de
986 2386 1092 2421 Monte

342 2441 499 2484 Carmelo,
512 2439 760 2475 Haeremitarnm
775 2437 882 2472 Sancti
911 2434 1092 2482 Augustini,

343 2489 477 2525 Sanctae
515 2488 639 2531 Clarae,
679 2487 812 2534 aliisque
851 2484 1020 2520 ordinibus
1061 2483 1092 2518 in

345 2545 526 2585 paupertate
561 2536 709 2580 fundatis,
744 2535 887 2582 nullique
925 2533 1092 2568 mulierum

383 2598 422 2632 (i)
438 2598 476 2624 Ex
493 2598 598 2632 Regest.
616 2597 701 2624 Vatic.
719 2610 750 2614 —
768 2595 936 2631 Privilegium
953 2594 995 2621 hic
1006 2594 1092 2621 adno-

345 2640 428 2664 tatum
446 2637 531 2671 legere
550 2642 589 2664 est
609 2637 743 2673 superius,
761 2636 872 2663 Constit.
891 2643 941 2665 xit,
960 2642 1018 2669 pag.
1030 2634 1091 2660 Ιιίιθ.

169 1560 286 1582 Ειογᾱίυπι,

915 256 1016 279 nrt-LA
1022 256 1103 278 tttml
1126 254 1288 277 ttomxmt

1124 310 1162 345 de
1193 308 1369 357 praedictis,
1402 319 1456 343 seu
1483 307 1675 356 quibuslibet
1695 306 1764 342 aliis
1784 306 1872 341 ordi·-

1125 359 1235 403 nibus,
1269 358 1394 405 aliquod
1431 358 1674 398 monasterium,
1705 356 1870 391 eeclesiam

1125 408 1170 443 vel
1200 408 1369 443 oratorium
1400 407 1566 443 aedificare
1593 420 1648 442 seu
1676 415 1870 446 construere,

1125 457 1266 504 nullique
1283 456 1437 492 saeculari
1456 469 1512 492 seu
1529 457 1675 503 religioso
1691 457 1872 493 cuiuscum-

1123 519 1185 554 que
1215 507 1418 554 professionis
1445 507 1609 541 ecclesiam
1637 507 1683 541 vel
1711 514 1869 542 monaste-

1125 556 1204 590 rium
1227 569 1282 592 seu
1316 556 1485 591 oratorium
1525 556 1586 591 iam
1613 556 1810 591 aedificatum
1839 556 1869 591 in

1125 605 1226 640 locum
1264 605 1401 653 aliquem
1436 605 1604 640 transferre
1638 605 1677 640 de
1705 605 1871 641 ordinibus

1125 656 1328 698 memoratis,
1374 654 1450 690 infra
1486 656 1623 702 spatium
1660 662 1870 690 trecentarum

1124 716 1294 739 cannarum
1321 717 1337 739 a
1365 705 1475 739 vestris
1503 704 1646 739 ecclesiis
1676 716 1871 739 mensuran-

1123 753 1233 789 darum
1270 764 1324 801 per
1355 766 1436 797 aera,
1472 754 1564 789 etiam
1597 753 1650 788 ubi
1685 753 1761 788 alias
1788 761 1871 788 recte

1123 815 1186 838 non
1210 804 1404 850 permitteret
1423 803 1482 838 loci
1504 803 1668 849 dispositio
1683 803 1870 846 mensurari,

1123 860 1308 892 statuentes,
1328 861 1361 887 ut
1382 853 1536 900 quidquid
1558 860 1666 888 contra
1688 852 1871 887 huiusmodi

1123 902 1329 937 ordinationis
1354 910 1385 936 et
1411 902 1607 938 inhibitionis
1635 911 1758 937 nostrae
1781 910 1871 937 teno-

1124 963 1189 985 rem
1211 964 1249 986 ex
1267 960 1342 986 tunc
1364 951 1563 986 aedificatum
1582 952 1739 996 existeret,
1761 951 1871 986 dirue-

1126 1008 1210 1035 retur
1232 1013 1372 1035 omnino.

1172 1054 1187 1093 5
1211 1054 1243 1084 5.
1266 1050 1384 1084 Verum
1410 1049 1482 1096 quia
1509 1050 1593 1097 quod
1615 1049 1653 1084 ad
1683 1063 1790 1097 pacem
1817 1063 1872 1086 ve·

1124 1107 1220 1133 stram
1249 1107 1279 1133 et
1311 1099 1542 1146 praedictorum
1569 1099 1699 1135 l'ratrum
1727 1109 1757 1134 et
1779 1100 1872 1135 ordi—

1126 1160 1200 1182 num
1230 1149 1390 1195 provisum
1418 1147 1530 1192 fuerat,
1553 1160 1615 1182 non
1642 1149 1745 1184 solum
1773 1150 1871 1190 vobis,

1126 1196 1183 1232 sed
1210 1198 1303 1232 etiam
1328 1197 1434 1232 multis
1455 1197 1533 1237 aliis,
1555 1198 1610 1244 qui
1634 1207 1762 1246 propter
1783 1211 1874 1245 prae-

1125 1247 1244 1281 dictum
1276 1246 1427 1281 diffusum
1462 1259 1634 1282 cannarum
1669 1248 1806 1294 spatium
1842 1249 1872 1282 in

1127 1295 1309 1331 huiusmodi
1332 1296 1528 1330 ordinatione
1550 1308 1585 1331 ac
1602 1296 1788 1331 inhibitione
1802 1310 1875 1332 cou-

1127 1353 1267 1384 tentum,
1302 1345 1392 1392 qnasi
1431 1344 1469 1379 ab
1507 1345 1656 1379 omnibus
1692 1347 1785 1381 etiam
1820 1359 1874 1380 so-

1127 1394 1285 1430 lemnibus
1297 1393 1473 1429 civitatibus
1487 1394 1726 1430 inveniebantur
1736 1395 1873 1436 exctudt,

1127 1445 1164 1478 ad
1192 1444 1377 1478 scandalum
1408 1444 1540 1478 cessisse
1576 1445 1805 1491 comperimus,
1831 1444 1874 1479 di-

1129 1494 1223 1528 rersis
1252 1501 1416 1539 propterea
1447 1493 1617 1538 litigiorum
1653 1493 1793 1528 materiis
1818 1506 1875 1528 su—

1127 1543 1262 1581 scitatis;
1286 1554 1343 1576 nos
1369 1553 1466 1588 super
1492 1542 1530 1575 iis
1551 1553 1622 1576 cum
1645 1542 1792 1577 fratribus
1813 1555 1874 1577 no-

1128 1591 1183 1625 tris
1221 1590 1445 1625 deliberatione
1474 1590 1665 1637 praehabita,
1692 1591 1873 1627 huiusmodi

1127 1640 1264 1686 spatium
1288 1639 1326 1673 de
1355 1640 1495 1687 ipsorum
1519 1639 1649 1675 fratrum
1672 1641 1805 1676 consilio
1829 1654 1875 1676 re-

1127 1690 1328 1735 stringentes,
1352 1689 1455 1736 ipsum
1477 1688 1515 1723 ad
1537 1698 1662 1724 centum
1685 1698 1716 1724 et
1737 1689 1876 1737 quadra-

1128 1739 1211 1783 ginta
1229 1750 1345 1772 cannas
1363 1738 1512 1772 duximus
1530 1737 1759 1783 reducendum,
1778 1741 1876 1773 omni-

1129 1788 1187 1822 bus
1209 1787 1287 1830 aliis,
1301 1799 1382 1834 quae
1397 1787 1426 1822 in
1443 1787 1625 1834 praemissis
1640 1788 1754 1823 nostris
1764 1787 1876 1823 litteris

1129 1836 1348 1881 continentur,
1376 1837 1405 1871 in
1433 1849 1492 1871 suo
1523 1837 1731 1872 nihilominus
1764 1837 1877 1872 robore

1129 1886 1299 1921 duraturis,

1178 1935 1261 1970 Nulli
1288 1947 1363 1979 ergo
1385 1935 1515 1969 omnino
1538 1934 1701 1970 hominum
1723 1943 1777 1969 etc.

1179 1985 1293 2019 Datum
1318 1983 1448 2018 Viterbii
1478 1985 1570 2019 nonis
1599 1985 1686 2025 iunii,
1711 1984 1878 2032 pontifica-

1131 2041 1179 2068 tus
1207 2041 1303 2068 nostri
1327 2045 1408 2067 anno
1434 2043 1556 2080 quarto.

1300 2090 1401 2119 Datum
1421 2091 1468 2120 die
1490 2091 1508 2119 5
1527 2090 1600 2120 iunii
1620 2091 1705 2120 1268.

1456 2208 1541 2243 wi<

1135 2277 1226 2317 Quod
1251 2277 1363 2319 fratres
1384 2277 1504 2309 ordinis
1526 2276 1778 2309 praedicatorum
1801 2277 1880 2309 San-

1180 2327 1220 2358 cti
1261 2326 1435 2368 Dominici,
1475 2326 1517 2358 ad
1556 2325 1752 2369 praelaturas
1789 2331 1879 2358 extra

1181 2375 1318 2408 ordinem
1347 2375 1507 2417 assumpti,
1530 2381 1694 2418 (nmquam
1723 2384 1880 2407 consecra-

1182 2423 1273 2456 tionis
1296 2434 1405 2456 munus
1426 2423 1587 2467 recipiant,
1614 2424 1719 2456 omnia
1743 2433 1820 2466 quae
1841 2423 1880 2456 ab

1182 2473 1288 2506 ordine
1309 2473 1429 2510 habent,
1458 2472 1618 2505 conventui
1642 2472 1805 2515 resiqnent.

1402 2534 1615 2566 sUttttttAtuUttt

1135 2589 1300 2619 Exordium.
1334 2605 1372 2611 -—
1388 2589 1410 2618 i.
1426 2588 1537 2618 Causae
1555 2588 1781 2617 constitutionis.
1799 2604 1832 2609 -
1851 2588 1881 2617 2.

1174 2628 1357 2658 tlonstitutio.

1886 245 1936 273 An.
1955 246 1984 272 C⁴
2003 245 2068 272 ¹268

1899 1052 1929 1072 Ad
1945 1050 1982 1072 140
1990 1056 2042 1070 mnu
2049 1055 2069 1071 ts

1886 1082 2000 1104 reducitur.
