2129 3223
5 252 207 300 fleam

34 618 117 640 roonae
131 620 206 640 contu

24 645 176 668 tuobe-tientes.

42 2297 172 2321 Praemium.

1633 252 1695 286 601

221 312 351 348 consilio
373 325 409 348 ex
432 325 516 348 nunc
538 314 706 349 terminum
734 327 787 349 sex
802 315 964 350 mensium
1007 327 1060 350 cae
1077 315 1216 350 utilitatis
1230 325 1396 363 provectus
1410 317 1749 353 sollicitosintuemur:

221 361 361 396 omnium
389 361 612 397 cathedralium
654 363 864 399 Ecclesiarum
899 364 965 399 ele-
1007 369 1166 417 probabile
1188 382 1323 417 namque
1349 379 1568 418 argumentum
1593 372 1751 416 tribuitur,

838 261 1029 284 ALexANttssu
1044 261 1075 282 tv
1092 261 1140 284 P?-

220 411 278 445 ctis
306 411 454 446 duximus
491 412 718 453 statuendum,
756 413 832 448 infra
871 426 963 461 quem

221 471 334 495 munus
360 461 607 496 consecrationis
629 463 800 509 suscipiant
821 475 965 497 reveren—

220 517 276 544 ter.
304 509 450 556 Alioquin
474 510 532 545 nisi
565 511 703 557 legitimo
740 512 964 558 impedimento

219 558 336 593 detenti
355 558 470 594 fuerint
491 559 530 594 ab
563 560 831 595 administratione
869 562 964 608 spiri-

220 607 363 652 tualium,
379 609 641 654 ettemporalium
665 611 806 645 noverint
833 623 865 644 se
893 623 963 645 sus-

220 669 346 703 pensos,
368 658 450 705 quod
478 659 503 693 si
531 671 592 693 non
623 668 768 705 suscepto
800 672 964 695 cousecra-

217 706 313 741 tionis
335 719 476 750 munere,
507 707 586 742 ultra
626 709 819 755 praedictum
856 710 964 744 termi-

219 767 293 790 num
316 756 501 791 retinuerint
522 756 680 792 Ecetesjas
701 758 771 792 aliis
797 771 851 793 sex
875 771 963 793 men-

217 803 306 840 sibus
331 805 485 849 viduatas,
506 817 543 840 ex
566 816 638 841 tunc
660 807 778 842 eisdem
814 807 963 842 Ecclesiis

217 854 401 889 auctoritate
423 856 630 901 praesentium
655 857 797 891 noverint
823 869 856 891 se
898 857 963 903 pri-

217 911 315 944 vatos,
341 911 372 938 et
398 904 545 950 capitula,
578 913 607 939 et
641 905 784 952 collegia,
823 914 852 940 et
883 917 962 940 con-

219 961 328 987 ventus
353 951 391 988 ad
426 965 505 1000 quos
537 954 647 988 electio
679 956 808 1000 pertinet
840 955 963 1002 praedi-

216 1009 351 1041 ctorum,
372 1002 432 1037 sibi
457 1003 638 1049 providendi
667 1003 706 1038 de
740 1003 819 1044 aliis,
853 1005 985 1042 aucto-¹,

217 1050 306 1086 ritate
319 1060 436 1093 nostra,
459 1052 587 1086 liberam
611 1052 746 1087 babeant
769 1053 957 1088 facultatem.
983 1045 986 1087 l

263 1099 333 1134 Non
360 1100 503 1136 obstante
526 1102 715 1148 indulgentia
742 1103 788 1136 eis
825 1115 840 1136 a
881 1093 985 1149 quo-l

215 1161 364 1197 cumque,
399 1158 428 1184 et
466 1150 526 1184 sub
558 1163 755 1198 quacumque
799 1151 962 1186 verborum

217 1198 314 1233 forma
354 1211 515 1241 concessa,
535 1212 588 1246 per
614 1212 707 1247 quam
730 1200 879 1235 adversus
901 1209 962 1236 sta·
983 1227 985 1249 ί

218 1256 319 1282 tutum
346 1248 528 1283 huiusmodi
560 1259 685 1296 possent
722 1249 751 1284 in
786 1249 890 1297 aliquo
929 1250 985 1313 se}

217 1305 307 1332 tueri.

264 1345 379 1381 Datum
406 1346 536 1394 Neapoli
559 1347 652 1382 nonis
677 1348 795 1394 aprilis,
835 1349 963 1395 pontifi-

216 1403 304 1431 catus
321 1396 418 1431 nostri
446 1409 528 1431 anno
551 1398 664 1443 primo.

267 1455 326 1487 Dat.
345 1457 393 1487 die
410 1458 428 1486 5
451 1458 553 1496 aprilis
574 1458 660 1494 1255,
678 1459 780 1497 pontif.
801 1468 876 1488 anno
895 1469 913 1489 1.

561 1599 613 1633 lx.

215 1671 415 1716 Confirmatio
431 1672 638 1706 Uru‘oersi'tatis
650 1673 915 1717 Studit‘yeneralis
931 1674 960 1706 in

306 1721 426 1754 civitate
451 1721 671 1755 salamantina
692 1724 781 1755 erecti
807 1726 866 1763 (l).
981 1762 983 1789 Ι

484 1798 696 1829 SUMMARIL‘M

212 1859 401 1890 Prooemium.
428 1876 466 1882 —
491 1861 512 1889 Α
534 1861 676 1891 Castellae
704 1870 772 1899 rege
794 1861 959 1891 institutum
980 1865 981 1869 ’

252 1903 387 1934 Studium
420 1904 659 1935 Salamantiuum.
687 1921 726 1927 —
755 1904 981 1937 (ΞοιιίίτιιιυιυικἸ

251 1947 417 1979 clausulae.

211 2022 363 2053 Alexander
380 2023 521 2060 episcopus
539 2031 634 2053 servus
653 2031 791 2053 servorum
815 2023 876 2057 Dei.
897 2025 960 2053 cha·

256 2071 366 2102 tissima
383 2073 411 2102 iu
430 2072 538 2102 Christo
556 2072 612 2101 filio
635 2073 696 2108 regi
713 2073 849 2103 Castoflae
867 2080 898 2102 ac
913 2074 958 2103 Le·

256 2123 346 2158 giunta
368 2121 483 2155 illustri,
503 2121 621 2151 salutem
639 2123 668 2151 ot
691 2122 867 2157 apostolicam
881 2123 957 2152 bene·
977 2110 980 2176 Ι

255 2171 410 2201 dictionem.
977 2177 980 2222 J

260 2237 346 2274 Inter
365 2250 413 2279 ea,
435 2250 515 2285 quae
537 2237 649 2284 placita
671 2249 728 2272 nos
749 2237 957 2273 oblectatione
977 2225 980 2269 l

212 2287 390 2329 laetificant,
416 2287 525 2334 grandi
559 2298 613 2321 cor
645 2295 784 2322 nostrum
821 2288 957 2322 reficitur
977 2306 979 2337 ξ

211 2338 341 2384 gaudio,
357 2345 388 2372 et
409 2337 521 2372 laetitia
540 2336 655 2371 exultat
676 2345 791 2384 optata,
804 2348 875 2371 cum
891 2349 955 2377 eOS,
976 2351 979 2383 3

210 2387 264 2434 qui
280 2387 407 2423 coelesti
422 2396 493 2421 sunt
507 2385 697 2433 providentia
714 2386 840 2433 praediti
857 2390 902 2430 (2)
919 2388 955 2421 ad

211 2437 399 2484 populorum
418 2437 557 2483 regimen
570 2444 599 2470 et
617 2447 796 2481 regnorum,
815 2440 854 2470 ad
874 2449 958 2471 com-

211 2497 339 2521 munem
366 2485 578 2521 subiectorum
616 2497 744 2519 suorum
780 2484 953 2531 profectum

211 2534 347 2570 intentos
374 2535 601 2582 conspicimus,
623 2535 770 2581 ipsosque
791 2534 828 2568 ad
851 2535 956 2581 publi-

247 2604 287 2640 (ί)
302 2605 343 2632 Ex
358 2605 462 2640 Regest.
479 2605 563 2631 Vatic.

208 2643 297 2673 positi.

291 2683 364 2714 Ball.
379 2683 456 2714 Rom.
477 2683 531 2712 Vol.
549 2683 598 2713 III.

612 2604 651 2638 (ᾖ)
671 2603 789 2631 Forsitan
809 2603 858 2638 leg.
878 2613 956 2636 prac-

763 2683 798 2712 76

980 1847 983 1856 ι

1005 433 1035 459 et
1060 436 1134 472 spes
1161 434 1259 469 certa,
1291 425 1374 471 quod
1411 426 1461 459 tali
1499 426 1651 472 regimine
1684 426 1751 474 ipse

1005 490 1112 524 regum
1147 486 1178 513 et
1202 490 1369 525 regnorum
1393 479 1548 514 Dominus
1570 480 1751 524 honoretur,

1005 540 1033 566 et
1057 540 1117 566 tam
1140 544 1232 579 reges
1254 541 1285 567 et
1308 545 1412 579 regna,
1433 545 1526 579 quam
1561 533 1667 580 populi
1694 533 1752 568 flo-

1006 585 1079 620 ridis
1100 594 1130 621 et
1156 586 1323 622 fructuosis
1350 586 1514 633 proficiant
1538 587 1750 623 incrementis.

1003 639 1087 674 Sane
1116 639 1265 675 laetanter
1293 640 1474 687 accepimus
1500 649 1531 675 et
1564 642 1671 688 utique
1697 653 1752 676 ac-

1004 701 1184 740 ceptamus,
1228 694 1311 741 quod
1341 694 1511 741 prudenter
1538 694 1750 734 attendentes,

1004 748 1088 794 quod
1124 747 1292 783 multitudo
1327 749 1516 795 sapientium
1553 749 1668 784 sanitas
1706 759 1750 784 est

1004 814 1185 848 regnorum,
1209 802 1358 849 quodque
1385 814 1448 836 non
1484 802 1589 837 miuus
1612 802 1751 848 pruden-

1005 863 1068 889 tum
1092 856 1236 899 consilio,
1263 867 1356 902 quam
1379 856 1562 890 strenuitate
1584 855 1632 890 vel
1658 855 1751 890 forti—

1005 908 1111 943 tudine
1155 909 1352 944 robustorum
1399 921 1567 956 regnorum
1609 909 1750 956 ipsorum

1004 962 1217 997 moderamina
1238 963 1458 1010 disponantur,
1479 975 1514 998 ac
1541 975 1596 1010 per
1622 964 1681 998 ltoc
1702 964 1752 998 de-

1003 1015 1176 1050 siderantes
1188 1028 1282 1063 regna
1300 1017 1353 1051 tibi
1375 1016 1470 1051 divini
1493 1017 1633 1052 muneris
1656 1017 1751 1063 largi·

1005 1078 1066 1105 tate
1087 1082 1235 1105 concessa
1258 1070 1486 1117 inextinguibili
1506 1072 1679 1118 sapientiae
1702 1071 1750 1105 lu-

983 1194 985 1208 :
1004 1178 1142 1213 consiliis
1163 1187 1193 1213 et
1214 1180 1391 1215 maturitate
1414 1178 1528 1221 fulciri,
1549 1179 1633 1227 apud
1660 1179 1749 1215 Sala-
1762 1173 1851 1219 {mmm

1005 1233 1176 1267 mantinam
1188 1234 1357 1278 civitatem,
1372 1242 1403 1268 ut
1420 1232 1527 1278 fertur,
1541 1233 1708 1275 uberrima,
1721 1243 1750 1269 et

1004 1285 1106 1320 locum
1136 1286 1167 1321 in
1190 1298 1289 1333 regno
1315 1295 1368 1322 tuo
1389 1286 1571 1322 salubritate
1590 1288 1701 1330 aereis,
1720 1295 1751 1322 et

1003 1339 1195 1385 quibuslibet
1219 1340 1511 1387 opportunitatibus
1538 1341 1748 1388 praeelectum.

1003 1393 1190 1429 venerabilis
1213 1394 1316 1429 fratris
1337 1395 1434 1428 nostri
1457 1394 1595 1442 episcopi
1619 1403 1648 1430 et
1669 1394 1746 1429 dilv-

1003 1455 1126 1482 ctorum
1155 1447 1293 1483 filiorum
1317 1448 1443 1495 capituli
1474 1447 1678 1483 salamantin.
1698 1461 1750 1484 ac-

1003 1500 1134 1536 cedente
1153 1503 1286 1537 cousilio
1308 1511 1337 1536 et
1359 1514 1501 1540 assensu.
1520 1502 1666 1548 generale
1687 1511 1749 1537 stu-

1003 1554 1089 1590 dium
1103 1568 1119 1590 a
1134 1556 1316 1592 doctoribus
1329 1565 1358 1591 et
1374 1556 1526 1591 docendis
1541 1556 1572 1591 in
1589 1566 1746 1603 posterum

981 1630 983 1651 ,1
1002 1608 1232 1656 frequentetur,
1254 1611 1415 1645 humiliter
1432 1611 1593 1657 postulasti
1609 1623 1626 1646 a
1646 1611 1746 1646 nobis.

982 1656 983 1659 ¹
1001 1665 1173 1709 apostolico
1213 1664 1243 1698 id
1279 1665 1456 1699 munimine
1495 1664 1645 1700 roborari.
1684 1665 1748 1701 Nos

981 1747 983 1757 ⁴
1003 1716 1097 1762 igitur
1119 1725 1188 1752 tuae
1215 1718 1400 1752 intentionis
1423 1719 1617 1766 propositum
1645 1719 1747 1766 dignis
1789 1735 1819 1748 ›20
1839 1735 1904 1749 ‘rm-¹1

1003 1769 1032 1804 in
1059 1769 1196 1806 Domino
1218 1771 1363 1807 laudibus
1390 1773 1657 1813 commendantes,
1684 1774 1748 1808 tuis

1001 1825 1286 1871 supplicationibus
1305 1826 1456 1866 inclinati,
1475 1827 1558 1874 quod
1575 1839 1670 1874 super
1688 1827 1746 1862 hoc

1001 1889 1016 1911 a
1043 1887 1072 1912 tc
1094 1878 1132 1913 (le
1155 1891 1283 1914 assensu
1307 1881 1444 1927 episcopi
1464 1890 1494 1916 et
1511 1882 1637 1928 capituli
1658 1894 1747 1928 prae-

1001 1931 1153 1967 dictorum
1183 1932 1297 1968 factum
1321 1942 1380 1978 est,
1415 1942 1516 1969 ratum
1539 1935 1691 1971 habentes
1716 1945 1745 1970 et

999 1993 1132 2031 gratum,
1160 1986 1237 2021 illud
1264 1988 1448 2023 auctoritate
1476 1989 1644 2034 apostolica
1669 2001 1745 2024 con-

1001 2040 1161 2074 lirmamus
1187 2049 1217 2075 et
1246 2042 1416 2086 praesentis
1437 2042 1542 2089 scripti
1574 2044 1744 2089 patrocinio

999 2104 1243 2128 commuuimus.

1047 2146 1131 2181 Nulli
1147 2160 1221 2194 ergo
1236 2149 1364 2184 omnino
1378 2149 1541 2184 hominum
1559 2149 1649 2185 liceat
1663 2150 1743 2185 hanc

999 2201 1144 2247 paginam
1165 2209 1288 2237 nostrae
1309 2203 1557 2238 confirmationis
1576 2202 1743 2250 infringere

998 2254 1045 2288 vet
1067 2254 1094 2289 ei
1121 2267 1200 2290 ausu
1229 2257 1393 2291 temerario
1419 2257 1582 2291 contraire.
1612 2256 1646 2292 Si
1673 2258 1743 2304 quis

997 2316 1100 2342 autem
1126 2308 1184 2343 boc
1201 2317 1354 2345 attentare
1380 2311 1635 2357 praesumpserit,
1659 2311 1743 2346 indi-

997 2362 1175 2407 gnationem
1199 2364 1424 2410 omnipotentis
1442 2363 1499 2398 Dei
1523 2376 1559 2398 ac
1581 2364 1739 2399 beatorum

998 2415 1080 2449 Petri
1103 2424 1133 2450 et
1153 2415 1243 2451 Pauli
1265 2417 1479 2464 apostolorum
1501 2418 1568 2453 eius
1590 2431 1623 2454 se
1644 2431 1741 2454 nove·

998 2471 1034 2504 rit
1057 2470 1267 2505 incursurum.

1045 2523 1159 2558 Datum
1193 2524 1322 2572 Neapoli
1363 2533 1471 2561 octavo
1507 2525 1578 2561 idus
1616 2527 1739 2574 aprilis,

998 2579 1196 2626 pontificatus
1217 2579 1313 2614 nostri
1340 2591 1422 2614 auno
1447 2580 1560 2628 primo.

1048 2639 1107 2670 Dat.
1127 2640 1173 2670 <lie
1196 2641 1214 2670 ss
1232 2640 1332 2680 api-ills
1353 2640 1436 2678 1955,
1453 2641 1552 2681 pontif.
1575 2651 1650 2673 anno
1669 2652 1687 2673 t.

1764 264 1815 289 An.
1827 263 1856 289 C.
1875 264 1940 289 ¹23³

984 1125 1088 1158 lmine
1124 1124 1290 1170 illustrari,
1325 1137 1424 1172 eaque
1461 1125 1545 1160 sanis
1580 1126 1748 1172 peritorum
1775 1137 1944 1159 Acinetum<

1776 1173 1786 1188 e
1828 1169 1943 1188 institutam

1885 1198 1944 1219 Sala*

1762 1232 1883 1250 plautinum.

1788 2160 1903 2183 clausulae.
