2129 3223
132 266 179 293 An.
197 266 223 292 C.
244 266 309 292 tetis

143 473 240 496 Centum
255 478 309 495 irre-

130 506 160 525 :iti
175 504 195 525 ln
212 504 257 525 Ioro
273 510 309 525 ec-

130 537 248 557 clesiastico
268 541 308 556 uon

132 568 269 588 amittantur.

142 1015 189 1037 Iar:
204 1022 272 1038 omia
287 1022 311 1038 e-

129 1048 221 1075 oiseopts
247 1049 311 1069 resti—

131 1081 222 1099 reantur>

162 1511 271 1532 'Jauuulao

373 255 441 288 540

325 319 349 355 si
371 319 408 354 ad
441 319 543 366 ipsum
579 317 671 353 etiam
699 324 794 352 tracta
816 317 908 355 suerit
934 328 1065 365 respon-

324 368 396 404 dere
421 375 606 414 praesumat.

374 416 579 452 Decernimus
615 417 725 457 etiam,
759 424 791 451 ut
819 416 924 452 nullus
957 415 1087 462 maiori¹

324 467 649 502 excommunicatione
671 466 794 513 ligatus,
827 467 892 501 sive
913 466 953 501 sit
973 464 1065 500 cleri·
1085 494 1086 500 .

325 529 395 560 cus,
426 516 491 552 sive
513 516 621 561 taicus,
643 516 824 551 admittatur
850 516 880 551 in
910 515 976 550 foro
1006 515 1086 558 ec-]

324 566 511 605 clesiastico,
540 565 587 601 vel
614 566 764 601 saeculari
788 566 818 600 in
841 566 949 601 eodem
969 576 1065 611 regno
1084 568 1087 608 ζ

325 615 411 663 prius
431 628 523 662 quam
538 615 699 651 absolutus
725 615 815 650 fuerit
837 615 873 650 ad
897 614 1064 660 agendum3
1085 644 1086 679 1

325 666 360 700 iis
381 677 508 713 quoque
536 664 727 700 irrevocabili
748 664 874 699 decreto
890 664 1066 708 adiicimus,

326 723 357 749 ut
389 715 634 762 archiepiscopis
670 723 700 749 et
732 714 888 761 episcopis
922 713 1087 749 eiusdem‘

326 764 412 811 regni
441 765 470 798 in
506 764 571 800 suis
596 763 773 799 civitatibus
800 771 829 798 et
856 763 1087 809 dioecesibus,3

324 823 355 848 et
378 813 521 861 praelatis
538 813 606 848 aliis
629 815 657 847 in
674 813 762 856 locis,
785 813 814 847 in
837 812 951 860 quibus
974 813 1066 848 iuris-
1086 818 1088 856 ξ

324 863 491 899 dictionem
512 862 706 911 spiritualem
730 862 882 905 obtinent,
911 861 1065 897 iudicandi

324 920 354 948 et
393 912 544 960 puniendi
584 911 759 948 secuudum
801 911 885 959 quod
931 911 1088 947 canoness

325 970 472 1005 censent,
504 961 654 997 adulteria
687 971 714 996 et
750 961 805 995 alia
841 961 971 996 crimina
1005 969 1065 996 tam

326 1011 618 1051 ecclesiasticarum,
646 1023 737 1059 quam
765 1010 972 1045 saecularium
1002 1023 1068 1058 per-

325 1073 485 1105 sonarum,
506 1070 537 1096 et
555 1073 717 1096 censuram
747 1068 872 1107 propter
894 1059 951 1094 lioc
971 1060 1000 1094 in
1020 1060 1068 1108 ip-

325 1124 374 1147 sas
412 1111 651 1146 ecclesiasticam
702 1108 879 1153 exercendi,
906 1110 1067 1156 temporali

325 1159 541 1196 iurisdictione
567 1160 704 1195 dominis
718 1158 942 1206 temporalibus
961 1159 1070 1194 nihilo-

326 1211 429 1245 minus
461 1218 626 1249 reservata,
650 1221 770 1244 necnon
795 1208 1004 1254 cognoscendi
1031 1209 1069 1244 de

325 1260 428 1295 causis
453 1259 586 1304 dotium,
612 1267 643 1294 et
671 1258 822 1294 universis
843 1257 911 1293 aliis
933 1270 1012 1306 quae
1030 1258 1068 1294 ad
1089 1286 1091 1306 ξ

326 1310 427 1344 sorum
466 1308 715 1344 ecclesiasticum
753 1307 927 1355 pertinent,
965 1316 995 1342 et
1017 1320 1069 1343 eas
1090 1314 1091 1351 ζ

326 1358 550 1393 sententialiter
585 1356 748 1393 decidendi
783 1356 872 1404 plena
915 1365 946 1392 et
975 1352 1091 1393 libera⁴

326 1408 365 1443 sit
386 1407 523 1443 facultas.

375 1456 458 1492 Nulli
495 1469 569 1503 ergo
606 1456 734 1492 omnino
776 1455 937 1490 hominum
982 1455 1071 1491 liceat

328 1515 431 1542 nostra
454 1516 600 1554 perpetua
627 1514 738 1541 statuta
754 1504 935 1551 infringere,
957 1505 1002 1540 vel
1026 1506 1070 1540 eis

327 1568 405 1591 ausu
433 1556 596 1591 temerario
623 1555 784 1590 contraire.
805 1553 838 1588 Si
861 1554 931 1601 quis
967 1563 1069 1589 autem
1090 1573 1092 1579 =

326 1605 387 1641 hoc
408 1613 556 1640 attentare
579 1603 835 1652 praesumpserit,
861 1603 945 1650 gravi
974 1616 1070 1651 poena
1091 1623 1092 1627 =

327 1666 361 1690 se
384 1655 502 1690 noverit
524 1654 768 1701 percellendum.

377 1702 489 1739 Datum
512 1703 658 1750 Lugduni
684 1712 770 1738 sexto
797 1702 870 1739 idus
884 1703 1071 1742 decembris,

330 1752 531 1800 pontificatus
554 1754 651 1788 nostri
677 1765 760 1788 anno
784 1765 826 1787 vt.

341 1814 401 1845 Dat.
418 1814 465 1845 die
488 1815 505 1845 8
524 1814 688 1845 decembris
704 1814 788 1851 1248,
811 1814 913 1854 pontis.
933 1823 1009 1844 anno
1024 1823 1060 1844 w.

646 1963 759 1998 XVIII.

334 2041 563 2087 Confirmantur
598 2042 678 2074 bona
718 2041 821 2074 omnia
859 2040 1008 2074 Ecclesiae
1040 2041 1097 2073 de.

383 2091 447 2125 Bou
478 2090 671 2124 Ratisbonen.
694 2091 845 2132 dioecesis,
866 2091 916 2123 cui
927 2090 1076 2123 nonnulla

383 2152 499 2187 quoque
525 2141 729 2174 conceduntur
750 2140 915 2184 privilegia
942 2140 995 2182 (l).

600 2217 812 2248 SUMMARIUM

332 2291 496 2321 Exordium.
525 2307 563 2313 —
595 2289 755 2319 Ecclesiam
785 2288 858 2318 lianc
881 2288 935 2318 sub
959 2293 1077 2328 aposto·

372 2335 426 2366 lica
459 2335 584 2374 suscipit
611 2333 799 2373 protectione.
820 2349 860 2355 -
881 2331 958 2362 Bona
982 2332 1077 2362 omnia
1097 2323 1099 2343 ⁴

371 2380 398 2409 ei
420 2378 581 2408 confirmat.
601 2393 638 2400 -
657 2376 774 2407 Novalia
796 2386 811 2407 a
831 2377 952 2407 decimis
969 2377 1078 2407 eximit.

371 2439 408 2446 -
434 2422 569 2453 Facultas
592 2422 755 2461 recipiendi
777 2423 807 2451 in
827 2422 1016 2452 monasterio:
1041 2437 1079 2442 —

373 2467 416 2498 Ab
432 2475 466 2498 eo
485 2471 580 2497 tamen
598 2466 768 2497 discedendi
795 2466 944 2496 adimitur.
961 2481 1000 2488 -
1019 2464 1079 2494 Pri—

373 2513 544 2552 vilegiorum
561 2512 723 2542 concessio.
735 2527 774 2534 —-
788 2510 827 2541 De
843 2510 986 2541 electione
999 2518 1080 2550 prae-

376 2557 476 2596 positi:
497 2572 534 2579 —
557 2555 625 2587 Eius
648 2556 712 2596 paci
738 2560 764 2586 et
793 2555 978 2586 indemnitati
1005 2563 1078 2584 con—

371 2618 410 2652 (t)
426 2618 464 2646 Ex
480 2619 595 2651 Ilundio,
620 2619 758 2654 Metropol.
785 2617 941 2654 salisburg..
959 2622 1022 2645 tom.
1040 2624 1079 2648 ιιι,

336 2666 392 2693 pag.
415 2659 470 2686 ¹76.

912 262 1097 285 nummum
1125 261 1287 285 ROMANUM

1145 315 1260 346 sulitur.
1279 331 1318 338 —
1337 315 1498 346 innocentii
1517 313 1570 345 PP.
1589 313 1780 354 subscriptio:
1810 329 1848 336 —

1145 359 1178 390 Et
1196 360 1338 398 sigillum.
1355 376 1394 384 —
1411 359 1440 391 S.
1457 359 1489 390 R.
1512 358 1542 390 E.
1565 359 1757 390 cardinalium
1777 357 1848 388 sub-

1144 405 1328 444 scriptiones.

1104 479 1277 510 luuoceutius
1295 479 1435 517 episeopus
1452 487 1546 510 servus
1565 487 1704 511 servorum
1732 481 1788 515 Dei.
1808 481 1850 510 di-

1149 529 1228 559 lectis
1247 529 1312 559 filiis
1330 530 1488 566 praeposito
1499 529 1632 560 Ecclesiae
1651 530 1683 559 de
1698 530 1760 564 ltov.
1779 531 1849 560 eius·

1149 587 1200 616 que
1218 580 1355 610 fratribus
1373 583 1432 611 tam
1440 581 1731 618 praesentibus.quam
1746 580 1852 611 futuris

1149 629 1303 666 regularem
1317 630 1404 659 vitam
1421 630 1565 667 professis.
1585 631 1614 659 iu
1638 633 1805 668 perpetuum.

1154 701 1344 748 Religiosam
1367 701 1460 736 vitam
1485 701 1672 748 eligentibus
1702 703 1850 750 apostoli-

1107 762 1177 786 cum
1218 750 1363 786 convenit
1403 751 1514 786 adesse
1556 751 1772 798 praesidium,
1811 765 1850 788 ne

1107 799 1185 835 forte
1212 799 1378 836 cuiuslibet
1396 801 1579 836 temeritatis
1612 801 1768 842 incursus,
1799 812 1851 837 aut

1107 862 1161 885 eos
1180 862 1194 884 a
1223 850 1383 898 proposito
1405 858 1539 891 revocet,
1561 859 1614 886 aut
1635 850 1730 886 robur
1757 851 1850 899 (quod

1107 898 1196 939 absit)
1222 911 1329 935 sacrae
1361 899 1519 946 religionis
1541 899 1697 947 infringat.
1731 900 1852 949 Eapro-

1109 957 1188 996 pter,
1215 948 1318 984 dilecti
1342 948 1372 984 in
1395 948 1531 984 Domino
1553 949 1618 991 filii,
1641 949 1852 986 vestrisiustis

1110 997 1372 1044 postulationibus
1394 999 1564 1034 clementer
1602 999 1782 1041 annuimus,
1821 1009 1851 1036 et

1109 1047 1280 1082 Ecclesiam
1294 1047 1332 1082 de
1350 1047 1418 1083 Rov
1439 1047 1676 1084 Ratisbonensis
1696 1047 1851 1086 dioecesis

1109 1097 1140 1131 in
1164 1109 1223 1144 qua
1245 1097 1351 1132 divino
1390 1098 1555 1145 mancipati
1579 1098 1653 1133 estis
1687 1097 1850 1147 obsequio,

1109 1146 1169 1181 sub
1205 1146 1285 1181 beati
1326 1146 1410 1182 Petri
1447 1154 1477 1182 et
1511 1155 1614 1183 nostra
1656 1148 1850 1195 protectione

1109 1196 1313 1243 suscipimuS,
1336 1204 1367 1232 et
1403 1197 1576 1245 praesentis
1608 1198 1715 1246 scripti
1759 1199 1855 1246 privi-

1110 1245 1192 1292 legio
1217 1246 1460 1281 communimus.
1486 1246 1518 1281 In
1552 1246 1661 1294 primis
1695 1247 1853 1296 siquidem

1110 1304 1292 1335 statuentes,
1315 1303 1349 1330 ut
1374 1295 1452 1331 ordo
1487 1296 1668 1340 canonicus,
1708 1296 1762 1344 qui
1803 1310 1853 1334 se-

1110 1344 1249 1380 cundum
1276 1344 1378 1380 Deum
1413 1353 1443 1380 et
1478 1345 1557 1380 beati
1596 1345 1767 1393 Augustini
1806 1360 1855 1383 re-

1110 1395 1213 1441 gulam
1237 1395 1267 1429 in
1290 1394 1399 1430 eadem
1421 1394 1561 1430 Ecclesia
1589 1395 1750 1430 institutus
1787 1409 1856 1433 esse

1111 1444 1316 1490 dignoscitur,
1344 1444 1502 1492 perpetuis
1524 1444 1641 1479 ibidem
1663 1446 1856 1493 temporibus

1112 1493 1330 1528 inviolabiliter
1356 1494 1548 1529 observetur.
1570 1493 1729 1529 Praeterea
1758 1506 1855 1542 quas—

1112 1554 1246 1590 cumque
1268 1543 1492 1588 possessiones,
1523 1554 1742 1592 quaecumque
1776 1545 1854 1581 bona

1112 1592 1219 1627 eadem
1246 1591 1385 1627 Ecclesia
1422 1592 1452 1626 in
1495 1593 1739 1639 praesentiarum
1773 1594 1854 1630 iuste

1112 1653 1148 1676 ac
1173 1642 1322 1676 canonice
1357 1641 1519 1688 possidet,
1555 1650 1607 1677 aut
1646 1643 1676 1676 in
1716 1642 1855 1679 futurum

1113 1691 1315 1726 concessione
1336 1690 1538 1736 Pontificum,
1560 1691 1724 1737 largitione
1745 1704 1854 1740 regum

1114 1739 1160 1775 vel
1183 1740 1384 1787 principum,
1418 1739 1575 1775 oblatione
1612 1740 1764 1786 fidelium,
1802 1755 1856 1779 seu

1092 1820 1094 1826 .
1114 1789 1182 1824 aliis
1209 1790 1300 1824 iustis
1326 1789 1426 1824 modis
1449 1797 1622 1837 praestante
1645 1789 1780 1826 Domino
1802 1805 1858 1839 po-

1093 1852 1095 1872 :
1115 1840 1184 1873 terit
1206 1838 1348 1886 adipisci,
1370 1838 1456 1873 firma
1480 1839 1579 1884 vobis,
1601 1840 1772 1888 vestrisque
1791 1853 1860 1877 suc-

1116 1888 1303 1929 cessoribus,
1348 1896 1380 1923 et
1419 1887 1535 1924 illibata
1572 1898 1785 1935 permaneant.
1825 1891 1857 1926 In

1115 1938 1229 1985 quibus
1267 1937 1344 1973 haec
1385 1938 1520 1985 propriis
1560 1938 1708 1974 duximus
1752 1941 1860 1988 expri-

1095 1987 1227 2029 {menda
1255 1986 1425 2022 vocabulis:
1448 1987 1552 2023 locum
1588 1989 1689 2036 ipsum
1726 1988 1770 2024 in·
1797 2002 1859 2038 quo

1119 2036 1252 2084 praefata
1274 2037 1415 2072 Ecclesia
1443 2037 1500 2073 sita
1522 2043 1568 2072 est
1607 2050 1679 2073 cum
1712 2039 1859 2075 omnibus

1119 2086 1314 2134 pertinentiis
1327 2087 1403 2129 suis;
1417 2086 1592 2122 Ecclesiam
1613 2087 1652 2123 de
1674 2087 1773 2134 Perge
1787 2100 1858 2124 cum

1118 2136 1264 2171 omnibus
1290 2136 1486 2183 pertiuentiis
1512 2136 1589 2177 suis,
1611 2137 1651 2172 de
1671 2136 1859 2179 Schenhart‚

1118 2185 1156 2220 de
1184 2185 1338 2230 Alnbach‚
1360 2193 1390 2221 et
1412 2185 1450 2221 de
1477 2186 1664 2234 Salignperg
1684 2185 1858 2223 Ecclesiam

1118 2247 1187 2270 cum
1208 2235 1356 2270 omnibus
1377 2235 1575 2283 pertinentiis
1597 2235 1789 2277 earumdem,
1802 2237 1860 2271 vit-

1119 2284 1192 2329 lam,
1214 2296 1294 2332 quae
1320 2285 1462 2333 superior
1483 2284 1625 2320 Alnbach
1647 2284 1772 2326 dicitur3
1787 2297 1859 2321 cum

1122 2334 1317 2380 pertinentiis
1331 2335 1409 2375 suis,
1431 2346 1568 2375 mansos,
1591 2341 1621 2369 et
1644 2334 1860 2370 molendinum

1120 2395 1200 2430 quae
1223 2383 1343 2419 habetis
1364 2384 1395 2419 in
1417 2383 1498 2425 villa,
1520 2395 1598 2431 quae
1615 2383 1728 2418 dicitur
1747 2382 1861 2425 Laber,

1121 2432 1225 2468 villam
1260 2444 1340 2481 quae
1383 2431 1592 2468 Winckelseff
1618 2440 1755 2478 vocatur,
1791 2445 1862 2469 cum

1121 2482 1270 2518 omnibus
1295 2482 1502 2530 pertinentiiS,
1525 2493 1650 2518 mansos
1691 2494 1771 2529 quos
1807 2483 1864 2519 ha-

1122 2535 1200 2572 betis
1231 2537 1262 2572 in
1298 2537 1477 2582 Asukoven,
1511 2543 1541 2572 et
1574 2535 1613 2571 de
1650 2534 1862 2573 Gemelkoven

1120 2602 1192 2626 cum
1216 2591 1296 2626 villis
1317 2599 1348 2627 et
1371 2590 1567 2639 pertinentiis
1592 2590 1772 2628 earumdem
1788 2619 1798 2638 ,
1824 2592 1864 2628 de

1122 2643 1368 2681 Mandlkurchen
1408 2652 1439 2681 et
1466 2644 1504 2680 de
1538 2643 1745 2681 Turschdorff
1778 2645 1865 2682 vittas

1862 258 1918 287 Au.
1933 257 1962 286 C.
1976 257 2045 286 tm

1895 709 2011 730 Exordium.

1870 1003 1986 1025 Ecclesiam
1993 1004 2049 1026 aune

1865 1034 1903 1055 sub
1931 1034 2047 1062 apostoliea

1864 1066 1953 1093 suscipit
1973 1069 2042 1094 pron-

1865 1097 1943 1118 ctione.

1882 1497 1938 1519 Boua
1947 1499 2017 1519 omnis
2031 1500 2050 1519 ei

1870 1529 1984 1550 confirmat.
