<?xml version="1.0" encoding="UTF-8"?>
<!DOCTYPE html PUBLIC "-//W3C//DTD XHTML 1.0 Transitional//EN"
    "http://www.w3.org/TR/xhtml1/DTD/xhtml1-transitional.dtd">
<html xmlns="http://www.w3.org/1999/xhtml" xml:lang="en" lang="en">
 <head>
  <title>
</title>
<meta http-equiv="Content-Type" content="text/html;charset=utf-8" />
  <meta name='ocr-system' content='tesseract 3.04.00' />
  <meta name='ocr-capabilities' content='ocr_page ocr_carea ocr_par ocr_line ocrx_word'/>
</head>
<body>
  <div class='ocr_page' id='page_1' title='image "./bullarumdiplomat03cath_0026.png"; bbox 0 0 2129 3223; ppageno 0'>
   <div class='ocr_carea' id='block_1_1' title="bbox 403 247 448 278">
    <p class='ocr_par' dir='ltr' id='par_1_1' title="bbox 403 247 448 278">
     <span class='ocr_line' id='line_1_1' title="bbox 403 247 448 278; baseline -0.022 0"><span class='ocrx_word' id='word_1_1' title='bbox 403 247 448 278; x_wconf 70' lang='lat'>20</span> 
     </span>
    </p>
   </div>
   <div class='ocr_carea' id='block_1_2' title="bbox 149 306 1102 2004">
    <p class='ocr_par' dir='ltr' id='par_1_2' title="bbox 149 306 1102 2004">
     <span class='ocr_line' id='line_1_2' title="bbox 352 306 1102 355; baseline -0.005 -11"><span class='ocrx_word' id='word_1_2' title='bbox 352 310 481 344; x_wconf 88' lang='lat' dir='ltr'>honesta</span> <span class='ocrx_word' id='word_1_3' title='bbox 505 320 657 355; x_wconf 86' lang='lat' dir='ltr'>persona,</span> <span class='ocrx_word' id='word_1_4' title='bbox 680 315 709 341; x_wconf 87' lang='lat' dir='ltr'>et</span> <span class='ocrx_word' id='word_1_5' title='bbox 745 306 900 342; x_wconf 84' lang='lat' dir='ltr'>beneficio</span> <span class='ocrx_word' id='word_1_6' title='bbox 927 306 1024 352; x_wconf 82' lang='lat' dir='ltr'>digna</span> <span class='ocrx_word' id='word_1_7' title='bbox 1045 318 1102 340; x_wconf 85' lang='lat' dir='ltr'>ex-</span> 
     </span>
     <span class='ocr_line' id='line_1_3' title="bbox 352 354 1101 403; baseline -0.005 -11"><span class='ocrx_word' id='word_1_8' title='bbox 352 358 449 393; x_wconf 84' lang='lat' dir='ltr'>titerit</span> <span class='ocrx_word' id='word_1_9' title='bbox 471 369 527 403; x_wconf 90' lang='lat' dir='ltr'>pro</span> <span class='ocrx_word' id='word_1_10' title='bbox 554 369 614 403; x_wconf 84' lang='lat' dir='ltr'>qua</span> <span class='ocrx_word' id='word_1_11' title='bbox 648 356 754 391; x_wconf 83' lang='lat' dir='ltr'>literas</span> <span class='ocrx_word' id='word_1_12' title='bbox 787 354 976 402; x_wconf 88' lang='lat' dir='ltr'>apostolicas</span> <span class='ocrx_word' id='word_1_13' title='bbox 997 354 1101 389; x_wconf 90' lang='lat' dir='ltr'>conti-</span> 
     </span>
     <span class='ocr_line' id='line_1_4' title="bbox 350 403 1101 453; baseline -0.005 -12"><span class='ocrx_word' id='word_1_14' title='bbox 350 407 429 453; x_wconf 83' lang='lat' dir='ltr'><strong>gerit</strong></span> <span class='ocrx_word' id='word_1_15' title='bbox 456 417 612 440; x_wconf 78' lang='lat' dir='ltr'>emanare.</span> <span class='ocrx_word' id='word_1_16' title='bbox 635 404 704 439; x_wconf 89' lang='lat' dir='ltr'>Hoc</span> <span class='ocrx_word' id='word_1_17' title='bbox 731 411 834 439; x_wconf 89' lang='lat' dir='ltr'>autem</span> <span class='ocrx_word' id='word_1_18' title='bbox 863 411 990 451; x_wconf 88' lang='lat' dir='ltr'>propter</span> <span class='ocrx_word' id='word_1_19' title='bbox 1016 403 1101 438; x_wconf 85' lang='lat' dir='ltr'>futu-</span> 
     </span>
     <span class='ocr_line' id='line_1_5' title="bbox 351 454 1100 500; baseline -0.003 -11"><span class='ocrx_word' id='word_1_20' title='bbox 351 467 414 489; x_wconf 89' lang='lat' dir='ltr'>ram</span> <span class='ocrx_word' id='word_1_21' title='bbox 438 454 599 489; x_wconf 82' lang='lat' dir='ltr'>Ecclesiae</span> <span class='ocrx_word' id='word_1_22' title='bbox 627 462 713 493; x_wconf 88' lang='lat' dir='ltr'>tuae,</span> <span class='ocrx_word' id='word_1_23' title='bbox 746 465 825 500; x_wconf 89' lang='lat' dir='ltr'>quae</span> <span class='ocrx_word' id='word_1_24' title='bbox 852 464 961 487; x_wconf 79' lang='lat' dir='ltr'>vacare</span> <span class='ocrx_word' id='word_1_25' title='bbox 983 464 1100 498; x_wconf 87' lang='lat' dir='ltr'>propo-</span> 
     </span>
     <span class='ocr_line' id='line_1_6' title="bbox 350 501 1101 549; baseline -0.001 -12"><span class='ocrx_word' id='word_1_26' title='bbox 350 505 482 538; x_wconf 53' lang='lat' dir='ltr'>nimi-0..</span> <span class='ocrx_word' id='word_1_27' title='bbox 501 502 606 539; x_wconf 92' lang='lat' dir='ltr'>idonei</span> <span class='ocrx_word' id='word_1_28' title='bbox 622 502 803 549; x_wconf 82' lang='lat' dir='ltr'>assignandi</span> <span class='ocrx_word' id='word_1_29' title='bbox 818 502 881 536; x_wconf 88' lang='lat' dir='ltr'>tuis</span> <span class='ocrx_word' id='word_1_30' title='bbox 895 501 985 536; x_wconf 87' lang='lat' dir='ltr'>nobis</span> <span class='ocrx_word' id='word_1_31' title='bbox 1001 501 1101 536; x_wconf 92' lang='lat' dir='ltr'>literis</span> 
     </span>
     <span class='ocr_line' id='line_1_7' title="bbox 349 550 1100 598; baseline -0.003 -13"><span class='ocrx_word' id='word_1_32' title='bbox 349 552 524 592; x_wconf 87' lang='lat' dir='ltr'>intimetur,</span> <span class='ocrx_word' id='word_1_33' title='bbox 553 564 592 586; x_wconf 92' lang='lat' dir='ltr'>ne</span> <span class='ocrx_word' id='word_1_34' title='bbox 620 551 699 587; x_wconf 81' lang='lat' dir='ltr'>forte</span> <span class='ocrx_word' id='word_1_35' title='bbox 727 563 782 598; x_wconf 91' lang='lat' dir='ltr'>per</span> <span class='ocrx_word' id='word_1_36' title='bbox 808 550 1017 596; x_wconf 71' lang='lat' dir='ltr'>ignorantiam</span> <span class='ocrx_word' id='word_1_37' title='bbox 1046 562 1100 584; x_wconf 90' lang='lat' dir='ltr'>ve—</span> 
     </span>
     <span class='ocr_line' id='line_1_8' title="bbox 349 598 1097 645; baseline -0.001 -12"><span class='ocrx_word' id='word_1_38' title='bbox 349 601 448 636; x_wconf 89' lang='lat' dir='ltr'>ritatis</span> <span class='ocrx_word' id='word_1_39' title='bbox 470 601 575 635; x_wconf 91' lang='lat' dir='ltr'>denuo</span> <span class='ocrx_word' id='word_1_40' title='bbox 605 600 660 634; x_wconf 90' lang='lat' dir='ltr'>tibi</span> <span class='ocrx_word' id='word_1_41' title='bbox 688 600 826 635; x_wconf 89' lang='lat' dir='ltr'>scribere</span> <span class='ocrx_word' id='word_1_42' title='bbox 860 598 1097 645; x_wconf 80' lang='lat' dir='ltr'>compellamur.</span> 
     </span>
     <span class='ocr_line' id='line_1_9' title="bbox 349 647 1097 685; baseline -0.003 -2"><span class='ocrx_word' id='word_1_43' title='bbox 349 649 429 683; x_wconf 90' lang='lat' dir='ltr'>Cum</span> <span class='ocrx_word' id='word_1_44' title='bbox 458 662 530 685; x_wconf 84' lang='lat' dir='ltr'>vero</span> <span class='ocrx_word' id='word_1_45' title='bbox 558 649 596 683; x_wconf 88' lang='lat' dir='ltr'>de</span> <span class='ocrx_word' id='word_1_46' title='bbox 629 649 696 683; x_wconf 87' lang='lat' dir='ltr'>iure</span> <span class='ocrx_word' id='word_1_47' title='bbox 731 657 761 684; x_wconf 86' lang='lat' dir='ltr'>et</span> <span class='ocrx_word' id='word_1_48' title='bbox 796 647 1028 683; x_wconf 88' lang='lat' dir='ltr'>cousuetudine</span> <span class='ocrx_word' id='word_1_49' title='bbox 1059 647 1097 681; x_wconf 91' lang='lat' dir='ltr'>ad</span> 
     </span>
     <span class='ocr_line' id='line_1_10' title="bbox 348 697 1098 745; baseline -0.003 -13"><span class='ocrx_word' id='word_1_50' title='bbox 348 699 534 745; x_wconf 88' lang='lat' dir='ltr'>episcopum</span> <span class='ocrx_word' id='word_1_51' title='bbox 559 698 789 741; x_wconf 75' lang='lat' dir='ltr'>pictavensem,</span> <span class='ocrx_word' id='word_1_52' title='bbox 811 697 863 743; x_wconf 89' lang='lat' dir='ltr'>qui</span> <span class='ocrx_word' id='word_1_53' title='bbox 886 708 942 744; x_wconf 91' lang='lat' dir='ltr'>pro</span> <span class='ocrx_word' id='word_1_54' title='bbox 957 705 1098 741; x_wconf 86' lang='lat' dir='ltr'>tempore</span> 
     </span>
     <span class='ocr_line' id='line_1_11' title="bbox 350 744 1099 795; baseline -0.003 -16"><span class='ocrx_word' id='word_1_55' title='bbox 350 747 454 791; x_wconf 79' lang='lat' dir='ltr'>suerit,</span> <span class='ocrx_word' id='word_1_56' title='bbox 482 748 638 795; x_wconf 85' lang='lat' dir='ltr'>pertinere</span> <span class='ocrx_word' id='word_1_57' title='bbox 657 746 771 780; x_wconf 84' lang='lat' dir='ltr'>dieitur</span> <span class='ocrx_word' id='word_1_58' title='bbox 793 746 823 780; x_wconf 90' lang='lat' dir='ltr'>in</span> <span class='ocrx_word' id='word_1_59' title='bbox 840 744 1099 780; x_wconf 65' lang='lat' dir='ltr'>conventualibus</span> 
     </span>
     <span class='ocr_line' id='line_1_12' title="bbox 348 793 1097 837; baseline -0.004 -7"><span class='ocrx_word' id='word_1_60' title='bbox 348 796 491 830; x_wconf 83' lang='lat' dir='ltr'>ecclesiis</span> <span class='ocrx_word' id='word_1_61' title='bbox 507 796 692 830; x_wconf 81' lang='lat' dir='ltr'>clericorum</span> <span class='ocrx_word' id='word_1_62' title='bbox 711 795 740 828; x_wconf 92' lang='lat' dir='ltr'>in</span> <span class='ocrx_word' id='word_1_63' title='bbox 756 794 890 828; x_wconf 85' lang='lat' dir='ltr'>dioecesi</span> <span class='ocrx_word' id='word_1_64' title='bbox 908 793 1097 837; x_wconf 78' lang='lat' dir='ltr'>pictavensi,</span> 
     </span>
     <span class='ocr_line' id='line_1_13' title="bbox 348 841 1097 879; baseline -0.005 0"><span class='ocrx_word' id='word_1_65' title='bbox 348 852 378 879; x_wconf 88' lang='lat' dir='ltr'>et</span> <span class='ocrx_word' id='word_1_66' title='bbox 413 844 619 879; x_wconf 86' lang='lat' dir='ltr'>nihilominus</span> <span class='ocrx_word' id='word_1_67' title='bbox 653 845 684 878; x_wconf 94' lang='lat' dir='ltr'>in</span> <span class='ocrx_word' id='word_1_68' title='bbox 725 843 866 877; x_wconf 82' lang='lat' dir='ltr'>Ecclesia</span> <span class='ocrx_word' id='word_1_69' title='bbox 906 841 1097 876; x_wconf 85' lang='lat' dir='ltr'>Dauracensi</span> 
     </span>
     <span class='ocr_line' id='line_1_14' title="bbox 348 890 1097 938; baseline -0.003 -12"><span class='ocrx_word' id='word_1_70' title='bbox 348 905 446 927; x_wconf 91' lang='lat' dir='ltr'>unum</span> <span class='ocrx_word' id='word_1_71' title='bbox 469 894 656 928; x_wconf 88' lang='lat' dir='ltr'>canonicum</span> <span class='ocrx_word' id='word_1_72' title='bbox 680 892 781 926; x_wconf 76' lang='lat' dir='ltr'>facere</span> <span class='ocrx_word' id='word_1_73' title='bbox 806 891 962 938; x_wconf 80' lang='lat' dir='ltr'>praesenti</span> <span class='ocrx_word' id='word_1_74' title='bbox 985 890 1097 937; x_wconf 83' lang='lat' dir='ltr'>pagina</span> 
     </span>
     <span class='ocr_line' id='line_1_15' title="bbox 348 939 1098 988; baseline -0.005 -12"><span class='ocrx_word' id='word_1_75' title='bbox 348 941 567 987; x_wconf 89' lang='lat' dir='ltr'>prohibemus,</span> <span class='ocrx_word' id='word_1_76' title='bbox 590 954 628 976; x_wconf 92' lang='lat' dir='ltr'>ne</span> <span class='ocrx_word' id='word_1_77' title='bbox 650 940 732 988; x_wconf 87' lang='lat' dir='ltr'>quis,</span> <span class='ocrx_word' id='word_1_78' title='bbox 759 939 979 987; x_wconf 87' lang='lat' dir='ltr'>appellationis</span> <span class='ocrx_word' id='word_1_79' title='bbox 1007 951 1098 985; x_wconf 88' lang='lat' dir='ltr'>prae-</span> 
     </span>
     <span class='ocr_line' id='line_1_16' title="bbox 347 988 1097 1038; baseline -0.004 -14"><span class='ocrx_word' id='word_1_80' title='bbox 347 999 446 1034; x_wconf 75' lang='lat' dir='ltr'>textu,</span> <span class='ocrx_word' id='word_1_81' title='bbox 468 991 552 1038; x_wconf 87' lang='lat' dir='ltr'>quod</span> <span class='ocrx_word' id='word_1_82' title='bbox 576 990 631 1024; x_wconf 91' lang='lat' dir='ltr'>tibi</span> <span class='ocrx_word' id='word_1_83' title='bbox 654 989 805 1035; x_wconf 88' lang='lat' dir='ltr'>competit</span> <span class='ocrx_word' id='word_1_84' title='bbox 838 989 869 1022; x_wconf 91' lang='lat' dir='ltr'>in</span> <span class='ocrx_word' id='word_1_85' title='bbox 902 988 960 1021; x_wconf 91' lang='lat' dir='ltr'>hac</span> <span class='ocrx_word' id='word_1_86' title='bbox 990 995 1097 1034; x_wconf 88' lang='lat' dir='ltr'>parte,</span> 
     </span>
     <span class='ocr_line' id='line_1_17' title="bbox 166 1035 1095 1085; baseline -0.003 -12"><span class='ocrx_word' id='word_1_87' title='bbox 166 1041 193 1061; x_wconf 69' lang='lat'>”⁴³</span> <span class='ocrx_word' id='word_1_88' title='bbox 209 1043 334 1077; x_wconf 55' lang='lat' dir='ltr'>&#39;5²¹⁰b115b0·</span> <span class='ocrx_word' id='word_1_89' title='bbox 347 1038 459 1073; x_wconf 88' lang='lat' dir='ltr'>debeat</span> <span class='ocrx_word' id='word_1_90' title='bbox 485 1039 651 1085; x_wconf 86' lang='lat' dir='ltr'>impedire.</span> <span class='ocrx_word' id='word_1_91' title='bbox 680 1038 764 1072; x_wconf 85' lang='lat' dir='ltr'>Sane</span> <span class='ocrx_word' id='word_1_92' title='bbox 785 1049 856 1071; x_wconf 89' lang='lat' dir='ltr'>cum</span> <span class='ocrx_word' id='word_1_93' title='bbox 886 1035 1011 1082; x_wconf 89' lang='lat' dir='ltr'>qnidam</span> <span class='ocrx_word' id='word_1_94' title='bbox 1041 1036 1095 1070; x_wconf 90' lang='lat' dir='ltr'>viri</span> 
     </span>
     <span class='ocr_line' id='line_1_18' title="bbox 150 1074 1097 1134; baseline -0.003 -13"><span class='ocrx_word' id='word_1_95' title='bbox 150 1074 333 1125; x_wconf 54' lang='lat' dir='ltr'>Eiss‘ffimeililssf</span> <span class='ocrx_word' id='word_1_96' title='bbox 349 1087 497 1133; x_wconf 79' lang='lat' dir='ltr'>religiosi,</span> <span class='ocrx_word' id='word_1_97' title='bbox 522 1087 573 1134; x_wconf 87' lang='lat' dir='ltr'>qui</span> <span class='ocrx_word' id='word_1_98' title='bbox 596 1087 633 1121; x_wconf 89' lang='lat' dir='ltr'>ad</span> <span class='ocrx_word' id='word_1_99' title='bbox 664 1097 761 1120; x_wconf 91' lang='lat' dir='ltr'>unum</span> <span class='ocrx_word' id='word_1_100' title='bbox 788 1086 961 1131; x_wconf 89' lang='lat' dir='ltr'>prioratum</span> <span class='ocrx_word' id='word_1_101' title='bbox 984 1095 1097 1129; x_wconf 82' lang='lat' dir='ltr'>regen-</span> 
     </span>
     <span class='ocr_line' id='line_1_19' title="bbox 347 1132 1097 1181; baseline -0.001 -13"><span class='ocrx_word' id='word_1_102' title='bbox 347 1136 422 1169; x_wconf 83' lang='lat' dir='ltr'>dum</span> <span class='ocrx_word' id='word_1_103' title='bbox 452 1137 500 1170; x_wconf 74' lang='lat' dir='ltr'>vix</span> <span class='ocrx_word' id='word_1_104' title='bbox 528 1136 698 1173; x_wconf 81' lang='lat' dir='ltr'>sufficiunt,</span> <span class='ocrx_word' id='word_1_105' title='bbox 722 1134 908 1181; x_wconf 85' lang='lat' dir='ltr'>plerumque</span> <span class='ocrx_word' id='word_1_106' title='bbox 930 1132 1012 1167; x_wconf 87' lang='lat' dir='ltr'>duos</span> <span class='ocrx_word' id='word_1_107' title='bbox 1029 1144 1097 1167; x_wconf 89' lang='lat' dir='ltr'>am-</span> 
     </span>
     <span class='ocr_line' id='line_1_20' title="bbox 347 1181 1097 1230; baseline -0.004 -12"><span class='ocrx_word' id='word_1_108' title='bbox 347 1185 466 1219; x_wconf 87' lang='lat' dir='ltr'>bitione</span> <span class='ocrx_word' id='word_1_109' title='bbox 500 1184 670 1219; x_wconf 83' lang='lat' dir='ltr'>damnabili</span> <span class='ocrx_word' id='word_1_110' title='bbox 699 1190 867 1230; x_wconf 83' lang='lat' dir='ltr'>appetant,</span> <span class='ocrx_word' id='word_1_111' title='bbox 900 1189 929 1216; x_wconf 90' lang='lat' dir='ltr'>et</span> <span class='ocrx_word' id='word_1_112' title='bbox 956 1181 1097 1216; x_wconf 87' lang='lat' dir='ltr'>detinere</span> 
     </span>
     <span class='ocr_line' id='line_1_21' title="bbox 347 1230 1096 1279; baseline -0.003 -13"><span class='ocrx_word' id='word_1_113' title='bbox 347 1240 569 1279; x_wconf 87' lang='lat' dir='ltr'>praesumant·,</span> <span class='ocrx_word' id='word_1_114' title='bbox 585 1232 767 1267; x_wconf 88' lang='lat' dir='ltr'>discretioni</span> <span class='ocrx_word' id='word_1_115' title='bbox 784 1240 855 1265; x_wconf 89' lang='lat' dir='ltr'>tuae</span> <span class='ocrx_word' id='word_1_116' title='bbox 871 1230 1096 1277; x_wconf 84' lang='lat' dir='ltr'>praecipimus,</span> 
     </span>
     <span class='ocr_line' id='line_1_22' title="bbox 347 1281 1101 1329; baseline -0.003 -14"><span class='ocrx_word' id='word_1_117' title='bbox 347 1290 381 1317; x_wconf 86' lang='lat' dir='ltr'>ut</span> <span class='ocrx_word' id='word_1_118' title='bbox 407 1282 489 1316; x_wconf 87' lang='lat' dir='ltr'>hanc</span> <span class='ocrx_word' id='word_1_119' title='bbox 512 1281 801 1329; x_wconf 84' lang='lat' dir='ltr'>praesumptionem</span> <span class='ocrx_word' id='word_1_120' title='bbox 831 1290 1034 1325; x_wconf 84' lang='lat' dir='ltr'>compescas,</span> <span class='ocrx_word' id='word_1_121' title='bbox 1068 1285 1101 1314; x_wconf 60' lang='lat' dir='ltr'>et*</span> 
     </span>
     <span class='ocr_line' id='line_1_23' title="bbox 347 1327 1098 1376; baseline -0.005 -11"><span class='ocrx_word' id='word_1_122' title='bbox 347 1340 408 1365; x_wconf 92' lang='lat' dir='ltr'>tam</span> <span class='ocrx_word' id='word_1_123' title='bbox 426 1330 567 1369; x_wconf 81' lang='lat' dir='ltr'>abbates,</span> <span class='ocrx_word' id='word_1_124' title='bbox 594 1342 687 1376; x_wconf 89' lang='lat' dir='ltr'>quam</span> <span class='ocrx_word' id='word_1_125' title='bbox 707 1327 1011 1375; x_wconf 79' lang='lat' dir='ltr'>archipresbyteros,</span> <span class='ocrx_word' id='word_1_126' title='bbox 1034 1327 1098 1362; x_wconf 89' lang='lat' dir='ltr'>de—</span> 
     </span>
     <span class='ocr_line' id='line_1_24' title="bbox 347 1376 1096 1426; baseline -0.005 -12"><span class='ocrx_word' id='word_1_127' title='bbox 347 1391 442 1414; x_wconf 82' lang='lat' dir='ltr'>canos</span> <span class='ocrx_word' id='word_1_128' title='bbox 466 1390 520 1426; x_wconf 89' lang='lat' dir='ltr'>per</span> <span class='ocrx_word' id='word_1_129' title='bbox 549 1387 631 1413; x_wconf 90' lang='lat' dir='ltr'>tuam</span> <span class='ocrx_word' id='word_1_130' title='bbox 653 1378 823 1412; x_wconf 84' lang='lat' dir='ltr'>dioecesim</span> <span class='ocrx_word' id='word_1_131' title='bbox 847 1377 1035 1411; x_wconf 89' lang='lat' dir='ltr'>constitutos</span> <span class='ocrx_word' id='word_1_132' title='bbox 1058 1376 1096 1410; x_wconf 90' lang='lat' dir='ltr'>ad</span> 
     </span>
     <span class='ocr_line' id='line_1_25' title="bbox 346 1424 1097 1474; baseline -0.005 -12"><span class='ocrx_word' id='word_1_133' title='bbox 346 1427 585 1474; x_wconf 82' lang='lat' dir='ltr'>suscipiendum</span> <span class='ocrx_word' id='word_1_134' title='bbox 608 1426 751 1461; x_wconf 86' lang='lat' dir='ltr'>ordinem</span> <span class='ocrx_word' id='word_1_135' title='bbox 774 1424 952 1469; x_wconf 87' lang='lat' dir='ltr'>sacerdotii,</span> <span class='ocrx_word' id='word_1_136' title='bbox 973 1425 999 1459; x_wconf 91' lang='lat' dir='ltr'>si</span> <span class='ocrx_word' id='word_1_137' title='bbox 1021 1424 1097 1459; x_wconf 92' lang='lat' dir='ltr'>ido-</span> 
     </span>
     <span class='ocr_line' id='line_1_26' title="bbox 348 1473 1097 1522; baseline -0.003 -13"><span class='ocrx_word' id='word_1_138' title='bbox 348 1477 396 1511; x_wconf 88' lang='lat' dir='ltr'>nei</span> <span class='ocrx_word' id='word_1_139' title='bbox 425 1476 557 1516; x_wconf 77' lang='lat' dir='ltr'>fuerint,</span> <span class='ocrx_word' id='word_1_140' title='bbox 579 1475 791 1522; x_wconf 89' lang='lat' dir='ltr'>appellatione</span> <span class='ocrx_word' id='word_1_141' title='bbox 812 1481 932 1508; x_wconf 88' lang='lat' dir='ltr'>remota</span> <span class='ocrx_word' id='word_1_142' title='bbox 953 1473 1097 1520; x_wconf 88' lang='lat' dir='ltr'>compel-</span> 
     </span>
     <span class='ocr_line' id='line_1_27' title="bbox 160 1522 1098 1577; baseline -0.003 -18"><span class='ocrx_word' id='word_1_143' title='bbox 160 1527 317 1577; x_wconf 52' lang='lat' dir='ltr'>f·¹⁰¹„³⁰¹³2i⁵</span> <span class='ocrx_word' id='word_1_144' title='bbox 345 1525 400 1559; x_wconf 90' lang='lat' dir='ltr'>las.</span> <span class='ocrx_word' id='word_1_145' title='bbox 424 1525 509 1559; x_wconf 90' lang='lat' dir='ltr'>Nulli</span> <span class='ocrx_word' id='word_1_146' title='bbox 537 1536 612 1570; x_wconf 83' lang='lat' dir='ltr'>ergo</span> <span class='ocrx_word' id='word_1_147' title='bbox 641 1523 771 1559; x_wconf 88' lang='lat' dir='ltr'>omnino</span> <span class='ocrx_word' id='word_1_148' title='bbox 807 1523 973 1557; x_wconf 89' lang='lat' dir='ltr'>hominum</span> <span class='ocrx_word' id='word_1_149' title='bbox 1005 1522 1098 1557; x_wconf 90' lang='lat' dir='ltr'>liceat</span> 
     </span>
     <span class='ocr_line' id='line_1_28' title="bbox 149 1564 1098 1619; baseline -0.003 -12"><span class='ocrx_word' id='word_1_150' title='bbox 149 1565 250 1609; x_wconf 51' lang='lat' dir='ltr'>Zilil?</span> <span class='ocrx_word' id='word_1_151' title='bbox 277 1564 331 1584; x_wconf 51' lang='grc' dir='ltr'>Μ’</span> <span class='ocrx_word' id='word_1_152' title='bbox 346 1573 427 1608; x_wconf 87' lang='lat' dir='ltr'>hanc</span> <span class='ocrx_word' id='word_1_153' title='bbox 465 1573 609 1619; x_wconf 75' lang='lat' dir='ltr'>pagiuam</span> <span class='ocrx_word' id='word_1_154' title='bbox 648 1580 773 1607; x_wconf 87' lang='lat' dir='ltr'>nostrae</span> <span class='ocrx_word' id='word_1_155' title='bbox 813 1570 1028 1606; x_wconf 86' lang='lat' dir='ltr'>concessionis</span> <span class='ocrx_word' id='word_1_156' title='bbox 1068 1578 1098 1606; x_wconf 89' lang='lat' dir='ltr'>et</span> 
     </span>
     <span class='ocr_line' id='line_1_29' title="bbox 346 1619 1098 1669; baseline -0.005 -12"><span class='ocrx_word' id='word_1_157' title='bbox 346 1622 569 1669; x_wconf 84' lang='lat' dir='ltr'>prohibitionis</span> <span class='ocrx_word' id='word_1_158' title='bbox 603 1620 792 1666; x_wconf 81' lang='lat' dir='ltr'>infringere,</span> <span class='ocrx_word' id='word_1_159' title='bbox 820 1620 864 1654; x_wconf 85' lang='lat' dir='ltr'>vel</span> <span class='ocrx_word' id='word_1_160' title='bbox 892 1619 920 1655; x_wconf 90' lang='lat' dir='ltr'>ei</span> <span class='ocrx_word' id='word_1_161' title='bbox 948 1631 1025 1654; x_wconf 86' lang='lat' dir='ltr'>ausu</span> <span class='ocrx_word' id='word_1_162' title='bbox 1052 1626 1098 1654; x_wconf 87' lang='lat' dir='ltr'>te-</span> 
     </span>
     <span class='ocr_line' id='line_1_30' title="bbox 346 1667 1099 1715; baseline -0.005 -9"><span class='ocrx_word' id='word_1_163' title='bbox 346 1671 481 1706; x_wconf 90' lang='lat' dir='ltr'>merario</span> <span class='ocrx_word' id='word_1_164' title='bbox 508 1670 672 1705; x_wconf 86' lang='lat' dir='ltr'>contraire.</span> <span class='ocrx_word' id='word_1_165' title='bbox 697 1670 728 1705; x_wconf 87' lang='lat' dir='ltr'>Si</span> <span class='ocrx_word' id='word_1_166' title='bbox 752 1668 823 1715; x_wconf 86' lang='lat' dir='ltr'>quis</span> <span class='ocrx_word' id='word_1_167' title='bbox 844 1677 947 1704; x_wconf 74' lang='lat' dir='ltr'>autern</span> <span class='ocrx_word' id='word_1_168' title='bbox 976 1667 1036 1703; x_wconf 90' lang='lat' dir='ltr'>hoc</span> <span class='ocrx_word' id='word_1_169' title='bbox 1056 1676 1099 1703; x_wconf 86' lang='lat' dir='ltr'>at-</span> 
     </span>
     <span class='ocr_line' id='line_1_31' title="bbox 345 1717 1100 1766; baseline -0.004 -12"><span class='ocrx_word' id='word_1_170' title='bbox 345 1728 466 1755; x_wconf 83' lang='lat' dir='ltr'>tentare</span> <span class='ocrx_word' id='word_1_171' title='bbox 483 1718 744 1766; x_wconf 81' lang='lat' dir='ltr'>praesumpserit,</span> <span class='ocrx_word' id='word_1_172' title='bbox 767 1717 1015 1763; x_wconf 79' lang='lat' dir='ltr'>indignationem</span> <span class='ocrx_word' id='word_1_173' title='bbox 1034 1728 1100 1751; x_wconf 89' lang='lat' dir='ltr'>om-</span> 
     </span>
     <span class='ocr_line' id='line_1_32' title="bbox 346 1764 1098 1815; baseline -0.003 -13"><span class='ocrx_word' id='word_1_174' title='bbox 346 1768 517 1815; x_wconf 89' lang='lat' dir='ltr'>nipotentis</span> <span class='ocrx_word' id='word_1_175' title='bbox 535 1767 591 1802; x_wconf 88' lang='lat' dir='ltr'>Dei</span> <span class='ocrx_word' id='word_1_176' title='bbox 614 1774 645 1801; x_wconf 92' lang='lat' dir='ltr'>et</span> <span class='ocrx_word' id='word_1_177' title='bbox 667 1766 830 1800; x_wconf 87' lang='lat' dir='ltr'>beatorum</span> <span class='ocrx_word' id='word_1_178' title='bbox 850 1765 936 1801; x_wconf 91' lang='lat' dir='ltr'>Petri</span> <span class='ocrx_word' id='word_1_179' title='bbox 961 1772 991 1800; x_wconf 91' lang='lat' dir='ltr'>et</span> <span class='ocrx_word' id='word_1_180' title='bbox 1009 1764 1098 1800; x_wconf 87' lang='lat' dir='ltr'>Pauli</span> 
     </span>
     <span class='ocr_line' id='line_1_33' title="bbox 346 1824 759 1851; baseline -0.005 0"><span class='ocrx_word' id='word_1_181' title='bbox 346 1828 379 1851; x_wconf 83' lang='lat' dir='ltr'>se</span> <span class='ocrx_word' id='word_1_182' title='bbox 401 1824 524 1851; x_wconf 85' lang='lat' dir='ltr'>noverit</span> <span class='ocrx_word' id='word_1_183' title='bbox 545 1826 759 1850; x_wconf 86' lang='lat' dir='ltr'>incursurum.</span> 
     </span>
     <span class='ocr_line' id='line_1_34' title="bbox 395 1862 987 1904; baseline -0.003 -5"><span class='ocrx_word' id='word_1_184' title='bbox 395 1864 510 1900; x_wconf 89' lang='lat' dir='ltr'>Datum</span> <span class='ocrx_word' id='word_1_185' title='bbox 537 1864 692 1904; x_wconf 86' lang='lat' dir='ltr'>Veronae,</span> <span class='ocrx_word' id='word_1_186' title='bbox 715 1875 755 1898; x_wconf 89' lang='grc' dir='ltr'>ιιι</span> <span class='ocrx_word' id='word_1_187' title='bbox 781 1862 853 1898; x_wconf 91' lang='lat' dir='ltr'>idus</span> <span class='ocrx_word' id='word_1_188' title='bbox 875 1862 987 1897; x_wconf 90' lang='lat' dir='ltr'>martii.</span> 
     </span>
     <span class='ocr_line' id='line_1_35' title="bbox 407 1918 1039 1951; baseline -0.003 -1"><span class='ocrx_word' id='word_1_189' title='bbox 407 1921 464 1950; x_wconf 89' lang='lat' dir='ltr'>Dat.</span> <span class='ocrx_word' id='word_1_190' title='bbox 484 1921 529 1950; x_wconf 89' lang='lat' dir='ltr'>die</span> <span class='ocrx_word' id='word_1_191' title='bbox 548 1920 583 1949; x_wconf 80' lang='lat'>13</span> <span class='ocrx_word' id='word_1_192' title='bbox 601 1920 699 1949; x_wconf 89' lang='lat' dir='ltr'>martii</span> <span class='ocrx_word' id='word_1_193' title='bbox 721 1928 798 1949; x_wconf 91' lang='lat' dir='ltr'>anno</span> <span class='ocrx_word' id='word_1_194' title='bbox 816 1918 931 1948; x_wconf 85' lang='lat' dir='ltr'>Domini</span> <span class='ocrx_word' id='word_1_195' title='bbox 955 1919 1039 1951; x_wconf 64' lang='lat'>1184,</span> 
     </span>
     <span class='ocr_line' id='line_1_36' title="bbox 598 1964 863 2004; baseline -0.008 -10"><span class='ocrx_word' id='word_1_196' title='bbox 598 1964 699 2004; x_wconf 81' lang='lat' dir='ltr'>pontif.</span> <span class='ocrx_word' id='word_1_197' title='bbox 723 1974 799 1993; x_wconf 84' lang='lat' dir='ltr'>anno</span> <span class='ocrx_word' id='word_1_198' title='bbox 823 1973 863 1994; x_wconf 88' lang='grc' dir='ltr'>ιιι.</span> 
     </span>
    </p>
   </div>
   <div class='ocr_carea' id='block_1_3' title="bbox 155 256 336 283">
    <p class='ocr_par' dir='ltr' id='par_1_3' title="bbox 155 256 336 283">
     <span class='ocr_line' id='line_1_37' title="bbox 155 256 336 283; baseline 0.011 -2"><span class='ocrx_word' id='word_1_199' title='bbox 155 256 204 282; x_wconf 70' lang='lat' dir='ltr'>An.</span> <span class='ocrx_word' id='word_1_200' title='bbox 225 256 254 282; x_wconf 81' lang='lat' dir='ltr'>C.</span> <span class='ocrx_word' id='word_1_201' title='bbox 272 257 336 283; x_wconf 71' lang='lat'>¹184</span> 
     </span>
    </p>
   </div>
   <div class='ocr_carea' id='block_1_4' title="bbox 642 2037 801 2045">
    <p class='ocr_par' dir='ltr' id='par_1_4' title="bbox 642 2037 801 2045">
     <span class='ocr_line' id='line_1_38' title="bbox 642 2037 801 2045; baseline 0 1178"><span class='ocrx_word' id='word_1_202' title='bbox 642 2037 801 2045; x_wconf 95' lang='lat' dir='ltr'> </span> 
     </span>
    </p>
   </div>
   <div class='ocr_carea' id='block_1_5' title="bbox 349 2112 1100 2355">
    <p class='ocr_par' dir='ltr' id='par_1_5' title="bbox 349 2112 1100 2355">
     <span class='ocr_line' id='line_1_39' title="bbox 684 2112 765 2147; baseline -0.012 -1"><span class='ocrx_word' id='word_1_203' title='bbox 684 2112 765 2147; x_wconf 86' lang='lat' dir='ltr'>Vlll.</span> 
     </span>
     <span class='ocr_line' id='line_1_40' title="bbox 434 2183 1012 2223; baseline -0.01 -3"><span class='ocrx_word' id='word_1_204' title='bbox 434 2187 593 2220; x_wconf 70' lang='lat' dir='ltr'>Decretum</span> <span class='ocrx_word' id='word_1_205' title='bbox 621 2192 727 2218; x_wconf 82' lang='lat' dir='ltr'>contra</span> <span class='ocrx_word' id='word_1_206' title='bbox 761 2184 924 2217; x_wconf 77' lang='lat' dir='ltr'>haereticos</span> <span class='ocrx_word' id='word_1_207' title='bbox 950 2183 1012 2223; x_wconf 62' lang='lat' dir='ltr'>(i).</span> 
     </span>
     <span class='ocr_line' id='line_1_41' title="bbox 618 2259 830 2291; baseline -0.014 0"><span class='ocrx_word' id='word_1_208' title='bbox 618 2259 830 2291; x_wconf 73' lang='lat' dir='ltr'>SUMMAntUM</span> 
     </span>
     <span class='ocr_line' id='line_1_42' title="bbox 349 2319 1100 2355; baseline -0.011 0"><span class='ocrx_word' id='word_1_209' title='bbox 349 2326 536 2355; x_wconf 79' lang='lat' dir='ltr'>l&#39;rooemium.</span> <span class='ocrx_word' id='word_1_210' title='bbox 552 2340 591 2345; x_wconf 94' lang='lat'><strong>—</strong></span> <span class='ocrx_word' id='word_1_211' title='bbox 604 2321 843 2352; x_wconf 75' lang='lat' dir='ltr'>l.Condemnatio</span> <span class='ocrx_word' id='word_1_212' title='bbox 856 2319 987 2350; x_wconf 87' lang='lat' dir='ltr'>omnium</span> <span class='ocrx_word' id='word_1_213' title='bbox 997 2319 1100 2348; x_wconf 86' lang='lat' dir='ltr'>haere—</span> 
     </span>
    </p>
   </div>
   <div class='ocr_carea' id='block_1_6' title="bbox 388 2363 1100 2529">
    <p class='ocr_par' dir='ltr' id='par_1_6' title="bbox 388 2363 1100 2529">
     <span class='ocr_line' id='line_1_43' title="bbox 388 2363 1099 2397; baseline -0.007 0"><span class='ocrx_word' id='word_1_214' title='bbox 388 2377 462 2397; x_wconf 87' lang='lat' dir='ltr'>sum.</span> <span class='ocrx_word' id='word_1_215' title='bbox 475 2367 550 2396; x_wconf 64' lang='lat'>-2</span> <span class='ocrx_word' id='word_1_216' title='bbox 569 2366 712 2396; x_wconf 86' lang='lat' dir='ltr'>Haereses</span> <span class='ocrx_word' id='word_1_217' title='bbox 729 2364 887 2395; x_wconf 87' lang='lat' dir='ltr'>nonnullae</span> <span class='ocrx_word' id='word_1_218' title='bbox 903 2363 1099 2393; x_wconf 82' lang='lat' dir='ltr'>nominantur.</span> 
     </span>
     <span class='ocr_line' id='line_1_44' title="bbox 388 2409 1100 2449; baseline -0.006 -9"><span class='ocrx_word' id='word_1_219' title='bbox 388 2428 426 2433; x_wconf 91' lang='lat'>——</span> <span class='ocrx_word' id='word_1_220' title='bbox 441 2412 469 2440; x_wconf 89' lang='lat'>3.</span> <span class='ocrx_word' id='word_1_221' title='bbox 490 2411 676 2446; x_wconf 84' lang='lat' dir='ltr'>Prohibetur,</span> <span class='ocrx_word' id='word_1_222' title='bbox 691 2420 726 2440; x_wconf 89' lang='lat' dir='ltr'>ne</span> <span class='ocrx_word' id='word_1_223' title='bbox 743 2411 810 2449; x_wconf 88' lang='lat' dir='ltr'>quis</span> <span class='ocrx_word' id='word_1_224' title='bbox 827 2410 890 2438; x_wconf 88' lang='lat' dir='ltr'>sine</span> <span class='ocrx_word' id='word_1_225' title='bbox 904 2409 1100 2448; x_wconf 81' lang='lat' dir='ltr'>permissione</span> 
     </span>
     <span class='ocr_line' id='line_1_45' title="bbox 391 2453 1100 2493; baseline -0.004 -9"><span class='ocrx_word' id='word_1_226' title='bbox 391 2454 475 2484; x_wconf 85' lang='lat' dir='ltr'>Sedis</span> <span class='ocrx_word' id='word_1_227' title='bbox 492 2455 738 2493; x_wconf 73' lang='lat' dir='ltr'>Apostolieae‚vel</span> <span class='ocrx_word' id='word_1_228' title='bbox 756 2454 898 2484; x_wconf 87' lang='lat' dir='ltr'>ordinarii</span> <span class='ocrx_word' id='word_1_229' title='bbox 915 2455 971 2483; x_wconf 88' lang='lat' dir='ltr'>loci</span> <span class='ocrx_word' id='word_1_230' title='bbox 985 2453 1100 2492; x_wconf 70' lang='lat' dir='ltr'>praedi·</span> 
     </span>
     <span class='ocr_line' id='line_1_46' title="bbox 390 2498 1098 2529; baseline -0.004 0"><span class='ocrx_word' id='word_1_231' title='bbox 390 2502 444 2529; x_wconf 83' lang='lat' dir='ltr'>cet.</span> <span class='ocrx_word' id='word_1_232' title='bbox 456 2515 493 2521; x_wconf 93' lang='lat'>—</span> <span class='ocrx_word' id='word_1_233' title='bbox 508 2500 535 2528; x_wconf 63' lang='lat' dir='ltr'>t.</span> <span class='ocrx_word' id='word_1_234' title='bbox 549 2499 811 2529; x_wconf 68' lang='lat' dir='ltr'>Anatliematizatio</span> <span class='ocrx_word' id='word_1_235' title='bbox 828 2498 983 2528; x_wconf 87' lang='lat' dir='ltr'>haeresum</span> <span class='ocrx_word' id='word_1_236' title='bbox 1000 2501 1098 2527; x_wconf 87' lang='lat' dir='ltr'>contra</span> 
     </span>
    </p>
   </div>
   <div class='ocr_carea' id='block_1_7' title="bbox 386 2563 1101 2598">
    <p class='ocr_par' dir='ltr' id='par_1_7' title="bbox 386 2563 1101 2598">
     <span class='ocr_line' id='line_1_47' title="bbox 386 2563 1101 2598; baseline -0.004 -8"><span class='ocrx_word' id='word_1_237' title='bbox 386 2564 425 2598; x_wconf 85' lang='lat' dir='ltr'>(l)</span> <span class='ocrx_word' id='word_1_238' title='bbox 442 2564 480 2590; x_wconf 83' lang='lat' dir='ltr'>Ex</span> <span class='ocrx_word' id='word_1_239' title='bbox 498 2563 596 2591; x_wconf 84' lang='lat' dir='ltr'>Concil.</span> <span class='ocrx_word' id='word_1_240' title='bbox 619 2568 681 2591; x_wconf 88' lang='lat' dir='ltr'>tom.</span> <span class='ocrx_word' id='word_1_241' title='bbox 696 2572 755 2591; x_wconf 82' lang='lat' dir='ltr'>xm.</span> <span class='ocrx_word' id='word_1_242' title='bbox 775 2577 804 2582; x_wconf 84' lang='lat'>-—</span> <span class='ocrx_word' id='word_1_243' title='bbox 815 2563 879 2597; x_wconf 86' lang='lat' dir='ltr'>Cap.</span> <span class='ocrx_word' id='word_1_244' title='bbox 894 2563 933 2588; x_wconf 76' lang='lat' dir='ltr'>Ad</span> <span class='ocrx_word' id='word_1_245' title='bbox 945 2564 1101 2588; x_wconf 77' lang='lat' dir='ltr'>abolendum</span> 
     </span>
    </p>
   </div>
   <div class='ocr_carea' id='block_1_8' title="bbox 351 2605 539 2629">
    <p class='ocr_par' dir='ltr' id='par_1_8' title="bbox 351 2605 539 2629">
     <span class='ocr_line' id='line_1_48' title="bbox 351 2605 539 2629; baseline -0.005 0"><span class='ocrx_word' id='word_1_246' title='bbox 351 2606 381 2629; x_wconf 82' lang='lat' dir='ltr'>de</span> <span class='ocrx_word' id='word_1_247' title='bbox 393 2605 539 2629; x_wconf 70' lang='lat' dir='ltr'>haereticis.</span> 
     </span>
    </p>
   </div>
   <div class='ocr_carea' id='block_1_9' title="bbox 918 252 1295 276">
    <p class='ocr_par' dir='ltr' id='par_1_9' title="bbox 918 252 1295 276">
     <span class='ocr_line' id='line_1_49' title="bbox 918 252 1295 276; baseline 0.003 -1"><span class='ocrx_word' id='word_1_248' title='bbox 918 252 1105 276; x_wconf 61' lang='lat' dir='ltr'>mmmmm!</span> <span class='ocrx_word' id='word_1_249' title='bbox 1132 252 1295 276; x_wconf 69' lang='lat' dir='ltr'><strong>ROMANUM</strong></span> 
     </span>
    </p>
   </div>
   <div class='ocr_carea' id='block_1_10' title="bbox 1177 306 1890 1044">
    <p class='ocr_par' dir='ltr' id='par_1_10' title="bbox 1177 306 1890 1044">
     <span class='ocr_line' id='line_1_50' title="bbox 1183 306 1890 342; baseline 0.004 -7"><span class='ocrx_word' id='word_1_250' title='bbox 1183 310 1383 342; x_wconf 89' lang='lat' dir='ltr'>sacramenta,</span> <span class='ocrx_word' id='word_1_251' title='bbox 1412 323 1449 329; x_wconf 91' lang='lat'>—</span> <span class='ocrx_word' id='word_1_252' title='bbox 1470 306 1504 336; x_wconf 90' lang='lat' dir='ltr'>Et</span> <span class='ocrx_word' id='word_1_253' title='bbox 1527 306 1741 337; x_wconf 87' lang='lat' dir='ltr'>haereticorum</span> <span class='ocrx_word' id='word_1_254' title='bbox 1759 308 1890 338; x_wconf 88' lang='lat' dir='ltr'>omnium</span> 
     </span>
     <span class='ocr_line' id='line_1_51' title="bbox 1183 348 1890 388; baseline 0.003 -9"><span class='ocrx_word' id='word_1_255' title='bbox 1183 348 1293 388; x_wconf 84' lang='lat' dir='ltr'>ubique</span> <span class='ocrx_word' id='word_1_256' title='bbox 1319 349 1450 379; x_wconf 87' lang='lat' dir='ltr'>locorum</span> <span class='ocrx_word' id='word_1_257' title='bbox 1472 350 1686 381; x_wconf 86' lang='lat' dir='ltr'>damnatorum.</span> <span class='ocrx_word' id='word_1_258' title='bbox 1708 368 1748 374; x_wconf 91' lang='lat'>—</span> <span class='ocrx_word' id='word_1_259' title='bbox 1771 351 1797 381; x_wconf 84' lang='lat'>5.</span> <span class='ocrx_word' id='word_1_260' title='bbox 1819 351 1890 381; x_wconf 87' lang='lat' dir='ltr'>Item</span> 
     </span>
     <span class='ocr_line' id='line_1_52' title="bbox 1182 392 1889 433; baseline 0.004 -11"><span class='ocrx_word' id='word_1_261' title='bbox 1182 393 1380 430; x_wconf 84' lang='lat' dir='ltr'>defensorum,</span> <span class='ocrx_word' id='word_1_262' title='bbox 1404 392 1566 431; x_wconf 81' lang='lat' dir='ltr'>fautorum,</span> <span class='ocrx_word' id='word_1_263' title='bbox 1588 398 1637 424; x_wconf 81' lang='lat' dir='ltr'>etc.</span> <span class='ocrx_word' id='word_1_264' title='bbox 1664 411 1703 417; x_wconf 97' lang='lat'>—</span> <span class='ocrx_word' id='word_1_265' title='bbox 1724 395 1751 425; x_wconf 81' lang='grc'>6.</span> <span class='ocrx_word' id='word_1_266' title='bbox 1779 394 1889 433; x_wconf 80' lang='lat' dir='ltr'>Degra-</span> 
     </span>
     <span class='ocr_line' id='line_1_53' title="bbox 1181 436 1887 477; baseline 0.004 -12"><span class='ocrx_word' id='word_1_267' title='bbox 1181 436 1258 466; x_wconf 90' lang='lat' dir='ltr'>datio</span> <span class='ocrx_word' id='word_1_268' title='bbox 1290 436 1575 471; x_wconf 81' lang='lat' dir='ltr'>ecclesiasticorum,</span> <span class='ocrx_word' id='word_1_269' title='bbox 1608 438 1659 477; x_wconf 91' lang='lat' dir='ltr'>qui</span> <span class='ocrx_word' id='word_1_270' title='bbox 1690 439 1719 468; x_wconf 91' lang='lat' dir='ltr'>in</span> <span class='ocrx_word' id='word_1_271' title='bbox 1749 439 1887 468; x_wconf 87' lang='lat' dir='ltr'>haereses</span> 
     </span>
     <span class='ocr_line' id='line_1_54' title="bbox 1181 478 1888 519; baseline 0.004 -10"><span class='ocrx_word' id='word_1_272' title='bbox 1181 478 1352 510; x_wconf 85' lang='lat' dir='ltr'>inciderint:</span> <span class='ocrx_word' id='word_1_273' title='bbox 1371 496 1409 502; x_wconf 89' lang='lat'>-</span> <span class='ocrx_word' id='word_1_274' title='bbox 1428 480 1462 510; x_wconf 85' lang='lat' dir='ltr'>Et</span> <span class='ocrx_word' id='word_1_275' title='bbox 1481 489 1590 519; x_wconf 85' lang='lat' dir='ltr'>poenae</span> <span class='ocrx_word' id='word_1_276' title='bbox 1603 485 1702 512; x_wconf 88' lang='lat' dir='ltr'>contra</span> <span class='ocrx_word' id='word_1_277' title='bbox 1722 482 1812 512; x_wconf 85' lang='lat' dir='ltr'>laicos</span> <span class='ocrx_word' id='word_1_278' title='bbox 1832 492 1888 512; x_wconf 88' lang='lat' dir='ltr'>non</span> 
     </span>
     <span class='ocr_line' id='line_1_55' title="bbox 1180 524 1888 566; baseline 0.003 -13"><span class='ocrx_word' id='word_1_279' title='bbox 1180 524 1400 562; x_wconf 85' lang='lat' dir='ltr'>resipiscentes.</span> <span class='ocrx_word' id='word_1_280' title='bbox 1416 541 1455 546; x_wconf 97' lang='lat'><strong>—</strong></span> <span class='ocrx_word' id='word_1_281' title='bbox 1470 525 1495 554; x_wconf 74' lang='lat'>7.</span> <span class='ocrx_word' id='word_1_282' title='bbox 1508 524 1547 554; x_wconf 88' lang='lat' dir='ltr'>De</span> <span class='ocrx_word' id='word_1_283' title='bbox 1560 526 1704 564; x_wconf 83' lang='lat' dir='ltr'>suspectis</span> <span class='ocrx_word' id='word_1_284' title='bbox 1715 531 1743 556; x_wconf 89' lang='lat' dir='ltr'>et</span> <span class='ocrx_word' id='word_1_285' title='bbox 1754 527 1888 566; x_wconf 86' lang='lat' dir='ltr'>relapsis.</span> 
     </span>
     <span class='ocr_line' id='line_1_56' title="bbox 1178 567 1890 600; baseline 0.004 -3"><span class='ocrx_word' id='word_1_286' title='bbox 1178 584 1217 589; x_wconf 98' lang='lat'><strong>—</strong></span> <span class='ocrx_word' id='word_1_287' title='bbox 1239 568 1265 597; x_wconf 86' lang='lat'>8.</span> <span class='ocrx_word' id='word_1_288' title='bbox 1292 567 1426 599; x_wconf 87' lang='lat' dir='ltr'>Huiusm.</span> <span class='ocrx_word' id='word_1_289' title='bbox 1443 569 1705 599; x_wconf 83' lang='lat' dir='ltr'>excommunicatio</span> <span class='ocrx_word' id='word_1_290' title='bbox 1732 570 1762 600; x_wconf 92' lang='lat' dir='ltr'>in</span> <span class='ocrx_word' id='word_1_291' title='bbox 1787 571 1890 600; x_wconf 87' lang='lat' dir='ltr'>haere—</span> 
     </span>
     <span class='ocr_line' id='line_1_57' title="bbox 1181 612 1890 652; baseline 0.003 -11"><span class='ocrx_word' id='word_1_292' title='bbox 1181 612 1254 641; x_wconf 89' lang='lat' dir='ltr'>ticos</span> <span class='ocrx_word' id='word_1_293' title='bbox 1277 622 1290 641; x_wconf 88' lang='lat' dir='ltr'>a</span> <span class='ocrx_word' id='word_1_294' title='bbox 1313 612 1498 651; x_wconf 64' lang='lat' dir='ltr'>patriarchis</span> <span class='ocrx_word' id='word_1_295' title='bbox 1525 612 1755 651; x_wconf 85' lang='lat' dir='ltr'>archiepiscopis</span> <span class='ocrx_word' id='word_1_296' title='bbox 1779 618 1807 643; x_wconf 90' lang='lat' dir='ltr'>et</span> <span class='ocrx_word' id='word_1_297' title='bbox 1827 613 1890 652; x_wconf 87' lang='lat' dir='ltr'>epi-</span> 
     </span>
     <span class='ocr_line' id='line_1_58' title="bbox 1179 656 1887 695; baseline 0 -10"><span class='ocrx_word' id='word_1_298' title='bbox 1179 656 1276 695; x_wconf 86' lang='lat' dir='ltr'>scopis</span> <span class='ocrx_word' id='word_1_299' title='bbox 1292 656 1459 695; x_wconf 86' lang='lat' dir='ltr'>praecipuis</span> <span class='ocrx_word' id='word_1_300' title='bbox 1474 656 1712 686; x_wconf 83' lang='lat' dir='ltr'>solemnitatibus</span> <span class='ocrx_word' id='word_1_301' title='bbox 1724 657 1887 687; x_wconf 79' lang='lat' dir='ltr'>innovanda</span> 
     </span>
     <span class='ocr_line' id='line_1_59' title="bbox 1179 699 1888 738; baseline 0.003 -10"><span class='ocrx_word' id='word_1_302' title='bbox 1179 700 1326 729; x_wconf 87' lang='lat' dir='ltr'>statuitur.</span> <span class='ocrx_word' id='word_1_303' title='bbox 1349 716 1387 722; x_wconf 91' lang='lat'><em>-</em></span> <span class='ocrx_word' id='word_1_304' title='bbox 1413 700 1440 729; x_wconf 80' lang='lat'>9.</span> <span class='ocrx_word' id='word_1_305' title='bbox 1463 699 1501 729; x_wconf 78' lang='lat' dir='ltr'>ne</span> <span class='ocrx_word' id='word_1_306' title='bbox 1524 700 1748 738; x_wconf 81' lang='lat' dir='ltr'>perquirendis,</span> <span class='ocrx_word' id='word_1_307' title='bbox 1775 701 1888 730; x_wconf 88' lang='lat' dir='ltr'>exami-</span> 
     </span>
     <span class='ocr_line' id='line_1_60' title="bbox 1179 742 1889 781; baseline 0.001 -10"><span class='ocrx_word' id='word_1_308' title='bbox 1179 742 1282 772; x_wconf 88' lang='lat' dir='ltr'>nandis</span> <span class='ocrx_word' id='word_1_309' title='bbox 1304 747 1332 772; x_wconf 85' lang='lat' dir='ltr'>et</span> <span class='ocrx_word' id='word_1_310' title='bbox 1353 743 1509 781; x_wconf 85' lang='lat' dir='ltr'>puniendis</span> <span class='ocrx_word' id='word_1_311' title='bbox 1529 743 1693 773; x_wconf 86' lang='lat' dir='ltr'>haereticis.</span> <span class='ocrx_word' id='word_1_312' title='bbox 1718 760 1757 766; x_wconf 89' lang='lat'><em>-</em></span> <span class='ocrx_word' id='word_1_313' title='bbox 1778 745 1825 774; x_wconf 81' lang='lat' dir='ltr'>to.</span> <span class='ocrx_word' id='word_1_314' title='bbox 1851 744 1889 772; x_wconf 75' lang='lat' dir='ltr'>lte</span> 
     </span>
     <span class='ocr_line' id='line_1_61' title="bbox 1179 785 1890 825; baseline 0.001 -10"><span class='ocrx_word' id='word_1_315' title='bbox 1179 787 1343 816; x_wconf 87' lang='lat' dir='ltr'>iuramento</span> <span class='ocrx_word' id='word_1_316' title='bbox 1356 796 1371 816; x_wconf 87' lang='lat' dir='ltr'>a</span> <span class='ocrx_word' id='word_1_317' title='bbox 1384 785 1545 816; x_wconf 88' lang='lat' dir='ltr'>baronibus</span> <span class='ocrx_word' id='word_1_318' title='bbox 1564 792 1591 816; x_wconf 87' lang='lat' dir='ltr'>et</span> <span class='ocrx_word' id='word_1_319' title='bbox 1607 787 1829 825; x_wconf 83' lang='lat' dir='ltr'>magistratibus</span> <span class='ocrx_word' id='word_1_320' title='bbox 1843 796 1890 817; x_wconf 93' lang='lat' dir='ltr'>ur-</span> 
     </span>
     <span class='ocr_line' id='line_1_62' title="bbox 1177 830 1889 871; baseline 0.003 -12"><span class='ocrx_word' id='word_1_321' title='bbox 1177 830 1258 860; x_wconf 89' lang='lat' dir='ltr'>bium</span> <span class='ocrx_word' id='word_1_322' title='bbox 1294 834 1345 860; x_wconf 85' lang='lat' dir='ltr'>etc.</span> <span class='ocrx_word' id='word_1_323' title='bbox 1375 831 1547 869; x_wconf 83' lang='lat' dir='ltr'>praestando</span> <span class='ocrx_word' id='word_1_324' title='bbox 1570 831 1712 861; x_wconf 85' lang='lat' dir='ltr'>auxilium</span> <span class='ocrx_word' id='word_1_325' title='bbox 1741 831 1889 871; x_wconf 90' lang='lat' dir='ltr'>episcopis</span> 
     </span>
     <span class='ocr_line' id='line_1_63' title="bbox 1179 874 1888 906; baseline 0.004 -4"><span class='ocrx_word' id='word_1_326' title='bbox 1179 878 1277 903; x_wconf 86' lang='lat' dir='ltr'>contra</span> <span class='ocrx_word' id='word_1_327' title='bbox 1303 874 1443 903; x_wconf 83' lang='lat' dir='ltr'>haeretic.</span> <span class='ocrx_word' id='word_1_328' title='bbox 1470 874 1568 904; x_wconf 85' lang='lat' dir='ltr'>dandi.</span> <span class='ocrx_word' id='word_1_329' title='bbox 1596 891 1635 896; x_wconf 98' lang='lat'><strong>—</strong></span> <span class='ocrx_word' id='word_1_330' title='bbox 1652 874 1767 905; x_wconf 82' lang='lat' dir='ltr'>Poenae</span> <span class='ocrx_word' id='word_1_331' title='bbox 1788 878 1888 906; x_wconf 84' lang='lat' dir='ltr'>contra</span> 
     </span>
     <span class='ocr_line' id='line_1_64' title="bbox 1179 917 1888 949; baseline 0.003 -3"><span class='ocrx_word' id='word_1_332' title='bbox 1179 921 1344 948; x_wconf 86' lang='lat' dir='ltr'>renuentes.</span> <span class='ocrx_word' id='word_1_333' title='bbox 1372 934 1410 939; x_wconf 94' lang='lat'>--</span> <span class='ocrx_word' id='word_1_334' title='bbox 1442 918 1484 947; x_wconf 89' lang='lat' dir='ltr'>ll.</span> <span class='ocrx_word' id='word_1_335' title='bbox 1507 917 1650 948; x_wconf 83' lang='lat' dir='ltr'>Fautores</span> <span class='ocrx_word' id='word_1_336' title='bbox 1675 918 1888 949; x_wconf 88' lang='lat' dir='ltr'>haereticorum</span> 
     </span>
     <span class='ocr_line' id='line_1_65' title="bbox 1177 961 1890 1000; baseline 0.001 -10"><span class='ocrx_word' id='word_1_337' title='bbox 1177 961 1257 991; x_wconf 89' lang='lat' dir='ltr'>nulla</span> <span class='ocrx_word' id='word_1_338' title='bbox 1275 961 1419 999; x_wconf 85' lang='lat' dir='ltr'>gaudeant</span> <span class='ocrx_word' id='word_1_339' title='bbox 1438 961 1620 1000; x_wconf 77' lang='lat' dir='ltr'>exemptione</span> <span class='ocrx_word' id='word_1_340' title='bbox 1636 971 1651 991; x_wconf 90' lang='lat' dir='ltr'>a</span> <span class='ocrx_word' id='word_1_341' title='bbox 1669 961 1815 992; x_wconf 88' lang='lat' dir='ltr'>iurisdict.</span> <span class='ocrx_word' id='word_1_342' title='bbox 1828 962 1890 1000; x_wconf 88' lang='lat' dir='ltr'>epi-</span> 
     </span>
     <span class='ocr_line' id='line_1_66' title="bbox 1178 1005 1665 1044; baseline 0 -10"><span class='ocrx_word' id='word_1_343' title='bbox 1178 1014 1334 1044; x_wconf 85' lang='lat' dir='ltr'>scoporum</span> <span class='ocrx_word' id='word_1_344' title='bbox 1359 1005 1387 1034; x_wconf 89' lang='lat' dir='ltr'>in</span> <span class='ocrx_word' id='word_1_345' title='bbox 1409 1005 1537 1034; x_wconf 87' lang='lat' dir='ltr'>huiusm.</span> <span class='ocrx_word' id='word_1_346' title='bbox 1558 1006 1665 1034; x_wconf 85' lang='lat' dir='ltr'>causis.</span> 
     </span>
    </p>
   </div>
   <div class='ocr_carea' id='block_1_11' title="bbox 1137 1074 1890 2623">
    <p class='ocr_par' dir='ltr' id='par_1_11' title="bbox 1137 1074 1890 1609">
     <span class='ocr_line' id='line_1_67' title="bbox 1187 1074 1888 1111; baseline 0 -1"><span class='ocrx_word' id='word_1_347' title='bbox 1187 1076 1234 1110; x_wconf 77' lang='lat' dir='ltr'>Ad</span> <span class='ocrx_word' id='word_1_348' title='bbox 1269 1075 1456 1111; x_wconf 87' lang='lat' dir='ltr'>abolendam</span> <span class='ocrx_word' id='word_1_349' title='bbox 1491 1074 1686 1110; x_wconf 87' lang='lat' dir='ltr'>diversarum</span> <span class='ocrx_word' id='word_1_350' title='bbox 1724 1075 1888 1111; x_wconf 87' lang='lat' dir='ltr'>haeresum</span> 
     </span>
     <span class='ocr_line' id='line_1_68' title="bbox 1139 1123 1890 1173; baseline -0.001 -13"><span class='ocrx_word' id='word_1_351' title='bbox 1139 1126 1334 1173; x_wconf 85' lang='lat' dir='ltr'>pravitatem,</span> <span class='ocrx_word' id='word_1_352' title='bbox 1362 1136 1442 1171; x_wconf 84' lang='lat' dir='ltr'>quae</span> <span class='ocrx_word' id='word_1_353' title='bbox 1461 1124 1491 1158; x_wconf 87' lang='lat' dir='ltr'>in</span> <span class='ocrx_word' id='word_1_354' title='bbox 1510 1123 1670 1170; x_wconf 87' lang='lat' dir='ltr'>plerisque</span> <span class='ocrx_word' id='word_1_355' title='bbox 1691 1124 1802 1159; x_wconf 87' lang='lat' dir='ltr'>mundi</span> <span class='ocrx_word' id='word_1_356' title='bbox 1823 1136 1890 1171; x_wconf 81' lang='lat' dir='ltr'>par-</span> 
     </span>
     <span class='ocr_line' id='line_1_69' title="bbox 1138 1172 1888 1220; baseline 0 -12"><span class='ocrx_word' id='word_1_357' title='bbox 1138 1174 1222 1209; x_wconf 88' lang='lat' dir='ltr'>tibus</span> <span class='ocrx_word' id='word_1_358' title='bbox 1248 1173 1408 1208; x_wconf 87' lang='lat' dir='ltr'>modernis</span> <span class='ocrx_word' id='word_1_359' title='bbox 1434 1174 1539 1218; x_wconf 86' lang='lat' dir='ltr'>coepit</span> <span class='ocrx_word' id='word_1_360' title='bbox 1561 1172 1756 1219; x_wconf 88' lang='lat' dir='ltr'>temporibus</span> <span class='ocrx_word' id='word_1_361' title='bbox 1780 1173 1888 1220; x_wconf 89' lang='lat' dir='ltr'>pullu-</span> 
     </span>
     <span class='ocr_line' id='line_1_70' title="bbox 1138 1221 1885 1268; baseline -0.004 -10"><span class='ocrx_word' id='word_1_362' title='bbox 1138 1223 1217 1263; x_wconf 90' lang='lat' dir='ltr'>lare,</span> <span class='ocrx_word' id='word_1_363' title='bbox 1248 1223 1334 1268; x_wconf 82' lang='lat' dir='ltr'>vigor</span> <span class='ocrx_word' id='word_1_364' title='bbox 1361 1221 1454 1256; x_wconf 90' lang='lat' dir='ltr'>debet</span> <span class='ocrx_word' id='word_1_365' title='bbox 1476 1221 1709 1256; x_wconf 86' lang='lat' dir='ltr'>ecclesiasticus</span> <span class='ocrx_word' id='word_1_366' title='bbox 1742 1221 1885 1257; x_wconf 87' lang='lat' dir='ltr'>excitari:</span> 
     </span>
     <span class='ocr_line' id='line_1_71' title="bbox 1137 1269 1888 1317; baseline -0.001 -11"><span class='ocrx_word' id='word_1_367' title='bbox 1137 1284 1210 1307; x_wconf 89' lang='lat' dir='ltr'>cum</span> <span class='ocrx_word' id='word_1_368' title='bbox 1238 1271 1387 1306; x_wconf 87' lang='lat' dir='ltr'>nimirum</span> <span class='ocrx_word' id='word_1_369' title='bbox 1415 1270 1585 1317; x_wconf 83' lang='lat' dir='ltr'>imperialis</span> <span class='ocrx_word' id='word_1_370' title='bbox 1607 1269 1798 1305; x_wconf 82' lang='lat' dir='ltr'>fortitudinis</span> <span class='ocrx_word' id='word_1_371' title='bbox 1821 1271 1888 1305; x_wconf 83' lang='lat' dir='ltr'>sus-</span> 
     </span>
     <span class='ocr_line' id='line_1_72' title="bbox 1139 1319 1890 1367; baseline -0.001 -12"><span class='ocrx_word' id='word_1_372' title='bbox 1139 1321 1278 1367; x_wconf 79' lang='lat' dir='ltr'>fragante</span> <span class='ocrx_word' id='word_1_373' title='bbox 1300 1320 1452 1366; x_wconf 88' lang='lat' dir='ltr'>potentia,</span> <span class='ocrx_word' id='word_1_374' title='bbox 1475 1319 1749 1354; x_wconf 86' lang='lat' dir='ltr'>etliaereticorum</span> <span class='ocrx_word' id='word_1_375' title='bbox 1773 1326 1890 1366; x_wconf 91' lang='lat' dir='ltr'>proter-</span> 
     </span>
     <span class='ocr_line' id='line_1_73' title="bbox 1139 1367 1888 1415; baseline -0.001 -12"><span class='ocrx_word' id='word_1_376' title='bbox 1139 1370 1216 1404; x_wconf 88' lang='lat' dir='ltr'>vitas</span> <span class='ocrx_word' id='word_1_377' title='bbox 1238 1369 1269 1403; x_wconf 93' lang='lat' dir='ltr'>in</span> <span class='ocrx_word' id='word_1_378' title='bbox 1293 1369 1371 1415; x_wconf 87' lang='lat' dir='ltr'>ipsis</span> <span class='ocrx_word' id='word_1_379' title='bbox 1393 1368 1535 1402; x_wconf 84' lang='lat' dir='ltr'>salsitatis</span> <span class='ocrx_word' id='word_1_380' title='bbox 1557 1379 1632 1402; x_wconf 89' lang='lat' dir='ltr'>suae</span> <span class='ocrx_word' id='word_1_381' title='bbox 1653 1367 1820 1403; x_wconf 90' lang='lat' dir='ltr'>conatibus</span> <span class='ocrx_word' id='word_1_382' title='bbox 1837 1369 1888 1403; x_wconf 89' lang='lat' dir='ltr'>eli-</span> 
     </span>
     <span class='ocr_line' id='line_1_74' title="bbox 1138 1416 1889 1462; baseline 0 -10"><span class='ocrx_word' id='word_1_383' title='bbox 1138 1418 1241 1462; x_wconf 84' lang='lat' dir='ltr'>datur,</span> <span class='ocrx_word' id='word_1_384' title='bbox 1268 1426 1298 1452; x_wconf 88' lang='lat' dir='ltr'>et</span> <span class='ocrx_word' id='word_1_385' title='bbox 1318 1417 1505 1453; x_wconf 85' lang='lat' dir='ltr'>&#39;catholicae</span> <span class='ocrx_word' id='word_1_386' title='bbox 1540 1416 1749 1462; x_wconf 89' lang='lat' dir='ltr'>simplicitatis</span> <span class='ocrx_word' id='word_1_387' title='bbox 1776 1417 1889 1452; x_wconf 84' lang='lat' dir='ltr'>veritas</span> 
     </span>
     <span class='ocr_line' id='line_1_75' title="bbox 1139 1464 1889 1512; baseline -0.001 -11"><span class='ocrx_word' id='word_1_388' title='bbox 1139 1467 1170 1501; x_wconf 90' lang='lat' dir='ltr'>iu</span> <span class='ocrx_word' id='word_1_389' title='bbox 1193 1466 1337 1501; x_wconf 89' lang='lat' dir='ltr'>Ecclesia</span> <span class='ocrx_word' id='word_1_390' title='bbox 1362 1465 1478 1500; x_wconf 90' lang='lat' dir='ltr'>Sancta</span> <span class='ocrx_word' id='word_1_391' title='bbox 1500 1464 1718 1512; x_wconf 86' lang='lat' dir='ltr'>resplendens,</span> <span class='ocrx_word' id='word_1_392' title='bbox 1740 1477 1807 1500; x_wconf 86' lang='lat' dir='ltr'>eam</span> <span class='ocrx_word' id='word_1_393' title='bbox 1828 1466 1889 1500; x_wconf 93' lang='lat' dir='ltr'>uti-</span> 
     </span>
     <span class='ocr_line' id='line_1_76' title="bbox 1138 1513 1889 1563; baseline -0.003 -13"><span class='ocrx_word' id='word_1_394' title='bbox 1138 1528 1200 1563; x_wconf 87' lang='lat' dir='ltr'>que</span> <span class='ocrx_word' id='word_1_395' title='bbox 1227 1515 1421 1550; x_wconf 89' lang='lat' dir='ltr'>demonstret</span> <span class='ocrx_word' id='word_1_396' title='bbox 1442 1514 1481 1549; x_wconf 90' lang='lat' dir='ltr'>ab</span> <span class='ocrx_word' id='word_1_397' title='bbox 1507 1513 1593 1548; x_wconf 89' lang='lat' dir='ltr'>omni</span> <span class='ocrx_word' id='word_1_398' title='bbox 1612 1515 1811 1549; x_wconf 84' lang='lat' dir='ltr'>execratione</span> <span class='ocrx_word' id='word_1_399' title='bbox 1830 1514 1889 1549; x_wconf 82' lang='lat' dir='ltr'>fal-</span> 
     </span>
     <span class='ocr_line' id='line_1_77' title="bbox 1138 1563 1646 1609; baseline -0.006 -10"><span class='ocrx_word' id='word_1_400' title='bbox 1138 1576 1245 1599; x_wconf 92' lang='lat' dir='ltr'>sorum</span> <span class='ocrx_word' id='word_1_401' title='bbox 1268 1563 1452 1609; x_wconf 85' lang='lat' dir='ltr'>dogmatum</span> <span class='ocrx_word' id='word_1_402' title='bbox 1481 1563 1646 1609; x_wconf 81' lang='lat' dir='ltr'>expiatam.</span> 
     </span>
    </p>

    <p class='ocr_par' dir='ltr' id='par_1_12' title="bbox 1138 1610 1890 2330">
     <span class='ocr_line' id='line_1_78' title="bbox 1187 1610 1887 1659; baseline 0 -13"><span class='ocrx_word' id='word_1_403' title='bbox 1187 1613 1207 1659; x_wconf 68' lang='lat' dir='ltr'>S</span> <span class='ocrx_word' id='word_1_404' title='bbox 1232 1615 1262 1646; x_wconf 84' lang='lat' dir='ltr'>l.</span> <span class='ocrx_word' id='word_1_405' title='bbox 1286 1612 1423 1658; x_wconf 86' lang='lat' dir='ltr'>ldeoque</span> <span class='ocrx_word' id='word_1_406' title='bbox 1443 1623 1513 1655; x_wconf 92' lang='lat' dir='ltr'>nos,</span> <span class='ocrx_word' id='word_1_407' title='bbox 1534 1611 1687 1645; x_wconf 88' lang='lat' dir='ltr'>carissimi</span> <span class='ocrx_word' id='word_1_408' title='bbox 1711 1610 1764 1645; x_wconf 90' lang='lat' dir='ltr'>filii</span> <span class='ocrx_word' id='word_1_409' title='bbox 1793 1612 1887 1646; x_wconf 88' lang='lat' dir='ltr'>nostri</span> 
     </span>
     <span class='ocr_line' id='line_1_79' title="bbox 1138 1660 1890 1707; baseline 0 -11"><span class='ocrx_word' id='word_1_410' title='bbox 1138 1661 1290 1696; x_wconf 89' lang='lat' dir='ltr'>Friderici</span> <span class='ocrx_word' id='word_1_411' title='bbox 1312 1660 1440 1695; x_wconf 89' lang='lat' dir='ltr'>illustris</span> <span class='ocrx_word' id='word_1_412' title='bbox 1454 1660 1670 1695; x_wconf 85' lang='lat' dir='ltr'>Romanorum</span> <span class='ocrx_word' id='word_1_413' title='bbox 1690 1660 1890 1707; x_wconf 86' lang='lat' dir='ltr'>imperatoris</span> 
     </span>
     <span class='ocr_line' id='line_1_80' title="bbox 1138 1708 1889 1757; baseline -0.003 -12"><span class='ocrx_word' id='word_1_414' title='bbox 1138 1721 1264 1757; x_wconf 84' lang='lat' dir='ltr'>semper</span> <span class='ocrx_word' id='word_1_415' title='bbox 1286 1709 1435 1755; x_wconf 84' lang='lat' dir='ltr'>Augusti,</span> <span class='ocrx_word' id='word_1_416' title='bbox 1457 1708 1630 1756; x_wconf 85' lang='lat' dir='ltr'>praesentia</span> <span class='ocrx_word' id='word_1_417' title='bbox 1653 1708 1768 1755; x_wconf 90' lang='lat' dir='ltr'>pariter</span> <span class='ocrx_word' id='word_1_418' title='bbox 1789 1716 1818 1744; x_wconf 91' lang='lat' dir='ltr'>et</span> <span class='ocrx_word' id='word_1_419' title='bbox 1843 1709 1889 1743; x_wconf 81' lang='lat' dir='ltr'>vi-</span> 
     </span>
     <span class='ocr_line' id='line_1_81' title="bbox 1139 1756 1890 1805; baseline -0.003 -11"><span class='ocrx_word' id='word_1_420' title='bbox 1139 1770 1215 1805; x_wconf 85' lang='lat' dir='ltr'>gore</span> <span class='ocrx_word' id='word_1_421' title='bbox 1241 1757 1378 1798; x_wconf 84' lang='lat' dir='ltr'>suffulti,</span> <span class='ocrx_word' id='word_1_422' title='bbox 1405 1756 1444 1792; x_wconf 91' lang='lat' dir='ltr'>de</span> <span class='ocrx_word' id='word_1_423' title='bbox 1479 1757 1640 1792; x_wconf 87' lang='lat' dir='ltr'>communi</span> <span class='ocrx_word' id='word_1_424' title='bbox 1667 1756 1800 1792; x_wconf 90' lang='lat' dir='ltr'>consilio</span> <span class='ocrx_word' id='word_1_425' title='bbox 1828 1757 1890 1793; x_wconf 83' lang='lat' dir='ltr'>sra-</span> 
     </span>
     <span class='ocr_line' id='line_1_82' title="bbox 1139 1805 1890 1852; baseline -0.001 -10"><span class='ocrx_word' id='word_1_426' title='bbox 1139 1816 1222 1843; x_wconf 85' lang='lat' dir='ltr'>trum</span> <span class='ocrx_word' id='word_1_427' title='bbox 1244 1814 1435 1847; x_wconf 90' lang='lat' dir='ltr'>nostrorum,</span> <span class='ocrx_word' id='word_1_428' title='bbox 1463 1817 1584 1840; x_wconf 89' lang='lat' dir='ltr'>necnon</span> <span class='ocrx_word' id='word_1_429' title='bbox 1607 1805 1739 1840; x_wconf 89' lang='lat' dir='ltr'>aliorum</span> <span class='ocrx_word' id='word_1_430' title='bbox 1758 1806 1890 1852; x_wconf 88' lang='lat' dir='ltr'>patriar-</span> 
     </span>
     <span class='ocr_line' id='line_1_83' title="bbox 1139 1854 1890 1901; baseline -0.004 -10"><span class='ocrx_word' id='word_1_431' title='bbox 1139 1856 1290 1896; x_wconf 82' lang='lat' dir='ltr'>charum,</span> <span class='ocrx_word' id='word_1_432' title='bbox 1330 1854 1660 1901; x_wconf 88' lang='lat' dir='ltr'>archiepiscoporum,</span> <span class='ocrx_word' id='word_1_433' title='bbox 1697 1854 1890 1889; x_wconf 89' lang='lat' dir='ltr'>multorum-</span> 
     </span>
     <span class='ocr_line' id='line_1_84' title="bbox 1139 1902 1889 1952; baseline -0.001 -13"><span class='ocrx_word' id='word_1_434' title='bbox 1139 1917 1201 1952; x_wconf 88' lang='lat' dir='ltr'>que</span> <span class='ocrx_word' id='word_1_435' title='bbox 1229 1904 1430 1951; x_wconf 88' lang='lat' dir='ltr'>principum,</span> <span class='ocrx_word' id='word_1_436' title='bbox 1463 1903 1516 1950; x_wconf 81' lang='lat' dir='ltr'>qui</span> <span class='ocrx_word' id='word_1_437' title='bbox 1544 1902 1584 1937; x_wconf 87' lang='lat' dir='ltr'>de</span> <span class='ocrx_word' id='word_1_438' title='bbox 1611 1902 1746 1938; x_wconf 86' lang='lat' dir='ltr'>diversis</span> <span class='ocrx_word' id='word_1_439' title='bbox 1780 1904 1889 1938; x_wconf 90' lang='lat' dir='ltr'>mundi</span> 
     </span>
     <span class='ocr_line' id='line_1_85' title="bbox 1141 1952 1890 2000; baseline -0.001 -12"><span class='ocrx_word' id='word_1_440' title='bbox 1141 1953 1279 2000; x_wconf 89' lang='lat' dir='ltr'>partibus</span> <span class='ocrx_word' id='word_1_441' title='bbox 1305 1959 1537 1988; x_wconf 87' lang='lat' dir='ltr'>convenerunt:</span> <span class='ocrx_word' id='word_1_442' title='bbox 1565 1959 1671 1987; x_wconf 88' lang='lat' dir='ltr'>contra</span> <span class='ocrx_word' id='word_1_443' title='bbox 1700 1952 1785 1999; x_wconf 90' lang='lat' dir='ltr'>ipsos</span> <span class='ocrx_word' id='word_1_444' title='bbox 1813 1952 1890 1987; x_wconf 87' lang='lat' dir='ltr'>hae-</span> 
     </span>
     <span class='ocr_line' id='line_1_86' title="bbox 1140 2000 1890 2049; baseline -0.001 -11"><span class='ocrx_word' id='word_1_445' title='bbox 1140 2003 1271 2042; x_wconf 85' lang='lat' dir='ltr'>reticos,</span> <span class='ocrx_word' id='word_1_446' title='bbox 1298 2001 1414 2049; x_wconf 90' lang='lat' dir='ltr'>quibus</span> <span class='ocrx_word' id='word_1_447' title='bbox 1435 2001 1557 2036; x_wconf 87' lang='lat' dir='ltr'>diversa</span> <span class='ocrx_word' id='word_1_448' title='bbox 1584 2000 1733 2035; x_wconf 90' lang='lat' dir='ltr'>vocabula</span> <span class='ocrx_word' id='word_1_449' title='bbox 1755 2000 1890 2037; x_wconf 87' lang='lat' dir='ltr'>diversa-</span> 
     </span>
     <span class='ocr_line' id='line_1_87' title="bbox 1141 2049 1890 2097; baseline -0.001 -11"><span class='ocrx_word' id='word_1_450' title='bbox 1141 2064 1209 2086; x_wconf 89' lang='lat' dir='ltr'>rum</span> <span class='ocrx_word' id='word_1_451' title='bbox 1242 2050 1356 2085; x_wconf 89' lang='lat' dir='ltr'>indidit</span> <span class='ocrx_word' id='word_1_452' title='bbox 1383 2049 1537 2097; x_wconf 79' lang='lat' dir='ltr'>professio</span> <span class='ocrx_word' id='word_1_453' title='bbox 1574 2049 1764 2093; x_wconf 72' lang='lat' dir='ltr'>falsitatum,</span> <span class='ocrx_word' id='word_1_454' title='bbox 1798 2061 1890 2097; x_wconf 88' lang='lat' dir='ltr'>prae-</span> 
     </span>
     <span class='ocr_line' id='line_1_88' title="bbox 1140 2098 1889 2145; baseline -0.003 -10"><span class='ocrx_word' id='word_1_455' title='bbox 1140 2100 1239 2135; x_wconf 88' lang='lat' dir='ltr'>sentis</span> <span class='ocrx_word' id='word_1_456' title='bbox 1259 2099 1378 2134; x_wconf 85' lang='lat' dir='ltr'>decreti</span> <span class='ocrx_word' id='word_1_457' title='bbox 1400 2099 1536 2145; x_wconf 77' lang='lat' dir='ltr'>generali</span> <span class='ocrx_word' id='word_1_458' title='bbox 1565 2098 1728 2133; x_wconf 88' lang='lat' dir='ltr'>sanctione</span> <span class='ocrx_word' id='word_1_459' title='bbox 1753 2110 1889 2133; x_wconf 87' lang='lat' dir='ltr'>consur-</span> 
     </span>
     <span class='ocr_line' id='line_1_89' title="bbox 1139 2147 1890 2195; baseline 0 -13"><span class='ocrx_word' id='word_1_460' title='bbox 1139 2149 1254 2195; x_wconf 82' lang='lat' dir='ltr'>gimus,</span> <span class='ocrx_word' id='word_1_461' title='bbox 1287 2155 1317 2182; x_wconf 91' lang='lat' dir='ltr'>et</span> <span class='ocrx_word' id='word_1_462' title='bbox 1343 2159 1470 2182; x_wconf 88' lang='lat' dir='ltr'>omnem</span> <span class='ocrx_word' id='word_1_463' title='bbox 1494 2147 1661 2187; x_wconf 88' lang='lat' dir='ltr'>haeresim,</span> <span class='ocrx_word' id='word_1_464' title='bbox 1688 2159 1890 2194; x_wconf 87' lang='lat' dir='ltr'>quocumque</span> 
     </span>
     <span class='ocr_line' id='line_1_90' title="bbox 1140 2196 1889 2242; baseline -0.003 -10"><span class='ocrx_word' id='word_1_465' title='bbox 1140 2197 1269 2232; x_wconf 90' lang='lat' dir='ltr'>nomine</span> <span class='ocrx_word' id='word_1_466' title='bbox 1291 2204 1471 2237; x_wconf 80' lang='lat' dir='ltr'>censeatur,</span> <span class='ocrx_word' id='word_1_467' title='bbox 1500 2209 1553 2242; x_wconf 86' lang='lat' dir='ltr'>per</span> <span class='ocrx_word' id='word_1_468' title='bbox 1575 2196 1669 2231; x_wconf 89' lang='lat' dir='ltr'>huius</span> <span class='ocrx_word' id='word_1_469' title='bbox 1689 2196 1889 2231; x_wconf 89' lang='lat' dir='ltr'>constitutio-</span> 
     </span>
     <span class='ocr_line' id='line_1_91' title="bbox 1140 2244 1889 2293; baseline -0.001 -13"><span class='ocrx_word' id='word_1_470' title='bbox 1140 2246 1189 2280; x_wconf 89' lang='lat' dir='ltr'>nis</span> <span class='ocrx_word' id='word_1_471' title='bbox 1216 2245 1347 2285; x_wconf 88' lang='lat' dir='ltr'>seriem,</span> <span class='ocrx_word' id='word_1_472' title='bbox 1385 2245 1571 2280; x_wconf 85' lang='lat' dir='ltr'>authoritate</span> <span class='ocrx_word' id='word_1_473' title='bbox 1606 2244 1779 2293; x_wconf 86' lang='lat' dir='ltr'>apostolica</span> <span class='ocrx_word' id='word_1_474' title='bbox 1812 2256 1889 2279; x_wconf 88' lang='lat' dir='ltr'>con-</span> 
     </span>
     <span class='ocr_line' id='line_1_92' title="bbox 1139 2294 1338 2330; baseline -0.01 0"><span class='ocrx_word' id='word_1_475' title='bbox 1139 2294 1338 2330; x_wconf 90' lang='lat' dir='ltr'>demnamus.</span> 
     </span>
    </p>

    <p class='ocr_par' dir='ltr' id='par_1_13' title="bbox 1140 2341 1890 2623">
     <span class='ocr_line' id='line_1_93' title="bbox 1189 2341 1889 2390; baseline 0 -14"><span class='ocrx_word' id='word_1_476' title='bbox 1189 2343 1259 2390; x_wconf 61' lang='lat'>52.</span> <span class='ocrx_word' id='word_1_477' title='bbox 1282 2342 1316 2377; x_wconf 88' lang='lat' dir='ltr'>In</span> <span class='ocrx_word' id='word_1_478' title='bbox 1334 2344 1444 2390; x_wconf 86' lang='lat' dir='ltr'>primis</span> <span class='ocrx_word' id='word_1_479' title='bbox 1470 2355 1544 2389; x_wconf 80' lang='lat' dir='ltr'>ergo</span> <span class='ocrx_word' id='word_1_480' title='bbox 1565 2342 1718 2378; x_wconf 88' lang='lat' dir='ltr'>Catharos</span> <span class='ocrx_word' id='word_1_481' title='bbox 1739 2349 1770 2378; x_wconf 84' lang='lat' dir='ltr'>et</span> <span class='ocrx_word' id='word_1_482' title='bbox 1796 2341 1889 2376; x_wconf 85' lang='lat' dir='ltr'>Pata-</span> 
     </span>
     <span class='ocr_line' id='line_1_94' title="bbox 1140 2390 1889 2438; baseline 0 -12"><span class='ocrx_word' id='word_1_483' title='bbox 1140 2394 1237 2437; x_wconf 78' lang='lat' dir='ltr'>rinos,</span> <span class='ocrx_word' id='word_1_484' title='bbox 1252 2400 1282 2426; x_wconf 82' lang='lat' dir='ltr'>et</span> <span class='ocrx_word' id='word_1_485' title='bbox 1305 2403 1359 2427; x_wconf 89' lang='lat' dir='ltr'>eos</span> <span class='ocrx_word' id='word_1_486' title='bbox 1383 2393 1436 2438; x_wconf 90' lang='lat' dir='ltr'>qui</span> <span class='ocrx_word' id='word_1_487' title='bbox 1465 2405 1497 2427; x_wconf 88' lang='lat' dir='ltr'>se</span> <span class='ocrx_word' id='word_1_488' title='bbox 1520 2391 1709 2426; x_wconf 87' lang='lat' dir='ltr'>Humiliatos</span> <span class='ocrx_word' id='word_1_489' title='bbox 1736 2390 1782 2425; x_wconf 87' lang='lat' dir='ltr'>vel</span> <span class='ocrx_word' id='word_1_490' title='bbox 1804 2390 1889 2426; x_wconf 90' lang='lat' dir='ltr'>Pau-</span> 
     </span>
     <span class='ocr_line' id='line_1_95' title="bbox 1142 2440 1889 2488; baseline -0.001 -13"><span class='ocrx_word' id='word_1_491' title='bbox 1142 2452 1232 2488; x_wconf 91' lang='lat' dir='ltr'>peres</span> <span class='ocrx_word' id='word_1_492' title='bbox 1262 2440 1302 2475; x_wconf 87' lang='lat' dir='ltr'>de</span> <span class='ocrx_word' id='word_1_493' title='bbox 1332 2441 1506 2487; x_wconf 78' lang='lat' dir='ltr'>Lugdnno,</span> <span class='ocrx_word' id='word_1_494' title='bbox 1541 2442 1617 2475; x_wconf 87' lang='lat' dir='ltr'>t&#39;also</span> <span class='ocrx_word' id='word_1_495' title='bbox 1639 2441 1767 2474; x_wconf 90' lang='lat' dir='ltr'>nomine</span> <span class='ocrx_word' id='word_1_496' title='bbox 1799 2451 1889 2475; x_wconf 90' lang='lat' dir='ltr'>men-</span> 
     </span>
     <span class='ocr_line' id='line_1_96' title="bbox 1141 2488 1890 2536; baseline -0.003 -12"><span class='ocrx_word' id='word_1_497' title='bbox 1141 2496 1274 2533; x_wconf 85' lang='lat' dir='ltr'>tiuntur,</span> <span class='ocrx_word' id='word_1_498' title='bbox 1301 2489 1500 2536; x_wconf 79' lang='lat' dir='ltr'>passaginos,</span> <span class='ocrx_word' id='word_1_499' title='bbox 1525 2489 1719 2535; x_wconf 87' lang='lat' dir='ltr'>losephinos,</span> <span class='ocrx_word' id='word_1_500' title='bbox 1746 2488 1890 2523; x_wconf 83' lang='lat' dir='ltr'>Arnaldi-</span> 
     </span>
     <span class='ocr_line' id='line_1_97' title="bbox 1140 2536 1888 2585; baseline -0.001 -12"><span class='ocrx_word' id='word_1_501' title='bbox 1140 2548 1215 2578; x_wconf 84' lang='lat' dir='ltr'>stas,</span> <span class='ocrx_word' id='word_1_502' title='bbox 1238 2549 1389 2585; x_wconf 87' lang='lat' dir='ltr'>perpetuo</span> <span class='ocrx_word' id='word_1_503' title='bbox 1403 2539 1603 2574; x_wconf 86' lang='lat' dir='ltr'>decernimus</span> <span class='ocrx_word' id='word_1_504' title='bbox 1616 2537 1804 2574; x_wconf 82' lang='lat' dir='ltr'>anathemati</span> <span class='ocrx_word' id='word_1_505' title='bbox 1819 2536 1888 2572; x_wconf 89' lang='lat' dir='ltr'>sub·</span> 
     </span>
     <span class='ocr_line' id='line_1_98' title="bbox 1141 2599 1250 2623; baseline -0.018 -1"><span class='ocrx_word' id='word_1_506' title='bbox 1141 2599 1250 2623; x_wconf 85' lang='lat' dir='ltr'>iacere.</span> 
     </span>
    </p>
   </div>
   <div class='ocr_carea' id='block_1_12' title="bbox 1907 255 2087 285">
    <p class='ocr_par' dir='ltr' id='par_1_14' title="bbox 1907 255 2087 285">
     <span class='ocr_line' id='line_1_99' title="bbox 1907 255 2087 285; baseline 0.011 -2"><span class='ocrx_word' id='word_1_507' title='bbox 1907 255 1956 284; x_wconf 70' lang='lat' dir='ltr'>An.</span> <span class='ocrx_word' id='word_1_508' title='bbox 1977 257 2006 284; x_wconf 88' lang='lat' dir='ltr'>C.</span> <span class='ocrx_word' id='word_1_509' title='bbox 2022 258 2087 285; x_wconf 60' lang='lat'>¹18&amp;</span> 
     </span>
    </p>
   </div>
   <div class='ocr_carea' id='block_1_13' title="bbox 1928 1090 2058 1113">
    <p class='ocr_par' dir='ltr' id='par_1_15' title="bbox 1928 1090 2058 1113">
     <span class='ocr_line' id='line_1_100' title="bbox 1928 1090 2058 1113; baseline 0.015 -3"><span class='ocrx_word' id='word_1_510' title='bbox 1928 1090 2058 1113; x_wconf 69' lang='lat' dir='ltr'>riommtum.</span> 
     </span>
    </p>
   </div>
   <div class='ocr_carea' id='block_1_14' title="bbox 1903 1622 2086 1705">
    <p class='ocr_par' dir='ltr' id='par_1_16' title="bbox 1903 1622 2086 1705">
     <span class='ocr_line' id='line_1_101' title="bbox 1916 1622 2067 1644; baseline 0 0"><span class='ocrx_word' id='word_1_511' title='bbox 1916 1622 2067 1644; x_wconf 69' lang='lat' dir='ltr'>condemnante</span> 
     </span>
     <span class='ocr_line' id='line_1_102' title="bbox 1903 1653 2086 1675; baseline 0.005 -1"><span class='ocrx_word' id='word_1_512' title='bbox 1903 1655 1994 1675; x_wconf 84' lang='lat' dir='ltr'>omnium</span> <span class='ocrx_word' id='word_1_513' title='bbox 2007 1653 2086 1675; x_wconf 73' lang='lat' dir='ltr'>haere-</span> 
     </span>
     <span class='ocr_line' id='line_1_103' title="bbox 1903 1690 1955 1705; baseline 0 0"><span class='ocrx_word' id='word_1_514' title='bbox 1903 1690 1955 1705; x_wconf 73' lang='lat' dir='ltr'>sum.</span> 
     </span>
    </p>
   </div>
   <div class='ocr_carea' id='block_1_15' title="bbox 1903 2354 2087 2437">
    <p class='ocr_par' dir='ltr' id='par_1_17' title="bbox 1903 2354 2087 2437">
     <span class='ocr_line' id='line_1_104' title="bbox 1917 2354 2087 2377; baseline 0.012 -2"><span class='ocrx_word' id='word_1_515' title='bbox 1917 2354 2022 2377; x_wconf 67' lang='lat' dir='ltr'>naereses</span> <span class='ocrx_word' id='word_1_516' title='bbox 2031 2360 2087 2377; x_wconf 79' lang='lat' dir='ltr'>non-</span> 
     </span>
     <span class='ocr_line' id='line_1_105' title="bbox 1903 2385 2086 2407; baseline 0 -2"><span class='ocrx_word' id='word_1_517' title='bbox 1903 2385 1973 2406; x_wconf 79' lang='lat' dir='ltr'>nullae</span> <span class='ocrx_word' id='word_1_518' title='bbox 1978 2386 2086 2407; x_wconf 65' lang='lat' dir='ltr'>nominum·</span> 
     </span>
     <span class='ocr_line' id='line_1_106' title="bbox 1904 2419 1944 2437; baseline 0 -1"><span class='ocrx_word' id='word_1_519' title='bbox 1904 2419 1944 2437; x_wconf 77' lang='lat' dir='ltr'>lur-</span> 
     </span>
    </p>
   </div>
  </div>
 </body>
</html>
