2129 3223
175 310 267 337 Aac
288 311 353 338 1¹98
420 301 488 333 114

944 312 1130 335 BCLLAth
1157 312 1319 335 ROMANCM

1909 313 1957 340 An.
1976 313 2005 340 c.
2021 306 2087 341 nas

172 366 235 387 “¹¹¹²''
247 366 282 388 ⁰⁸³
298 368 354 389 ’ἀω-
366 365 564 412 quiescentes
591 364 772 401 instantiae:
796 378 834 401 ne
856 366 1017 402 reluctatio
1038 367 1110 402 diu·
1149 371 1317 400 Innocentius
1337 371 1476 408 episcopus
1495 378 1589 400 servus
1601 378 1740 401 servorum
1758 370 1814 405 Dei,
1834 371 1891 400 uni·

172 398 233 420 turio,
256 402 352 424 papatum

171 428 255 453 accipit-

366 424 454 449 turna
483 413 600 449 dissidii
632 424 754 461 pareret
787 415 1029 462 detrimentum,
1057 426 1109 452 aut

364 463 561 510 dispositioni
583 463 706 500 divinae
731 465 889 502 videretur
910 466 1109 514 aliquatenus

362 513 502 548 obviare:
525 523 689 561 sperantes
709 515 793 562 quod
816 516 878 556 ille,
904 517 956 564 qui
977 516 1028 551 dat
1046 528 1106 551 om·

362 562 456 598 nibus
477 563 650 605 affluenter,
677 572 707 599 et
734 577 796 600 non
818 565 1025 613 improperat:
1053 566 1106 613 qui

360 613 564 648 novissimum
588 613 714 649 fratrem
741 616 840 650 virum
866 616 971 663 utique
992 628 1107 650 secun-

360 661 434 696 dum
458 674 512 698 cor
529 675 620 698 suum
639 664 669 697 in
692 676 797 710 regem
820 665 859 700 de
882 665 1106 712 postfoetantes

358 714 540 760 assumpsit,
567 713 606 749 de
627 712 785 761 lapidibus
811 715 973 750 suscitabit
1006 715 1103 751 filium

358 760 482 807 Abraae,
510 774 628 798 vccans
661 775 697 798 ea
720 776 799 811 qnae
826 777 889 799 non
916 772 1007 806 sunt,
1033 773 1105 801 tan-

357 823 452 857 quam
479 824 514 847 ea
545 825 624 860 quae
650 822 739 848 sunt:
773 822 807 848 ut
840 814 964 849 infirma
985 815 1104 862 eligens

357 859 444 896 sortia
467 873 610 911 quaeque
631 862 813 898 confundat.
836 864 901 898 Nos
928 865 1024 911 igitur
1049 877 1103 900 ec-

355 910 545 947 clesiasticae
578 913 764 960 provisionis
797 913 1027 949 solicitudinem
1052 927 1103 950 as-

354 969 525 1006 sumentes,
548 971 576 997 et
595 975 656 997 non
671 962 828 997 modicum
851 964 1045 1000 confidentes
1063 965 1102 1000 de

354 1009 460 1051 vobis,
500 1024 580 1059 quos
619 1012 710 1048 nobis
741 1012 899 1048 Dominus
934 1014 971 1048 ad
1000 1022 1101 1050 tantae

354 1059 546 1096 difficultatis
570 1074 649 1097 onus
675 1062 777 1097 levius
803 1063 1024 1109 perferendum
1047 1076 1100 1099 so-

353 1114 524 1150 licitudinis
546 1124 669 1152 nostrae
695 1116 792 1151 voluit
813 1129 884 1152 esse
912 1118 1097 1166 participes:

171 1165 269 1186 “mmm
317 1171 339 1188 '³‘
354 1169 585 1205 universitatem
618 1178 749 1206 vestram
783 1182 946 1217 rogamus,
983 1183 1099 1207 mone—

157 1202 231 1217 urnnes
253 1203 291 1224 pro
313 1204 338 1219 eo

157 1234 190 1263 m,
230 1227 338 1279 Effi¹⁰⁵f³⁹
352 1235 435 1263 mus,
457 1231 486 1258 et
501 1224 702 1260 exhortamur
724 1225 755 1259 in
774 1223 923 1270 Domino,
945 1235 1100 1274 quatenus

156 1265 601 1326 32:231&ss*lliusufficientiam
629 1288 767 1314 nostram
807 1281 916 1315 vestris
942 1281 1098 1317 orationi-

156 1325 202 1342 ’ω
221 1321 410 1366 ⁰⁰⁰¹¹⁰um¹bus
436 1332 519 1379 apud
553 1332 726 1368 Dominum
753 1333 922 1370 adiuvetis:
957 1344 988 1371 et
1014 1337 1097 1372 circa

349 1387 549 1422 commissam
575 1387 665 1422 nobis
687 1387 835 1423 dominici
857 1389 961 1436 gregis
990 1397 1097 1425 custo-

349 1439 431 1475 diam
455 1440 621 1488 diligenter
641 1450 672 1476 et
693 1441 811 1477 utiliter
832 1442 1004 1489 vigilantes,
1033 1444 1096 1479 de-

348 1494 463 1529 sectum
483 1503 624 1530 nostrum
647 1496 809 1531 humiliter
823 1497 969 1545 supplere
980 1498 1094 1541 velitis,

347 1557 378 1583 et
419 1549 590 1585 iniunctam
625 1550 716 1585 nobis
748 1550 950 1587 ecclesiastici
991 1553 1095 1588 oneris

347 1603 528 1649 gravitatem
562 1604 701 1651 vigilanti
739 1605 844 1648 studio
885 1615 1092 1654 comportare.

346 1656 411 1692 Nos
431 1658 515 1692 enim
538 1670 592 1694 vos
614 1667 770 1707 tamquam
794 1659 980 1707 principalia
998 1673 1095 1696 mem-

345 1711 399 1746 bra
416 1711 577 1748 Ecclesiae
603 1713 759 1749 honorare
780 1713 986 1759 intendimus,
1010 1724 1040 1750 et
1062 1716 1104 1763 in.

345 1766 581 1802 necessitatibus
607 1768 718 1803 vestris
745 1771 913 1814 (quantum
935 1767 1093 1805 Dominus

344 1821 539 1867 permiserit)
566 1821 724 1857 adiuvare.

393 1872 508 1908 Datum
536 1874 681 1910 Lateran.
704 1875 814 1923 quinto
837 1875 880 1911 id.
907 1876 1050 1912 ianuarii.

384 1930 444 1962 Dat.
464 1932 510 1962 die
533 1933 550 1962 9
567 1933 693 1963 ianuarii
714 1933 799 1969 1198,
815 1934 916 1972 pontif.
935 1943 1010 1963 anno
1032 1943 1050 1963 1.

697 2093 735 2128 11.

345 2169 513 2216 Confirmat
536 2170 713 2203 sententiam
732 2180 786 2214 per
812 2170 926 2214 leqatos
963 2172 1090 2215 Aposto-

392 2225 468 2257 lt'cae
487 2224 575 2257 Sedis
597 2224 693 2257 latam
719 2230 826 2256 contra
854 2223 1088 2258 Jlarcouatctum

390 2279 536 2312 libertatis
573 2279 789 2312 ecclesiasticae
825 2279 1021 2320 violatorem,
1062 2285 1088 2311 et

388 2333 572 2378 patrimonii
596 2333 749 2366 Ecclesiae
774 2333 944 2367 invasorem
971 2334 1025 2374 (1).

603 2405 822 2437 SEMMARmM

342 2471 509 2504 Exordium.
535 2490 573 2497 -
594 2473 813 2512 Longanimitas
836 2482 902 2512 erga
929 2471 1088 2502 Marcoval·

382 2520 451 2549 dum
471 2518 612 2550 adhibita.
629 2535 668 2541 —
682 2518 713 2548 ln
728 2518 911 2548 contumacia
926 2518 1087 2557 persistens

381 2572 396 2593 a
428 2563 531 2602 legatis
565 2563 649 2594 Sedis
679 2565 778 2603 Apost.
807 2562 1086 2593 excommunicatur.

379 2623 419 2630 —
436 2607 585 2638 Sententia
608 2608 643 2638 ab
662 2607 810 2638 Innocent.
833 2607 1032 2638 confirmatur.
1048 2623 1087 2630 —

380 2650 537 2682 Fautorum
561 2662 680 2692 poenae.

377 2709 416 2743 (1)
432 2709 472 2737 Ex
488 2709 586 2743 Baluz.,
605 2709 655 2738 loc.
673 2710 729 2743 cit,
747 2710 824 2745 epist.
841 2709 885 2736 38.

1193 420 1280 450 versis
1299 421 1430 457 episcopis
1448 428 1496 458 per
1523 422 1669 451 Mai-chiam
1687 420 1860 450 constitutis.

1197 483 1235 518 Et
1257 484 1373 519 zizania
1393 496 1456 519 non
1484 483 1616 519 avellere
1642 492 1713 519 ante
1739 495 1891 527 messem,
1938 488 2054 510 “mmmm-

1147 533 1325 580 evangelica
1355 533 1496 569 doctrina
1532 534 1740 581 praecipimur
1773 536 1834 578 (1):
1861 541 1893 568 et

1147 582 1246 618 malos
1273 595 1372 631 usque
1389 583 1426 619 ad
1450 583 1638 618 sententiam
1665 583 1808 628 tolerare,
1838 595 1891 618 ca-

1146 643 1257 668 nonica
1283 641 1478 668 1nst1tutione
1509 644 1690 668 monemur:
1724 645 1831 668 verum
1861 641 1890 668 et

1145 682 1260 717 zizania
1282 683 1313 717 in
1337 682 1515 730 manipulos
1540 681 1683 729 colligata
1704 682 1890 718 comburere

1144 731 1295 766 debemus
1318 741 1386 780 post
1412 744 1566 773 messem,
1600 740 1631 766 et
1664 733 1790 779 iniquos
1821 740 1890 779 post

1143 782 1330 816 sententiam
1355 782 1481 817 evitare.
1511 781 1579 816 Hoc
1603 781 1758 828 siquidem
1780 791 1887 817 atten-
1917 786 2072 813 L⁰⁰ss³³i=¹¹¹⁸⁵

1143 830 1263 875 dentes,
1278 832 1350 866 licet
1370 830 1588 866 Marcovaldus
1609 831 1706 866 multa
1727 839 1834 867 contra
1854 831 1890 866 li·
1903 824 1953 871 ξζῗζ
1964 816 2085 871 ἓῖἓὶῗᾷώ

1142 879 1293 916 bertatem
1320 880 1573 921 ecclesiasticam,
1600 888 1633 915 et
1657 880 1817 916 Ecclesiae
1838 893 1890 929 pa-

1144 930 1324 965 trimonium
1364 930 1643 978 praesumpsisset,
1677 942 1750 966 eum
1783 938 1887 966 tamen

1141 980 1415 1016 excommunicare
1440 980 1631 1020 distulimus,
1659 992 1699 1015 ne
1719 980 1746 1015 si
1772 980 1888 1015 admo—

1141 1029 1216 1064 nitio
1253 1042 1316 1064 non
1356 1029 1556 1078 praecederet
1595 1029 1634 1064 ad
1668 1029 1886 1076 proferendam

1140 1080 1338 1124 sententiam,
1366 1092 1428 1114 non
1455 1079 1522 1115 zelo
1544 1078 1752 1124 rectitudinis,
1773 1079 1828 1114 sed
1847 1092 1887 1115 ex

1140 1128 1211 1163 odio
1233 1129 1350 1164 moveri
1373 1129 1476 1176 potius
1502 1128 1690 1164 videremur.
1718 1127 1885 1164 Caeterum

1139 1189 1209 1212 cum
1241 1179 1347 1214 dilecti
1375 1178 1430 1213 filii
1465 1179 1561 1214 nostri
1596 1177 1633 1213 C.
1669 1177 1751 1213 tituli
1778 1178 1884 1214 Sancti

1139 1226 1301 1263 Laurentii
1325 1228 1356 1263 in
1382 1227 1516 1272 Lucina,
1543 1236 1573 1263 et
1597 1227 1621 1262 1.
1646 1227 1725 1262 tituli
1751 1227 1885 1263 Sanctae

1138 1276 1263 1313 Priscae
1281 1277 1451 1325 presbyteri
1464 1277 1562 1323 card.,
1576 1277 1776 1324 Apostolicae
1793 1276 1886 1312 Sedis

1137 1326 1242 1373 legati,
1263 1327 1302 1362 de
1324 1327 1470 1363 mandato
1488 1335 1595 1362 nostro
1616 1326 1785 1362 Marchiam
1814 1327 1885 1362 suis-

1137 1385 1207 1412 sent
1229 1377 1373 1424 ingressi,
1400 1385 1431 1412 et
1444 1378 1562 1412 dictum
1579 1376 1812 1412 Marcovaldnm
1828 1388 1885 1424 per

1136 1438 1210 1461 suas
1235 1426 1341 1462 literas
1366 1427 1515 1462 attentius
1541 1426 1755 1467 monuissent,
1783 1434 1816 1461 ut
1844 1425 1884 1461 ab

1136 1476 1339 1511 ecclesiarum
1362 1476 1521 1517 incendio,
1545 1475 1688 1510 villarum
1710 1484 1742 1510 et
1761 1483 1883 1511 castro-

1135 1537 1204 1560 rum
1231 1525 1455 1566 devastatione,
1482 1537 1563 1573 quae
1591 1525 1623 1560 in
1649 1536 1758 1560 eorum
1780 1525 1882 1561 oculis

1135 1575 1344 1621 perpetrabat,
1377 1575 1552 1616 desisteret,
1579 1583 1610 1610 et
1630 1575 1801 1610 exercitum
1829 1575 1882 1610 di-

1135 1624 1285 1666 mitteret;
1313 1625 1402 1660 cuius
1426 1625 1592 1660 occasione
1622 1631 1686 1660 tota
1707 1623 1771 1660 fere
1796 1623 1882 1659 Mar-

1133 1673 1202 1709 chia
1225 1674 1417 1710 vastabatur:
1440 1686 1499 1709 nec
1520 1674 1588 1721 ipse
1606 1673 1778 1710 eorundem
1799 1673 1882 1721 lega·
1907 1687 2076 1710 incanum-es-

1134 1731 1235 1758 torum
1258 1724 1386 1760 monitis
1410 1724 1573 1771 paruisset,
1599 1724 1630 1758 in
1653 1736 1726 1758 eum
1753 1731 1880 1771 propter
1892 1720 2076 1778 {fflssssl'ssilss

1133 1774 1359 1808 contumaciam
1391 1772 1724 1808 excommunicationis
1749 1780 1878 1808 senten·
1891 1782 1980 1818 stetim
1990 1788 2075 1804 exeo-1-

1132 1824 1205 1857 tiam
1227 1823 1433 1870 protulerunt.
1468 1823 1532 1858 Nos
1569 1822 1680 1870 igitur,
1719 1822 1803 1870 quod
1836 1822 1876 1858 ab
1891 1815 2015 1835 “¹“”'⁶⁸¹'¹¹'

1132 1871 1250 1907 eisdem
1272 1873 1354 1907 card.
1378 1873 1492 1908 factum
1518 1880 1578 1916 est,
1600 1879 1701 1907 ratum
1715 1871 1878 1916 habentes,

1131 1933 1166 1956 ac
1190 1922 1327 1957 volentes
1354 1921 1573 1957 inviolabiliter
1598 1921 1770 1963 observari,
1792 1933 1879 1968 prae—

1131 1972 1237 2006 sertim
1264 1984 1335 2007 cum
1362 1972 1451 2019 plura
1484 1971 1624 2012 subsint,
1659 1983 1755 2018 quare
1787 1971 1877 2007 fuerit

1131 2021 1464 2056 excommunicationis
1504 2021 1658 2056 sententia
1694 2020 1876 2063 feriendus,

1132 2078 1238 2117 utpote
1253 2071 1307 2117 qui
1329 2070 1423 2106 fidem
1445 2070 1605 2106 Ecclesiae
1618 2069 1778 2106 multoties
1791 2082 1878 2118 prae-

1129 2120 1232 2154 stitam
1259 2120 1394 2161 violavit,
1429 2120 1483 2168 qui
1518 2120 1739 2168 patrimonium
1761 2119 1876 2156 Eccle-

1129 2170 1192 2204 siae
1225 2169 1370 2205 invadere
1407 2182 1444 2205 ac
1482 2169 1622 2205 detinere
1653 2170 1874 2217 praesumpsit,

1128 2227 1158 2253 et
1181 2218 1255 2253 illud
1275 2231 1369 2266 saepe
1387 2220 1609 2261 commonitus,
1632 2220 1795 2254 restituere
1809 2231 1872 2253 non

1128 2268 1262 2303 curavit:
1304 2268 1484 2304 fraternitati
1517 2276 1635 2304 vestrae
1666 2280 1720 2316 per
1745 2276 1873 2316 aposto·
1899 2276 2010 2299 Sententia
2035 2277 2069 2298 -ώ

1886 2307 1999 2330 Innocent.
2015 2313 2066 2330 con-

1106 2345 1108 2350 ,
1129 2317 1184 2352 lica
1203 2319 1318 2365 scripta
1335 2319 1531 2360 mandamus,
1545 2326 1699 2366 qnatenus
1712 2325 1772 2352 tam
1787 2329 1871 2359 eum,
1886 2339 1985 2361 „mmm

1128 2378 1220 2413 quam
1243 2368 1413 2415 complices
1434 2369 1501 2404 eins
1518 2367 1806 2404 excommunicatos
1817 2379 1874 2415 pu-

1127 2416 1207 2451 blice
1240 2418 1413 2463 nuncietis,
1452 2427 1482 2454 et
1508 2417 1626 2453 faciatis
1657 2428 1712 2464 per
1755 2425 1872 2452 vestras

1127 2469 1288 2505 dioeceses
1307 2471 1459 2507 nunciari.
1489 2471 1555 2507 Nos
1575 2471 1657 2506 enim
1684 2470 1872 2519 praedeces—

1127 2536 1232 2560 sorum
1255 2533 1433 2561 nostrorum
1451 2533 1564 2561 statuta
1579 2533 1759 2573 sequentes,
1774 2536 1810 2560 ac
1823 2532 1871 2560 at-

1127 2579 1302 2621 tendentes,
1329 2579 1413 2627 quod
1435 2580 1534 2626 magis
1554 2586 1696 2628 oporteat
1721 2577 1788 2614 Deo
1809 2591 1868 2615 ser-

1127 2635 1206 2675 vire,
1242 2645 1336 2681 quam
1363 2633 1562 2675 hominibus,
1597 2644 1724 2673 omnes,
1751 2632 1805 2681 qui
1838 2633 1867 2668 ei

1161 2707 1200 2743 (t)
1217 2708 1309 2736 Mattb.
1328 2716 1388 2741 xiii,
1405 2708 1450 2735 29.
