2129 3223
133 254 186 281 An.
199 254 227 282 C.
248 255 317 282 ¹228

145 703 316 729 lteligionenique

248 733 318 753 >linu-

135 771 187 789 tuni,
198 763 316 785 Montanum

133 799 153 814 «t
166 794 315 815 Tei-uariorum

133 734 179 753 frati
187 740 218 753 nin

132 826 234 845 instituit:

143 2421 165 2439 ϊι
177 2421 258 2440 tandem
273 2420 311 2441 ula-

130 2452 226 2470 dvrfttiztt
240 2452 259 2470 ln
274 2450 311 2470 Ι)-

130 2486 185 2500 ustim
195 2497 199 2500 .

380 248 451 280 440

332 313 391 347 cim
426 312 541 358 gradus
576 313 748 354 virtutum,
789 314 843 361 qui
879 316 1012 360 mystice
1052 315 1080 348 in

332 361 488 396 Psalterio
502 363 714 406 continentur,
730 363 883 398 ascendit.
906 363 945 397 Et
964 363 1080 398 ibidem

332 410 426 445 altare
452 410 557 446 cordis
590 411 727 447 Domino
760 421 968 454 construens,
1004 425 1082 447 aro—

332 467 414 494 mata
441 459 624 495 devotarum
647 461 822 496 orationum
845 462 957 497 obtulit
985 474 1082 508 super

330 521 386 553 eo,
427 521 482 555 per
509 522 621 545 manus
659 510 819 557 angelicas
852 512 882 546 in
910 520 1080 557 conspectu

330 557 459 592 Domini
477 558 659 604 deferenda,
674 560 815 595 concivis
829 560 991 606 angelicus
1009 572 1080 595 mox

330 607 466 642 futurus.

380 656 400 704 S
426 659 460 691 4.
495 657 542 691 Ne
578 670 650 693 vero
676 658 733 693 sihi
762 659 819 693 soli
847 658 1013 705 proficeret
1049 659 1079 692 in

333 715 450 747 monte,
485 707 703 742 tantummodo
730 707 849 742 Rachel
882 707 1081 754 amplexibus

331 755 535 796 inhaerendo,
559 757 816 803 contemplationi
839 756 988 803 pulchrae
1009 756 1081 803 qui-

330 805 424 844 dem,
458 804 513 840 sed
548 806 662 845 sterili,
694 806 731 840 ad
766 805 841 840 Liae
876 806 1079 840 interdictum

330 853 496 889 descendit
523 853 723 899 cubiculum,
753 856 930 889 minaturus
951 867 1078 901 gregem

329 903 474 950 gemellis
507 904 642 938 foetibus
673 904 897 939 foecundatum
930 904 967 938 ad
1001 905 1081 938 inte-

329 953 411 987 riora
442 952 569 994 deserti,
602 965 657 1000 pro
692 953 771 988 vitae
795 954 921 1000 pascuis
949 954 1081 1000 perqui-

329 1002 447 1046 rendis,
470 1010 504 1036 ut
530 1001 594 1036 illic
617 1001 669 1036 ubi
692 1014 807 1037 manna
829 1002 974 1038 coelestis
1001 1002 1080 1037 dul-—

329 1051 451 1085 cedinis
483 1051 606 1095 reficit,
642 1063 658 1086 a
699 1051 909 1086 saecularium
945 1054 1078 1098 strepitu

330 1108 526 1146 segregatos,
565 1112 636 1135 cum
676 1100 884 1147 lacrymarum
927 1101 1080 1136 effusione

329 1149 450 1184 semina
472 1162 527 1184 sua
550 1149 690 1190 mittens,
712 1162 784 1184 cum
804 1151 995 1185 exultatione
1018 1163 1081 1185 ma-

330 1198 468 1245 nipulos,
490 1198 529 1234 ad
551 1199 746 1234 aeternitatis
761 1199 871 1235 horrea
895 1208 1078 1246 reportaret,

329 1260 402 1283 cum
431 1248 537 1295 populi
560 1249 606 1282 sui
637 1248 831 1295 principibus
858 1249 1078 1294 collocandus,

329 1309 445 1332 corona
477 1298 610 1332 iustitiae
636 1306 815 1332 coronatus.
839 1297 900 1340 Qui
931 1299 1078 1333 nimirum

330 1358 392 1381 non
415 1358 495 1393 quae
520 1359 576 1381 sua
604 1355 677 1381 sunt
704 1359 871 1393 quaerens,
897 1347 952 1382 sed
976 1348 1080 1395 potius

329 1407 411 1442 quae
446 1403 520 1430 sunt
549 1395 681 1436 Christi,
703 1404 735 1430 et
765 1397 867 1431 cidem
899 1396 982 1431 velut
1010 1398 1079 1444 apis

329 1453 549 1491 argumentosa
582 1444 786 1483 deserviens,
830 1457 952 1480 necnon
987 1447 1076 1492 quasi

329 1494 418 1528 stella
450 1494 600 1529 matutina
642 1495 672 1528 in
707 1494 812 1529 medio
850 1494 1004 1538 nebulae,
1043 1507 1078 1530 ac

329 1543 418 1589 quasi
441 1543 514 1578 luna
537 1543 626 1589 plena
654 1544 685 1578 in
707 1543 821 1578 diebus
847 1544 923 1584 suis,
946 1553 975 1578 et
997 1545 1077 1578 sicut

329 1591 376 1626 sol
410 1593 441 1626 in
467 1592 611 1627 Ecclesia
638 1592 695 1627 Dei
720 1592 860 1638 fulgens,
901 1593 1076 1639 lampadem

329 1649 359 1675 et
385 1642 489 1676 tubam
513 1642 542 1676 in
566 1654 679 1676 manus
705 1644 887 1688 assumpsit,
918 1650 950 1676 ut
973 1644 1079 1677 lucen-

330 1690 408 1725 tium
436 1703 568 1738 operum
595 1691 794 1726 documentis
824 1691 957 1726 humiles
982 1700 1098 1726 aura-2

328 1739 418 1774 heret
443 1739 483 1774 ad
509 1740 657 1787 gratiam,
689 1748 718 1775 et
746 1748 908 1787 protervos
931 1753 947 1775 a
975 1741 1077 1775 noxiis

328 1789 502 1824 retraheret
528 1789 722 1829 excessibus,
750 1789 827 1824 dura
863 1790 1076 1836 increpatione

328 1838 489 1873 terrendo.
509 1839 554 1873 Ac
572 1839 616 1873 sic
638 1839 751 1873 virtute
767 1839 926 1873 charitatis
944 1839 1075 1878 afflatus,

328 1888 358 1922 in
387 1895 486 1923 castra
519 1887 773 1932 Madianitarum,
803 1887 965 1923 Ecclesiae
992 1888 1076 1922 iudi—

327 1937 412 1971 cium
440 1936 678 1981 declinantium
702 1950 757 1984 per
783 1945 1011 1984 contemptum,
1039 1949 1076 1972 eo

328 1985 471 2030 iuvante,
493 1986 545 2032 qui
568 1986 643 2020 dum
667 1965 807 2032 iirginali
831 1994 922 2021 utero
947 1986 1075 2021 claude-

328 2045 434 2080 retur,
469 2035 621 2070 mundum
660 2047 718 2070 suo
753 2035 906 2070 circuibat
944 2036 1075 2082 imperio

327 2084 527 2126 universum,
558 2084 735 2132 intrepidus
762 2085 850 2119 irruit
885 2093 915 2119 et
948 2084 1073 2119 abstulit

325 2145 427 2174 arma,
451 2133 481 2168 in
508 2134 627 2182 quibus
648 2133 826 2168 confidebat
852 2134 940 2168 fortis
971 2146 1074 2168 arma—

327 2191 390 2223 tus,
416 2183 529 2218 atrium
566 2195 660 2218 suum
691 2183 887 2237 custodiens,
915 2192 944 2218 et
964 2182 1073 2217 distri-

326 2231 394 2266 buit
415 2232 526 2279 spolia,
553 2245 634 2280 quac
657 2233 793 2273 tenebat,
820 2233 952 2279 eiusque
974 2232 1073 2278 capti-

326 2281 451 2316 vitatem
479 2283 633 2330 captivam
668 2282 790 2316 reduxit
817 2281 849 2316 in
884 2281 1071 2328 obsequium

326 2329 395 2365 lesu
419 2330 549 2366 Christi.

373 2380 394 2427 ἓ,
416 2382 448 2415 5.
471 2380 570 2416 Hoste
592 2381 697 2428 itaque
720 2380 833 2428 triplici
861 2381 891 2415 in
915 2388 996 2415 terra
1021 2392 1073 2426 po-

325 2429 406 2464 situs
427 2439 587 2478 superato,
614 2442 711 2485 regno
743 2429 902 2465 coelorum
934 2429 993 2463 vim
1022 2442 1071 2463 in-

325 2477 411 2520 tulit,
446 2488 477 2515 et
510 2479 586 2515 illud
615 2480 718 2526 rapuit
751 2478 917 2519 violenter,
945 2487 975 2513 et
1003 2486 1072 2533 post

326 2528 421 2563 huius
437 2529 516 2564 vitae
528 2528 713 2576 quamplura
732 2529 865 2575 gloriosa
888 2529 1070 2568 certamina,

326 2577 479 2612 mundum
511 2579 727 2625 triumphans,
767 2577 899 2612 feliciter
930 2576 1070 2631 migravit

325 2625 362 2660 ad
376 2624 559 2661 Dominum.
579 2627 693 2661 multos
715 2625 920 2673 praeveniens
941 2625 1069 2660 scientia

908 260 1008 282 BULLA
1014 260 1045 281 R!
1052 259 1095 281 PM
1118 258 1279 280 ROMANUM

1124 313 1283 360 praeditos
1318 313 1456 350 scienter
1495 314 1620 349 nescius
1653 322 1682 349 et
1707 314 1872 361 sapienter

1124 362 1280 398 indoctus.

1171 412 1191 458 ἓ
1217 413 1250 446 6.
1278 413 1362 447 Sane
1390 412 1465 448 licet
1487 413 1554 447 eius
1577 413 1637 446 vita
1665 421 1725 446 tam
1751 421 1870 452 sanctzu

1124 469 1185 495 tam
1208 470 1332 496 strenua
1353 470 1384 495 et
1405 461 1561 516 praeclara
1580 462 1638 496 sibi
1658 460 1814 496 sufficeret
1832 453 1889 496 ail'

1121 510 1328 544 obtinendum
1351 511 1543 545 consortium
1570 510 1731 545 Ecclesiae
1757 510 1872 546 nium-

1123 559 1264 605 phantis2
1293 560 1364 606 quia
1392 568 1495 594 tamen
1524 559 1672 600 militans,
1706 572 1787 606 quae
1818 572 1871 595 so-

1122 608 1285 643 lummodo
1317 609 1451 644 videtin
1476 609 1570 650 facie,
1603 621 1664 643 non
1700 611 1869 655 praesumit

1122 657 1161 692 de
1183 658 1243 697 liis,
1265 658 1318 704 qui
1341 658 1381 692 de
1402 670 1459 692 suo
1482 658 1549 693 foro
1567 670 1630 692 non
1652 666 1736 701 sunt,
1758 668 1869 693 aucto-

1123 707 1211 742 ritate
1238 709 1361 754 propria
1389 707 1546 747 iudicare,
1581 716 1612 742 ut
1635 707 1704 741 illos
1727 719 1783 754 pro
1811 709 1869 742 vita

1122 764 1243 790 tantum
1271 756 1465 791 venerandos
1492 765 1647 795 assumat,
1685 758 1869 802 praesertim

1121 806 1193 851 quia
1220 817 1461 853 nonnumquam
1488 805 1630 851 Angelus
1655 804 1811 840 Satlianae
1838 807 1868 840 in

1121 854 1200 889 lucis
1228 854 1386 900 Angelum
1410 867 1444 890 se
1472 855 1688 894 transformat,
1716 856 1870 902 omnipo—

1122 912 1191 939 tens
1208 914 1238 939 et
1257 904 1437 938 misericors
1452 904 1552 947 Deus,
1571 903 1609 938 de
1629 904 1719 938 cuius
1739 916 1869 938 munere

1122 954 1221 995 venit,
1248 953 1333 999 quod
1362 953 1539 999 praedictus
1569 952 1707 987 famulus
1739 952 1868 993 Christi,

1121 1002 1218 1048 digne
1245 1002 1305 1037 sibi
1331 1010 1362 1036 et
1384 1002 1584 1041 laudabiliter
1605 1002 1782 1045 deservivit,
1806 1010 1870 1037 tan—

1121 1061 1183 1086 tam
1223 1051 1384 1086 lucernam
1418 1051 1634 1086 absconditam
1667 1051 1726 1085 sub
1762 1051 1869 1086 modio

1121 1113 1284 1135 remanere
1318 1113 1380 1134 non
1417 1101 1556 1148 patienS,
1583 1101 1637 1135 sed
1664 1113 1731 1135 eam
1760 1101 1869 1136 volens

1120 1162 1216 1197 super
1233 1149 1457 1184 candelabrum
1479 1150 1637 1195 collocari,
1660 1150 1708 1184 his
1722 1150 1776 1196 qui
1795 1160 1868 1184 sunt

1121 1199 1152 1233 in
1179 1199 1273 1234 domo
1308 1199 1437 1234 luminis
1468 1199 1613 1234 solatium
1642 1198 1867 1246 ptaebituran'i,

1120 1249 1214 1283 vitam
1234 1248 1303 1283 eius
1325 1248 1385 1282 sibi
1408 1248 1502 1284 fuisse
1524 1257 1697 1295 acceptam,
1719 1256 1750 1283 et
1768 1249 1867 1295 ipsius

1120 1298 1304 1332 memoriam
1332 1309 1401 1332 esse
1434 1311 1450 1332 a
1474 1297 1618 1332 militanti
1645 1297 1788 1332 Ecclesia
1815 1310 1868 1332 ve—

1123 1347 1307 1391 nerandam,
1329 1347 1437 1382 multis
1463 1356 1493 1383 et
1519 1347 1687 1394 praeclaris
1708 1347 1868 1382 miraculis

1119 1396 1300 1431 declaravit.

1167 1445 1188 1492 g
1212 1449 1241 1479 7.
1265 1444 1345 1479 Cum
1370 1445 1466 1491 igitur
1487 1446 1643 1491 gloriosae
1667 1446 1744 1480 vitae
1767 1445 1867 1492 ipsius

1119 1494 1254 1540 insignia
1278 1506 1316 1529 ex
1336 1495 1433 1529 multa
1452 1494 1671 1535 familiaritate,
1696 1506 1790 1541 quam
1815 1507 1868 1529 no-

1120 1543 1242 1578 biscum
1270 1543 1381 1577 habuit
1410 1544 1440 1577 in
1464 1544 1577 1578 minori
1606 1543 1708 1578 officio
1740 1544 1864 1579 consti—

1119 1593 1202 1633 tutis,
1226 1593 1318 1639 plene
1343 1592 1468 1638 cognita
1495 1592 1586 1627 nobis
1616 1600 1740 1636 essent,
1775 1601 1805 1628 et
1826 1592 1865 1628 de

1118 1642 1340 1676 miraculorum
1367 1642 1584 1676 coruscatione
1607 1642 1785 1689 multiplici,
1809 1654 1868 1689 per

1119 1699 1213 1725 testes
1248 1690 1381 1726 idoneos
1408 1690 1500 1725 nobis
1534 1691 1614 1726 facta
1645 1690 1740 1725 fuerit
1772 1690 1864 1738 plena

1119 1740 1207 1784 fides,
1230 1740 1425 1775 confidentes
1448 1752 1502 1787 per
1523 1740 1582 1775 Dei
1603 1740 1863 1781 misericordiam,

1118 1801 1175 1824 nos
1202 1798 1233 1823 et
1262 1802 1388 1835 gregem
1417 1789 1507 1824 nobis
1540 1790 1769 1832 commissum,
1795 1791 1864 1825 eius

1117 1838 1274 1884 suffragiis
1305 1838 1460 1879 adiuvari,
1494 1846 1525 1873 et
1557 1851 1651 1885 quem
1679 1838 1862 1874 familiarem

1117 1887 1287 1922 habuimus
1310 1888 1340 1921 in
1368 1888 1471 1931 terris,
1493 1887 1608 1922 habere
1633 1896 1798 1934 patronum
1831 1889 1862 1923 in

1116 1937 1238 1976 Coelis;
1274 1936 1381 1971 habito
1407 1936 1537 1971 fratrum
1574 1945 1752 1972 nostrorum
1784 1950 1864 1972 con-

1115 1986 1200 2024 silio,
1225 1993 1255 2020 et
1276 1998 1427 2029 assensu,
1461 1986 1562 2032 ipsum
1590 1985 1724 2021 adscribi
1751 1986 1861 2022 decro—

1115 2036 1218 2069 ximus
1246 2043 1426 2069 sauctorum
1449 2035 1612 2081 cathalogo
1638 2035 1860 2071 venerandum.

1163 2084 1229 2130 §3-
1246 2083 1437 2128 Statuentes,
1461 2092 1492 2118 ut
1518 2093 1630 2131 quarto
1652 2097 1750 2119 nonas
1772 2094 1860 2120 octo—

1115 2133 1189 2172 bris,
1213 2133 1263 2167 ‹lie
1286 2134 1431 2168 videlicet
1458 2146 1520 2180 quo
1541 2147 1558 2168 a
1580 2134 1682 2168 carnis
1703 2133 1861 2179 ergastulo

1114 2181 1293 2226 absolutus,
1328 2183 1365 2217 ad
1393 2183 1538 2217 aetherea
1574 2195 1668 2229 regna
1697 2183 1859 2229 pervenit,

1113 2231 1152 2265 ab
1184 2232 1349 2266 universali
1386 2231 1527 2267 Ecclesia
1554 2232 1690 2267 natalitia
1719 2231 1788 2267 eius
1809 2231 1861 2266 ‹le-

1113 2289 1183 2315 vote
1204 2293 1239 2315 ac
1261 2281 1445 2316 solemniter
1466 2280 1674 2316 celebrentur.

1161 2330 1181 2376 S
1207 2332 1240 2364 9.
1263 2330 1419 2372 Quocirca
1455 2331 1688 2365 universitatem
1724 2337 1856 2364 vestram

1112 2391 1270 2424 rogamus,
1299 2391 1466 2414 monemus
1491 2388 1522 2414 et
1550 2380 1710 2414 hortamur
1730 2380 1761 2414 in
1791 2379 1857 2414 Do—

1113 2428 1209 2469 mino,
1240 2442 1295 2475 per
1316 2429 1487 2475 apostolica
1511 2428 1598 2464 vobis
1623 2427 1738 2475 scripta
1766 2441 1856 2463 man—

1112 2477 1232 2518 dantes,
1260 2486 1416 2524 quatcnus
1442 2478 1492 2512 die
1520 2476 1676 2524 praedicto
1705 2478 1735 2512 in
1766 2491 1856 2513 com-

1112 2528 1337 2561 memoratione
1360 2527 1471 2574 ipsius,
1492 2526 1603 2561 divinis
1626 2525 1772 2561 laudibus
1797 2527 1857 2562 ala-

1111 2575 1204 2610 criter
1248 2576 1453 2616 insistentes,
1493 2575 1634 2610 eiusdem
1683 2577 1855 2622 patrocinia

1111 2623 1271 2659 humiliter
1306 2625 1493 2672 imploretis,
1524 2633 1556 2659 ut
1585 2625 1683 2672 ipsius
1717 2627 1856 2661 interce-

1886 256 1938 283 An.
1955 255 1986 298 C,
1999 255 2066 282 1228

1902 415 1934 437 Mn
1941 416 2048 444 acutisque

1884 446 1977 473 pluribus
1983 446 2058 467 clai-ult

1893 1452 2006 1479 eattiztago
2029 1452 2061 1473 St.

1899 1482 2045 1505 confessorum
2079 1482 2082 1483 ⁷
2096 1508 2099 1510 ¹

1907 1513 2040 1535 adscribitur.

1886 2338 1934 2360 ttius
1944 2338 2053 2361 cetobun-
2072 2327 2083 2346 ⁷⁴

1874 2371 1897 2390 da
1911 2369 2021 2391 festivita-t
