2129 3223
48 295 99 322 Aa.
116 294 145 321 C.
162 295 229 322 ¹265

244 351 379 386 miorum
407 351 534 387 obtentu
567 352 763 393 coelestium,
791 352 915 388 duxerit
937 364 988 388 re-

242 400 442 440 servandum,
469 413 527 435 nos
549 401 598 448 pie
621 402 776 442 volentes,
799 401 884 449 quod
912 402 988 437 illo-

243 461 310 484 rum
338 450 460 484 fruetus
493 450 612 496 integre
643 458 763 485 restrae
797 451 988 498 paupertatis

242 498 354 534 usibus
376 499 584 546 applicentur,
606 507 639 533 ut
660 500 698 534 de
726 500 817 535 dictis
839 500 936 535 bortis
957 508 987 535 et

240 549 381 595 virgultis
403 548 519 583 nullam
554 549 708 583 decimam
739 550 907 584 teneamini
933 561 988 584 ex-

239 596 358 638 hibere,
387 597 474 632 vobis
495 598 676 632 auctoritate
699 598 909 643 praesentium
937 599 987 633 in-

237 647 422 693 dulgemus‚
459 647 633 682 districtius
655 646 833 682 inhibentes
856 660 894 683 ne
916 648 987 695 quis

236 708 253 730 a
275 695 364 731 vobis
385 696 424 731 de
451 697 633 743 praemissis
653 696 771 743 aliquid
799 697 924 743 exigere
941 697 986 733 rel

236 752 423 792 extorquere
446 753 635 791 praesumat.

283 794 304 841 S
330 796 387 829 22.
415 794 497 836 Quia
524 806 597 829 vero
625 794 765 829 nonnulli
788 804 907 830 vestrae
929 795 986 830 ha-

52 841 221 893 sstv¹2j³¹⁹b⁰2³¹
236 842 335 878 bitum
358 843 521 890 religionis
542 853 752 899 assumentes,
775 844 906 879 diversis
921 857 986 891 per-

38 879 137 924 imi-'imi
126 909 158 924 ιιιιι
174 908 220 924 eum
235 893 335 932 sonis
361 904 442 940 quae
464 892 537 927 sciri
561 902 591 928 et
614 893 745 927 inveniri
766 905 826 928 non
843 902 984 939 possunt,

36 933 221 986 ζζζξζξᾶζζῖζῗ
235 941 389 977 interdum
417 941 522 997 aliqua
539 941 618 976 bona
635 942 798 978 restituere
821 951 984 984 tenentur·

36 994 99 1016 bem:
235 990 334 1036 iobis,
349 991 479 1025 ministri
497 1000 527 1025 et
541 991 700 1033 custodes,
715 1003 750 1026 ac
762 992 884 1027 vicariis
899 1004 985 1038 prae-

232 1040 324 1075 ‹lictis
350 1039 567 1080 concedimus,
596 1048 627 1075 ut
650 1041 767 1086 singuli
793 1048 927 1076 vestrum
952 1041 982 1075 in

233 1089 309 1123 locis
336 1088 395 1124 sihi
423 1090 613 1133 commissis,
649 1089 728 1123 bona
766 1090 831 1137 ipsa
856 1090 886 1124 in
917 1090 983 1136 pios

233 1149 309 1173 usus
329 1145 512 1173 convertere
532 1139 662 1177 valeant,
692 1147 784 1185 prout
806 1139 982 1174 secundum

230 1186 333 1223 Deum
355 1187 493 1222 viderint
519 1188 678 1234 expedire.

278 1236 377 1283 525.
406 1236 609 1284 Sepulturam
637 1248 762 1284 quoque
787 1237 818 1271 in
841 1236 982 1272 ecclesiis

32 1287 215 1343 ‘2232'22‘32‘15
231 1286 340 1320 restris
373 1285 589 1326 concedimus
616 1295 645 1321 et
671 1297 739 1320 eam
760 1285 888 1322 liberam
912 1298 981 1321 esse

31 1346 118 1368 necron·
115 1352 132 1367 ιι
155 1351 216 1374 sep·—
230 1346 414 1378 censemus,
450 1342 484 1370 ut
509 1347 618 1370 eorum
645 1334 803 1370 dexotioni
827 1343 857 1369 et
878 1344 981 1370 extre-

31 1377 78 1398 ¹¹¹²
230 1395 300 1419 mae
320 1362 485 1424 voluntati,
512 1384 565 1431 qui
594 1396 627 1418 se
650 1384 714 1418 illic
744 1384 868 1431 sepeliri
896 1384 980 1419 desi-

229 1433 418 1472 deraverint,
441 1433 498 1467 nisi
522 1433 786 1468 excommunicati
808 1441 838 1468 et
856 1433 980 1468 interdi-

227 1482 286 1523 cti,
323 1482 494 1516 autetiam
526 1482 642 1529 publici
677 1482 812 1516 usurarii
847 1482 979 1527 fuerint,

228 1530 336 1566 nullus
358 1530 499 1571 obsistat,
527 1532 609 1566 salva
642 1539 745 1565 tamen
769 1531 886 1566 iustitia
910 1531 979 1566 illa-

227 1591 297 1615 rum
318 1579 536 1620 ecclesiarum,
564 1592 580 1615 a
606 1581 722 1628 quibus
747 1592 877 1627 corpora
899 1593 978 1615 mor·

227 1637 353 1665 tuorum
374 1637 596 1664 assumuntur:
625 1629 796 1664 districtius
823 1630 978 1665 inhiben—

226 1686 274 1714 tes
297 1685 331 1713 ut
351 1677 428 1714 nulli
449 1678 587 1725 religiosi
609 1678 797 1719 saeculares,
819 1679 908 1714 vobis
930 1679 978 1713 in-

227 1727 311 1767 vitis,
337 1727 516 1775 aliquorum
548 1739 680 1775 corpora
705 1727 924 1762 defunctorum
948 1729 978 1762 in

229 1777 339 1812 vestris
360 1776 556 1812 coemeteriis
581 1777 727 1824 sepelire,
749 1784 801 1810 aut
823 1777 854 1811 in
884 1777 978 1812 eccle-

227 1826 284 1861 siis
318 1825 429 1861 vestris
456 1826 621 1860 missarum
654 1825 806 1860 solemnia
841 1825 890 1860 vel
921 1837 978 1873 pro

227 1874 393 1910 animabus
411 1886 534 1914 eorum,
561 1874 616 1922 qui
642 1873 681 1908 ad
707 1874 775 1908 loca
801 1883 904 1909 vestra
927 1879 1000 1920 ιιι-ξ

999 1923 1242 1958 lconiertantur
1269 1923 1300 1957 in
1328 1935 1404 1958 usus
1430 1922 1524 1964 alios,
1557 1922 1613 1957 sed
1641 1923 1670 1957 in
1704 1921 1774 1957 illos

230 1923 370 1959 mulandi
398 1923 554 1963 feruntur,
582 1922 700 1958 ibidem
723 1924 871 1970 exequias
895 1924 979 1958 cele-

230 1974 330 2014 brare,
369 1971 437 2008 sine
470 1981 572 2007 vestro
598 1984 726 2007 assensu
748 1980 777 2007 et
808 1972 978 2015 voluntate,

230 2030 444 2069 praesumant.

278 2072 299 2119 g
319 2073 378 2106 24.
404 2070 618 2106 Inhibemus
611 2083 741 2118 insuper
753 2072 907 2106 universis
924 2071 980 2107 fra-

33 2121 218 2174 ,⁶2⁹¹‘¹²{¹{2'⁵,
230 2121 333 2155 tribus
360 2120 451 2155 vestri
479 2119 616 2161 ordinis,
645 2132 684 2154 ne
706 2120 819 2167 aliquis
847 2133 978 2161 eor,um

34 2157 218 2205 cssssamllmssn-
231 2170 290 2205 nisi
305 2169 501 2205 necessitatis
515 2177 645 2215 urgente
660 2170 802 2210 articulo,
820 2170 869 2204 alii
886 2182 978 2217 quam

34 2218 74 2236 ⁸⁰¹·
231 2219 378 2266 praelatis
401 2219 469 2253 suis
496 2226 621 2265 peccata
643 2230 700 2253 sua
722 2219 864 2254 confiteri
888 2231 979 2266 prae-

230 2276 350 2313 sumat,
377 2267 423 2303 vel
447 2267 517 2302 aliis
550 2267 692 2303 eiusdem
725 2267 848 2303 ordinis
874 2280 979 2303 sacer-

230 2318 359 2353 dotibus
386 2316 563 2352 secundum
591 2316 730 2363 regulam
754 2324 784 2352 et
811 2317 909 2364 ipsius
928 2329 980 2352 or-

230 2367 314 2401 dinis
342 2366 495 2401 instituta.

279 2415 384 2463 §25-
422 2414 588 2450 Lniversis
627 2422 732 2449 autem
767 2414 979 2450 Ecclesiarum

233 2464 380 2511 praelatis
411 2472 441 2499 et
470 2464 541 2498 aliis
563 2463 755 2504 inhibemus,
788 2476 828 2499 ne
849 2463 980 2499 conses—

231 2514 338 2549 siones
374 2522 491 2548 vestras
527 2512 613 2547 vobis
648 2512 753 2547 invitis
773 2513 894 2554 audir‚e
932 2513 980 2548 vel

52 2459 200 2483 Consecuntur

36 2493 68 2513 ei·
107 2491 204 2520 privilegi
198 2496 218 2511 ια

35 2522 142 2544 nonnulla.

231 2562 421 2609 compellere
458 2574 511 2597 ros
532 2562 569 2596 ad
596 2561 733 2610 s3nodos
753 2574 808 2597 sen
830 2574 982 2597 convoca-

232 2613 334 2646 tiones
360 2623 434 2647 suas
455 2610 624 2651 accedere,
659 2610 706 2645 vel
731 2623 801 2646 cum
828 2611 872 2646 eis
894 2620 980 2646 extra

232 2661 372 2695 civitates
394 2660 442 2696 vel
469 2661 549 2695 intra
577 2660 850 2707 processionaliter
876 2661 979 2703 exire,

871 298 1015 323 CLEMENS
1036 298 1071 323 IV
1093 298 1141 322 PP.

1663 288 1725 320 741

1028 359 1082 388 aut
1118 352 1185 387 suis
1222 351 1500 388 constitutionibus
1532 352 1706 392 subiacere,
1733 351 1778 386 vel

1029 401 1186 457 capitula,
1204 402 1354 437 scrutinia
1376 409 1407 436 et
1428 401 1650 449 inquisitiones
1677 401 1707 436 in
1739 400 1778 435 lo

1029 463 1073 487 cis
1094 451 1205 486 vestris
1237 450 1285 486 vel
1315 450 1387 485 alibi
1411 450 1450 486 de
1477 450 1565 486 vobis
1587 450 1699 495 tacere,
1725 458 1778 485 aut

1029 500 1209 535 fidelitatem
1247 500 1421 535 iuramento
1454 499 1620 541 firmatam,
1647 506 1677 534 et
1704 510 1778 534 ma-

1028 549 1153 585 nualem
1176 548 1386 584 obedientiam
1408 561 1424 584 a
1447 549 1610 589 ministris,
1637 547 1777 584 custodi-

1028 598 1089 634 bus
1115 598 1160 634 iel
1188 598 1370 653 guardianis
1407 598 1520 634 vestris
1553 598 1690 645 exigere,
1724 605 1777 632 aut

1028 648 1067 683 de
1102 648 1240 696 ipsorum
1270 647 1464 682 institutione
1491 647 1538 682 vel
1560 647 1777 690 destitutione,

1027 698 1092 732 sire
1118 697 1157 732 de
1184 696 1309 731 statutis
1336 696 1427 731 vestri
1459 695 1578 731 ordinis
1600 707 1634 731 se
1655 696 1777 743 aliqua-

1028 754 1120 781 tenus
1155 746 1375 786 intromittere
1407 757 1464 780 seu
1491 745 1656 792 prohibere
1678 756 1716 779 ne
1737 744 1774 779 ad

1027 796 1166 830 civitates
1188 795 1234 830 vel
1258 795 1356 836 villas,
1378 794 1432 829 ubi
1457 794 1603 841 religiose
1624 806 1660 829 ac
1682 793 1777 829 hone-

1027 852 1073 878 ste
1102 845 1213 879 morari
1238 845 1376 892 possitis,
1398 855 1414 878 a
1437 843 1564 891 populis
1584 843 1701 878 evocati
1724 854 1778 877 au-

1027 893 1125 928 deatis
1146 894 1307 933 accedere,
1330 893 1436 940 ibique
1455 904 1512 940 pro
1533 891 1644 927 vestris
1667 891 1777 927 usibus

1026 951 1208 978 construere
1235 942 1387 983 aedificia,
1414 941 1563 977 ecclesias
1587 953 1641 977 seu
1677 948 1777 976 orato-

1026 992 1086 1032 ria,
1121 1000 1173 1027 aut
1207 991 1237 1026 in
1261 992 1446 1026 accedentes
1477 990 1586 1026 fratres
1618 1003 1674 1026 seu
1698 1002 1776 1026 con-

1025 1049 1182 1076 struentes
1209 1040 1391 1076 huiusmodi
1415 1039 1462 1074 vel
1483 1048 1694 1087 receptatores
1722 1039 1777 1087 ip-

1024 1102 1131 1124 sorum
1147 1089 1481 1125 excommunicationis
1503 1088 1674 1124 sententias
1697 1088 1776 1123 ferre

1025 1146 1236 1186 praesumant.

1072 1188 1170 1235 526.
1199 1187 1416 1222 Concedimus
1446 1198 1574 1242 quoque
1605 1186 1713 1230 vobis,
1742 1195 1775 1221 ut
1802 1196 1926 1223 Prolessau·
1937 1198 1972 1217 de-

1024 1236 1062 1272 de
1086 1238 1145 1281 bis,
1171 1249 1253 1285 quae
1279 1237 1310 1271 in
1333 1237 1537 1276 ornamentis
1565 1235 1611 1271 vel
1634 1247 1690 1283 pro
1704 1213 1970 1280 eis,‘.¹{,¹1¹⁶ss„¹f,¹{‚¹¹g,”'³¹

1022 1294 1075 1320 aut
1097 1286 1195 1341 libris,
1218 1285 1346 1330 fabrica,
1373 1285 1596 1325 luminaribus,
1626 1284 1775 1320 anniver-

1022 1335 1103 1370 sario
1117 1335 1263 1383 septimo,
1285 1346 1450 1381 vigesimo,
1466 1342 1638 1381 trigesimo
1654 1346 1690 1368 ac
1707 1333 1775 1368 aliis

1021 1383 1058 1418 ad
1082 1392 1270 1431 perpetuum
1297 1384 1417 1419 cultum
1442 1383 1604 1423 divinum,
1638 1395 1693 1418 seu
1718 1394 1775 1430 pro

1023 1433 1161 1479 pitantiis
1182 1441 1235 1468 aut
1258 1432 1352 1471 victu,
1374 1432 1412 1467 ad
1439 1433 1698 1468 sustentationem
1715 1443 1775 1466 ve—

1021 1490 1136 1523 stram,
1159 1483 1208 1517 vel
1225 1481 1437 1522 indumentis,
1464 1493 1523 1516 nec
1544 1494 1606 1516 non
1635 1492 1692 1527 pro
1719 1493 1776 1516 an-

1021 1532 1094 1566 nuis
1128 1531 1277 1567 censibus
1315 1530 1528 1572 redimendis,
1564 1530 1602 1565 ad
1637 1542 1774 1578 quorum

1020 1580 1211 1615 solutionem
1240 1580 1363 1627 aliquae
1394 1580 1509 1614 domus
1532 1579 1626 1615 vestri
1653 1579 1774 1615 ordinis

1020 1628 1174 1676 obligatae
1192 1638 1376 1673 noscuntur,
1395 1629 1441 1663 rel
1456 1628 1496 1663 de
1511 1628 1670 1667 domibus,
1689 1640 1775 1676 prae-

1020 1677 1082 1712 diis
1103 1686 1133 1713 et
1162 1679 1278 1718 bortis,
1305 1678 1438 1724 aliisque
1477 1677 1572 1718 locis,
1599 1677 1688 1712 vobis
1721 1689 1774 1712 se-

1020 1728 1158 1762 cundum
1184 1727 1324 1761 instituta
1351 1726 1446 1761 vestri
1472 1726 1591 1761 ordinis
1617 1734 1774 1773 opportu-

1020 1776 1080 1819 nis,
1102 1784 1155 1810 aut
1176 1776 1215 1810 de
1242 1775 1302 1815 his,
1329 1787 1409 1822 quae
1433 1787 1488 1822 pro
1516 1775 1696 1810 huiusmodi
1716 1775 1774 1810 do-

1022 1825 1135 1867 mibus,
1159 1824 1311 1872 praediis,
1341 1824 1442 1859 hortis
1468 1832 1499 1860 et
1520 1824 1597 1859 locis
1619 1824 1772 1868 emendis,

1020 1873 1111 1908 vobis
1134 1873 1278 1928 legantur
1300 1872 1485 1917 (dummodo
1511 1874 1684 1921 praemissa
1711 1885 1772 1908 nou

1794 297 1844 323 An.
1863 296 1891 323 C.
1907 296 1975 323 1265

1021 1971 1193 2027 dumtaxat,
1221 1984 1277 2020 pro
1309 1972 1425 2027 quibus
1452 1971 1693 2020 relinquuntur,
1720 1980 1773 2007 aut

1021 2020 1098 2056 alios
1124 2022 1237 2063 etiam,
1264 2034 1318 2069 qui
1345 2022 1376 2056 in
1403 2022 1461 2056 hac
1487 2021 1693 2056 concessione
1726 2020 1772 2056 vel

1021 2070 1215 2117 indulgentia
1243 2070 1458 2125 continentur)
1480 2070 1559 2105 nulli
1587 2070 1771 2106 canonicam

1022 2120 1172 2154 iustitiam
1208 2127 1261 2154 aut
1287 2120 1465 2167 portionem
1494 2120 1630 2167 aliquam
1662 2127 1773 2155 tenea-

999 2169 1099 2203 'mini
1126 2169 1285 2204 exhibere.
1313 2169 1352 2204 Et
1378 2181 1418 2204 ne
1448 2169 1520 2216 quis
1546 2181 1563 2204 a
1599 2168 1696 2209 vobis,
1724 2168 1771 2203 vel

1023 2218 1203 2253 ultimarum
1231 2217 1454 2253 executoribus
1479 2218 1688 2258 voluntatum,
1714 2229 1770 2252 seu

1021 2267 1243 2302 decedentium
1281 2267 1488 2307 haeredibus,
1520 2266 1560 2302 de
1594 2266 1772 2314 praemissis

1021 2316 1138 2362 aliquid
1162 2317 1288 2362 exigere
1312 2316 1357 2351 vel
1383 2324 1571 2362 extorquere
1592 2322 1771 2364 praesumat

1021 2365 1192 2400 districtius
1214 2365 1406 2400 inhibemus.

1070 2414 1090 2461 S
1111 2416 1169 2448 27.
1194 2414 1243 2449 Ad
1267 2415 1326 2449 hoc
1345 2422 1379 2449 ut
1401 2414 1492 2449 liceat
1510 2413 1657 2449 fratribus
1679 2414 1770 2448 vestri
1800 2423 1874 2451 mique
1899 2424 1967 2445 aimu-

1022 2463 1141 2498 ordinis
1167 2475 1266 2511 quum
1293 2463 1332 2498 de
1359 2462 1520 2511 prioribus
1546 2462 1624 2498 locis
1646 2463 1713 2497 suis
1733 2462 1770 2497 ad
1787 2457 1858 2505 222¹ss
1878 2454 1970 2505 ’(’ῗῡξζ

1021 2512 1079 2547 alia
1101 2513 1167 2548 loca
1189 2524 1222 2547 se
1250 2511 1452 2553 transferunt,
1474 2519 1537 2547 tam
1559 2511 1700 2547 aedificia
1717 2524 1770 2546 seu
1786 2520 1864 2542 ΝΜ]
1853 2519 1873 2535 ¹¹¹
1897 2517 1928 2536 '³
1919 2521 1969 2542 1⁸0-

1021 2573 1147 2597 omnem
1185 2561 1401 2597 aedificiorum
1435 2561 1595 2596 materiam
1628 2561 1770 2597 locorum
1787 2551 1846 2566 ‘'²“

1021 2622 1101 2657 quae
1123 2611 1285 2646 dimittunt
1311 2609 1480 2654 (dedicatis
1505 2610 1658 2645 Ecclesiis
1678 2609 1773 2645 dum-

1021 2668 1103 2695 taxat
1129 2660 1300 2708 exceptis)‚
1334 2672 1430 2707 quam
1456 2659 1565 2702 libros,
1592 2659 1708 2695 calices
1742 2666 1772 2694 et
