2129 3223
143 267 194 294 An.
208 267 235 294 C.
260 267 322 294 ¹261

147 573 278 600 segalatium
288 578 323 593 ve-

139 605 207 624 nitus.

152 1013 181 1035 oe
209 1015 318 1041 recipiem-

136 1046 166 1066 dis
181 1046 202 1066 in
218 1046 300 1066 ordine.

142 1992 231 2028 Tempu·
243 1993 318 2021 proba-

134 2028 203 2044 mnis.

141 2331 316 2355 Proteo-ionius-

133 2364 221 2413 gandae
237 2363 317 2385 fotmu-

389 256 460 290 678

340 321 370 355 iu
393 319 554 354 communi
583 317 749 353 refectorio
775 317 963 353 comedant:
1000 317 1087 352 infir-

339 369 398 404 mis
423 376 454 403 et
476 367 654 415 hospitibus
680 379 716 403 ac
747 367 841 402 etiam
874 367 1087 402 laborantibus

337 418 497 452 dumtaxat
535 417 700 464 exceptis,
738 417 791 464 qui
832 424 1014 451 remaneant
1055 417 1085 450 in

336 466 513 514 provisione
535 466 647 513 prioris
668 466 733 501 sive
759 477 868 501 eorum
896 465 1034 513 praelati.

384 515 404 563 S
431 520 463 550 5.
495 515 624 550 Possint
654 515 748 551 etiam
770 514 949 550 huiusmodi
978 514 1087 550 fratres

336 573 458 613 praeter
479 564 663 601 mantellum
691 572 722 599 et
747 576 937 612 guascapum
971 564 1086 598 habere

335 626 466 661 cappam
481 614 621 649 clausam
649 613 688 648 de
714 613 882 654 camelino,
903 613 950 648 vel
968 612 1007 648 de
1024 613 1086 648 alio

335 675 440 711 panno
461 663 557 711 grisei
579 663 704 707 coloris,
726 663 841 710 illaque
873 662 919 696 uti
958 662 1085 709 quando

336 712 502 748 voluerint:
519 712 623 748 elerici
645 720 749 747 autem
765 711 894 746 camisia
917 711 955 746 de
980 723 1084 758 panno

334 762 419 797 lineo
440 769 494 797 aut
515 761 677 808 guarnello
715 761 798 805 albo,
821 760 866 795 vel
894 760 1084 807 superpelli-

333 812 415 852 ciis,
441 819 472 847 et
503 822 601 858 cappa
640 811 744 846 clausa
781 817 930 844 utantur:
970 809 1085 856 quibus

333 860 429 896 etiam
450 860 542 895 liceat
564 872 620 906 pro
646 859 716 894 loco
742 866 774 893 et
795 867 937 905 tempore
959 860 1005 892 uti
1027 871 1081 893 su-

335 909 525 957 perpelliciis
546 909 614 943 sine
636 919 746 956 cappa.

382 959 404 1006 S
429 960 462 993 6.
490 957 524 993 Si
552 957 622 1005 quis
645 969 720 1004 ergo
755 957 888 991 voluerit
925 957 1005 991 hanc
1038 957 1083 990 vi-

332 1015 394 1042 tam
433 1007 569 1053 eligere,
605 1014 636 1042 et
670 1006 763 1041 fuerit
801 1006 951 1049 idoneus,
996 1006 1082 1040 reci-

334 1057 436 1104 piatur
460 1057 492 1091 in
517 1056 626 1090 ordine
653 1055 692 1090 de
715 1054 842 1102 praelati
864 1054 988 1089 licentia
1023 1067 1082 1100 ge-

333 1105 459 1150 neralis,
485 1104 535 1140 vel
556 1105 636 1148 eius,
662 1105 712 1139 cui
735 1104 892 1150 generalis
921 1104 988 1150 ipse
1026 1117 1082 1138 su-

330 1166 388 1202 per
408 1154 469 1189 hoc
490 1153 684 1189 commiserit
705 1153 790 1188 vices
818 1164 893 1187 suas
908 1181 916 1193 ,
949 1153 1080 1188 fratrum

331 1204 390 1239 loci
418 1203 514 1247 illius,
536 1203 567 1237 in
595 1214 658 1250 quo
681 1202 778 1249 recipi
800 1201 905 1246 debet,
928 1202 975 1236 vel
1011 1214 1079 1236 ma-

331 1253 406 1288 ioris
445 1252 543 1300 partis
582 1263 692 1286 eorum
729 1251 878 1297 requisito
912 1259 941 1285 et
974 1251 1081 1286 habito

331 1301 464 1337 consilio
485 1308 516 1337 et
536 1312 677 1336 assensu.
700 1300 812 1335 Nullus
845 1300 1012 1347 recipiatur
1050 1301 1079 1334 in

331 1350 459 1395 ordine,
480 1349 534 1398 qui
571 1350 610 1384 sit
643 1349 690 1384 vel
724 1349 875 1384 habeatur
904 1349 1081 1395 quomodo-

331 1398 408 1434 libet
439 1399 479 1434 de
510 1399 665 1433 haeretica
705 1400 855 1445 pravitate
886 1406 1079 1445 suspectus,

331 1457 384 1482 aut
404 1449 457 1496 qui
485 1448 524 1482 sit
545 1459 617 1482 aere
649 1446 752 1481 alieno
773 1455 930 1492 gravatus,
957 1447 1001 1481 vel
1025 1448 1078 1494 qui

331 1496 434 1544 aliqua
455 1496 495 1532 de
515 1497 607 1531 bonis
633 1496 743 1530 alienis
782 1495 894 1530 habeat
928 1496 1077 1542 acquisita

331 1557 388 1593 per
410 1546 581 1581 usurariam
608 1544 804 1592 pravitatem,
826 1552 879 1578 aut
901 1556 956 1590 per
983 1545 1077 1579 alium

331 1594 476 1631 illicitum
499 1595 546 1629 vel
574 1594 726 1628 iniustum
762 1593 917 1634 modum,
952 1605 1008 1639 per
1046 1606 1079 1628 se

330 1643 378 1678 vel
406 1655 462 1691 per
481 1643 581 1685 illum,
603 1643 657 1690 qui
680 1654 719 1677 ex
741 1650 940 1682 testamento,
966 1643 1013 1677 vel
1040 1643 1079 1677 ab

331 1693 479 1728 intestato
512 1692 677 1736 successit,
698 1691 758 1726 nisi
788 1692 875 1738 prius
911 1692 1078 1726 restituerit

330 1741 416 1789 quod
451 1742 496 1777 sic
529 1742 633 1777 illicite
665 1752 701 1776 ac
738 1740 855 1775 iniuste
889 1740 1010 1787 accepit
1049 1750 1078 1775 et

330 1790 436 1835 habet,
461 1799 515 1826 aut
541 1791 667 1838 plenam
689 1797 720 1825 et
751 1790 960 1825 sufficientem
992 1801 1079 1824 secu-

331 1840 450 1876 ritatem
475 1839 683 1876 satisfaciendi
707 1839 746 1873 de
765 1839 815 1873 his
828 1839 966 1885 generali
983 1839 1077 1886 priori

330 1889 378 1924 vel
400 1890 538 1936 praelato
559 1889 683 1924 duxerit
700 1888 921 1923 exhibendam.

378 1938 399 1985 g
422 1940 452 1972 7.
480 1938 671 1973 Huiusmodi
693 1945 796 1972 autem
822 1936 935 1972 modus
957 1945 989 1971 et
1014 1936 1078 1971 for-

330 1999 380 2022 ma
406 1987 488 2022 circa
511 1987 724 2033 receptionem
751 1986 1007 2021 conventualium
1021 1985 1079 2020 fra-

330 2045 424 2077 trum,
439 2036 630 2072 clericorum
652 2044 683 2070 et
704 2035 855 2070 laicorum
875 2035 1007 2069 firmiter
1020 2034 1077 2069 ob-

329 2094 478 2121 servetur.
522 2084 736 2132 Recipiendus
775 2096 846 2119 vero
886 2084 1078 2131 probationis

328 2134 442 2169 habeat
462 2147 562 2169 unum
594 2146 725 2178 annum,
751 2145 813 2180 quo
836 2132 933 2173 finito,
960 2145 1078 2168 secun—

328 2183 404 2218 dum
444 2183 651 2230 subscriptam
680 2183 810 2217 formam
850 2182 1075 2229 professionem

330 2232 431 2277 faciat,
453 2233 539 2268 etad
562 2232 772 2267 obedientiam
792 2231 983 2266 admittatur.
997 2231 1078 2266 For-

330 2293 378 2316 ma
405 2290 508 2317 autem
531 2281 601 2316 talis
627 2288 689 2316 est:
717 2281 785 2327 Ego
812 2280 907 2315 frater
937 2280 974 2314 N.
1005 2292 1078 2327 pro-

330 2331 419 2366 mitto
437 2331 505 2366 Deo
531 2339 561 2366 et
587 2330 696 2365 beatae
722 2329 836 2364 Mariae
862 2341 988 2376 semper
1013 2329 1077 2364 Vir-

330 2379 394 2426 gini
422 2380 453 2414 in
475 2379 624 2415 manibus
650 2378 689 2414 N.
719 2379 832 2426 prioris
858 2378 904 2413 vel
933 2378 1076 2424 praelati,

330 2436 361 2463 et
398 2428 454 2463 tibi
481 2428 519 2463 N.
546 2428 641 2464 modo
677 2428 770 2475 priori
820 2428 885 2462 sive
918 2427 1075 2474 praelato,

330 2477 455 2524 tuisque
487 2477 723 2513 successoribus
756 2477 907 2512 canonice
934 2476 1077 2510 intranti-

330 2525 389 2561 bus
409 2526 619 2562 obedientiam
655 2525 830 2561 secundum
868 2525 1008 2572 regulam
1037 2525 1075 2559 B.

330 2574 519 2621 Augustini,
545 2583 664 2610 servata
686 2583 788 2610 tamen
820 2575 918 2609 forma
944 2574 1076 2609 institu-

331 2622 427 2657 tionis
461 2624 540 2658 vitae
575 2623 702 2658 fratrum
737 2623 856 2659 ordinis
883 2622 1013 2659 Militiae
1037 2623 1075 2657 B.

936 263 1123 287 BULLARmM
1144 263 1306 287 ROMANUM

1890 264 1941 291 Au.
1954 263 1982 291 C.
2001 262 2068 290 net

1128 317 1244 353 Mariae
1270 317 1410 363 Virginis
1436 317 1592 364 gloriosae
1627 315 1751 352 eisdem
1775 314 1877 352 ordini

1127 379 1164 401 ac
1192 367 1340 401 fratribus
1366 379 1384 401 a
1410 366 1605 402 sanctissimo
1626 365 1720 402 Patre
1747 365 1877 401 domino

1128 415 1255 450 Urbano
1287 415 1370 461 Papa
1400 423 1512 462 quarto
1533 415 1644 450 tradita
1670 424 1701 451 et
1715 427 1874 450 concessa.

1175 465 1195 512 S
1217 467 1249 500 8.
1278 464 1362 499 Nulli
1384 473 1488 499 autem
1511 464 1603 499 liceat
1629 464 1668 500 ab
1692 464 1874 499 huiusmodi
1901 467 2073 505 N⁰¹3¹t¹²¹¹²³⁵i³5¹
2118 488 2119 491 =

1127 514 1237 549 ordine
1277 526 1332 548 seu
1355 514 1507 559 religione
1529 514 1627 558 exire,
1659 514 1718 548 nisi
1746 513 1875 549 forsitan
1888 503 2003 551 {ree-imm
2019 500 2074 520 Μ’

1127 563 1163 597 ad
1187 563 1351 598 arctiorem
1391 563 1534 597 ordinem
1576 573 1631 597 seu
1672 562 1997 609 religionem,'¹⁸'³³³¹'¹'·

1127 612 1222 659 petita
1250 620 1353 647 tamen
1381 623 1396 646 a
1423 611 1562 656 generali
1587 611 1723 658 praelato
1737 611 1876 652 licentia,

1127 661 1259 696 voluerit
1277 673 1310 695 se
1332 660 1513 696 transferre.

1174 710 1194 757 ἓ
1215 712 1249 745 9.
1274 709 1398 744 Fratres
1420 710 1556 750 Milites,
1583 709 1638 756 qui
1660 708 1691 743 in
1713 710 1876 745 conventi—
1888 716 2074 739 ”etrum-neon-

1125 758 1185 793 bus
1212 766 1459 800 commorantur,
1482 758 1617 793 habeant
1639 758 1777 793 tunicam
1792 759 1876 795 inte·
1888 747 2018 800 ffissss'ssfflm
2032 754 2074 770 '⁹‘

1126 809 1241 843 riorem
1263 808 1302 842 de
1326 820 1432 855 panno
1463 807 1554 842 laneo
1576 806 1662 849 albo,
1685 807 1735 843 vel
1763 808 1876 855 pigno—

1125 857 1204 898 lat0,
1239 869 1334 904 super
1376 869 1437 904 qua
1475 856 1519 891 uti
1555 857 1678 903 possint
1712 857 1874 903 guaruatia

1124 906 1236 941 similis
1257 905 1383 947 coloris,
1410 913 1463 940 aut
1484 905 1523 941 de
1546 905 1713 951 camelino,
1735 917 1791 941 seu
1812 907 1874 942 alio

1125 967 1229 1002 panno
1260 955 1374 990 coloris
1405 955 1510 1001 grisei.
1545 953 1689 989 Habeant
1715 955 1808 990 etiam
1835 956 1875 991 do

1125 1016 1229 1051 panno
1251 1004 1433 1039 huiusmodi
1465 1003 1560 1050 grisei
1595 1003 1727 1049 coloris,
1760 1003 1807 1039 vel
1834 1005 1874 1041 de

1123 1054 1278 1088 camelino
1305 1053 1352 1088 vel
1375 1052 1414 1087 de
1440 1053 1510 1087 albo
1532 1052 1637 1088 colore
1669 1053 1873 1094 mantellum,

1122 1111 1153 1137 et
1177 1103 1207 1137 hi
1235 1102 1290 1149 qui
1311 1101 1466 1136 voluerint
1493 1101 1538 1136 uti
1565 1102 1713 1148 caputiis,
1739 1102 1875 1138 habeant

1124 1151 1185 1192 illa,
1208 1151 1383 1186 dummodo
1414 1151 1477 1185 sint
1503 1150 1542 1185 de
1565 1162 1670 1198 panno
1703 1150 1787 1193 albo,
1821 1161 1874 1187 aut

1122 1201 1160 1235 de
1184 1212 1288 1247 panno
1309 1200 1403 1246 grisei
1426 1199 1552 1244 coloris,
1574 1211 1629 1234 seu
1644 1199 1684 1234 de
1704 1199 1872 1236 camelino.

1121 1249 1258 1291 Quando
1284 1261 1359 1284 vero
1386 1249 1558 1295 aequitant‚
1592 1249 1759 1297 guascapis
1778 1250 1872 1296 grisei

1121 1298 1237 1333 coloris
1266 1300 1310 1333 uti
1332 1297 1465 1333 valeant.
1494 1297 1632 1332 Manicas
1661 1305 1766 1333 autem
1787 1300 1873 1334 tuni—

1121 1360 1229 1382 carum
1252 1356 1282 1382 et
1295 1347 1575 1394 supertunicalium
1591 1346 1715 1382 clausas
1732 1355 1869 1395 portent,

1121 1396 1341 1432 calceamentis
1362 1403 1490 1431 utantur
1511 1395 1664 1440 honestis,
1687 1408 1749 1431 non
1770 1397 1872 1432 curio-

1121 1447 1181 1489 sis,
1208 1457 1267 1480 nec
1294 1445 1425 1491 sculptis
1458 1457 1530 1479 cum
1558 1445 1671 1480 ferreto
1704 1458 1760 1481 seu
1781 1446 1870 1488 alias;

1120 1494 1296 1529 chirotecas
1317 1494 1478 1541 simplices
1496 1493 1535 1528 de
1554 1494 1639 1528 corio
1660 1502 1713 1528 aut
1734 1495 1774 1529 de
1800 1495 1868 1530 lana

1120 1544 1243 1590 possint
1269 1542 1384 1577 habere
1409 1554 1445 1577 ac
1471 1542 1530 1576 illis
1558 1543 1599 1577 uti
1627 1542 1757 1589 ubique,
1779 1555 1870 1591 prae-

1120 1600 1260 1639 terquam
1284 1592 1315 1626 in
1345 1592 1535 1626 monasterio
1562 1598 1592 1625 et
1613 1591 1773 1634 ecclesiis;
1811 1593 1870 1628 ha-

1119 1641 1213 1676 beant
1233 1652 1360 1688 quoque
1387 1640 1534 1686 corrigias
1555 1640 1594 1675 de
1615 1640 1700 1676 corio
1722 1653 1784 1676 non
1801 1654 1868 1677 ma-

1120 1690 1297 1731 nubriatas,
1342 1698 1371 1724 et
1408 1689 1545 1736 pellibus
1587 1696 1706 1724 tantum
1743 1691 1869 1737 agninis

1121 1747 1258 1774 utantur.
1287 1738 1430 1773 Habeant
1453 1738 1580 1784 insuper
1600 1746 1685 1773 scuta
1706 1747 1736 1774 et
1750 1740 1867 1786 galeas,
1894 1749 2066 1770 Armamffitaria

1119 1788 1211 1823 sellas
1229 1795 1259 1822 et
1275 1787 1332 1822 alia
1355 1787 1490 1834 insignia
1507 1787 1652 1822 militaria
1673 1787 1735 1822 albi
1752 1788 1868 1824 coloris
1881 1782 1902 1800 ⁶¹
1917 1780 2015 1805 ‘'mgni''

1119 1849 1190 1872 cum
1213 1849 1307 1872 cruce
1335 1836 1441 1880 rubea,
1465 1843 1496 1870 et
1517 1836 1641 1871 duabus
1661 1836 1759 1873 stellis
1776 1838 1867 1873 simi-

1120 1887 1190 1921 liter
1207 1886 1332 1927 rubeis3
1361 1893 1492 1933 utraque
1514 1897 1588 1920 vero
1609 1886 1698 1921 stella
1711 1886 1751 1921 sit
1771 1899 1869 1935 super

1121 1944 1290 1982 utrumque
1312 1935 1475 1970 brachium
1493 1935 1610 1974 crucis,
1637 1947 1700 1970 una
1722 1935 1867 1972 videlicet

1118 1997 1134 2020 a
1161 1984 1291 2019 dextero
1313 1984 1408 2019 latere
1430 1993 1461 2019 et
1487 1984 1545 2018 alia
1559 1996 1576 2019 a
1598 1983 1736 2020 sinistro.
1764 1985 1867 2021 Frena

1118 2045 1272 2081 equorum
1306 2045 1436 2068 suorum
1459 2045 1521 2068 non
1548 2033 1611 2068 sint
1638 2032 1786 2070 deaurata
1820 2035 1867 2070 vel

1118 2083 1332 2129 deargentata,
1353 2082 1410 2117 sed
1431 2081 1587 2129 simplicia
1606 2090 1737 2124 tantum,
1764 2092 1795 2119 et
1815 2083 1868 2119 ha·

1118 2132 1210 2167 beant
1238 2131 1277 2166 de
1301 2131 1383 2166 ferro
1409 2131 1539 2167 calcaria
1565 2132 1746 2167 nullatenus
1766 2132 1866 2168 deau-

1119 2188 1181 2216 rata
1204 2180 1251 2215 vel
1270 2180 1481 2226 deargentata.
2072 2220 2073 2223 Ἴ

1166 2230 1186 2276 g
1209 2232 1266 2264 10.
1292 2229 1400 2264 Liceat
1424 2237 1530 2264 autem
1558 2230 1604 2265 eis
1629 2241 1712 2265 arma
1741 2237 1865 2278 portare
1891 2240 1978 2267 Quando
1998 2231 2088 2261 noan*

1120 2291 1175 2326 pro
1208 2277 1392 2314 defensione
1415 2278 1586 2314 catholicae
1613 2279 1684 2314 fidei
1710 2287 1742 2314 et
1768 2279 1865 2315 eccle·
1877 2277 1982 2323 ffmm
2001 2269 2063 2292 ‘³¹⁸‘

1118 2327 1263 2363 siasticae
1285 2327 1447 2372 libertatis,
1469 2340 1541 2363 cum
1557 2328 1601 2363 eis
1615 2340 1672 2376 per
1688 2327 1863 2364 Romanam

1118 2376 1290 2412 Ecclesiam
1314 2376 1404 2412 fuerit
1425 2377 1601 2424 specialiter
1624 2377 1863 2419 demandatum

1119 2438 1174 2473 pro
1200 2425 1348 2461 sedandis
1370 2425 1462 2461 etiam
1491 2425 1676 2461 tumultibus
1702 2426 1864 2462 civitatum

1117 2487 1201 2510 arma
1231 2475 1423 2522 protegentia
1456 2483 1575 2510 tantum
1601 2474 1640 2509 de
1666 2474 1714 2510 sui
1736 2475 1864 2511 dioece—

1117 2524 1184 2558 sani
1212 2523 1337 2559 licentia
1359 2531 1482 2571 portare
1505 2523 1638 2563 valeant,
1665 2530 1696 2558 et
1717 2523 1749 2559 in
1767 2536 1862 2560 manu

1117 2573 1236 2619 virgam
1263 2573 1397 2620 ligneam
1431 2573 1498 2608 sine
1525 2572 1617 2607 ferro.
1652 2571 1791 2608 Caveant
1816 2581 1864 2608 ta-

1118 2633 1203 2667 men,
1229 2622 1315 2669 quod
1336 2622 1374 2657 ad
1402 2622 1537 2657 favorem
1560 2621 1605 2657 vel
1632 2621 1777 2659 iniuriam
1807 2622 1864 2659 ali·

2001 533 2072 556 pateat
