2129 3223
37 275 93 303 Α..
103 273 134 302 c.
147 255 221 302 '120⁹

47 1073 155 1096 tectum
177 1075 218 1096 liu-

33 1105 66 1128 Ιυ
86 1106 142 1127 bon·
162 1112 219 1127 uon·

32 1136 90 1158 ull·
98 1141 218 1159 nument:

831 271 1000 296 tNNOCt-:NTt
1007 271 1041 295 ns
1064 272 1102 294 111
1124 272 1172 294 1³1².

235 338 337 366 nostra
365 329 559 378 protectione
591 328 804 377 suscipimus,
831 337 861 364 et
890 340 980 376 prae-

233 381 332 415 sentis
369 378 477 426 scripti
515 378 681 426 privilegio
721 378 979 419 communimus,

231 436 405 464 statuentes
432 436 465 463 ut
491 439 708 476 quascumque
738 429 956 476 possessiones
972 456 979 468 ,

232 489 441 526 quaecunque
481 477 561 513 bona
606 478 715 513 eadem
759 477 901 513 Ecclesia
949 479 978 512 in

233 528 478 575 praesentiarum
502 527 582 563 iuste
603 539 640 562 ac
661 527 812 562 canonice
829 527 980 574 possidet,

231 585 285 612 aut
319 578 350 612 in
378 577 517 612 futurum
548 577 753 612 concessione
779 576 980 622 Pontificum,

231 626 395 674 largitione
435 639 543 674 regum
573 626 618 661 vel
653 626 852 674 principum,
885 625 980 661 obla-

231 675 316 712 tione
331 675 483 716 fidelium,
505 689 560 712 seu
579 676 650 711 aliis
664 676 753 711 iustis
771 676 875 711 modis
891 687 980 724 prae-

230 733 331 761 stante
352 725 490 762 Domino
511 726 625 774 poterit
647 726 789 772 adipisci,
813 726 900 760 firma
923 725 978 760 tibi

231 775 355 824 tuisque
381 775 633 813 successoribus,
656 784 685 810 et
712 775 827 810 illibata
856 786 980 822 perma-

231 834 342 867 neant;
370 826 402 860 in
429 825 545 873 quibus
567 825 644 860 haec
672 825 808 872 propriis
829 824 979 859 duximus

229 874 435 922 exprimenda
457 873 629 910 vocabulis:
653 873 816 909 ecclesiam
841 873 879 908 de
906 872 980 908 San—

229 932 281 959 cto
307 923 425 965 Leone,
447 933 477 959 et
503 924 603 972 ipsam
630 924 733 958 villam
761 935 833 958 cum
862 935 981 970 appen-

229 972 321 1008 diciis
353 985 486 1012 earum,
520 973 684 1009 ecclesiam
719 973 758 1007 de
797 973 919 1019 Aquis,
951 981 981 1007 et

230 1022 333 1058 villam
368 1035 439 1058 cum
475 1022 675 1071 appendiciis
713 1031 742 1056 et
784 1022 981 1069 pertinentiis

229 1072 307 1107 suis.
335 1071 498 1107 Decimam
530 1071 569 1107 de
595 1071 790 1116 Barbereio,
824 1071 978 1106 decimam

230 1121 393 1169 cappellae
422 1122 531 1157 Sancti
557 1121 663 1157 Lucae
699 1129 760 1155 tam
791 1122 820 1155 in
856 1133 980 1155 annona

230 1182 323 1218 quam
347 1172 378 1206 in
403 1172 490 1211 rino,
519 1171 683 1206 ecclesiam
707 1170 746 1205 de
765 1170 902 1207 Calixto,
929 1183 981 1205 ec-

229 1220 356 1256 clesiam
387 1220 427 1256 de
452 1220 642 1268 villagruis,
669 1221 833 1255 ecclesiam
865 1220 903 1254 de
930 1219 982 1254 Ni-

228 1270 328 1317 ssella,
348 1269 515 1305 ecclesiam
542 1270 582 1305 de
609 1269 716 1304 Monte
741 1268 893 1309 Porterii,
927 1280 981 1304 ec-

229 1318 357 1354 clesiam
381 1319 420 1354 de
441 1319 548 1354 Monte
569 1317 722 1362 Gevoldi,
754 1317 919 1354 ecclesiam
941 1318 981 1352 de

229 1367 400 1408 larbusia,
431 1369 595 1404 ecclesiam
619 1367 658 1403 de
680 1367 855 1411 Pontibus,
877 1367 981 1401 ecclc-

230 1418 309 1452 siam
332 1418 371 1452 de
393 1418 558 1465 Nogento,
579 1417 744 1452 ecclesiam
769 1416 874 1451 Sancti
896 1416 979 1451 Petri

229 1476 258 1503 et
279 1467 315 1502 S.
338 1467 463 1503 Martini
484 1468 525 1502 de
547 1467 725 1511 Bocenaio,
752 1466 918 1501 ecclesiam
941 1465 980 1499 de

229 1518 355 1561 Avenz,
382 1517 545 1552 ecclesiam
579 1515 621 1551 de
651 1516 842 1556 Mariniaco,
877 1514 981 1549 eccle-

230 1567 308 1602 siam
336 1566 377 1601 de
403 1565 540 1606 Castris.
562 1566 727 1601 ecclesiam
755 1565 863 1600 Sancti
891 1563 981 1599 Savi-

231 1615 333 1656 niani,
363 1616 527 1651 ecclesiam
555 1615 595 1650 de
627 1615 782 1655 Sareriis,
814 1613 979 1649 ecclesiam

231 1665 366 1700 Sanctae
385 1665 530 1707 Maurae,
552 1664 716 1700 ecclesiam
751 1664 791 1699 de
821 1663 982 1698 Corlavel-

232 1715 308 1758 leio,
340 1714 506 1750 ecclesiam
538 1714 577 1749 de
611 1713 781 1758 Verreriis,
816 1713 980 1748 ecclesiam

232 1765 272 1800 de
291 1764 460 1806 Lusineio,
482 1763 646 1799 ecclesiam
679 1764 717 1799 de
739 1763 899 1805 Bulliaco,
929 1775 981 1796 ec-

232 1814 360 1850 clesiam
382 1813 422 1848 de
442 1813 523 1848 Villa
544 1813 663 1854 Mauri,
689 1813 853 1848 ecclesiam
875 1811 981 1847 Sancti

233 1862 392 1908 medardi,
424 1862 589 1897 ecclesiam
613 1862 651 1897 de
683 1862 900 1901 Bretteniaco,
929 1874 982 1896 ee-

234 1912 362 1948 clesiam
389 1913 428 1947 de
451 1911 543 1950 Fols,
569 1911 795 1947 ecclesiam-de
817 1910 981 1955 Barbona,

235 1961 400 1997 ecclesiam
435 1961 473 1996 de
499 1960 706 2002 Esteruiaco‚
742 1960 908 1996 ecclesiam
944 1960 983 1996 de

235 2010 358 2059 Campo
375 2009 544 2050 Gnidonis,
561 2009 726 2046 ecclesiam
747 2009 785 2045 de
799 2009 982 2054 Busseiaco,

235 2060 402 2096 ecclesiam
441 2059 481 2094 de
513 2059 608 2095 Curia
638 2059 787 2101 Givoldi,
819 2059 982 2095 ecclesiam

236 2110 277 2146 de
301 2109 443 2152 Tombis,
471 2109 634 2144 ecclesiam
667 2109 706 2144 de
732 2108 849 2145 Sancto
878 2108 982 2147 lusto,

237 2159 401 2196 ecclesiam
429 2159 467 2194 de
489 2158 605 2194 Sancto
627 2157 791 2203 Ferreolo,
820 2158 983 2193 ecclesiam

237 2209 278 2245 de
302 2209 449 2248 Arcens,
482 2208 646 2243 ecclesiam
674 2207 766 2243 Troci
794 2208 832 2243 de
867 2207 984 2243 Sancto

237 2255 370 2305 Basoto,
391 2258 558 2294 ecclesiam
581 2256 688 2293 Sancti
711 2257 793 2298 Ulfi,
821 2256 984 2293 ecclesiam

239 2307 279 2344 de
299 2303 432 2353 Salona,
454 2306 618 2342 ecclesiam
646 2306 685 2341 de
712 2306 911 2348 Calderiaco‚
939 2318 987 2341 ec-

238 2357 365 2393 elesiam
399 2357 439 2392 de
467 2355 711 2400 Attebanderiis,
747 2355 910 2391 ecclesiam
948 2355 987 2391 de

239 2403 404 2456 viaspero,
425 2419 496 2442 cum
516 2404 657 2454 cappella
675 2401 916 2447 Bonaevicinae,
942 2417 987 2440 ec-

241 2457 368 2492 clesiam
407 2457 446 2491 de
483 2452 700 2495 Grandivilla,
739 2454 903 2490 ecclesiam
949 2455 988 2489 de

241 2505 391 2547 Herbita,
425 2506 590 2541 eeclesiam
623 2503 662 2539 de
691 2501 852 2549 Villeriis,
886 2503 988 2539 eccle—

243 2556 322 2591 siam
350 2555 392 2591 de
423 2554 572 2591 Semonia
612 2565 685 2589 cum
720 2552 839 2600 capella
875 2551 986 2601 Campi

243 2603 410 2649 Grillanis,
430 2604 594 2640 ecclesiam
619 2603 657 2639 de
685 2598 802 2647 Ulmis,
824 2602 988 2638 ecclesiam

245 2652 285 2689 de
304 2652 482 2695 Estraellis,
504 2654 669 2688 ecclesiam
701 2652 739 2687 de
760 2651 909 2698 Bolegiis,
938 2663 990 2686 ec-

324 2709 399 2740 Ball.
420 2709 498 2740 Rom.
522 2710 577 2739 Vol.
602 2709 650 2739 Ill.
811 2708 848 2738 29

1647 259 1718 290 2⁶25

1020 328 1148 363 clesiam
1184 326 1223 362 de
1258 327 1490 372 Sumniovere,
1523 325 1689 361 ecclesiam
1729 323 1768 358 de

1019 377 1148 425 Septem
1177 375 1348 421 Fontibus,
1375 377 1538 412 ecclesiam
1566 375 1604 410 de
1632 372 1766 409 Puellari

1021 427 1229 467 monasterio,
1252 427 1416 461 ecclesiam
1448 426 1486 461 de
1514 425 1634 464 Poenz,
1665 423 1769 459 eccle-

1021 477 1097 512 siam
1121 477 1160 512 de
1181 476 1333 516 Nucerio,
1355 474 1519 510 ecclesiam
1541 475 1580 510 de
1603 472 1769 517 Dienvilla‚

1021 527 1185 562 ecclesiam
1209 526 1247 560 ‹le
1269 525 1607 572 Crespeio,ecclesiam
1629 523 1667 558 de
1683 522 1770 558 Sub·

1022 576 1118 617 ienis,
1155 576 1322 611 ecclesiam
1362 574 1400 609 de
1429 574 1575 621 Pigneio,
1602 573 1769 608 ecclesiam

1021 625 1060 661 de
1081 625 1245 673 Hispania,
1274 625 1438 660 ecclesiam
1466 624 1505 659 (le
1527 623 1640 667 Loves,
1667 622 1770 657 eccle-

1021 675 1098 711 siam
1121 675 1159 710 de
1182 675 1380 722 Sumpselio,
1406 674 1570 709 ecclesiam
1594 672 1632 707 de
1654 671 1769 707 Sancta

1021 725 1178 765 Susanna,
1206 725 1372 760 ecclesiam
1395 723 1434 758 de
1455 723 1582 771 Pipere,
1604 721 1769 757 ecclesiam

1021 774 1061 810 de
1086 774 1282 818 Guaseonia,
1314 773 1477 809 ecclesiam
1501 771 1539 808 de
1567 770 1768 810 Marcilliaco.

1022 824 1186 860 ecclesiam
1215 823 1254 859 de
1275 822 1512 863 Summolonte;
1540 830 1698 869 praeterea
1718 832 1770 855 ca-

1022 874 1181 909 nonicales
1209 873 1359 908 ecclesias
1381 872 1417 907 ad
1447 873 1495 907 ius
1519 871 1687 906 Trecensis
1715 869 1769 905 Ec·

1021 924 1135 959 clesiae
1152 923 1356 970 pertinentes,
1371 921 1490 957 scilicet
1512 920 1679 956 ecclesiam
1694 919 1772 955 San-

1021 974 1061 1008 cti
1085 973 1204 1008 Nicolai
1232 971 1271 1006 de
1294 971 1448 1013 Sezanna,
1470 971 1636 1006 ecclesiam
1664 968 1771 1004 Sancti

1021 1023 1156 1069 Remigii
1197 1023 1236 1057 de
1268 1021 1424 1066 pleiotro,
1463 1021 1628 1056 ecclesiam
1663 1018 1772 1054 Sancti

1021 1072 1170 1108 Blicherii
1204 1073 1242 1106 de
1275 1070 1425 1115 Breceis,
1461 1070 1626 1106 ecclesiam
1663 1067 1771 1104 Sancti

1021 1122 1133 1157 Flaviti
1161 1121 1200 1156 de
1220 1120 1429 1164 villamauri,
1463 1120 1627 1155 ecclesiam
1663 1117 1771 1152 Sancti

1022 1171 1139 1207 Nicolai
1164 1171 1202 1206 de
1224 1170 1355 1217 Pugeio,
1374 1169 1537 1205 ecclesiam
1561 1167 1670 1204 Sancti
1692 1165 1773 1202 Lau-

1023 1222 1115 1256 rentii
1151 1220 1189 1255 de
1230 1219 1379 1254 Planceio
1395 1246 1403 1258 ,
1442 1218 1606 1254 ecclesiam
1645 1228 1772 1264 quoque

1022 1270 1128 1306 Sancti
1151 1269 1304 1317 Stephani
1328 1280 1427 1316 prope
1453 1269 1610 1303 civitatem
1637 1265 1773 1301 Trecen-

1020 1332 1106 1364 sem,
1141 1321 1232 1355 cuius
1265 1330 1371 1353 curam
1407 1317 1516 1353 decani
1543 1317 1685 1353 eiusdem
1712 1315 1770 1351 loci

1022 1369 1060 1404 de
1089 1368 1234 1403 manibus
1260 1368 1323 1402 tuis
1349 1366 1465 1402 debent
1487 1367 1666 1413 suscipere,
1699 1376 1770 1400 cum

1021 1419 1107 1453 omui
1130 1417 1309 1453 obedientia
1332 1424 1362 1450 et
1383 1416 1579 1451 subiectione
1598 1426 1693 1463 quam
1717 1414 1771 1449 tibi

1022 1468 1147 1515 tuisque
1174 1465 1414 1502 successoribus
1444 1465 1539 1500 iidem
1567 1464 1676 1500 decani
1699 1475 1772 1499 cnm

1023 1517 1153 1552 hominii
1177 1524 1324 1552 tenentur
1349 1515 1543 1550 exhibitione
1571 1515 1747 1562 persolvere
1764 1542 1771 1553 ,

1022 1567 1207 1602 auctoritate
1243 1565 1413 1613 apostolica
1449 1565 1684 1599 confirmamus.
1722 1563 1772 1598 Ad

1024 1618 1121 1651 instar
1139 1624 1299 1664 praeterea
1323 1615 1424 1649 bonae
1443 1614 1614 1649 memoriae
1633 1613 1771 1659 Eugenii

1023 1666 1126 1714 Papae
1141 1665 1391 1714 praedecessoris
1407 1664 1503 1698 nostri
1520 1663 1674 1698 abbatiam
1690 1662 1772 1698 San-

1023 1718 1061 1751 cti
1084 1715 1181 1762 Lupi,
1200 1714 1357 1750 abbatiam
1380 1713 1487 1748 Sancti
1503 1713 1587 1748 Petri
1611 1713 1649 1747 de
1671 1711 1771 1750 Cella.

1024 1765 1180 1800 abbatiam
1196 1764 1302 1800 Sancti
1325 1763 1470 1807 Martini,
1493 1762 1646 1797 abbatiam
1664 1761 1770 1797 Sancti

1023 1814 1108 1849 Petri
1125 1814 1371 1852 Arremarensis,
1386 1813 1541 1848 abbatiam
1564 1811 1669 1847 Sancti
1690 1810 1771 1846 Petri

1024 1865 1063 1899 de
1091 1863 1229 1910 Nigella,
1256 1863 1412 1898 abbatiam
1436 1874 1517 1909 quae
1539 1862 1631 1908 vulgo
1659 1860 1774 1895 dicitur

1023 1914 1100 1957 Oia,
1131 1912 1284 1948 abbatiam
1316 1911 1422 1948 Sancti
1445 1911 1556 1947 Sereni
1585 1912 1624 1946 de
1649 1910 1773 1945 Cantu-

1024 1962 1157 2007 merula,
1179 1962 1337 1997 abbatiam
1358 1961 1493 1997 Sanctae
1515 1960 1631 1996 Mariae
1652 1959 1691 1995 de
1717 1960 1774 1994 Ar-

1025 2013 1190 2059 ripatorio,
1225 2011 1379 2047 abbatiam
1415 2010 1549 2046 Sanctae
1587 2009 1704 2045 Mariae
1735 2009 1772 2043 de

1025 2062 1228 2102 Bullencurt,
1256 2061 1411 2096 abbatiam
1441 2059 1475 2095 S.
1501 2059 1614 2094 Mariae
1642 2058 1681 2093 de
1702 2057 1774 2093 Re-

1025 2112 1133 2156 cluso,
1162 2111 1315 2146 abbatiam
1344 2110 1383 2144 de
1405 2109 1585 2148 Belloloco,
1618 2107 1772 2143 abbatiam

1026 2161 1065 2196 de
1098 2160 1271 2208 Cappella,
1306 2159 1461 2195 abbatiam
1496 2159 1534 2193 de
1563 2157 1773 2197 Bassol'onte‚

1026 2211 1183 2246 abbatiam
1204 2208 1238 2244 S.
1254 2208 1382 2248 Mariae,
1397 2211 1478 2256 quae.
1500 2208 1556 2242 sita
1580 2215 1626 2242 est
1643 2207 1671 2241 in
1691 2206 1774 2241 Sub-

1026 2259 1118 2295 urbio
1140 2259 1346 2299 Trecassino,
1381 2257 1535 2292 abbatiam
1567 2268 1648 2302 quae
1684 2267 1775 2291 voca—

1027 2318 1077 2343 tur
1102 2308 1286 2343 paraclitus.
1311 2307 1472 2341 Decimam
1496 2306 1534 2340 de
1552 2305 1695 2346 Molceio,
1718 2304 1775 2339 ‹le-

1028 2360 1142 2393 cimam
1157 2357 1196 2392 de
1211 2357 1373 2399 Marineio,
1385 2356 1538 2390 decimam
1554 2353 1774 2394 delardourio,

1029 2408 1182 2442 decimam
1217 2405 1256 2441 de
1284 2404 1526 2448 summofonte,
1549 2404 1702 2438 decimam
1737 2403 1776 2438 de

1029 2455 1303 2499 Avant,‹lecimam
1319 2455 1358 2489 de
1367 2453 1449 2488 Villa
1466 2453 1774 2494 Arduini,decimam

1030 2507 1067 2541 de
1079 2505 1112 2540 S.
1129 2504 1248 2546 Leone,
1261 2504 1416 2540 decimam
1439 2503 1477 2538 de
1498 2502 1662 2543 MartileiO,
1689 2502 1777 2538 deci-

1031 2567 1113 2590 mam
1129 2555 1169 2589 de
1180 2553 1359 2594 Bretenaio,
1376 2553 1528 2588 decimam
1542 2552 1582 2588 de
1592 2552 1625 2588 S.
1639 2551 1776 2597 Victore,

1030 2605 1184 2639 decimam
1195 2603 1234 2638 de
1245 2603 1384 2642 Claellis,
1396 2602 1547 2637 decimam
1559 2602 1597 2637 de
1606 2601 1777 2647 Novovico,

1031 2654 1185 2689 decimam
1208 2653 1247 2687 de
1269 2652 1467 2687 Fontebetun
1481 2679 1488 2693 ,
1510 2659 1541 2686 et
1562 2650 1716 2688 decimam
1738 2652 1777 2687 de

1784 263 1832 291 Au.
1851 261 1880 290 C.
1897 259 1962 289 1209
