2129 3223
114 293 159 320 Αη,
179 292 196 319 C
228 291 293 318 1255

123 450 216 477 Qualiter
235 449 293 470 clara

111 483 188 501 'nevit
201 482 293 507 diseipu-

111 512 148 531 tas,

136 1727 184 1749 Eius
199 1727 279 1748 lectus:

157 2068 255 2090 Habitus.

133 2262 193 2283 Cibus
205 2266 224 2283 et
233 2267 299 2289 pctus.

166 2409 244 2430 Ieiunia
255 2427 257 2429 .

359 280 427 313 622

309 345 466 391 religionis
484 341 628 376 districtu
663 351 765 375 arcem
788 346 889 374 arctae
904 338 1059 373 abstinen-
1078 342 1080 350 '

309 395 369 429 tiae
403 390 575 434 fabricavit,
613 390 644 424 in
681 401 743 435 qua
771 388 854 434 larga
888 387 1059 434 spiritualis

309 442 475 478 alimoniae
502 439 628 474 refectio
655 438 863 473 ministratur.
894 436 978 471 Haec
1000 436 1059 471 suit

310 502 484 538 pauperum
509 487 702 536 primiceria3
734 487 857 522 ducissa
877 485 1058 526 humilium;

309 541 454 587 magistra
490 537 734 582 continentium,
768 545 799 571 et
831 535 1057 583 poenitentium

307 589 473 624 abbatissa.
501 587 586 622 Haec
607 598 700 621 suum
724 586 967 628 monasterium,
991 595 1061 619 cre-

307 639 467 685 ditamque
496 637 527 671 in
559 636 612 671 illo
640 635 700 670 sibi
731 635 899 674 familiam,
927 633 1059 669 sollicite

306 700 342 722 ac
369 686 543 735 prudenter
565 685 596 720 in
626 685 736 719 timore
775 695 811 719 ac
845 683 972 718 servitio
994 682 1060 717 Do-

307 738 396 777 mini,
419 744 449 771 et
472 735 563 783 plena
586 734 706 769 ordinis
728 732 924 768 observantia
942 732 1060 778 guber-

308 787 406 823 navit,
433 785 505 831 vigil
534 785 565 819 in
593 796 686 823 cura,
715 782 746 817 in
774 782 950 817 ministerio
985 788 1061 816 stu—

307 835 406 879 diosa,
429 835 460 868 in
484 833 701 868 exhortatione
723 839 851 868 attenta.
874 830 1010 876 diligens
1029 830 1060 865 in

306 884 540 924 admonitione,
581 883 611 917 in
646 881 841 917 correctione
882 880 1060 920 moderata,

308 941 478 980 temperata
503 932 532 966 in
560 931 747 979 praeceptis,
783 930 813 964 in
841 929 1060 977 compassione

309 981 525 1029 praestabilis,
548 981 683 1016 discreta
712 979 742 1013 in
765 979 902 1020 silentio,
938 979 968 1013 in
992 991 1061 1013 ser-

309 1044 404 1066 mone
425 1039 558 1071 matura,
582 1038 611 1065 et
638 1028 781 1064 consulta
808 1029 838 1062 in
866 1028 991 1063 cunctis
1021 1027 1059 1062 ad

310 1081 483 1128 perfectum
526 1079 665 1126 regimen
706 1078 914 1125 opportunis,
955 1077 1062 1112 volens

310 1131 409 1177 magis
429 1128 584 1169 famulari,
611 1140 704 1175 quam
727 1127 894 1168 dominari,
916 1134 945 1161 et
958 1126 1061 1161 hono—

310 1191 376 1214 rare
401 1180 518 1226 potius,
541 1189 634 1225 quam
657 1177 778 1211 honore
799 1175 934 1211 sustolli.
957 1175 1062 1210 Huius

309 1229 368 1263 vita
393 1236 458 1263 erat
479 1227 549 1262 aliis
571 1226 706 1261 eruditio
727 1233 758 1260 et
776 1225 927 1260 doctrina.
950 1224 985 1259 In
1002 1224 1062 1259 hoc

308 1277 387 1312 libro
407 1278 498 1320 vitae,
525 1283 666 1311 caeterae
694 1274 816 1309 vivendi
841 1273 981 1321 regulam
1013 1273 1063 1308 di-

309 1327 467 1361 dicerunt.
502 1325 536 1359 ln
560 1325 620 1359 hoc
645 1324 724 1359 vitae
751 1324 894 1370 speculo,
924 1323 1062 1370 reliquae

309 1377 387 1410 vitae
409 1375 536 1410 semitas
559 1375 735 1421 inspexere.
760 1373 903 1420 Corpore
926 1384 1062 1420 namque

309 1425 441 1460 sistebat
468 1424 500 1458 in
529 1432 625 1467 terra,
659 1423 713 1457 sed
740 1422 845 1456 animo
880 1421 1062 1456 versabatur

311 1475 340 1508 in
356 1473 462 1514 coelo;
485 1471 672 1507 humilitatis
695 1471 869 1514 vasculum,
890 1471 1061 1505 armarium

310 1522 476 1566 castitatis,
500 1520 660 1556 charitatis
681 1520 787 1560 ardor,
821 1519 944 1554 dulcior
974 1520 1064 1554 beni-

311 1571 451 1617 gnitatis,
480 1570 646 1618 patientiae
673 1569 781 1611 robur,
805 1580 904 1604 nexus
928 1569 1014 1616 pacis
1033 1577 1063 1604 et

311 1620 530 1655 familiaritatis
557 1619 758 1659 communi03
785 1618 871 1653 mitis
897 1618 927 1652 in
955 1618 1062 1659 verbo,

312 1670 391 1705 lenis
413 1669 444 1704 in
467 1669 564 1713 facto,
586 1675 616 1702 et
639 1668 669 1702 in
697 1666 846 1702 omnibus
868 1666 1010 1702 amabilis
1032 1675 1063 1702 et

312 1726 451 1766 accepta.
480 1718 516 1752 Et
545 1725 590 1761 ut,
617 1729 711 1751 carne
732 1716 895 1763 depressa,
918 1716 1064 1751 convale-

313 1776 414 1803 sceret
440 1766 564 1814 spiritu,
586 1778 648 1812 quo
670 1766 806 1812 quisque
829 1765 917 1800 hoste
939 1777 997 1800 suo
1012 1765 1064 1800 de-

314 1817 452 1860 bilitato,
479 1816 513 1851 fit
534 1815 660 1860 fortior,
689 1814 810 1849 nudum
837 1815 939 1849 solum
962 1822 993 1849 et
1015 1815 1064 1849 in-

313 1866 435 1900 terdum
458 1873 614 1900 sarmenta
634 1864 783 1911 prolecto
798 1863 944 1908 habebat,
959 1871 989 1898 et
1008 1876 1065 1911 pro

314 1915 466 1962 pulvinari
490 1914 550 1949 sub
575 1915 677 1961 capite
705 1913 820 1948 durum
836 1913 970 1959 lignum,
991 1925 1065 1948 una-

312 1976 375 2011 que
397 1964 501 1998 tunica
524 1975 596 1998 cum
625 1962 772 1997 mantello
800 1962 839 1996 de
858 1962 921 2002 vili,
943 1962 1066 2009 despe-

313 2021 364 2048 cto
391 2020 422 2048 et
448 2012 574 2060 hispido
610 2023 715 2059 panno
741 2018 898 2046 contenta.
927 2010 984 2045 His
1006 2012 1065 2046 ltu-

315 2061 443 2097 milibus
471 2061 668 2096 indumentis
692 2060 730 2095 ad
758 2060 993 2108 operimentum
1015 2061 1063 2095 sui

314 2112 456 2158 corporis
484 2110 640 2154 utebatur,
666 2121 780 2156 aspero
807 2109 911 2144 cilicio
933 2110 973 2144 de
1000 2121 1067 2144 cor-

315 2160 397 2196 dulis
418 2160 554 2195 crinium
570 2171 723 2206 equorum
747 2166 893 2194 contexto
916 2170 1066 2193 nonnun-

315 2221 409 2256 quam
437 2209 577 2244 adhibito
604 2209 687 2243 iuxta
715 2219 853 2243 carnem.
879 2207 973 2243 Arcta
992 2220 1068 2256 quo-

316 2270 376 2305 que
401 2259 432 2292 in
460 2258 546 2302 cibo,
573 2265 603 2292 et
630 2258 660 2291 in
690 2266 763 2303 potu
799 2257 955 2301 districta,
984 2265 1067 2292 tanta

317 2308 393 2342 sein
414 2307 462 2342 his
476 2306 634 2342 fraenabat
649 2306 848 2350 abstinentia,
871 2306 954 2352 quod
972 2306 1067 2351 longo

318 2364 471 2404 tempore,
501 2356 603 2391 tribus
637 2355 751 2390 diebus
783 2355 812 2389 in
846 2355 1065 2395 hebdomada,

318 2405 463 2440 videlicet
490 2404 650 2445 secunda,
679 2411 788 2451 quarta
809 2412 839 2439 et
866 2412 952 2439 sexta
975 2403 1066 2445 seria,

319 2454 395 2488 nihil
428 2455 554 2501 penitus
581 2466 637 2501 pro
664 2454 710 2488 sui
744 2453 887 2500 corporis
917 2453 1068 2489 alimento

319 2504 464 2548 gustavit,
482 2503 610 2550 reliquis
624 2502 833 2537 nihilominus
846 2502 972 2547 diebus,
990 2502 1068 2537 adeo

321 2562 354 2584 se
376 2551 565 2587 cibariorum
586 2552 735 2598 parvitate
755 2551 961 2598 restringens,
983 2551 1068 2599 quod

319 2598 397 2634 aliae
418 2599 457 2634 de
485 2601 551 2648 ipsa
573 2601 733 2648 quomodo
759 2601 819 2635 sub
846 2609 909 2635 tam
932 2600 1000 2636 forti
1019 2600 1069 2634 di-

320 2648 480 2682 strictione
507 2649 675 2685 subsistere
699 2657 836 2687 noterat.
862 2649 1066 2685 mirabantur.

905 283 1092 308 BULLARtUM
1116 282 1279 305 ROMANUM

1101 335 1225 383 Vigiliis
1248 336 1380 384 insuper
1394 345 1425 371 et
1443 336 1638 372 orationibus
1660 335 1784 371 assidue
1798 336 1850 371 de-

1100 385 1175 430 dita,
1198 386 1227 420 in
1245 386 1295 420 his
1317 387 1486 433 praecipue
1507 386 1621 421 diurna
1644 394 1675 421 et
1698 394 1850 421 nocturna

1101 442 1242 482 tempora
1263 435 1469 483 expendebat.
1491 434 1630 470 Diutinis
1644 434 1769 470 tandem
1785 448 1853 483 per-

1101 484 1191 532 plexa
1232 484 1456 532 languoribus,
1496 496 1567 519 cum
1599 485 1637 519 ad
1669 485 1851 520 exercitium

1100 533 1264 580 corporale
1292 546 1355 569 non
1385 541 1490 581 posset
1512 546 1642 580 surgere
1665 546 1720 582 per
1742 546 1776 570 se
1797 535 1852 582 ip—

1101 595 1184 628 sam,
1210 595 1355 619 sororum
1389 595 1518 618 suarum
1550 583 1701 630 suffragio
1728 584 1853 620 levaba=

1101 639 1169 674 tur,
1197 640 1228 667 et
1254 633 1292 668 ad
1321 640 1442 679 tergum
1470 632 1539 668 eius
1570 632 1761 669 fulcimentis
1789 646 1854 680 ap-

1103 682 1223 729 positis,
1246 682 1382 730 propriis
1404 681 1550 717 manibus
1572 681 1743 727 laborabat,
1766 694 1804 718 ne
1820 684 1852 717 in

1102 731 1167 766 suis
1205 732 1297 767 etiam
1337 739 1424 766 essct
1462 730 1699 766 infirmitatibus
1737 732 1852 766 ociosa.

1102 780 1194 815 Unde
1215 780 1254 816 de
1275 793 1380 828 panno
1402 780 1487 815 lineo
1509 780 1604 815 liuius
1631 781 1681 815 sui
1707 780 1802 816 studii
1824 790 1854 816 et

1103 829 1231 869 laboris,
1259 830 1348 876 plura
1377 841 1433 877 pro
1454 830 1561 865 altaris
1588 830 1741 865 sacrificio
1776 842 1855 865 cor-

1103 879 1219 925 poralia
1247 879 1312 914 fieri
1338 879 1421 919 fecit,
1455 887 1485 914 et
1513 891 1569 926 per
1594 879 1683 925 plana
1710 886 1741 913 et
1761 891 1855 915 mou-

1103 936 1174 963 tana
1206 927 1319 963 Assisii
1353 928 1484 963 diversis
1516 928 1671 964 Ecclesiis
1699 928 1854 964 exhiberi.

1103 977 1246 1012 Amatrix
1269 990 1342 1013 vero
1365 978 1546 1025 praecipua,
1568 985 1598 1012 et
1616 978 1727 1013 colona
1745 978 1854 1014 sedula

1104 1027 1311 1074 paupertatis,
1338 1028 1386 1062 sic
1413 1027 1497 1062 illam
1525 1039 1582 1062 suo
1609 1027 1705 1062 affixit
1730 1027 1855 1072 animo,

1103 1076 1149 1111 sic
1170 1087 1238 1111 earn
1262 1076 1292 1110 in
1312 1077 1378 1111 suis
1399 1076 1564 1111 desideriis
1585 1075 1742 1123 alligavit,
1769 1077 1854 1124 quod

1103 1137 1229 1172 semper
1256 1126 1286 1159 in
1313 1125 1413 1172 ipsius
1447 1125 1634 1166 dilectione,
1662 1125 1795 1161 firmiter
1825 1134 1856 1161 et

1103 1174 1264 1210 ardentior
1286 1175 1317 1209 in
1340 1174 1506 1222 amplexu,
1539 1187 1555 1210 a
1585 1175 1725 1210 districta
1747 1183 1777 1210 et
1800 1175 1856 1210 de-

1103 1223 1239 1258 lectabili
1267 1224 1335 1259 eius
1360 1224 1492 1271 copula,
1525 1236 1581 1271 pro
1609 1224 1694 1259 nulla
1717 1236 1855 1273 unquam

1106 1273 1294 1308 necessitate
1320 1272 1477 1313 discessit,
1505 1285 1561 1308 nec
1587 1273 1749 1321 aliquibus
1771 1285 1857 1321 pror-

1104 1335 1158 1358 sus
1181 1323 1282 1370 potuit
1303 1322 1408 1358 induci
1423 1322 1582 1367 suasibus,
1604 1323 1641 1357 ad
1659 1323 1855 1358 consentien-

1104 1372 1199 1413 dum,
1232 1372 1318 1420 quod
1347 1384 1440 1407 suum
1464 1373 1691 1407 monasterium
1714 1373 1857 1420 proprias

1106 1422 1323 1467 possessiones
1350 1421 1489 1462 liaberet,
1516 1433 1707 1468 quamquam
1730 1421 1782 1456 fel.
1805 1433 1857 1457 re-

1105 1470 1192 1505 cord.
1221 1470 1394 1517 Gregorius
1420 1471 1505 1517 Papa
1539 1471 1766 1518 praedecessor
1797 1483 1857 1506 no·

1105 1527 1178 1560 ster,
1214 1519 1252 1554 de
1287 1520 1384 1554 multa
1418 1520 1590 1565 indigentia
1617 1520 1718 1567 ipsius
1744 1532 1858 1555 mona-

1105 1568 1188 1602 sterii
1213 1569 1263 1615 pie
1290 1568 1447 1614 cogitans,
1483 1568 1617 1604 libenter
1645 1569 1688 1604 illi
1723 1568 1858 1604 voluerit

1106 1629 1161 1663 pro
1201 1629 1343 1652 sororum
1366 1618 1436 1652 eius
1463 1619 1691 1653 sustentatione
1729 1630 1857 1666 posses-

1105 1666 1211 1701 siones
1237 1666 1432 1701 sufficientes
1458 1676 1489 1702 et
1515 1679 1671 1713 congruas
1692 1667 1855 1714 deputare.

1154 1719 1169 1758 g
1197 1717 1229 1749 6.
1252 1715 1371 1750 Verum
1394 1717 1465 1763 quia
1494 1728 1640 1762 magnum
1663 1725 1694 1752 et
1716 1716 1858 1763 splendi-

1106 1765 1181 1798 dum
1203 1765 1359 1799 luminare
1381 1766 1534 1811 supprimi
1559 1778 1622 1800 non
1645 1774 1758 1813 potest,
1779 1767 1856 1813 quin

1106 1825 1181 1848 suae
1203 1813 1306 1849 radios
1328 1814 1480 1860 praeferat
1502 1814 1670 1856 claritatis,
1697 1815 1729 1849 in
1756 1815 1858 1862 ipsius

1106 1863 1199 1897 etiam
1223 1863 1294 1905 vita,
1322 1863 1429 1898 multis
1451 1871 1481 1898 et
1503 1864 1596 1898 variis
1618 1863 1782 1900 miraculis
1801 1864 1859 1900 vir·

1108 1920 1157 1947 tus
1184 1924 1260 1947 suae
1286 1912 1460 1948 sanctitatis
1482 1912 1610 1948 effulsit.
1637 1912 1716 1948 Nam
1732 1913 1857 1949 cuidam

1108 1961 1146 1996 dc
1173 1961 1333 1996 sororibus
1366 1962 1466 2008 ipsius
1498 1962 1701 2005 monasterii,
1731 1975 1858 2003 vocem,

1108 2023 1202 2057 quam
1231 2011 1327 2058 longo
1354 2018 1495 2058 tempore
1522 2012 1610 2058 quasi
1638 2011 1769 2047 omniuo
1787 2020 1859 2059 per‘-

1108 2060 1239 2104 diderat,
1267 2061 1461 2095 restauravit.
1496 2060 1576 2103 Alii,
1603 2060 1707 2096 officio
1735 2061 1859 2108 linguae

1109 2109 1235 2156 penitus
1257 2109 1434 2149 destitutae,
1462 2110 1618 2156 loquelam
1646 2110 1781 2146 restituit
1803 2122 1860 2145 ex-

1110 2158 1255 2204 peditam.
1285 2158 1383 2193 Alteri
1403 2166 1507 2194 autem
1530 2159 1658 2194 surdam
1679 2159 1805 2206 aperuit
1820 2160 1859 2194 ad

1108 2207 1262 2242 auditum.
1299 2207 1510 2243 Laborantem
1544 2207 1648 2251 febre,
1683 2216 1858 2244 tumentem

1110 2256 1288 2304 hydropisi,
1323 2257 1478 2304 plagatam
1507 2256 1610 2292 fistula
1636 2265 1666 2292 et
1698 2257 1767 2292 aliis
1800 2269 1861 2305 op·-

1111 2317 1232 2352 prcssas
1254 2305 1459 2351 languoribus
1480 2306 1633 2347 liberavit,
1655 2306 1736 2342 facto
1756 2307 1860 2342 crucis

1109 2354 1271 2400 signaculo
1299 2367 1394 2401 super
1426 2367 1490 2390 eas.
1518 2355 1695 2398 Quemdam
1728 2354 1859 2390 fratrum

1110 2402 1149 2437 de
1183 2403 1294 2438 ordine
1327 2404 1485 2439 Minorum
1512 2405 1632 2440 sanavit
1657 2404 1695 2439 ab
1721 2404 1861 2439 insaniae

1109 2452 1264 2499 passione.
1319 2451 1402 2487 Cum
1459 2461 1563 2488 autem
1607 2452 1742 2500 quadam
1794 2453 1861 2488 vice

1110 2500 1214 2536 oleum
1242 2502 1272 2536 in
1296 2503 1487 2537 monasterio
1513 2501 1648 2537 totaliter
1674 2501 1860 2544 defecisset,

1110 2550 1189 2597 ipsa,
1215 2558 1321 2586 vocato
1343 2551 1448 2597 fratre,
1474 2552 1525 2598 qui
1548 2559 1612 2586 erat
1628 2550 1733 2586 eidem
1757 2562 1862 2586 mona-

1110 2600 1208 2634 sterio
1231 2612 1287 2647 pro
1310 2599 1497 2647 colligendis
1525 2599 1733 2648 eleemosynis
1762 2600 1864 2648 depu-

1112 2655 1203 2690 tatuS,
1225 2649 1346 2686 accenit
1370 2661 1511 2687 urceum,
1541 2656 1636 2685 atoue
1658 2649 1742 2692 lavit,
1765 2661 1862 2686 vacu-

1866 280 1916 307 An.
1932 279 1960 306 C.
1979 277 2049 306 1255

1863 340 1951 368 vigiliae
1962 343 1982 362 et
2002 345 2049 361 ora-

1863 373 1947 393 nonest

1894 983 2028 1010 paupertatis

1908 1013 2012 1034 studione.

1892 1715 2040 1739 Recensentnr

1872 1748 1973 1775 quaedam
2010 1748 2056 1769 eiu·

1872 1778 1980 1800 miracuta.

1882 2067 1987 2091 Mat-bidan
1998 2071 2058 2091 sanat

1875 2104 1968 2122 sorores.

1888 2507 1962 2530 oleum
1982 2508 2061 2529 divini-

1875 2541 1910 2559 tus
1951 2539 2061 2560 minturn-

1876 2571 1927 2590 tum.
