2129 3223
379 253 446 285 194

367 332 407 341 -
434 316 547 346 Mandat
577 314 746 353 apostolicis
780 314 901 352 legatis,
933 314 1077 347 clericos.

368 355 519 394 laicosque
539 359 685 390 moneant,
704 358 733 383 ut
749 353 820 384 illuc
839 363 871 384 se
889 354 1078 390 transferant,

369 411 405 418 -
423 395 456 425 Et
475 396 521 425 liis
541 393 752 432 indulgentiam
770 393 947 433 impertitur.

131 264 182 290 Αῃ,
198 263 228 290 c,
245 263 314 290 ¹205
925 260 1111 283 amanum
1136 259 1298 281 nonaxon!
1883 257 1975 285 Aac.
1993 257 2062 284 1205

1119 313 1215 360 pacis,
1231 312 1270 347 ab
1285 313 1403 348 unitate
1421 312 1586 357 discessit,
1608 312 1747 358 elanguit
1770 313 1863 346 etiam
1878 315 1963 368 ¹22²·
1971 315 2064 367 ⁰3:²⁶5·-

1118 363 1198 397 eirca
1226 362 1319 396 fldem
1345 374 1482 398 renuens
1501 362 1658 406 confiteri,
1684 360 1770 409 quod
1791 360 1940 408 spi-„1000
1987 377 2062 403 pium

1119 412 1196 446 ritus
1230 410 1383 449 Sanctus,
1415 412 1468 458 qui
1502 420 1549 446 est
1581 411 1711 446 unitatis
1741 407 1951 457 aetha-·⁵⁸¹¹²⁰¹¹

158 731 290 754 Proemium.

148 1225 189 1246 Res
202 1226 221 1246 ln
234 1224 319 1251 nunqua

135 1257 182 1282 lege
210 1257 318 1282 figuratae.

135 1289 154 1308 in
166 1293 220 1308 nova
234 1284 320 1306 revols-

328 448 504 479 Innocentius
521 448 664 484 episcopus
683 454 781 477 set-vus
799 452 941 477 sorvorum
960 445 1016 479 nei,
1033 453 1079 475 ve—

373 492 539 523 nerabilibus
569 492 708 522 tratribus
741 493 942 528 archiepiscopo
972 491 1100 531 Remea,

373 538 488 567 Sanctae
505 539 638 566 Romanae
653 536 786 566 Ecclesiae
804 537 946 569 cardinali.
966 537 1078 572 Aposto-

373 583 442 612 licae
460 582 535 611 Sedis
552 582 663 618 togato,
687 583 718 611 et
741 581 923 617 suffraganeis
946 581 1014 614 eius.
1034 587 1080 609 sa-

372 628 462 657 lntem
481 628 511 656 et
529 627 710 664 apostoticam
720 627 944 655 benedictionem.

379 675 436 711 Vir
458 689 541 712 unus
563 676 602 711 de
623 676 777 711 Ramatlia
805 676 884 711 duas
911 675 969 710 sihi
998 687 1079 710 uxo-

331 738 381 762 res
413 726 588 773 copulavit,
615 726 739 761 Annam
769 725 911 760 videlicet
937 733 967 759 et
995 724 1078 759 Phe-

330 788 481 816 nennam,
500 775 554 810 sed
574 788 655 822 quae
679 777 766 822 prius
789 775 846 809 snit
870 774 966 821 prolis
981 774 1079 821 gloria

331 826 489 865 decorata,
505 837 576 859 cnm
599 825 784 872 superbivit,
801 824 852 858 ubi
869 824 962 858 altera
979 824 1078 870 coepit

331 874 542 910 foecunditate
563 874 681 909 sobolis
704 875 732 908 in
760 874 898 909 Domino
922 873 1056 908 exaltare
1072 901 1080 910 ,

331 924 445 959 meruit
482 924 646 964 infirmari,
668 924 750 958 sicut
786 923 886 970 ipsius
913 922 1079 957 Canticum

332 973 519 1008 manifestat.
536 973 580 1008 Ea
603 973 761 1020 siquidem
785 963 865 1019 quai?
887 972 948 1007 sul)
971 972 1080 1006 umbra

332 1024 412 1069 legis
433 1022 635 1057 historialiter
656 1022 810 1057 accidisse
829 1022 987 1068 leguntur,
1010 1033 1080 1056 cnm

331 1071 508 1107 secundum
536 1071 724 1118 Apostolum
753 1071 866 1106 omnia
888 1071 949 1106 illis
977 1071 1082 1105 conti-

331 1122 434 1168 gerint
458 1121 489 1155 in
524 1121 679 1167 liguram,
707 1120 909 1167 spiritualiter
933 1121 1081 1155 eveniunt

332 1173 362 1205 in
386 1170 504 1218 populo
526 1169 583 1205 Dei
607 1181 750 1217 tempore
771 1170 889 1216 gratiae
918 1171 1082 1205 revelatae.

334 1229 365 1255 ιιι
401 1233 416 1254 a
444 1219 544 1267 Moysi
578 1219 656 1255 facie
682 1219 807 1254 sublato
841 1219 995 1254 velamine
1029 1232 1083 1265 ptr

333 1269 530 1316 evangelicae
558 1269 718 1304 doctrinae
740 1269 893 1316 fulgorem
917 1269 1081 1304 tenebrosa

332 1331 412 1366 aqna
447 1319 478 1353 in
508 1318 647 1354 nubibus
673 1319 755 1354 aeris
780 1319 958 1363 elucescat,
979 1326 1010 1353 et
1036 1319 1083 1353 si·-

332 1368 514 1414 guificatnm
539 1380 594 1415 per
623 1368 805 1414 signisc=ns
839 1376 985 1414 appareat
1018 1368 1084 1401 evi-

333 1418 452 1453 denter.
491 1417 645 1452 Mediator
670 1420 789 1453 etenim
824 1416 882 1452 Dei
911 1426 941 1452 et
973 1417 1083 1452 homi-

333 1479 408 1502 num
431 1466 535 1501 Homo
562 1465 712 1501 Christus
731 1466 821 1502 Iesus
844 1478 925 1500 unns
953 1467 1084 1501 omnino

333 1528 395 1550 non
427 1515 613 1550 confusione
643 1515 854 1559 substantiae,
883 1515 936 1550 sed
967 1517 1083 1550 unitate

335 1577 488 1610 personae
520 1565 599 1599 duas
630 1576 809 1600 convocans
831 1565 869 1600 ad
898 1577 931 1599 se
953 1573 1083 1611 gentes,

333 1613 490 1650 Graecum
518 1613 664 1649 videlicet
686 1614 840 1662 populum
871 1622 901 1649 et
924 1613 1083 1649 Latinum.

334 1664 421 1711 ipsos
439 1663 499 1699 sibi
518 1663 682 1698 coniunxit
702 1676 757 1708 per
770 1663 859 1698 Fidei
878 1673 1084 1698 sacramenta.

334 1713 388 1748 sed
416 1712 495 1748 alter
524 1725 648 1754 eorum,
680 1713 825 1748 videlicet
850 1712 1007 1749 Graecus.
1031 1712 1084 1759 qui

335 1770 466 1809 septeno
501 1761 712 1797 Ecclesiarum
741 1775 875 1797 numero
909 1763 1084 1808 gloriatur,

336 1811 375 1846 de
402 1811 518 1858 quibus
539 1819 569 1845 et
596 1824 701 1846 earum
736 1812 866 1858 Angelis
892 1812 1084 1846 mentionem

336 1860 407 1895 facit
436 1861 466 1894 in
489 1860 679 1908 Apocalypsi
702 1860 847 1901 Ioannes,
875 1861 927 1896 ubi
957 1861 1086 1895 Latino-

337 1922 405 1944 rum
443 1909 606 1944 Ecclesiae
640 1910 715 1944 vidit
752 1910 911 1945 funiculos
944 1910 1085 1951 dilatari,

337 1959 410 2005 quia
431 1958 566 1993 stimulis
588 1958 725 1994 invidiae
746 1960 884 2005 agitatus
906 1959 945 1994 ab
967 1961 1086 1994 unitate

337 2008 500 2048 discessi13
519 2020 580 2041 non
598 2008 779 2053 attendens,
798 2009 880 2055 quod
901 2021 973 2044 cum
985 2009 1087 2056 Spon-

337 2068 392 2092 sus
401 2056 613 2104 praemisisset
627 2058 656 2091 in
668 2056 818 2092 Canticis:
830 2057 998 2104 Sexaginta
1014 2065 1087 2093 sunt

337 2107 464 2153 reginae
485 2113 516 2140 et
537 2107 695 2153 octoginta
723 2107 931 2146 concubinae,
958 2115 987 2143 et
1016 2107 1086 2142 ado-

337 2155 580 2191 lescentularum
613 2167 676 2190 non
690 2163 735 2190 est
749 2168 898 2191 numerus
911 2157 937 2200 (l
947 2159 968 2199 ),
982 2157 1084 2192 statim

338 2204 518 2240 subiunxit:
533 2203 602 2240 Una
618 2212 666 2240 est
684 2205 829 2240 columba
849 2218 929 2242 mea,
950 2205 1085 2253 perfecta

338 2267 419 2295 mea,
433 2265 495 2289 una
514 2262 560 2288 est
582 2255 690 2289 matris
717 2267 793 2289 suae
819 2255 915 2290 electa
942 2255 1086 2302 genitrici

339 2316 423 2338 suae.
447 2302 601 2338 Viderunt
616 2316 683 2338 eam
702 2303 781 2339 filiae
803 2304 905 2352 Syon,
927 2313 958 2340 et
981 2305 1087 2340 beatis-

339 2354 449 2387 simam
477 2352 736 2400 praedicaverunt
763 2354 889 2400 reginae
911 2362 940 2389 et
967 2366 1088 2390 concu-

341 2402 443 2447 binae,
457 2410 485 2436 et
502 2401 707 2437 laudaverunt
721 2413 788 2438 eam
807 2405 862 2447 (2).
880 2403 958 2439 Nam
973 2404 1088 2439 multae

341 2451 422 2485 filiae
445 2460 714 2498 congregaverunt
736 2452 870 2497 divitias,
894 2452 970 2488 haec
984 2461 1086 2488 autem

341 2512 542 2546 supergressa
565 2509 611 2535 est
639 2501 800 2537 universas
826 2504 880 2546 (ὅ).
915 2501 1088 2551 Postquam

341 2557 443 2583 nutem
471 2549 664 2585 Graecorum
687 2550 836 2598 populus,
852 2560 945 2598 rupto
963 2552 1089 2588 vinculo

376 2602 415 2635 (¹)
432 2601 504 2629 Cant.
527 2610 565 2635 νι,
589 2603 614 2629 7.
655 2604 694 2638 (2)
714 2603 790 2631 Cant.
813 2611 851 2635 vt,
873 2604 897 2630 8,
944 2605 983 2639 (5)
1008 2605 1087 2632 Prov.

342 2643 421 2667 xxxi,
440 2637 484 2663 ⁵29.

1120 461 1277 508 litatisqne
1321 462 1499 502 connexio,
1543 461 1690 508 procedat
1728 472 1744 495 a
1783 459 1867 494 Filio

1118 510 1199 545 sicut
1216 522 1230 543 a
1251 509 1344 544 Patre
1370 509 1530 556 procedit,
1562 511 1638 557 quia
1669 510 1763 556 igitur
1784 510 1865 544 circa

1121 559 1353 606 processionem
1374 558 1513 605 Spiritus
1533 559 1641 594 Sancti
1658 559 1799 607 profiteri
1822 570 1868 594 re-

1121 609 1188 643 nuit
1222 609 1406 651 veritatem,
1430 608 1541 651 merito
1577 608 1722 644 tenebras
1752 608 1868 647 mentis

1120 658 1263 698 incurrit,
1284 670 1358 692 cum
1390 659 1458 704 ipse
1482 657 1621 705 Spiritus
1647 670 1774 693 omnem
1807 657 1866 693 do-

1120 716 1187 742 ceat
1217 707 1397 747 veritatem,
1418 706 1616 742 sieutFilius
1638 707 1668 742 in
1699 707 1869 754 Evangelio

1121 764 1320 804 protestatur.
1355 756 1521 803 Spirituali
1552 757 1669 791 etenim
1706 757 1867 792 intellectu

1122 807 1262 853 privatus
1288 806 1360 853 quia
1395 807 1536 853 peccavit
1563 807 1594 841 in
1620 806 1779 854 spiritum,
1806 805 1870 842 ser-

1121 865 1263 891 mentum
1280 867 1342 890 non
1365 855 1456 890 eiecit
1476 867 1494 890 a
1510 855 1617 895 domo,
1642 865 1674 890 ut
1689 856 1870 903 epularetur

1122 906 1151 939 in
1174 905 1295 939 Azimis
1316 905 1508 939 sinceritatis
1521 913 1552 940 et
1567 905 1717 946 veritatis,
1737 905 1806 948 sed,
1824 918 1868 941 ve-

1122 955 1178 989 teri
1213 954 1368 989 fermento
1408 962 1541 998 retento,
1568 954 1694 1001 Corpus
1727 954 1870 995 Christi,

1122 1012 1275 1050 quantum
1304 1004 1334 1038 in
1363 1004 1432 1050 ipso
1454 1012 1512 1044 est,
1539 1004 1677 1039 comedit
1701 1004 1871 1039 fermenta-

1123 1063 1200 1087 tum.
1214 1052 1408 1088 Benedictus
1428 1062 1533 1087 autem
1549 1053 1636 1088 Deus
1658 1062 1689 1088 et
1703 1054 1795 1089 Pater
1809 1053 1873 1089 Do—

1123 1102 1198 1137 mini
1223 1102 1320 1137 nostri
1332 1102 1403 1137 Iesu
1419 1102 1556 1146 Christi,
1577 1103 1671 1138 Pater
1693 1103 1873 1138 misericor-

1123 1152 1263 1192 diarum,
1299 1159 1330 1187 et
1363 1151 1450 1186 Deus
1488 1152 1586 1187 totins
1624 1152 1870 1194 consolationis,

1123 1202 1175 1248 qui
1204 1213 1293 1236 suam
1321 1201 1432 1236 volens
1454 1200 1628 1237 Ecclesiam
1646 1202 1817 1243 consolari,
1840 1211 1872 1237 ut

1126 1250 1298 1298 Ephrahim
1324 1258 1525 1286 convertatur
1554 1251 1592 1285 ad
1625 1251 1734 1287 Iudam
1769 1260 1800 1287 et
1832 1252 1871 1287 ad

1124 1300 1292 1335 Ierusalem
1307 1299 1451 1335 Samaria
1471 1309 1655 1346 revertatur,
1671 1313 1769 1348 super
1781 1313 1873 1336 eum-

1124 1350 1194 1384 dem
1216 1349 1382 1397 populum,
1401 1349 1476 1397 quia
1496 1349 1634 1385 Montem
1653 1349 1871 1397 Caliginosum

1124 1399 1250 1444 signum
1277 1399 1424 1445 dignatus
1450 1407 1497 1433 est
1525 1398 1711 1435 mirabiliter
1738 1400 1871 1443 elevare,

1123 1460 1160 1482 ac
1189 1449 1262 1483 eius
1294 1456 1400 1494 portas
1420 1448 1604 1483 sanctificati
1631 1449 1763 1484 Domini
1797 1458 1872 1485 sunt

1125 1497 1270 1544 ingressi,
1285 1496 1480 1532 Graecorum
1500 1497 1668 1544 imperium
1685 1510 1702 1533 a
1724 1497 1874 1546 superbis

1125 1547 1161 1581 ad
1186 1546 1334 1589 humiles,
1357 1559 1373 1581 a
1388 1546 1616 1592 superstitiosis
1636 1548 1674 1582 ad
1698 1548 1872 1594 religiosos,

1124 1608 1140 1630 a
1167 1596 1378 1630 schismaticis
1409 1596 1447 1629 ad
1478 1595 1661 1637 catholicos,
1688 1597 1728 1632 ab
1755 1596 1874 1632 inobe-

1124 1644 1284 1680 dientibus
1320 1644 1510 1680 transferens
1543 1645 1580 1680 ad
1617 1646 1759 1682 devotos.
1788 1645 1871 1682 Cum

1125 1695 1209 1728 enim
1229 1694 1420 1728 christianus
1442 1694 1599 1729 exercitus
1622 1695 1696 1731 illuc
1710 1708 1783 1731 cum
1798 1695 1874 1731 Ate-

1126 1745 1177 1778 xio
1200 1743 1264 1777 filio
1291 1742 1386 1778 Ysatii
1409 1743 1599 1788 advenisset,
1625 1753 1655 1780 et
1682 1753 1771 1792 capta
1793 1745 1874 1780 urbe

1125 1792 1430 1839 Constantinopolis,
1448 1792 1532 1827 idern
1546 1792 1656 1829 fuisset
1669 1794 1799 1829 Alexius
1814 1806 1872 1830 co-

1126 1850 1265 1882 ronatus,
1292 1841 1396 1876 dictus
1421 1842 1579 1876 exercitus
1606 1843 1723 1878 ibidem
1756 1855 1874 1891 propo—

1126 1892 1185 1925 suit
1216 1891 1367 1928 liiemare,
1394 1891 1449 1926 sed
1472 1903 1553 1937 quae
1577 1904 1678 1928 novus
1705 1893 1874 1940 imperator

1127 1952 1183 1987 pro
1211 1939 1373 1975 beneficiis
1394 1940 1452 1975 sibi
1481 1940 1520 1974 ab
1541 1941 1652 1976 eodem
1679 1942 1801 1978 collatis
1821 1954 1874 1977 re-

1127 1989 1264 2024 tribuere
1277 1989 1445 2028 studuerit,
1465 1990 1594 2037 longum
1617 1999 1700 2026 esset
1715 1993 1872 2039 praesenti

1128 2039 1239 2085 pagina
1261 2051 1416 2080 enarrare;
1440 2051 1546 2074 verum
1576 2048 1608 2074 ιιι
1630 2041 1725 2075 multa
1748 2041 1874 2076 brevius

1128 2088 1386 2133 perstringamus,
1400 2100 1510 2123 eorum
1525 2089 1654 2134 malitia,
1668 2091 1741 2138 quia
1755 2092 1873 2126 Amor-

1128 2137 1274 2171 rheorum
1292 2137 1454 2184 iniquitate
1473 2138 1628 2185 completa
1654 2140 1780 2175 dextera
1806 2139 1874 2175 Do-

1128 2186 1201 2219 niini
1218 2185 1289 2220 fecit
1306 2187 1465 2226 virtutem,
1487 2196 1518 2222 et
1531 2187 1677 2224 exaltavit
1698 2189 1874 2224 exercitum

1127 2235 1344 2276 christianum,
1360 2236 1430 2271 illos
1444 2237 1537 2283 digna
1555 2237 1671 2274 ultione
1685 2240 1874 2285 percutienS,

1127 2296 1162 2319 ac
1183 2295 1292 2319 eorum
1322 2294 1433 2320 terram
1457 2298 1534 2321 auro
1555 2295 1586 2321 et
1611 2296 1758 2334 argento,
1783 2299 1875 2335 gem-

1127 2333 1250 2380 misque
1274 2334 1430 2376 refertam,
1458 2335 1627 2376 frumento,
1652 2338 1723 2372 vino
1749 2344 1780 2372 et
1804 2337 1875 2372 oleo

1127 2382 1315 2426 stabilitam,
1354 2393 1385 2419 et
1411 2385 1566 2420 bonorum
1600 2386 1742 2421 omnium
1776 2387 1875 2433 copiis

1127 2431 1307 2467 affluentem
1331 2435 1481 2470 exercitui
1510 2434 1651 2470 tribuens
1679 2444 1872 2474 memorato:

1127 2482 1269 2529 expulsis
1285 2482 1377 2529 igitur
1391 2483 1430 2518 de
1444 2483 1716 2532 Constantinopoli
1731 2484 1873 2522 Graecis.

1128 2539 1158 2566 et
1179 2542 1287 2566 eorum
1315 2540 1395 2568 terra
1417 2535 1535 2580 pariter
1554 2533 1732 2580 subiugata,
1754 2535 1874 2571 charis·
1888 2542 2073 2596 ἀξίὶιὲαῑεᾛὲιᾶ

1128 2580 1242 2615 simum
1262 2581 1292 2616 in
1315 2581 1443 2618 Christo
1465 2582 1564 2617 filium
1583 2591 1725 2619 nostrum
1746 2583 1875 2620 Batduin

1899 1362 1995 1385 tii-mun
2011 1365 2073 1384 tran-

1887 1394 1935 1416 alat.
1951 1395 2044 1420 imperti.

1901 1805 1987 1830 Alexin·
2015 1804 2072 1825 Con—

1887 1834 2025 1863 atanttnopoti
2037 1841 2073 1856 ca-

1887 1870 1982 1888 renatus.

1129 2641 1204 2664 num
1232 2631 1378 2666 comitem
1405 2631 1573 2667 Flandriae
1607 2643 1642 2667 ac
1667 2632 1805 2670 Haiuum
1835 2604 2072 2670 ad¹52{„;‚¹{¹⁹·¹¹··
