2129 3223
142 221 193 247 An.
212 222 323 251 0126&

152 525 230 545 Cauaae
250 525 320 544 harum

140 557 251 576 dandarum
286 560 321 575 re—

140 587 237 612 gutur-um,

140 967 239 988 Ordinem
247 967 267 988 S.
275 967 320 1001 Cla?

137 1003 172 1018 raa
202 1003 318 1025 nuncupari

136 1029 219 1048 mandat
251 1027 319 1049 Urba-

148 1508 213 1536 Eique
231 1511 318 1536 printe-

136 1545 168 1564 ξω
183 1546 251 1560 omnia
270 1546 320 1561 con-

136 1570 209 1591 fito-at.

147 1898 254 1927 Unumque.
272 1907 314 1921 om-

135 1930 195 1950 nihus
226 1932 317 1956 regulam

135 1962 205 1981 traditi

388 214 455 246 710

338 280 488 326 episcopo
521 285 552 314 et
575 280 668 314 vestri
686 279 806 315 ordinis
821 292 926 315 curam
943 288 1083 328 gerente,

337 340 430 374 quam
457 327 538 371 aliis,
566 328 665 363 variae
691 328 781 364 datae
801 339 874 365 sunt
901 330 1028 377 regulae
1053 339 1083 365 et

339 377 454 412 formae
481 376 627 417 vivendi,
661 390 795 424 quarum
823 379 1028 415 observantiis
1049 392 1081 415 se

339 434 475 461 restrum
502 426 625 474 aliquae
646 426 830 463 solemniter
857 428 1042 475 obligavere.

384 479 399 519 ἓ
425 478 459 509 2.
488 475 621 523 Propter
641 476 738 524 quod,
757 477 886 512 dilectae
899 478 929 512 in
945 478 1083 513 Domino

337 525 428 565 filiae,
462 523 519 559 fuit
550 525 642 560 nobis
674 526 835 561 humiliter
859 527 1082 573 supplicatum,

337 581 369 609 nt
391 573 540 609 eumdem
562 582 701 610 vestrum
731 575 876 611 ordinem
898 588 1082 611 curaremus

335 623 410 659 certi
438 623 577 658 nominis
602 624 692 659 titulo
715 624 880 672 insignire,
908 637 1026 672 vosque
1044 626 1083 661 ab

336 672 428 707 huius
450 672 717 709 observantiarum
740 674 970 709 diversitatibus
988 683 1018 710 et
1035 687 1082 709 vo-

336 722 374 757 tis
395 734 490 768 super
521 722 567 758 eis
593 723 718 758 emissis
751 723 995 759 misericorditer
1027 724 1082 758 ab—

334 771 509 812 solventes,
536 779 652 807 certam
682 772 769 807 vobis
791 772 913 808 vivendi
938 772 1080 807 formam.

333 820 372 856 ad
397 820 568 856 tollendum
585 833 712 856 omnem
736 822 774 857 de
796 821 906 857 vestris
922 823 1083 858 conscien-

334 871 385 905 tiis
413 870 612 915 scrupulum,
639 870 835 917 largiremur.

383 924 398 963 ἓ
421 923 452 954 3.
475 919 541 954 Nos
562 920 666 966 itaque
700 919 817 955 decens
840 920 1027 955 arbitrantes
1054 928 1082 954 et

334 980 521 1014 congruum,
549 976 583 1003 ut
604 968 686 1003 idem
714 969 791 1004 ordo
812 977 925 1013 vester,
954 969 1020 1017 qui,
1048 979 1083 1004 ut

335 1017 558 1066 praemittitur,
582 1018 613 1053 in
635 1017 673 1053 B.
697 1017 788 1053 Clara
814 1018 912 1053 felicia
940 1030 1015 1053 suae
1035 1018 1083 1052 in-

334 1066 504 1101 stitutionis
525 1068 658 1113 sumpsit
679 1067 829 1114 auspicia,
858 1067 1011 1114 cuiusque
1039 1071 1082 1111 (ut

334 1116 464 1151 firmiter
503 1116 674 1159 credimus)
708 1116 790 1163 apud
822 1116 924 1151 Deum
962 1117 1083 1152 meritis

332 1173 362 1200 et
385 1166 612 1201 intercessione
636 1166 818 1213 protegitur,
842 1173 872 1201 et
906 1165 989 1212 apud
1020 1166 1081 1200 ho-

333 1214 436 1250 mines
472 1214 620 1249 laudibus
664 1215 814 1249 attollitur
859 1222 889 1249 et
924 1214 1082 1249 favoribus

332 1263 514 1311 ampliatur,
554 1264 623 1299 eius
662 1264 849 1310 insigniatur
881 1272 911 1298 et
938 1265 1081 1303 nomine:

334 1314 437 1360 ipsum
461 1313 500 1347 de
527 1312 656 1348 fratrum
683 1321 858 1348 nostrorum
882 1313 1016 1348 consilio
1043 1313 1081 1348 de

333 1370 459 1397 caetero
489 1361 688 1397 decrevimus
723 1361 867 1397 ordinem
900 1362 934 1396 S.
972 1362 1082 1397 Clarae

334 1411 529 1446 uniformiter
551 1410 791 1446 nominandum.

381 1464 397 1504 g
418 1463 450 1494 4.
479 1459 658 1494 Statuentes
680 1459 765 1506 quod
791 1459 1016 1500 immunitates,
1044 1460 1083 1494 li-

334 1509 480 1549 bertates,
522 1509 696 1555 privilegia,
720 1508 932 1555 indulgentiae
967 1520 1003 1543 ac
1031 1509 1083 1543 lit-

335 1567 416 1593 terae
444 1569 662 1605 quaecumque
682 1557 769 1592 vobis
789 1570 845 1592 seu
863 1557 964 1592 eidem
981 1558 1082 1592 ordini

333 1620 350 1642 a
384 1606 515 1654 praefata
539 1607 635 1647 Sede,
661 1606 722 1641 sub
748 1619 950 1653 quacumque
977 1607 1082 1642 nomi-

334 1657 458 1691 natione
485 1668 646 1699 concessa,
674 1655 703 1690 id
726 1656 822 1690 robur
847 1655 1008 1691 obtineant
1030 1656 1083 1691 fir-

334 1705 462 1750 mitatis,
484 1712 514 1740 et
538 1705 576 1739 ita
602 1718 656 1751 per
670 1705 774 1739 omnia
794 1704 871 1751 ipsis
885 1705 928 1739 uti
943 1706 1081 1750 possitis,

332 1767 367 1789 ac
388 1754 413 1790 si
440 1766 457 1790 a
485 1754 640 1802 principio
664 1754 757 1789 huius
778 1754 915 1788 nominis
937 1754 1026 1789 titulo
1052 1763 1083 1790 et

332 1803 392 1839 suh
419 1803 476 1838 ltac
504 1804 719 1838 nominatione
741 1803 884 1838 fuissent.

381 1856 396 1896 ἓ
423 1855 454 1887 5.
484 1851 526 1887 Ut
547 1861 649 1888 autem
675 1852 754 1887 bene
777 1861 807 1887 et
833 1851 971 1888 iucunde
992 1852 1083 1887 habi-

333 1903 404 1937 tetis
426 1902 455 1937 in
485 1914 596 1945 unum,
618 1914 675 1937 nec
698 1901 759 1937 sub
780 1901 1011 1949 praedictarum
1031 1902 1084 1937 ob-

332 1951 556 1986 servantiarum
584 1951 760 1986 differentia
793 1963 810 1986 a
838 1951 931 1986 modo
959 1951 1081 1986 vivendi

334 2000 502 2035 rideamini
536 2000 735 2044 differentes,
766 1999 820 2035 sed
851 2000 1018 2035 ambuletis
1051 2001 1080 2035 in

331 2050 425 2084 domo
447 2049 573 2084 Domini
597 2061 667 2085 cum
695 2061 871 2090 consensu;
896 2061 964 2089 nos,
982 2050 1083 2095 inspe-

331 2098 390 2133 ctis
412 2098 560 2134 omnibus
583 2098 700 2145 regulis
720 2098 887 2145 praedictis
910 2105 940 2132 et
963 2098 1081 2139 formis,

331 2160 367 2183 ac
385 2147 560 2194 specialiter
579 2147 675 2191 illam,
702 2159 794 2195 quam
820 2147 977 2194 praefatus
996 2160 1083 2195 prae-

330 2196 478 2232 decessor
510 2204 584 2232 tunc
607 2196 767 2232 Ostiensis
795 2197 967 2244 episcopus
995 2196 1083 2231 robis

331 2245 457 2281 dedisse
477 2246 689 2292 cognoscitur,
717 2246 900 2292 diligentius
921 2245 1083 2280 attenden-

332 2302 390 2335 tes,
418 2295 556 2341 regulam
585 2295 649 2330 sive
677 2295 808 2330 formam
839 2295 960 2336 vivendi
998 2306 1082 2341 prae-

331 2343 475 2378 sentibus
495 2351 687 2385 annotatam,
712 2343 797 2378 vobis
811 2353 841 2379 et
857 2344 908 2388 iis,
929 2355 1008 2391 quae
1028 2355 1083 2378 vo-

331 2391 380 2427 bis
401 2393 630 2434 successerint,
665 2392 704 2428 de
737 2392 921 2428 eorumdem
949 2392 1080 2428 fratrum

332 2440 482 2482 consilio,
509 2442 723 2489 praesentium
747 2450 855 2477 tenore
878 2441 1083 2477 concedimus

331 2498 361 2524 et
379 2490 474 2525 etiam
502 2491 740 2536 confirmamus,
768 2491 798 2525 in
821 2490 955 2538 singulis
977 2503 1084 2526 mona-

331 2539 435 2574 steriis
461 2540 554 2574 vestri
578 2540 698 2576 ordinis
729 2541 890 2587 perpetuis
925 2540 1082 2587 tempori-

331 2586 391 2620 bus
414 2586 663 2633 observandam,
692 2589 759 2624 illas
785 2601 820 2624 ex
855 2589 966 2630 vobis,
1001 2600 1082 2637 qnae

916 225 1105 249 mmmmm
1127 226 1289 250 ROMANUM

1884 230 1935 257 Au.
1954 229 1980 256 C.
1998 231 2062 258 ¹26&

1125 282 1224 328 ipsam
1256 283 1395 329 regulam
1417 284 1481 319 sive
1497 285 1628 321 formam
1645 297 1699 332 per
1713 297 1772 320 nos
1784 285 1871 321 vobis

1124 343 1306 367 concessam
1328 340 1359 367 et
1380 333 1607 376 confirmatam,
1630 334 1788 380 professae
1807 334 1873 370 fue-

1125 380 1196 421 rint,
1220 381 1258 416 ab
1279 381 1429 417 omnibus
1449 383 1518 418 aliis
1540 384 1676 430 regulis,
1701 383 1811 419 formis
1840 392 1872 420 et

1124 430 1203 464 votis
1227 431 1416 476 praemissis,
1437 432 1477 468 de
1498 433 1690 479 apostolicae
1709 433 1871 480 potestatis

1124 478 1319 526 plenitudine
1341 480 1549 517 absolventes.

1171 527 1259 570 Quae
1286 530 1392 576 regula
1420 530 1490 565 talis
1510 538 1568 566 est.

1423 600 1503 636 Cap.
1540 605 1569 636 t.

1171 670 1310 710 Omnes,
1338 683 1418 718 quae
1446 672 1562 708 saeculi
1591 673 1725 708 vanitate
1747 674 1870 716 relicta,
1899 685 2069 710 Deobsdientis,

1124 719 1305 765 religionem
1330 730 1460 756 vestram
1484 733 1646 758 assumere
1669 722 1825 758 voluerint
1842 732 1871 758 et
1886 720 2011 771 ξζξέξξζξζῖὺ
2047 721 2069 738 ²⁸

1123 776 1241 810 tenere,
1264 769 1345 805 hanc
1367 782 1420 806 eas
1447 770 1548 817 legem
1578 771 1657 806 vitae
1678 779 1708 806 et
1730 772 1872 820 discipli-

1123 829 1181 853 nae
1215 826 1336 865 oportet
1368 827 1398 853 et
1428 820 1574 855 convenit
1607 820 1793 862 observare,
1827 821 1873 856 vi-

1124 866 1225 902 vendo
1248 868 1278 902 in
1303 868 1494 910 obedientia,
1526 870 1595 904 sine
1618 870 1756 918 proprio,
1789 878 1819 905 et
1841 872 1871 906 in

1123 917 1262 951 castitate
1289 917 1348 951 sub
1374 917 1528 953 clausura.

1428 992 1508 1028 Cae.
1532 996 1565 1028 2.

1171 1061 1267 1097 Omni
1290 1074 1427 1109 namque
1445 1070 1588 1110 tempore
1605 1064 1685 1100 vitae
1698 1076 1774 1100 suae
1791 1066 1874 1102 hanc

1125 1112 1216 1146 vitam
1236 1112 1428 1159 prolitentes,
1453 1113 1576 1148 clausae
1594 1125 1722 1149 manere
1743 1114 1873 1150 firmiter

1123 1169 1289 1196 teneantur
1311 1160 1390 1196 infra
1412 1174 1574 1198 murorum
1598 1162 1752 1198 ambitum
1775 1171 1806 1199 et
1824 1163 1873 1199 in-

1123 1209 1291 1245 trinsecam
1310 1211 1486 1245 clausuram
1520 1212 1702 1247 monasterii
1731 1212 1873 1261 deputa-

1124 1267 1203 1299 tum,
1226 1260 1285 1294 nisi
1302 1259 1405 1295 forsan
1425 1261 1519 1305 <quod
1543 1261 1633 1305 absit)
1655 1263 1875 1309 superveniret

1124 1308 1312 1344 inevitabilis
1334 1317 1364 1343 et
1390 1310 1564 1357 periculosa
1588 1312 1771 1351 necessitas,
1792 1312 1874 1348 sicut

1123 1358 1298 1393 exustionis
1314 1358 1407 1405 iguis,
1429 1360 1476 1394 vel
1496 1360 1642 1395 incursus
1660 1361 1795 1400 hostilis,
1816 1374 1874 1397 seu

1123 1407 1260 1443 alicuius
1274 1407 1470 1448 huiusmodi,
1488 1420 1570 1456 quae
1591 1409 1774 1446 dilationem
1786 1410 1874 1447 nullo

1123 1464 1248 1503 caperet
1281 1457 1395 1498 modo,
1429 1458 1466 1493 ad
1504 1459 1687 1506 egrediendi
1714 1460 1872 1496 licentiam

1124 1505 1355 1553 postulandam.
1371 1507 1405 1541 In
1418 1507 1535 1554 quibus
1550 1508 1875 1545 casibnstransferant

1123 1567 1156 1589 se
1179 1567 1304 1590 sorores
1325 1555 1363 1590 ad
1380 1555 1484 1591 locum
1507 1557 1602 1592 alium
1625 1566 1873 1605 competentem,

1124 1604 1154 1638 in
1182 1616 1257 1651 quo,
1280 1612 1431 1651 quantum
1459 1607 1624 1641 commode
1652 1607 1718 1642 fieri
1746 1608 1873 1655 poterit,

1123 1654 1246 1688 clausae
1275 1664 1457 1695 morentur,
1485 1668 1651 1703 quousque
1677 1657 1723 1692 eis
1743 1657 1782 1691 de
1804 1669 1875 1692 mo-

1124 1703 1260 1738 nasterio
1288 1703 1327 1737 sit
1354 1704 1526 1749 provisum.
1553 1705 1590 1739 Et
1614 1714 1741 1753 propter
1762 1706 1873 1741 huius-

1125 1752 1207 1786 modi
1244 1754 1441 1788 necessitatis
1473 1753 1680 1796 evidentiam,
1716 1755 1801 1790 nulla
1828 1756 1874 1791 eis

1123 1801 1309 1836 concediitnr
1330 1802 1454 1837 licentia
1471 1802 1516 1837 vel
1540 1803 1669 1839 facultas
1688 1812 1773 1840 extra
1790 1816 1873 1852 prae-

1123 1850 1237 1886 dictam
1265 1850 1440 1886 clausuram
1475 1851 1607 1887 ulterius
1632 1853 1786 1898 exeundi,
1813 1854 1871 1889 nisi

1124 1900 1202 1935 forte
1224 1900 1262 1935 de
1298 1901 1446 1936 mandato
1478 1909 1530 1936 ant
1561 1903 1744 1938 auctoritate
1768 1903 1874 1938 cardi-

1123 1949 1202 1984 nalis
1235 1949 1397 1984 Romanae
1435 1950 1617 1992 Ecclesiae,
1658 1951 1709 1987 cui
1738 1964 1754 1986 a
1789 1951 1872 1987 Sede

1123 1998 1303 2045 Apostolica
1313 2000 1501 2045 generaliter
1511 2000 1603 2035 fuerit
1618 2000 1674 2036 iste
1692 2000 1770 2036 ordo
1784 2013 1873 2036 com-

1123 2048 1249 2092 missus,
1276 2048 1312 2082 ad
1335 2048 1471 2096 aliquem
1495 2049 1598 2084 locum
1621 2049 1745 2098 aliquae
1768 2051 1873 2086 mitte-

1124 2105 1251 2141 rentur,
1292 2109 1384 2132 causa
1419 2098 1579 2145 plantandi
1614 2099 1661 2134 vel
1687 2099 1871 2135 aedificandi

1123 2146 1265 2181 camdem
1288 2146 1487 2193 religionem,
1515 2148 1562 2182 vel
1595 2148 1784 2183 reformandi
1815 2148 1872 2184 ali-

1123 2195 1206 2242 quod
1235 2196 1462 2231 monasterium
1484 2196 1626 2232 eiusdem
1654 2197 1791 2239 ordinis,
1815 2209 1870 2233 seu

1123 2257 1215 2280 causa
1238 2245 1411 2290 regiminis,
1433 2253 1485 2280 aut
1511 2246 1727 2287 correctionis,
1753 2247 1872 2282 autali-

1122 2294 1213 2329 cuius
1240 2294 1328 2329 valde
1356 2295 1510 2330 evidentis
1532 2303 1563 2331 et
1584 2296 1686 2342 gravis
1712 2295 1869 2342 dispendii

1123 2342 1276 2386 evitandi,
1311 2343 1363 2378 vel
1391 2344 1449 2378 nisi
1477 2343 1515 2378 de
1541 2344 1681 2380 eiusdem
1704 2344 1871 2380 cardinalis

1123 2392 1269 2427 mandato
1290 2401 1343 2427 aut
1365 2393 1564 2434 auctoritate,
1592 2393 1780 2428 monasterio
1803 2394 1873 2441 pri-

1123 2453 1174 2476 mo
1205 2442 1378 2477 rationabili
1413 2454 1507 2478 causa
1534 2442 1660 2480 relicto.
1688 2450 1772 2478 totus
1798 2454 1870 2478 con-

1124 2498 1234 2525 ventus
1261 2490 1298 2525 ad
1323 2492 1547 2526 monasterium
1565 2491 1648 2526 aliud
1671 2503 1705 2526 se
1727 2491 1872 2528 transfer-

1123 2547 1179 2574 ret.
1208 2540 1336 2576 Possint
1365 2548 1469 2575 autem
1493 2541 1525 2575 in
1551 2540 1682 2587 singulis
1709 2550 1871 2578 monaste·

1125 2589 1177 2623 riis
1200 2590 1293 2637 recipi
1317 2589 1456 2637 aliquae,
1478 2589 1548 2624 licet
1571 2601 1699 2638 paucae,
1721 2589 1780 2626 sub
1802 2603 1871 2626 ser-

1901 1074 1931 1096 Do
1950 1075 2047 1096 etausan
