2129 3223
44 235 95 265 Aa.
112 237 141 264 C.
160 236 226 263 ¹263

52 687 161 709 confirmat
172 694 222 715 quo-

40 723 79 746 qne
98 719 176 744 regiam
196 720 220 740 de

39 748 151 775 sepulture.
177 750 221 771 dis—

38 779 171 805 petitionem.

66 1619 181 1642 manniae.

871 237 1014 260 URBANUS
1040 238 1073 261 lv
1100 239 1150 261 PP-

1658 230 1720 262 701

241 290 363 325 tilicalis
386 290 559 325 Catlicdrac
584 290 672 324 titulo
700 290 838 326 dct‘oiari
863 291 986 326 manda·
1026 296 1148 325 urbanus
1167 296 1306 333 episcopus
1326 305 1419 326 servus
1435 306 1575 328 servorum
1590 298 1645 332 Dei,
1665 305 1778 328 venera-

240 352 323 383 muS,
345 339 465 386 elegisti
489 339 717 374 deliberatione
735 341 782 386 pia
801 349 831 375 et
860 340 984 387 provida

238 389 443 436 sepulturam,
466 401 481 423 a
499 388 588 423 nobis
605 388 788 435 suppliciter
812 389 985 436 postulans,

239 446 270 472 ut
293 437 377 484 quod
399 450 414 472 a
438 445 466 472 tc
485 437 523 472 de
545 438 704 484 sepultura
727 438 906 473 liuinsmodi
930 452 986 486 pro

238 487 320 528 fidei,
345 486 546 533 fideliumque
569 487 673 521 sax-ore
696 487 811 522 factum
835 496 892 531 cst,
915 500 987 535 apo-

236 536 363 571 stolicae
402 536 627 583 acceptationis
665 536 777 571 robore
808 537 985 572 munientes

236 585 265 620 id
292 584 455 632 adimpleri
483 585 655 620 districtius
682 585 915 620 mandaremus:

284 638 299 678 ξ
326 637 358 669 ’5.
394 634 457 669 Nos
487 635 607 682 itaque,
643 647 715 670 cum
745 635 851 669 nullus
878 635 917 669 ibi
947 635 984 670 dc

236 685 297 718 tuis
331 683 513 728 maioribus,
549 685 639 719 cuius
677 685 713 718 ad
750 684 779 718 id
819 684 985 719 allectione

236 733 378 774 traharis,
405 733 496 767 suerit
519 734 703 773 tumulatus,
731 733 890 768 verisimili
913 746 984 768 con-

235 782 352 816 iectura
375 790 529 823 tenentes,
552 782 636 829 quod
661 783 736 817 liaeo
759 782 924 817 laudabilis
955 791 984 817 et

233 839 359 877 accepta
380 830 464 875 Deo,
484 839 517 865 ut
544 831 715 876 credimus⁷
742 832 904 879 dispositio
933 844 985 867 re-

232 880 303 926 giae
323 880 502 926 sepulturae
525 881 563 914 de
590 882 660 915 tidei
683 890 713 915 et
740 881 898 915 cliaritatis
920 880 983 915 l‘er-

233 941 306 964 vore
327 936 447 963 tantum
477 930 642 976 processit,
671 930 731 965 tuis
763 930 983 977 postulationi-

233 978 292 1013 bus
311 978 497 1019 annuendo,
529 991 596 1014 eam
624 988 741 1026 gratam
764 988 795 1013 et
822 988 981 1025 acceptam

232 1027 397 1071 habemus,
418 1029 603 1063 auctoritate
619 1030 831 1076 praesentium
855 1030 978 1063 univer-

232 1077 274 1111 sis
292 1077 415 1112 clericis
436 1085 465 1112 et
487 1077 584 1116 laicis,
606 1090 740 1124 quorum
758 1078 907 1121 intererit,
924 1078 982 1112 snb

233 1137 333 1173 poena
360 1127 695 1161 excommunicationis
730 1126 904 1162 districtius
934 1128 981 1161 in-

233 1176 420 1221 iungentes,
449 1184 480 1210 ut
507 1184 535 1209 te
558 1177 639 1210 circa
663 1176 855 1221 sepulturam
881 1176 979 1222 ipsam

232 1225 263 1258 in
299 1224 506 1271 dispositione
533 1225 715 1260 huiusmodi
741 1225 874 1260 finaliter
910 1237 981 1272 pei·-

231 1272 381 1317 durante,
413 1286 484 1308 cuni
520 1274 559 1309 de
586 1275 644 1308 liac
670 1275 740 1309 luce
761 1274 829 1308 Deo
851 1282 980 1309 vocante

231 1322 435 1367 migraveris,
473 1335 589 1370 corpus
622 1331 711 1358 tuum
742 1323 915 1358 honorilice
948 1323 978 1357 in

231 1371 312 1406 dicta
339 1371 468 1406 ecclesia
499 1372 633 1406 Sanctae
665 1372 794 1415 Crucis,
828 1381 978 1418 quantum

230 1421 261 1454 in
296 1420 373 1466 ipsis
400 1421 503 1461 fuerit,
531 1421 644 1455 saciant
670 1421 806 1468 sepeliti,
829 1434 887 1455 nec
917 1422 980 1455 ali—

229 1477 386 1516 quatenus
423 1482 518 1516 super
552 1470 611 1504 hoc
647 1472 750 1505 venire
778 1479 981 1517 praesumant

229 1526 336 1553 contra
365 1519 481 1565 regiam
507 1519 708 1554 voluntatem.

278 1566 362 1602 Nulli
398 1581 474 1613 ergo
510 1569 641 1603 omniuo
676 1569 840 1602 hominum
889 1568 1001 1604 liceat*
1036 1610 1038 1612 ‚
1075 1598 1080 1603 .
1269 1599 1273 1603 .
1360 1598 1374 1607 s
1425 1600 1428 1604 .

230 1616 311 1650 lianc
345 1617 488 1663 paginam
529 1627 652 1652 nostrae
690 1617 915 1664 acceptationis
949 1627 978 1652 et
1020 1597 1332 1652 &usstAl'OSfOl'ffle
1355 1598 1448 1632 bed*
1475 1599 1520 1653 vel
1541 1599 1690 1654 ‚locorum
1718 1612 1771 1634 Μ’

230 1665 365 1699 mandati
390 1666 578 1709 infringere,
607 1667 653 1701 vel
682 1667 709 1700 ei
738 1679 815 1701 ausu
845 1675 979 1701 temera·
999 1664 1000 1701 J
1020 1647 1149 1681 dmams
1171 1655 1321 1692 agnamr’
1351 1659 1424 1682 reus
1449 1647 1605 1682 m³l¹¹¹⁰se
1627 1658 1770 1694 pmcm'ffi

229 1715 276 1748 rio
302 1716 468 1749 contraire.
492 1715 526 1749 Si
553 1715 624 1761 quis
646 1723 699 1749 etc.

277 1762 394 1798 Datum
410 1763 491 1810 apud
506 1764 763 1798 Urbemveterem
788 1764 978 1800 duodecimo

229 1811 378 1847 kalendas
404 1812 608 1858 septembris,
647 1813 844 1858 pontificatus
878 1815 976 1848 nostri

228 1873 311 1895 anno
337 1862 486 1896 secundo.

542 2005 664 2012 ——-.-.

571 2098 639 2132 XV.

231 2171 322 2211 Quod
343 2171 532 2204 ecclesiastici
554 2172 583 2203 in
607 2172 716 2207 causis.
750 2183 828 2216 quae
854 2173 896 2204 ad
922 2173 979 2205 1³0-

277 2231 344 2253 rum
367 2221 596 2253 ecclesiasticum
618 2221 778 2264 pertinent,
805 2222 847 2253 acl
872 2233 978 2253 saecu-

278 2270 343 2302 lare
362 2270 509 2303 iudicium
525 2270 563 2303 ab
579 2270 650 2302 ultis
665 2280 726 2302 non
740 2270 903 2303 trahantur
919 2272 945 2313 (l
955 2283 976 2313 ).

496 2345 709 2375 §tumultui

227 2411 392 2441 Exordium.
421 2428 459 2433 -
492 2413 514 2440 l.
543 2411 654 2440 Causae
678 2411 831 2441 sanciendi
857 2412 976 2442 decreti.

265 2473 304 2477 -—
321 2456 348 2485 2,
370 2455 533 2486 Decretum.

263 2525 303 2559 (t)
319 2525 358 2552 Ex
375 2526 480 2560 Regest.
502 2525 584 2552 tatic.
604 2540 634 2544 —
653 2525 850 2558 Ecclesiasticts,
864 2534 896 2553 ne
907 2534 934 2553 se
943 2526 975 2552 ad

227 2568 370 2595 saecularia
386 2570 481 2596 iudicia
499 2569 613 2601 trahant,
635 2569 806 2595 interdictum
831 2570 863 2596 ab
882 2569 974 2596 eodem

228 2612 333 2639 Urbano
355 2613 479 2645 vidimus,
496 2613 607 2640 Constit.
626 2621 652 2639 x.

1070 346 1168 374 bilibus
1197 346 1333 375 tratribus
1361 348 1570 384 archiepiscopis
1588 349 1618 377 et
1635 349 1776 385 episeopis.

1071 401 1101 423 ac
1120 395 1228 424 dilectis
1247 395 1312 424 filiis
1348 396 1501 431 abbatibus,
1525 397 1673 433 prioribus.
1697 399 1777 427 deca-

1070 444 1122 477 nis.
1148 444 1354 477 archidiaconis,
1374 446 1401 474 et
1421 445 1485 474 aliis
1500 446 1679 475 aeclesiarum
1696 454 1773 484 prae-

1071 492 1147 527 tatis.
1166 500 1211 522 seu
1225 493 1387 524 rectoribus,
1412 500 1441 522 ec
1462 495 1598 524 universis
1613 496 1720 525 clericis
1728 503 1777 532 per

1070 542 1222 571 Hiberniam
1238 543 1411 576 constituti&
1423 544 1541 572 satutem
1557 545 1588 573 et
1598 545 1776 580 apostoticam

1070 592 1290 621 benedictionem.

1075 663 1268 698 provisionis
1289 672 1413 699 nostrae
1437 664 1601 711 provenire
1617 664 1711 700 debet
1725 678 1777 700 au-

1027 712 1117 754 xilio,
1149 721 1181 747 ut
1214 713 1340 748 libertas
1363 714 1574 748 ecclesiastica
1597 726 1722 760 semper
1744 716 1773 748 in

1027 761 1141 796 melius
1163 761 1229 797 Deo
1260 762 1381 798 favente
1408 762 1567 810 proficiat,
1595 771 1625 797 et
1651 764 1676 798 si
1698 764 1774 810 quid

1026 810 1150 846 obstare
1171 811 1378 858 dignoscitur,
1405 824 1462 859 per
1483 824 1541 847 nos
1559 812 1696 847 sollicite
1711 824 1774 847 cor-

1026 859 1152 906 rigatur.

1073 913 1088 952 §
1118 914 1147 944 t.
1176 910 1259 945 Sane
1293 910 1444 945 mirantes
1476 923 1569 957 saepe
1596 910 1774 946 audivimus

1025 966 1055 992 et
1082 958 1247 993 referimus
1280 959 1478 1000 conturbati,
1515 960 1600 1007 quod
1630 961 1772 995 nonnulli

1025 1015 1160 1042 vestrum
1194 1008 1367 1043 libertatem
1401 1009 1519 1055 ipsam,
1552 1022 1645 1057 quam
1673 1010 1773 1045 debe-

1024 1063 1093 1091 rent
1127 1057 1252 1092 assidue
1273 1070 1345 1092 cum
1368 1058 1453 1092 omni
1472 1058 1632 1104 diligentia
1652 1071 1774 1106 promo—

1025 1117 1112 1149 vere,
1148 1107 1237 1141 novis
1273 1107 1550 1142 adinventionibus
1585 1108 1772 1143 conculcare

1023 1155 1171 1200 gestiunt,
1188 1163 1218 1190 et
1240 1156 1315 1191 alias
1337 1155 1514 1203 deprimere
1537 1157 1683 1204 nequiter
1710 1170 1770 1192 non

1024 1212 1180 1248 verentur,
1202 1204 1276 1239 dum
1299 1205 1378 1239 alter
1395 1206 1490 1240 alium
1513 1217 1608 1252 super
1629 1206 1772 1250 decimis,

1023 1254 1234 1294 testamentis,
1270 1266 1305 1288 ac
1328 1254 1421 1288 rebus
1447 1254 1516 1289 aliis
1542 1263 1571 1289 et
1594 1255 1773 1290 actionibus

1023 1303 1254 1348 personalibus,
1278 1315 1358 1349 quae
1380 1304 1417 1338 ad
1438 1303 1556 1338 Forum
1579 1305 1773 1340 ecclesiasti-

1022 1363 1093 1385 cum
1122 1352 1283 1386 dumtaxat
1311 1352 1484 1399 pertinent,
1523 1353 1631 1388 relicto
1662 1354 1772 1393 eccle-

1021 1400 1164 1441 siastico,
1194 1401 1314 1436 indices
1336 1402 1367 1435 in
1393 1401 1475 1436 Foro
1508 1402 1660 1438 saeculari
1687 1415 1772 1438 con-

1022 1451 1127 1484 venire
1166 1451 1358 1496 praesumit,
1400 1458 1429 1485 et
1462 1451 1487 1485 si
1522 1452 1650 1498 quando
1690 1453 1772 1487 inter

1021 1499 1141 1545 aliquos
1169 1508 1305 1534 vestrum
1340 1512 1433 1534 causa
1458 1509 1605 1546 spectans
1626 1501 1663 1536 ad
1680 1513 1771 1536 eum-

1021 1548 1093 1583 dem
1115 1547 1233 1582 Forum
1266 1549 1516 1584 ecclesiasticum
1550 1562 1654 1584 coram
1683 1551 1771 1585 dele-

1020 1695 1139 1730 eisdem
1167 1695 1317 1741 delegatis
1343 1703 1397 1730 aut
1418 1695 1585 1731 ordinariis
1608 1697 1770 1732 inhibitio-

1020 1756 1092 1778 nem
1119 1745 1248 1790 regiam,
1264 1745 1356 1791 dirigi
1383 1758 1422 1781 ne
1445 1745 1474 1779 in
1498 1757 1602 1786 causa,
1624 1758 1705 1793 quae
1720 1759 1771 1781 co-

1020 1805 1084 1827 ram
1107 1794 1152 1827 eis
1174 1793 1312 1840 pendere
1327 1795 1534 1840 dignoscitur,
1556 1794 1687 1830 ulterius
1703 1807 1767 1842 pro-

998 1881 999 1887 ,
1020 1842 1160 1883 cedatur,
1176 1850 1280 1877 actore
1303 1843 1493 1891 quandoque
1514 1852 1621 1878 coacto
1640 1853 1769 1892 propter

260 1921 323 1951 Dat.
346 1922 391 1952 die
408 1922 441 1952 ⁶21
462 1924 576 1961 augusti
600 1923 680 1960 1263,
700 1923 801 1962 pontis.
824 1932 899 1952 anno
919 1933 948 1952 ti.
998 1903 999 1936 l
1020 1891 1079 1926 hoc
1101 1904 1160 1926 SUO
1187 1904 1245 1926 lun
1275 1892 1398 1937 cedere'
1432 1893 1479 1928 vel
1514 1893 1553 1928 ad
1576 1893 1677 1929 forum
1705 1906 1767 1929 non

1019 1940 1161 1975 debitum
1185 1940 1354 1977 declinare.

1068 1994 1084 2032 5
1109 1994 1142 2024 2.
1165 1990 1247 2032 Quia
1278 2002 1350 2025 vero
1371 1998 1475 2026 tantae
1507 1992 1692 2026 temeritatis
1713 2004 1769 2027 ex-

1019 2040 1121 2074 cessui
1140 2051 1194 2086 per
1209 2039 1409 2085 Apostolicae
1423 2039 1517 2075 Sedis
1541 2040 1768 2087 providentiam

1020 2088 1107 2123 decet
1134 2088 1237 2123 modis
1258 2089 1407 2124 omnibus
1435 2089 1579 2133 obviare,
1608 2091 1769 2125 universi-

998 2138 1071 2176 ,tati
1107 2146 1226 2172 vestrae
1253 2138 1435 2173 auctoritate
1462 2139 1632 2185 apostolica
1660 2138 1768 2174 distri-

1020 2187 1100 2221 ctius
1126 2187 1318 2226 inhibemus,
1355 2195 1512 2234 quatenus
1533 2200 1549 2222 a
1573 2188 1764 2234 praemissis,

1019 2244 1049 2269 et
1075 2235 1155 2277 aliis,
1178 2248 1258 2282 quae
1281 2238 1457 2282 praedictae
1479 2245 1655 2283 repugnant
1678 2238 1769 2284 privi-

1019 2284 1100 2330 legio
1123 2284 1275 2319 libertatis
1297 2286 1343 2319 vel
1366 2286 1543 2332 impediunt
1564 2286 1708 2320 etl‘ectum
1725 2287 1769 2320 iu-

1019 2334 1132 2373 stitiae,
1157 2334 1283 2379 penitus
1309 2334 1481 2375 desistatis3
1515 2334 1659 2381 quinimo
1685 2336 1768 2370 circa

997 2386 1234 2420 ssdefensionem
1276 2394 1306 2421 et
1344 2387 1574 2434 promotionem
1616 2387 1767 2422 libertatis

1019 2439 1161 2473 eiusdem
1186 2439 1238 2483 ita,
1278 2448 1382 2475 mente
1419 2440 1501 2486 vigili
1547 2449 1577 2475 et
1611 2444 1764 2476 constanti

1019 2493 1136 2532 animo,
1150 2492 1321 2534 desudetis,
1339 2493 1423 2540 quod
1439 2493 1552 2529 exinde
1573 2494 1660 2529 vobis
1682 2507 1768 2542 prae-

1021 2546 1118 2580 mium
1157 2545 1279 2581 divinae
1309 2546 1425 2592 gratiae
1458 2559 1494 2582 ac
1528 2548 1624 2582 nostri
1654 2548 1767 2583 favoris

1019 2606 1246 2645 augumentum
1263 2600 1357 2647 digne
1378 2600 1475 2635 valeat
1492 2601 1668 2649 provenire;
1691 2602 1767 2640 alias

1791 238 1839 265 Αη.
1858 239 1885 265 C.
1907 239 1973 265 1265

1820 674 1939 697 Exordium.

1801 925 1879 947 Causae
1921 931 1973 947 san·

1788 957 1858 978 ciendi
1880 957 1969 978 decreti.

1814 2002 1932 2024 Decrettn⁴
