2129 3223
68 229 118 259 An.
138 231 168 258 C.
183 231 249 259 1207

249 280 342 338 iquae
380 288 418 324 ad
455 300 545 322 usum
585 286 775 332 reipublicae
812 287 982 335 deputetur
997 319 1004 331 ,

261 340 346 390 quod
373 340 398 374 si
420 338 467 372 vel
489 337 550 373 hoc
577 337 672 372 modo
699 339 811 384 puniti,
839 352 948 375 rursus
974 341 1004 376 in

260 390 393 427 similem
417 387 532 422 fuerint
553 387 677 434 culpam
702 389 849 436 prolapsi,
872 389 911 424 de
929 390 1005 426 locis

258 440 324 477 suis
345 438 472 486 penitus
485 437 692 485 expellantur,
719 451 777 475 nec
794 452 934 487 unquam
953 453 1004 477 re-

258 497 416 526 vertantur
437 487 476 523 ab
497 487 558 529 illa,
582 488 640 522 nisi
657 487 695 522 de
714 489 860 525 mandato
878 490 1001 526 Summi

256 537 431 576 pontilicis,
464 536 557 584 digua
579 538 793 575 satisfactione
820 541 1000 587 praemissa.

257 590 524 626 proclamationes
550 597 666 632 autem,
695 597 750 624 aut
776 589 1002 637 appellationes

255 639 437 676 huiusmodi
456 652 659 687 personarum
675 640 806 675 minime
820 639 1000 686 audiantur,

255 704 313 727 nec
334 691 501 738 quisquam
524 690 571 726 eis
592 690 623 725 in
646 690 783 738 qualibet
808 702 901 726 causa
934 703 1000 726 res-

253 741 393 790 pondere
419 747 561 786 cogatur,
593 740 646 776 sed
674 740 733 788 ipsi
761 748 912 786 cogantur
932 741 999 776 aliis

254 789 454 839 respondere.
489 789 612 825 ludices
638 798 763 829 autem,
793 789 934 825 advocati
968 799 999 825 et

252 841 363 877 notarii
384 839 464 876 nulli
492 852 601 875 corum
624 853 715 875 suum
746 840 929 885 impendant
950 841 998 876 os-

228 887 376 932 'ficium;
403 890 541 937 alioquin
573 889 683 925 eodem
711 889 813 925 officio
847 900 998 937 perpetuo

251 941 314 976 sint
340 941 460 987 privati.
488 939 602 975 Clerici
631 952 703 976 vero
733 952 796 975 non
828 940 997 976 exhibeant

250 990 432 1026 huiusmodi
456 989 676 1036 pestilentibus
702 989 910 1025 ecclesiastica
939 1004 996 1026 sa—

249 1048 420 1079 cramenta,
443 1052 501 1075 nec
518 1040 733 1087 eleemosynas
751 1048 804 1074 ant
822 1039 996 1076 oblationes

249 1102 356 1125 eorum
396 1089 576 1137 accipiant:
615 1089 760 1125 similiter
802 1089 993 1136 hospitalarii

248 1151 284 1174 ac
305 1139 471 1186 templarii.
498 1147 528 1174 et
549 1139 681 1186 quilibet
711 1139 888 1185 regulares;
922 1139 996 1175 alio—

249 1189 325 1235 quin
347 1202 404 1224 suo
428 1189 593 1234 priventur
607 1188 721 1227 officio,
743 1188 780 1223 ad
804 1189 888 1235 quod
913 1202 994 1223 nun-

202 1277 205 1280 ,
249 1251 341 1282 quam
371 1238 576 1273 restituantur
602 1238 722 1284 absque
751 1238 875 1272 indulto
900 1238 994 1273 Sedis

50 1275 101 1329 ,522³
117 1275 234 1334 ,ἓῇζιιῗζζῖ
248 1288 447 1333 Apostolicae
460 1287 600 1333 speciali.
616 1287 817 1334 Quicumque
837 1295 992 1334 praeterea

247 1338 335 1382 tales,
356 1338 501 1372 videlicet
522 1336 697 1381 credentes,
720 1337 867 1376 fautores,
890 1350 994 1385 recep—

247 1394 361 1422 tatores
382 1395 412 1422 et
440 1387 623 1422 defensores
645 1386 873 1421 baereticorum
902 1401 992 1434 prae-

245 1437 438 1484 sumpserint
470 1436 700 1471 ecclesiasticae
735 1436 857 1471 tradere
879 1438 992 1484 sepul-

245 1498 343 1527 turae.
372 1502 472 1537 usque
499 1489 536 1525 ad
566 1489 810 1525 satisfactionem
846 1490 990 1526 idoneam

244 1544 451 1580 anathematis
474 1544 577 1589 gladio
610 1543 770 1578 feriantur.
798 1544 912 1580 Nullus
938 1553 991 1580 ta—

244 1598 321 1634 lium
349 1599 532 1633 admittatur
553 1598 590 1633 ad
614 1599 844 1637 testimonium,
873 1612 931 1634 nec
953 1601 990 1635 ad

243 1651 370 1700 aliquod
391 1652 555 1698 publicum
578 1652 730 1695 officium,
753 1652 799 1686 vel
823 1666 991 1689 commune

243 1705 410 1741 consilium
445 1713 632 1741 assumatur.
656 1706 694 1740 Et
721 1707 774 1752 qui
803 1706 895 1742 talem
924 1708 991 1743 ele-

243 1759 323 1806 gerit
344 1767 493 1808 tanquam
521 1760 752 1795 haereticorum
777 1761 876 1795 fautor
898 1775 991 1807 prae-

47 1798 231 1857 piiiffiiziiiffliss'moi
244 1814 325 1849 dicta
354 1827 454 1862 poena
479 1815 636 1849 multetur.
661 1815 819 1850 Statutum
846 1816 929 1851 istud
959 1818 988 1852 in

48 1862 168 1914 ξζζξᾙζᾘ
196 1863 416 1916 i'¹'Capitulari
445 1867 597 1903 scribatur
632 1868 670 1903 ad
706 1868 790 1915 quod
827 1872 988 1906 annuatim

243 1923 359 1958 intrant
381 1930 563 1968 potestates,
586 1922 745 1963 consules,
762 1935 816 1958 seu
840 1932 988 1967 rectores;

242 1988 301 2012 nec
318 1988 457 2022 unquam
471 1984 669 2011 removeatur
680 1989 718 2011 ex
735 1976 799 2017 illo,
815 1985 850 2012 ut
863 1991 988 2026 semper

241 2031 348 2066 iurent
373 2029 477 2077 ipsum
504 2037 653 2064 statutum
689 2042 721 2065 se
756 2030 888 2066 firmiter
921 2045 988 2068 ser-

242 2091 377 2119 vaturos.
400 2083 439 2118 Et
465 2083 656 2130 quicumque
685 2086 914 2131 contempserit
935 2095 988 2122 aut

242 2137 413 2184 neglexerit
439 2136 516 2171 illud
544 2149 683 2177 servare,
710 2137 873 2184 depositus
899 2151 914 2173 a
938 2153 987 2175 re-

240 2191 370 2238 gimine,
386 2197 512 2225 centum
530 2190 677 2225 librarum
697 2203 828 2237 poenam
850 2193 987 2228 incurrat

241 2243 421 2280 solvendam
450 2244 638 2290 cuicumque
665 2244 817 2280 Summus
842 2246 986 2282 Pontifex

241 2297 369 2332 iusserit
390 2297 552 2343 assignari.
577 2296 659 2331 Nulli
684 2309 758 2344 ergo
776 2299 906 2333 omnino
930 2300 985 2335 ho-

242 2350 361 2385 minum
389 2350 477 2386 liceat
500 2351 582 2385 hanc
603 2350 746 2396 paginam
770 2360 892 2387 nostrae
914 2366 986 2388 con-

241 2403 412 2439 stitutionis
443 2404 625 2449 infringere‚
654 2404 699 2437 vel
723 2404 749 2439 ei
777 2418 854 2440 ausu
886 2414 985 2441 teme-

243 2457 323 2493 rario
344 2458 509 2493 contraire.
532 2456 565 2492 Si
588 2457 659 2504 quis
682 2466 785 2494 autem
808 2459 868 2494 hoc
889 2468 986 2495 atten-

241 2518 306 2547 tare
327 2512 584 2559 praesumpserit,
611 2510 856 2557 indignationem
879 2515 985 2549 omni-

243 2567 379 2613 potentis
400 2564 471 2610 Dei,
493 2574 523 2600 et
545 2566 703 2601 beatorum
727 2565 810 2601 Petri
838 2575 867 2602 et
893 2568 983 2603 Pauli

242 2619 453 2669 apostolorum
475 2620 542 2655 eius
568 2632 601 2656 se
624 2619 743 2655 noverit
770 2620 981 2657 incursurum.

64 875 198 899 Sacramenta
206 882 225 903 ei

57 908 184 935 deneganda,

77 2293 192 2316 etnunutao.

860 231 1069 256 lNNOCI-:Nnus
1091 233 1126 255 ΙΙΙ
1149 233 1197 255 Pr.

1671 227 1741 260 203

1094 288 1208 323 Datum
1228 288 1356 325 viterbii
1376 303 1458 326 nono
1474 291 1621 327 kalendas
1639 293 1788 336 octobris,

1047 338 1246 384 pontificatus
1268 340 1363 374 nostri
1391 353 1474 376 anno
1496 341 1631 377 decimo.

1083 395 1143 428 Dat.
1162 397 1208 428 die
1226 397 1265 428 23
1282 398 1457 436 septembris
1475 409 1551 430 anno
1570 400 1683 432 Domini
1704 401 1788 440 1207,

1297 442 1397 482 pontis.
1416 453 1491 473 anno
1513 453 1539 474 x.

1806 239 1855 266 An.
1872 238 1901 264 C.
1920 237 1985 266 1-207

1395 609 1431 644 L.

1078 685 1232 718 &sermm
1260 687 1335 729 leqes
1356 699 1456 721 omnes
1479 689 1510 722 in
1535 691 1746 725 ecclesiasticos

1109 743 1217 769 contra
1243 747 1372 770 canones
1398 750 1418 771 α
1444 739 1531 772 laicis
1554 740 1633 774 latas
1653 743 1716 783 (Ι).

1306 814 1518 847 SUMMARIUM

1039 877 1157 918 Iniquas
1174 880 1399 911 constitutiones
1419 893 1432 912 a
1452 883 1535 914 laicis
1553 884 1582 914 in
1605 885 1786 917 ecclesiasti-

1078 933 1128 954 cos
1149 925 1231 962 latas,
1246 932 1343 957 cassat
1357 933 1385 958 et
1403 928 1500 959 irritas
1518 929 1612 960 habet.

1036 995 1207 1025 Innocentius
1222 998 1362 1034 episcopus
1381 1006 1476 1030 servus
1492 1007 1632 1031 sorvorum
1651 1001 1706 1036 Dei.
1725 1005 1786 1034 uni-

1081 1046 1167 1074 versis
1187 1048 1246 1075 tam
1264 1047 1381 1082 clericis.
1404 1056 1484 1085 quam
1503 1050 1581 1079 laicis
1604 1051 1632 1079 in
1650 1052 1785 1087 patrimo-

1080 1095 1124 1123 nio
1142 1096 1216 1125 beati
1240 1097 1310 1126 Petri
1329 1099 1449 1135 apostoli
1472 1102 1644 1131 constitutis.

1084 1157 1165 1193 Cum
1194 1171 1229 1194 ex
1258 1160 1349 1195 officii
1374 1163 1471 1197 nostri
1504 1163 1610 1199 debito
1639 1173 1784 1204 tenemur

1036 1220 1095 1246 tam
1119 1213 1252 1255 clericis,
1275 1227 1367 1262 qnam
1396 1216 1482 1251 laicis
1503 1227 1632 1264 paterna
1662 1221 1783 1257 sollici—

1036 1265 1145 1301 tudine
1171 1268 1346 1313 providere,
1370 1282 1408 1304 ne
1430 1271 1591 1318 contingat
1614 1274 1701 1320 istos,
1730 1287 1781 1312 aut

1035 1321 1104 1356 illos
1128 1322 1272 1356 iniuriam
1301 1324 1432 1370 perpeti,
1460 1326 1506 1360 vel
1534 1327 1677 1363 iniuriam
1706 1343 1779 1378 per-

1035 1383 1167 1422 petrare,
1193 1376 1434 1413 constitutiones
1454 1380 1577 1426 iniquas
1597 1390 1704 1419 contra
1731 1385 1777 1420 le-
1807 1394 1978 1432 lqiqmconsu-

1033 1440 1088 1475 ges
1109 1436 1139 1463 et
1161 1441 1298 1465 canones
1323 1444 1339 1465 a
1367 1432 1453 1467 laicis
1480 1435 1703 1481 promulgatas,
1726 1448 1778 1475 aut
1792 1428 1979 1479 {22¹2'322310232'.

1033 1483 1124 1517 etiarn
1154 1484 1398 1531 promulgandas
1423 1487 1574 1523 adversus
1606 1489 1977 1539 Ecclesias,⁸¹i⁰⁰⁵¹ffl³⁸⁸³⁵⁴

1033 1548 1086 1570 seu
1111 1537 1194 1571 viros
1214 1539 1453 1585 ecclesiasticos,
1469 1554 1530 1577 uon
1559 1543 1661 1579 solum
1684 1548 1777 1593 spiri—
1791 1522 1875 1571 meter
1906 1524 1976 1542 uma·

1033 1590 1107 1624 tuali
1124 1619 1131 1629 ,
1166 1592 1219 1626 sed
1261 1593 1353 1628 etiam
1394 1596 1557 1643 temporali
1595 1601 1777 1637 auctoritate

1032 1644 1218 1681 damnamus
1242 1648 1378 1694 penitus,
1405 1658 1435 1684 et
1457 1662 1628 1694 cassamuS‚
1644 1653 1705 1689 sub
1727 1656 1778 1691 de-

1032 1698 1097 1733 bito
1119 1699 1288 1745 fidelitatis,
1315 1711 1346 1736 et
1373 1703 1627 1741 interminatione
1653 1710 1777 1745 anathe

1032 1754 1123 1788 matis
1142 1754 1333 1798 inhibentes,
1357 1769 1395 1791 ne
1409 1759 1649 1796 constitutiones
1672 1762 1778 1799 huius-

1032 1807 1115 1841 modi
1140 1809 1284 1855 nequiter
1305 1810 1471 1847 observare
1491 1826 1703 1860 praesumant,
1720 1831 1778 1854 nos

1031 1861 1114 1896 enim
1147 1863 1298 1911 quicquid
1330 1877 1436 1901 earum
1473 1870 1638 1906 occasione
1669 1881 1775 1909 contra

1030 1915 1188 1951 Ecclesias
1205 1918 1249 1953 vel
1264 1931 1414 1966 personas
1432 1923 1661 1962 ecclesiasticas
1684 1927 1776 1963 fuerit

1029 1977 1213 2006 attentatum
1236 1973 1437 2011 decernimus
1465 1978 1587 2014 irritum
1611 1988 1641 2015 et
1670 1981 1773 2023 inane,

1030 2038 1092 2060 non
1117 2026 1259 2062 obstante
1282 2029 1386 2076 aliquo
1405 2030 1590 2077 iuramento,
1614 2035 1699 2082 quod
1725 2050 1774 2072 su-

1030 2092 1084 2126 per
1110 2092 1217 2116 earum
1251 2082 1470 2120 observatione
1493 2087 1676 2132 praestitum
1703 2102 1772 2125 esse

1028 2134 1162 2180 dicatur,
1180 2141 1251 2170 cum
1275 2136 1351 2172 illud
1379 2146 1527 2185 tanquam
1547 2141 1689 2177 illicitum
1709 2156 1770 2179 nou

1027 2188 1138 2224 debeat
1160 2189 1329 2225 observari.
1354 2191 1516 2227 Iudicibus
1537 2203 1639 2230 autem
1662 2204 1692 2231 et
1719 2206 1769 2232 ta-

1027 2243 1215 2278 bellionibus
1230 2244 1408 2280 inhibemus
1422 2259 1461 2281 ne
1476 2249 1650 2284 secundum
1666 2250 1772 2286 huius-

1026 2297 1110 2332 modi
1134 2299 1372 2334 constitutiones
1393 2300 1554 2336 damnatas
1568 2315 1660 2338 suum
1680 2317 1770 2352 prae-

1026 2358 1150 2385 sumant
1182 2351 1317 2386 officium
1350 2364 1511 2398 exercere,
1544 2356 1569 2390 si
1596 2356 1688 2393 officii
1721 2361 1768 2395 sui

1026 2405 1158 2452 cupiunt
1181 2406 1355 2452 periculum
1382 2408 1506 2444 evitare.

1074 2457 1187 2492 Datum
1223 2458 1352 2494 Viterbii
1385 2473 1438 2507 per
1465 2475 1592 2499 manum
1620 2465 1769 2504 Iohannis

1025 2511 1157 2547 Sanctae
1175 2512 1290 2549 Mariae
1312 2515 1341 2549 in
1366 2513 1537 2551 Cosmedin
1560 2517 1682 2555 diaconi
1698 2533 1768 2557 car-

1025 2566 1149 2606 dinalis,
1176 2575 1302 2603 sanctae
1325 2567 1486 2606 Romanae
1508 2571 1668 2610 Ecclesiae
1689 2588 1767 2612 can-

1060 2632 1099 2667 (l)
1116 2633 1152 2659 Ex
1170 2633 1269 2666 Balnz„
1288 2634 1371 2671 Epist.
1393 2636 1450 2663 ¹51.
