2129 3223
149 269 196 295 An.
215 268 242 296 C.
263 270 332 298 1209

150 2314 313 2335 concentonem

139 2347 150 2364 o
173 2346 282 2366 confirm-t

398 263 468 295 252

930 273 1029 296 BULLA
1035 273 1116 295 nimi
1146 272 1306 295 ttontANUM

347 341 458 364 rarem.
487 326 525 362 Hi
551 326 762 362 interfuerunt
784 327 814 362 in
843 326 958 375 palatio
980 326 1094 363 Feren-
1137 327 1281 375 martyris
1308 327 1468 362 canonicis
1489 327 1698 363 servientibus
1721 327 1749 362 in
1777 326 1886 362 eadem

345 378 399 412 tini
421 388 526 412 coram
554 375 683 411 domino
707 375 802 424 Papa,
825 377 1093 425 episcopispres-

344 428 483 475 hyteris,
506 425 709 461 diaconibus:
732 426 882 462 (lominus
911 427 1091 467 Lotherius,

343 476 491 511 dominus
516 475 711 523 Stephanus,
738 475 924 517 Theobaldi,
943 477 1093 511 dominus

342 525 506 560 Romanus
546 525 585 560 de
633 526 813 565 Boroucho,
851 526 973 561 nobiles
1009 527 1092 561 cives

343 574 491 614 Romani:
526 575 675 610 dominus
713 575 822 610 Laudo
857 576 896 611 de
931 575 1020 611 Colle
1052 575 1091 610 de

341 623 456 664 Medio,
478 624 628 660 dominus
642 624 748 660 Guido
763 626 802 660 de
812 625 901 660 Colle
919 625 959 660 de
974 625 1090 664 Medio,

341 673 535 710 Benedictus
556 675 596 709 de
633 675 760 720 Aversa,
796 684 827 710 et
859 675 921 710 alii.
959 675 997 709 Et
1031 688 1090 720 ego

341 723 473 759 loannes
495 724 534 759 de
561 724 677 759 Sancto
698 725 880 766 Laurentio,
903 725 937 758 S.
973 724 1010 759 R.
1052 725 1087 760 E.

338 774 533 815 scriniarius,
559 775 640 809 sicut
667 773 742 817 vidi,
759 775 862 809 audivi
885 783 915 809 et
952 774 1088 819 interfui,

339 824 462 870 scripsi,
478 823 634 871 complevi
658 832 690 859 et
711 824 840 859 absolvi.

388 872 471 907 Nulli
506 885 580 919 ergo
622 873 753 908 omnino
789 874 953 909 hominum
993 874 1085 908 liceat

339 922 420 957 hanc
463 923 605 970 paginam
653 931 777 958 nostrae
826 923 1087 968 confirmationis,

337 972 583 1010 constitutionis,
629 973 856 1013 concessionis,
904 980 934 1008 et
969 972 1087 1007 inhibi-

337 1021 433 1056 tionis
459 1021 638 1067 infringere,
661 1022 705 1057 vel
739 1023 767 1056 ei
807 1034 884 1057 ausu
921 1023 1087 1057 temerario

337 1071 501 1106 contraire.
531 1071 564 1107 Si
588 1072 660 1119 quis
681 1080 786 1106 autem
806 1080 859 1106 etc.

387 1121 500 1155 Datum
524 1120 668 1156 Laterani
697 1130 784 1156 sexto
807 1120 955 1156 kalendas
970 1122 1086 1164 martii,

336 1170 535 1216 pontificatus
581 1183 654 1206 vero
681 1171 801 1206 domini
825 1171 998 1206 innocentii
1022 1170 1084 1206 PP.

335 1219 416 1253 tertii
444 1233 526 1255 anno
548 1220 749 1255 duodecimo.

348 1280 409 1311 Dat.
429 1281 476 1312 die
495 1281 532 1312 24
550 1281 692 1313 februarii
709 1282 794 1320 1209,
810 1283 911 1322 pontif.
933 1292 1008 1313 anno
1023 1291 1071 1313 xit.

647 1361 765 1368 *-

645 1444 773 1480 LXVII.

336 1521 478 1567 Capitale
499 1522 707 1565 strigoniensi
741 1523 900 1567 confirmat
937 1524 1085 1556 [tornatio—

383 1582 451 1604 nem
468 1572 635 1616 quamdam
661 1573 689 1605 ei
722 1572 837 1616 factam
876 1572 914 1605 ab
960 1574 1083 1606 ,andrea

384 1632 450 1664 φερε
478 1620 663 1665 Hunqart'ae
684 1621 737 1664 (i).

603 1698 816 1729 SUMMARtUM

333 1765 561 1795 Concessionem
581 1765 607 1794 d.
624 1766 787 1795 contii-mai.
802 1782 839 1788 —
855 1765 1082 1797 instrumentum

373 1808 585 1839 concessionis.

333 1884 504 1914 innocentius
521 1885 662 1920 opiscopus
688 1893 782 1914 servus
802 1894 939 1916 servorum
965 1888 1018 1921 Dei,
1040 1896 1084 1917 ar-

379 1934 546 1970 chiepiscopo
565 1935 594 1963 et
611 1935 732 1970 capituto
752 1937 943 1971 strigoniensi.

383 2001 416 2036 ln
446 2001 625 2036 authentico
669 2003 783 2050 scripto
823 2004 1003 2040 charissimi
1053 2007 1082 2039 in

334 2050 461 2086 Christo
488 2051 543 2085 iiiii
571 2052 667 2086 nostri
695 2053 829 2087 Andreae
852 2054 981 2089 illustris
1004 2055 1084 2101 regis

334 2099 489 2147 Ungariae
513 2100 603 2136 nobis
628 2109 754 2136 ostenso
773 2105 993 2151 perspeximus
1011 2117 1085 2140 con-

334 2150 437 2192 tineri,
458 2151 543 2197 quod
573 2152 642 2198 ipse
678 2152 916 2187 miserationum
955 2153 1081 2189 Domini

335 2203 533 2245 recordatus,
581 2205 698 2253 quibus
747 2215 817 2253 post
866 2207 1084 2243 tribulationes

334 2259 447 2294 multas
468 2267 498 2294 et
522 2259 618 2294 malas
646 2260 890 2307 recognoscebat
912 2275 944 2296 se
968 2263 998 2296 in
1029 2276 1084 2310 pa—

335 2321 416 2348 trum
439 2326 567 2350 suorum
589 2313 669 2349 solio
696 2315 845 2357 residere,
867 2316 898 2350 in
922 2329 996 2352 suae
1023 2330 1083 2353 co—

335 2369 509 2404 ronationis
531 2370 727 2414 memoriam,
750 2381 842 2417 quam
868 2383 922 2418 per
955 2384 1082 2408 manum

335 2430 434 2468 tuam,
476 2423 569 2459 frater
602 2423 851 2471 archiepiscope,
886 2424 925 2460 de
957 2438 1082 2461 sursum

336 2487 368 2510 se
396 2477 552 2525 recepisse
593 2478 717 2521 fatetur,
763 2476 924 2514 Ecclesiae
965 2487 1083 2516 vestrae

336 2528 422 2564 Beati
447 2531 608 2567 Adalberti
636 2532 779 2580 martyris
812 2531 958 2580 religiosa
987 2534 1083 2570 devo-

335 2582 419 2617 tione
435 2586 601 2627 concessit,
620 2594 651 2620 ut
665 2587 827 2621 annuatim
843 2587 873 2620 in
892 2587 969 2622 sesto
984 2588 1083 2635 ipsius

371 2657 410 2693 (1)
426 2657 464 2683 Ex
481 2658 579 2691 Batuz„
596 2660 645 2687 loc.
662 2661 718 2687 cit..
741 2660 822 2695 Epist.
845 2660 887 2686 32,

1135 385 1262 411 centum
1303 377 1423 424 argenti
1452 389 1595 419 marcae,
1637 376 1886 412 contradictione

1134 425 1267 468 sublata,
1289 425 1329 461 de
1365 426 1458 473 regali
1497 428 1617 462 aerario
1652 427 1883 475 persolvantur.

1134 475 1199 511 Nos
1234 476 1331 523 igitur
1373 477 1483 511 vestris
1530 476 1676 524 precibus
1723 477 1885 521 inclinati,

1133 527 1371 561 concessionem
1395 526 1508 573 ipsam,
1544 527 1627 561 sicut
1649 527 1700 574 pie
1724 539 1762 562 ac
1803 538 1884 574 pro—

1134 574 1204 609 vide
1227 574 1304 610 facta
1326 583 1384 620 est,
1406 583 1436 610 et
1457 575 1489 610 in
1505 576 1677 623 praelibato
1699 575 1884 612 authentico

1132 625 1321 670 continetur,
1344 625 1429 672 quod
1464 625 1503 660 de
1539 625 1633 660 verbo
1672 625 1710 660 ad
1752 626 1881 661 verbum

1133 675 1287 721 praesenti
1313 676 1443 721 paginae
1475 674 1624 710 duximus
1665 675 1883 717 inserendum,

1130 724 1313 759 auctoritate
1353 724 1526 771 apostolica
1566 724 1813 768 confirmamus,
1850 735 1879 760 et

1131 775 1304 820 praesentis
1341 774 1449 821 scripti
1489 774 1663 821 patrocinio
1698 775 1879 811 communi-

1131 835 1214 861 mus:
1237 824 1328 858 cuius
1346 831 1437 858 tenor
1463 823 1532 858 talis
1553 832 1610 859 est:

1178 872 1211 906 In
1240 874 1368 907 nomine
1389 872 1522 908 Sanctae
1544 872 1705 908 Trinitatis
1739 882 1771 910 et
1791 874 1879 909 indi-

1130 921 1241 956 viduae
1263 921 1414 962 Unitatis,
1429 921 1572 957 Andreas
1594 922 1649 957 Dei
1671 925 1770 969 gratia
1787 923 1878 959 Hun-

1128 972 1242 1016 gariae,
1269 971 1455 1013 Dalmatiae,
1492 970 1707 1018 Choroaciae,
1746 973 1876 1016 Ramae,

1127 1021 1271 1062 Serviae,
1311 1021 1467 1062 Galiciae,
1506 1021 1771 1070 Lodomiriaeque
1806 1036 1876 1062 rex,

1129 1070 1160 1104 in
1184 1078 1384 1117 perpetuum.
1412 1069 1493 1106 Cum
1515 1083 1553 1106 ex
1589 1073 1691 1117 regiae
1717 1073 1877 1120 dignitatis

1128 1118 1231 1154 officio
1257 1120 1452 1166 quibuslibet
1479 1120 1547 1156 Deo
1585 1121 1697 1157 dicatis
1729 1122 1877 1158 domibus

1129 1177 1292 1204 teneamur
1319 1182 1446 1204 manum
1471 1171 1594 1218 pietatis
1614 1171 1786 1208 clementer
1800 1184 1875 1220 por-

1129 1219 1242 1265 rigere,
1269 1227 1299 1254 et
1321 1231 1428 1254 earum
1453 1220 1578 1254 utilitati
1607 1221 1710 1257 modis
1726 1221 1875 1257 omnibus

1129 1269 1303 1313 intendere,
1336 1271 1503 1316 cupientes
1540 1278 1642 1305 tamen
1677 1271 1795 1318 aliquid
1843 1271 1874 1306 in

1126 1318 1388 1366 gazophylacium
1412 1331 1482 1353 cum
1511 1320 1699 1365 paupercula
1738 1321 1873 1359 mittere,

1126 1366 1250 1401 Veteris
1284 1368 1381 1401 instar
1407 1368 1614 1413 Testamenti,
1655 1381 1718 1417 quo
1759 1370 1873 1411 meilis,

1126 1415 1208 1450 inter
1228 1423 1362 1461 caetera,
1386 1417 1539 1463 primitiae
1575 1420 1648 1466 poni
1687 1419 1875 1456 videbantur

1127 1464 1158 1499 in
1185 1465 1351 1506 sacrificio,
1389 1466 1589 1513 benigniores
1627 1470 1732 1515 regiae
1759 1471 1875 1505 sereni-

1126 1514 1197 1548 tatis
1220 1514 1327 1549 oculos
1349 1515 1410 1549 illis
1427 1517 1736 1554 accommodavimus
1752 1531 1831 1566 quas
1856 1533 1872 1554 a

1126 1563 1237 1610 primis
1264 1564 1456 1600 credulitatis
1483 1575 1608 1601 nostrae
1638 1568 1817 1609 cunabulis,
1843 1579 1873 1604 et

1125 1613 1267 1659 ampliori
1289 1613 1439 1659 dignitate
1467 1617 1676 1662 praeminere,
1698 1626 1728 1652 et
1762 1619 1874 1654 arden-

1126 1662 1195 1696 tiori
1218 1663 1396 1698 orationum
1418 1663 1582 1700 affectione
1610 1678 1666 1713 pro
1687 1667 1787 1702 salute
1814 1679 1874 1704 no->

1125 1719 1187 1746 stra
1209 1713 1415 1757 cognovimus
1445 1726 1622 1761 assurgere.
1658 1716 1743 1752 Sane
1774 1717 1873 1753 mise-

1126 1762 1281 1797 rationum
1309 1761 1449 1803 Domini,
1475 1765 1590 1811 quibus
1613 1774 1681 1811 post
1702 1767 1873 1802 tribulatio-

1125 1822 1182 1845 nes
1204 1811 1316 1846 multas
1337 1820 1369 1846 et
1391 1812 1488 1848 malas
1510 1814 1540 1848 in
1562 1814 1641 1849 solio
1665 1823 1787 1863 patrum
1815 1829 1874 1852 no-

1125 1868 1261 1895 strorum
1284 1862 1436 1906 sedimus,
1452 1863 1671 1906 recordantes,
1710 1866 1872 1902 Ecclesiae

1125 1905 1214 1944 Beati
1241 1910 1406 1946 Adalberti
1433 1914 1594 1961 martyris,
1622 1926 1717 1962 quam
1743 1924 1871 1952 matrem

1127 1960 1213 2004 regni
1240 1971 1308 1995 esse
1330 1970 1360 1995 et
1382 1964 1594 2010 metropolim,
1625 1976 1783 2013 quamque
1818 1979 1873 2013 pa-

1126 2008 1227 2043 tribus
1257 2017 1287 2044 et
1315 2011 1612 2055 praedecessoribus
1645 2016 1762 2051 nostris
1799 2028 1871 2051 cum

1125 2056 1303 2103 insignibus
1318 2058 1407 2094 Fidei
1419 2071 1613 2098 sacramenta
1637 2065 1796 2111 regalibus
1821 2066 1873 2100 ad-

1125 2116 1319 2143 ministrasse
1348 2118 1481 2150 constat,
1518 2125 1547 2146 tn
1583 2121 1706 2150 nostrae
1737 2126 1872 2151 corona-

1125 2156 1220 2191 tionis
1243 2159 1439 2204 memoriam,
1454 2172 1548 2207 quam
1571 2162 1610 2197 de
1632 2175 1757 2199 sursum
1777 2165 1868 2211 capiti

1127 2214 1232 2241 nostro
1261 2219 1314 2254 per
1336 2221 1465 2244 manum
1487 2211 1671 2248 venerabilis
1694 2213 1790 2261 patris
1826 2214 1872 2249 Io-

1124 2256 1214 2290 annis
1251 2258 1480 2307 archiepiscopi
1526 2260 1753 2308 strigoniensis
1788 2263 1873 2298 Deus

1127 2305 1289 2352 imponere
1316 2316 1362 2342 est
1384 2307 1542 2356 dignatuS,
1560 2311 1613 2346 has
1631 2311 1786 2347 donorum
1814 2325 1872 2347 no-

1124 2362 1260 2390 strorum
1283 2358 1450 2404 primitias,
1473 2360 1545 2394 iicet
1571 2360 1722 2407 exiguum
1744 2374 1872 2406 munus,

1123 2404 1336 2448 attribuimus,
1373 2416 1407 2443 ut
1438 2409 1601 2444 annuatim
1637 2411 1667 2445 in
1699 2411 1869 2457 supradicti

1124 2455 1268 2502 martyris
1290 2455 1407 2492 Christi
1430 2458 1596 2494 festivitate
1618 2461 1779 2497 canonicis
1805 2460 1872 2498 Deo

1124 2503 1187 2539 illic
1214 2504 1469 2543 deservientibus
1503 2516 1629 2543 centum
1663 2521 1786 2546 marcae
1821 2524 1873 2546 ar-

1121 2553 1223 2599 genti,
1250 2556 1496 2593 contradictione
1518 2557 1660 2599 confusa,
1702 2559 1742 2595 de
1776 2561 1872 2608 regali

1123 2601 1294 2639 offerantur
1330 2606 1460 2642 aerario.
1498 2605 1591 2648 Quod
1630 2615 1662 2643 ut
1694 2617 1795 2645 ratum
1842 2621 1872 2646 et

1123 2651 1232 2686 stabile
1259 2664 1437 2700 perseveret
1464 2656 1495 2690 in
1523 2665 1695 2702 posterum,
1725 2671 1872 2706 praesen-

1904 272 1955 300 An.
1967 273 1996 300 C.
2017 274 2085 301 ¹209

1906 886 2069 908 instrumentum

1907 920 2061 940 concessionis,
