2129 3223
111 273 161 304 An.
183 273 210 299 C.
228 273 294 300 ¹2¹i5

358 262 427 295 502

506 328 787 377 lNNssGENTlUS
822 328 864 376 lv

568 414 663 445 PAPA
681 414 794 444 CLXXX

439 480 533 513 Anno
563 480 692 513 Domini
711 477 915 513 MCCXLIII

308 558 519 636 'nnocentius
547 609 691 646 quartus,
723 606 812 634 antea
846 596 1057 637 Sinibaldus,

307 650 404 689 Patria
437 648 630 689 Genuensis,
673 661 711 683 ex
747 647 843 682 nobili
880 646 1056 681 Fliscorum

305 698 461 734 Lavaniae
483 710 610 744 genere,
632 705 758 733 sanctae
785 697 947 731 Romanae
988 695 1058 729 Ec-

306 749 419 783 clesiae
442 747 603 795 presbyter
623 746 791 783 cardinalis
831 745 913 780 tituli
949 744 1057 779 Sancti

306 797 469 833 Laurentii
495 797 524 831 in
538 797 670 838 Lucina,
684 796 803 831 electus
825 803 871 830 est
894 794 1058 841 Anagniae

306 847 472 882 Romanus
500 846 643 881 Pontifex
670 845 721 880 die
743 847 788 879 24
822 844 943 879 mensis
979 843 1057 878 iunii

309 898 416 940 1245,
437 904 468 931 et
488 895 540 930 die
567 897 614 930 28
635 895 790 936 eiusdem,
828 905 908 941 quae
941 894 971 927 in
1004 893 1059 928 do-

307 946 456 981 minicam
482 945 651 986 incidebat,
665 952 869 979 consecratus
890 950 947 978 est.
970 942 1059 978 Sedit

307 995 338 1029 in
368 994 549 1042 pontificatu
571 1006 672 1029 annos
694 1005 748 1036 x1,
779 1005 906 1028 menses
933 1005 964 1033 V,
991 993 1059 1027 dies

307 1057 329 1078 x
343 1047 400 1088 (t),
416 1043 645 1090 imperantibus
659 1043 690 1077 in
702 1042 833 1077 Oriente
847 1042 1002 1077 Balduino
1020 1041 1058 1083 ll,

307 1093 338 1128 in
361 1092 536 1129 Occidente
563 1092 726 1127 Friderico
752 1091 779 1126 ΙΙ
806 1091 1058 1138 imperatoribus;

307 1142 385 1178 obiit
411 1142 540 1189 Neapoli
568 1142 619 1176 die
645 1145 664 1175 7
692 1141 871 1177 decembris
896 1143 1001 1183 1254,
1029 1148 1059 1175 et

308 1191 452 1238 sepultus
478 1199 525 1226 est
552 1191 669 1226 ibidem
705 1191 736 1225 in
770 1190 912 1225 Ecclesia
945 1190 1059 1225 cathe-

307 1240 399 1276 drali.
427 1240 558 1276 Vaeavit
584 1240 677 1275 sedes
703 1240 772 1275 dies
793 1252 810 1273 v

679 1399 700 1433 1.

313 1481 493 1525 Euryclicae
521 1480 689 1514 Innocentii
714 1480 831 1513 litterae
862 1480 898 1512 de
937 1490 994 1512 sita
1030 1479 1061 1511 in

477 1531 654 1575 Pontificem
676 1529 815 1562 electione
833 1529 888 1571 (2).

578 1606 794 1638 SUMMARIUM

309 1674 348 1704 De
366 1673 525 1704 Coelestini
551 1673 641 1703 obitu:
657 1688 696 1695 —
710 1672 828 1712 Suaque
843 1672 987 1703 electione
1003 1682 1064 1702 mo-

349 1722 408 1748 net.
430 1734 467 1740 -
486 1717 646 1757 Episcopos
667 1718 799 1747 bortatur
817 1721 849 1747 ut
864 1726 918 1746 suo
941 1717 1064 1755 fungan-

351 1767 397 1792 tur
416 1762 593 1798 ministerio,
620 1779 659 1784 —
681 1761 715 1791 Et
738 1770 790 1801 pro
812 1761 877 1800 ipso
906 1765 998 1797 orent,
1026 1778 1065 1783 -

349 1806 383 1836 Et
401 1815 453 1846 pro
476 1806 585 1846 populo
608 1806 780 1836 christiano.

309 1882 481 1912 Innocentius
499 1881 642 1918 episcopus
661 1888 756 1910 servus
793 1887 933 1910 servorum
961 1880 1016 1913 Dei,
1037 1880 1065 1908 tt.

355 1931 477 1960 1100101151
514 1930 726 1965 archiepiscopo.
746 1930 856 1966 eiusque
875 1929 1066 1964 suffraganeis.

357 1981 477 2010 salutem
500 1981 530 2009 et
550 1980 730 2016 apostolicam
745 1979 968 2008 benedictionem.

316 2152 469 2199 Gregorio
490 2151 594 2198 Papae
624 2156 819 2185 successerat
852 2148 928 2183 infra
965 2147 1067 2182 modi-

317 2214 390 2237 cum
412 2201 563 2248 temporis
585 2200 720 2246 spatium
743 2198 847 2234 soluto
869 2198 973 2233 carnis
1013 2197 1069 2231 de·
1089 2195 1090 2201 ¹

318 2252 383 2286 bito
405 2250 545 2286 censuali
574 2250 611 2284 ad
639 2261 783 2295 superos,
819 2256 851 2282 ut
885 2246 1068 2287 credimus,

320 2310 352 2335 ut
375 2301 507 2335 introeat
531 2299 561 2333 in
587 2298 742 2344 potentias
768 2297 895 2332 Domini
929 2303 1069 2335 evocato,

319 2363 353 2385 ac
368 2350 449 2392 eius,
472 2356 505 2383 ut
526 2348 623 2383 moris
644 2355 702 2387 est,
724 2346 866 2393 exequiis
888 2346 918 2379 in
935 2345 1071 2380 crastino

320 2399 496 2443 celebratis,
513 2405 582 2445 post
599 2398 792 2432 vacationem
808 2396 974 2439 diutinam,
991 2406 1071 2441 quae

322 2448 459 2496 peccatis
473 2446 673 2494 exigentibus
693 2453 819 2493 propter
833 2444 982 2479 malitiam
998 2452 1073 2477 teni·

323 2497 406 2543 poris
428 2496 605 2536 intervenit,
640 2495 750 2530 fratres
777 2494 814 2530 ad
843 2501 963 2529 tautum
996 2492 1070 2527 sub-

324 2546 452 2593 rogandi
481 2546 614 2593 pastoris
636 2544 774 2579 officium
798 2544 963 2590 Anagniae
995 2554 1073 2577 con-

360 2616 399 2650 (t)
418 2617 438 2643 Α
455 2616 499 2643 die
518 2615 726 2643 consecrationis
741 2613 944 2649 computandos.
983 2612 1022 2647 (2)
1035 2612 1073 2639 Ex

326 2656 454 2691 Raynald.
475 2655 506 2683 ad
523 2663 621 2682 annum
645 2656 720 2681 lfflt3.

901 268 1090 292 BULLARIUM
1118 267 1281 290 ROMAM'M

1100 372 1140 407 cti
1163 372 1260 418 gratia
1292 372 1447 414 innovata,
1474 373 1505 407 in
1541 385 1598 408 nos
1633 373 1848 420 providentiae

1099 433 1174 456 suae
1200 421 1311 457 oculos
1337 422 1523 462 iniecerunt,
1548 422 1759 458 imbecillibus
1787 423 1848 457 bu-

1100 471 1196 506 meris
1223 471 1336 507 fascem
1363 471 1438 505 tanti
1468 471 1572 507 oneris
1603 472 1765 518 imponere
1797 472 1849 506 de-

1100 520 1268 555 cernendo.
1291 520 1355 555 Nos
1370 528 1474 555 autem
1497 530 1621 556 nostrae
1657 519 1849 563 infirmitatis

1100 577 1129 604 et
1155 569 1392 605 insufficientiae
1413 570 1543 610 conscii,
1571 570 1773 605 vehementer
1799 583 1850 604 ex-

1101 619 1243 666 pavimus
1269 619 1328 653 1100
1355 618 1483 662 audito,
1509 619 1582 665 quia
1619 631 1708 654 niens
1747 620 1850 665 coepit

1102 668 1254 714 refugere,
1281 679 1335 703 cor
1362 675 1507 712 tremere⁷
1541 668 1667 714 pondus
1705 669 1850 716 importa-

1101 717 1161 752 bile
1185 716 1369 761 recusando,
1391 724 1420 751 et
1445 717 1481 751 ad
1498 717 1697 752 retinendum
1719 717 1849 753 omnino

1100 766 1258 813 disposuit
1286 766 1358 801 totis
1385 766 1551 801 effectibus
1577 778 1611 801 se
1633 779 1764 802 armare.
1786 767 1850 801 Ve-

1102 828 1168 850 rum
1194 828 1232 849 ne
1256 815 1375 851 diutina
1401 815 1562 850 reluctatio
1584 815 1614 849 in
1642 815 1702 850 hoc
1728 824 1850 863 tempe-

1100 865 1187 899 statis
1208 864 1340 900 articulo
1362 864 1479 911 aliquid
1503 864 1697 899 discriminis
1716 873 1850 913 pareret,

1100 927 1171 949 cum
1195 913 1396 949 temerarium
1422 914 1574 949 videretur
1597 914 1722 950 divinae
1745 914 1851 961 dispo-

1100 963 1205 998 sitioni
1230 963 1356 1011 penitus
1382 963 1520 1005 obviare3
1542 963 1580 998 ad
1608 963 1700 999 Illum
1729 971 1851 998 nostros

1100 1013 1210 1048 oculos
1231 1012 1421 1053 attollentes,
1440 1013 1491 1060 qui
1514 1012 1567 1047 dat
1585 1012 1667 1048 13550
1690 1011 1850 1052 virtutem,

1101 1070 1130 1097 et
1153 1061 1284 1108 largitur
1306 1073 1436 1096 munera
1464 1062 1493 1096 in
1517 1074 1551 1097 se
1578 1061 1779 1109 sperantibus
1802 1062 1851 1096 31-

1102 1112 1246 1151 fluentem
1268 1111 1384 1158 quique
1409 1118 1549 1146 nostrum
1572 1111 1776 1146 considerans
1791 1112 1848 1146 im-

1103 1160 1287 1206 perfectum,
1309 1173 1382 1195 cum
1410 1160 1449 1194 sit
1475 1160 1662 1196 sufficientia
1696 1160 1851 1201 omnium,

1103 1209 1355 1244 insufficientiam
1397 1217 1535 1244 nostram
1577 1209 1737 1256 supplebit
1776 1221 1852 1244 suae

1101 1258 1295 1294 abundantia
1322 1258 1484 1305 largitatis,
1511 1258 1614 1293 dando
1636 1258 1766 1305 gloriam
1800 1270 1854 1293 00-

1103 1309 1176 1342 mini
1205 1320 1263 1343 suo
1286 1320 1411 1354 magno,
1439 1308 1593 1343 vocationi
1620 1307 1743 1342 divinae
1780 1319 1855 1342 con-

1102 1358 1270 1399 sensimus,
1292 1366 1323 1391 et
1349 1356 1470 1391 debiles
1492 1357 1642 1392 humeros
1662 1357 1702 1392 de
1715 1369 1852 1405 superna

1104 1408 1216 1442 virtute
1243 1406 1352 1441 confisi
1374 1406 1582 1441 submisimus
1603 1406 1640 1441 ad
1664 1404 1851 1454 portandum

1104 1456 1177 1491 tanti
1206 1455 1354 1502 ponderis
1379 1455 1575 1501 gravitatem.

1153 1505 1216 1540 Vos
1244 1506 1360 1552 itaque,
1388 1505 1507 1546 fratres,
1535 1505 1588 1551 qui
1617 1503 1692 1539 estis
1717 1504 1756 1539 ad
1795 1516 1853 1539 cu—
1874 1518 2052 1546 Episcoposbor—

1867 1553 1951 1582 tatuwt
1960 1548 2051 1584 51101110-

1104 1604 1264 1647 attentius,
1292 1610 1322 1637 et
1343 1602 1516 1644 hortamur,
1544 1611 1577 1637 ut
1616 1603 1750 1637 Domino
1784 1615 1853 1638 om-
1867 1584 1942 1637 {iiiiii
1987 1585 2038 1601 mm

1103 1555 1236 1589 stodiam
1254 1554 1358 1600 gregis
1379 1553 1507 1588 Domini
1530 1553 1684 1601 deputati,
1706 1566 1853 1601 rogamus

1106 1665 1176 1687 nem
1196 1664 1303 1687 curam
1318 1659 1348 1687 et
1361 1652 1607 1687 sollicitudinem
1623 1652 1855 1688 subinferentes

1105 1702 1142 1736 ad
1171 1702 1374 1737 serviendum
1401 1701 1495 1748 digne
1516 1702 1584 1736 Deo
1612 1713 1666 1748 per
1687 1702 1803 1746 omnia,
1825 1710 1855 1737 et
1881 1719 1886 1724 ·

1107 1751 1303 1798 implendum
1339 1750 1479 1797 legitime
1518 1750 1674 1798 pastorale
1713 1751 1856 1786 ministe-

1107 1801 1200 1844 rium⁷
1228 1799 1312 1847 quod
1335 1800 1525 1847 sumpsistis,
1552 1800 1730 1835 ministrare
1751 1800 1782 1834 in
1795 1800 1856 1836 fide

1108 1850 1256 1885 virtutum
1286 1850 1383 1884 torma
1417 1849 1488 1885 facti
1526 1850 1630 1895 gregis
1664 1861 1702 1884 ex
1738 1849 1857 1895 animo,

1109 1908 1141 1933 ut
1163 1911 1234 1934 cum
1263 1911 1337 1933 oves
1361 1911 1414 1945 per
1435 1910 1558 1934 sacrum
1583 1898 1772 1946 profluvium
1795 1900 1857 1934 oris

1110 1949 1201 1982 vestri
1221 1960 1318 1995 aquas¹
1341 1948 1502 1982 liauserint
1518 1948 1546 1982 in
1574 1948 1691 1995 gaudio
1712 1947 1751 1983 de
1781 1948 1857 1984 fon-

325 2036 331 2038 ·
1087 1998 1191 2048 {tibus
1219 1997 1400 2041 Salxatoris,
1429 1997 1627 2045 viderintque
1671 1997 1772 2044 virgas
1807 2011 1859 2045 pa-

364 2052 481 2088 Felicis
507 2051 733 2088 recordationis
768 2050 950 2086 Coelestino
984 2049 1088 2096 Papa

117 2140 128 2150 ἢ
146 2101 300 2157 ζωζΝΨΓωῑ
317 2103 558 2149 praedecessore
576 2109 695 2142 nostro,
716 2100 769 2147 qui
784 2100 884 2135 bonae
899 2098 1068 2134 memoriae

1109 2055 1241 2087 storum,
1264 2047 1412 2081 detractis
1444 2046 1615 2082 corticibus
1650 2046 1793 2082 vanitatis
1829 2055 1858 2082 et

1111 2096 1292 2142 voluptatis,
1319 2096 1424 2130 divino
1457 2096 1593 2131 candore
1633 2096 1788 2140 nitentes,
1827 2097 1858 2131 in

1110 2145 1374 2193 contemplatione
1396 2145 1534 2192 ipsarum
1562 2145 1741 2180 affectiones
1773 2158 1860 2180 mun-

1111 2195 1166 2229 das
1188 2195 1377 2242 concipiant,
1401 2203 1431 2229 et
1459 2195 1627 2230 unicoloris
1663 2194 1764 2229 foetus
1802 2207 1858 2241 pa-

1112 2244 1192 2278 riant
1214 2244 1404 2278 masculinos
1429 2244 1523 2290 digne
1557 2243 1684 2278 Christo
1721 2243 1859 2278 Domino

1114 2301 1271 2340 pastorum
1296 2293 1430 2340 principi
1447 2293 1634 2327 offerendos.
1651 2291 1720 2327 Non
1731 2294 1860 2327 cessetis

1112 2350 1215 2377 autem
1236 2355 1291 2389 pro
1314 2341 1406 2376 nobis
1420 2355 1474 2388 per
1498 2354 1561 2383 vos,
1587 2350 1768 2388 vestrosque
1789 2341 1861 2376 sub-

1113 2393 1211 2426 iectos
1237 2391 1380 2426 assiduas
1407 2403 1517 2438 preces
1543 2391 1716 2435 effundere,
1737 2398 1772 2425 ut
1803 2404 1858 2426 sua

1112 2441 1278 2476 clementia
1301 2440 1340 2475 de
1363 2440 1457 2475 coelis
1485 2441 1586 2475 mittat
1608 2439 1699 2474 uobis
1730 2441 1861 2487 sapien-

1114 2491 1186 2525 tiam
1214 2490 1404 2525 assistricem
1445 2489 1481 2524 ad
1521 2489 1690 2536 regendum
1727 2490 1861 2537 populos

1115 2539 1206 2574 nobis
1227 2540 1426 2580 commissos,
1448 2550 1528 2586 quae
1556 2551 1612 2573 nos
1645 2537 1755 2573 doceat
1787 2552 1860 2575 cum

1116 2588 1252 2624 Domino
1273 2588 1405 2623 sollicite
1422 2587 1592 2628 ambulare,
1631 2599 1667 2622 ac
1705 2587 1734 2623 id
1770 2600 1861 2636 agere

1115 2650 1219 2673 coram
1242 2637 1321 2682 Deo,
1356 2637 1439 2684 quod
1475 2648 1559 2671 nunc
1592 2636 1676 2681 sibi,
1712 2644 1742 2672 et
1775 2638 1861 2673 omni

1862 267 1913 295 An.
1934 266 1963 295 C.
1977 269 2045 295 ¹21i5

1102 323 1261 358 venientes
1285 323 1315 357 in
1340 335 1448 364 unum,
1464 323 1588 358 tandem
1611 323 1751 371 Spiritus
1771 324 1848 360 San·
1873 332 1956 361 Sumne
1997 333 2045 355 2¹0-

1861 366 1933 386 ctione
1947 367 2026 386 monet.

1887 2353 1909 2373 Et
1938 2359 1975 2379 pro
2009 2353 2055 2380 ipse

1874 2387 1943 2407 01001,
