<?xml version="1.0" encoding="UTF-8"?>
<!DOCTYPE html PUBLIC "-//W3C//DTD XHTML 1.0 Transitional//EN"
    "http://www.w3.org/TR/xhtml1/DTD/xhtml1-transitional.dtd">
<html xmlns="http://www.w3.org/1999/xhtml" xml:lang="en" lang="en">
 <head>
  <title>
</title>
<meta http-equiv="Content-Type" content="text/html;charset=utf-8" />
  <meta name='ocr-system' content='tesseract 3.04.00' />
  <meta name='ocr-capabilities' content='ocr_page ocr_carea ocr_par ocr_line ocrx_word'/>
</head>
<body>
  <div class='ocr_page' id='page_1' title='image "./bullarumdiplomat03cath_0213.png"; bbox 0 0 2129 3223; ppageno 0'>
   <div class='ocr_carea' id='block_1_1' title="bbox 27 282 208 312">
    <p class='ocr_par' dir='ltr' id='par_1_1' title="bbox 27 282 208 312">
     <span class='ocr_line' id='line_1_1' title="bbox 27 282 208 312; baseline 0.006 -1"><span class='ocrx_word' id='word_1_1' title='bbox 27 285 78 311; x_wconf 73' lang='lat' dir='ltr'>An.</span> <span class='ocrx_word' id='word_1_2' title='bbox 95 282 124 311; x_wconf 87' lang='lat' dir='ltr'>C.</span> <span class='ocrx_word' id='word_1_3' title='bbox 138 285 208 312; x_wconf 77' lang='lat'><strong>¹208</strong></span> 
     </span>
    </p>
   </div>
   <div class='ocr_carea' id='block_1_2' title="bbox 8 340 962 2419">
    <p class='ocr_par' dir='ltr' id='par_1_2' title="bbox 220 340 962 388">
     <span class='ocr_line' id='line_1_2' title="bbox 220 340 962 388; baseline -0.001 -11"><span class='ocrx_word' id='word_1_4' title='bbox 220 353 291 377; x_wconf 84' lang='lat' dir='ltr'>care</span> <span class='ocrx_word' id='word_1_5' title='bbox 315 341 488 388; x_wconf 87' lang='lat' dir='ltr'>contigerit,</span> <span class='ocrx_word' id='word_1_6' title='bbox 510 340 628 376; x_wconf 92' lang='lat' dir='ltr'>domiui</span> <span class='ocrx_word' id='word_1_7' title='bbox 657 341 746 377; x_wconf 87' lang='lat' dir='ltr'>villae</span> <span class='ocrx_word' id='word_1_8' title='bbox 776 341 887 383; x_wconf 84' lang='lat' dir='ltr'>Mauri,</span> <span class='ocrx_word' id='word_1_9' title='bbox 919 341 962 376; x_wconf 89' lang='lat' dir='ltr'>vel</span> 
     </span>
    </p>

    <p class='ocr_par' dir='ltr' id='par_1_3' title="bbox 220 391 962 439">
     <span class='ocr_line' id='line_1_3' title="bbox 220 391 962 439; baseline -0.001 -13"><span class='ocrx_word' id='word_1_10' title='bbox 220 391 351 426; x_wconf 86' lang='lat' dir='ltr'>ministri</span> <span class='ocrx_word' id='word_1_11' title='bbox 373 402 480 426; x_wconf 85' lang='lat' dir='ltr'>eorum</span> <span class='ocrx_word' id='word_1_12' title='bbox 507 391 547 426; x_wconf 91' lang='lat' dir='ltr'>de</span> <span class='ocrx_word' id='word_1_13' title='bbox 578 391 672 426; x_wconf 87' lang='lat' dir='ltr'>rebus</span> <span class='ocrx_word' id='word_1_14' title='bbox 708 391 874 439; x_wconf 88' lang='lat' dir='ltr'>episcopi,</span> <span class='ocrx_word' id='word_1_15' title='bbox 916 391 962 426; x_wconf 89' lang='lat' dir='ltr'>vel</span> 
     </span>
    </p>

    <p class='ocr_par' dir='ltr' id='par_1_4' title="bbox 219 439 961 476">
     <span class='ocr_line' id='line_1_4' title="bbox 219 439 961 476; baseline -0.003 0"><span class='ocrx_word' id='word_1_16' title='bbox 219 452 347 476; x_wconf 85' lang='lat' dir='ltr'>suorum</span> <span class='ocrx_word' id='word_1_17' title='bbox 375 439 539 475; x_wconf 88' lang='lat' dir='ltr'>hominum</span> <span class='ocrx_word' id='word_1_18' title='bbox 566 440 789 476; x_wconf 85' lang='lat' dir='ltr'>iurisdictionis</span> <span class='ocrx_word' id='word_1_19' title='bbox 821 440 961 476; x_wconf 89' lang='lat' dir='ltr'>eiusdem</span> 
     </span>
    </p>

    <p class='ocr_par' dir='ltr' id='par_1_5' title="bbox 218 489 962 538">
     <span class='ocr_line' id='line_1_5' title="bbox 218 489 962 538; baseline -0.001 -14"><span class='ocrx_word' id='word_1_20' title='bbox 218 489 307 525; x_wconf 85' lang='lat' dir='ltr'>villae</span> <span class='ocrx_word' id='word_1_21' title='bbox 327 489 404 524; x_wconf 91' lang='lat' dir='ltr'>nihil</span> <span class='ocrx_word' id='word_1_22' title='bbox 426 491 592 538; x_wconf 78' lang='lat' dir='ltr'>accipient,</span> <span class='ocrx_word' id='word_1_23' title='bbox 619 490 673 525; x_wconf 89' lang='lat' dir='ltr'>sed</span> <span class='ocrx_word' id='word_1_24' title='bbox 702 489 812 525; x_wconf 90' lang='lat' dir='ltr'>usibus</span> <span class='ocrx_word' id='word_1_25' title='bbox 834 498 863 524; x_wconf 87' lang='lat' dir='ltr'>et</span> <span class='ocrx_word' id='word_1_26' title='bbox 891 490 962 524; x_wconf 90' lang='lat' dir='ltr'>dis-</span> 
     </span>
    </p>

    <p class='ocr_par' dir='ltr' id='par_1_6' title="bbox 215 539 962 587">
     <span class='ocr_line' id='line_1_6' title="bbox 215 539 962 587; baseline -0.003 -12"><span class='ocrx_word' id='word_1_27' title='bbox 215 540 363 587; x_wconf 78' lang='lat' dir='ltr'>positioni</span> <span class='ocrx_word' id='word_1_28' title='bbox 379 540 457 585; x_wconf 80' lang='lat' dir='ltr'>eius,</span> <span class='ocrx_word' id='word_1_29' title='bbox 479 541 532 587; x_wconf 92' lang='lat' dir='ltr'>qui</span> <span class='ocrx_word' id='word_1_30' title='bbox 555 540 618 575; x_wconf 91' lang='lat' dir='ltr'>illic</span> <span class='ocrx_word' id='word_1_31' title='bbox 635 539 727 574; x_wconf 83' lang='lat' dir='ltr'>suerit</span> <span class='ocrx_word' id='word_1_32' title='bbox 741 539 962 585; x_wconf 78' lang='lat' dir='ltr'>subrogandus</span> 
     </span>
    </p>

    <p class='ocr_par' dir='ltr' id='par_1_7' title="bbox 213 589 961 686">
     <span class='ocr_line' id='line_1_7' title="bbox 214 589 961 625; baseline 0 -2"><span class='ocrx_word' id='word_1_33' title='bbox 214 589 345 624; x_wconf 88' lang='lat' dir='ltr'>antistes</span> <span class='ocrx_word' id='word_1_34' title='bbox 371 589 400 624; x_wconf 96' lang='lat' dir='ltr'>in</span> <span class='ocrx_word' id='word_1_35' title='bbox 423 602 478 625; x_wconf 92' lang='lat' dir='ltr'>sua</span> <span class='ocrx_word' id='word_1_36' title='bbox 501 589 715 625; x_wconf 87' lang='lat' dir='ltr'>incolumitate</span> <span class='ocrx_word' id='word_1_37' title='bbox 742 590 848 624; x_wconf 87' lang='lat' dir='ltr'>omnia</span> <span class='ocrx_word' id='word_1_38' title='bbox 884 601 961 623; x_wconf 92' lang='lat' dir='ltr'>con-</span> 
     </span>
     <span class='ocr_line' id='line_1_8' title="bbox 213 638 960 686; baseline -0.001 -13"><span class='ocrx_word' id='word_1_39' title='bbox 213 647 390 674; x_wconf 85' lang='lat' dir='ltr'>serventur.</span> <span class='ocrx_word' id='word_1_40' title='bbox 416 639 575 686; x_wconf 84' lang='lat' dir='ltr'>Quicquid</span> <span class='ocrx_word' id='word_1_41' title='bbox 623 639 715 674; x_wconf 85' lang='lat' dir='ltr'>etiarn</span> <span class='ocrx_word' id='word_1_42' title='bbox 766 638 847 673; x_wconf 92' lang='lat' dir='ltr'>idem</span> <span class='ocrx_word' id='word_1_43' title='bbox 890 639 960 685; x_wconf 85' lang='lat' dir='ltr'>epi-</span> 
     </span>
    </p>

    <p class='ocr_par' dir='ltr' id='par_1_8' title="bbox 212 687 960 784">
     <span class='ocr_line' id='line_1_9' title="bbox 213 687 960 736; baseline 0 -14"><span class='ocrx_word' id='word_1_44' title='bbox 213 699 330 736; x_wconf 88' lang='lat' dir='ltr'>scopus</span> <span class='ocrx_word' id='word_1_45' title='bbox 371 688 504 724; x_wconf 86' lang='lat' dir='ltr'>habebat</span> <span class='ocrx_word' id='word_1_46' title='bbox 548 689 578 723; x_wconf 92' lang='lat' dir='ltr'>in</span> <span class='ocrx_word' id='word_1_47' title='bbox 619 688 687 723; x_wconf 86' lang='lat' dir='ltr'>villa</span> <span class='ocrx_word' id='word_1_48' title='bbox 721 700 802 736; x_wconf 88' lang='lat' dir='ltr'>quae</span> <span class='ocrx_word' id='word_1_49' title='bbox 845 687 960 723; x_wconf 90' lang='lat' dir='ltr'>dicitur</span> 
     </span>
     <span class='ocr_line' id='line_1_10' title="bbox 212 735 959 784; baseline -0.001 -11"><span class='ocrx_word' id='word_1_50' title='bbox 212 735 411 782; x_wconf 81' lang='lat' dir='ltr'>Gumerium,</span> <span class='ocrx_word' id='word_1_51' title='bbox 438 746 468 773; x_wconf 86' lang='lat' dir='ltr'>et</span> <span class='ocrx_word' id='word_1_52' title='bbox 496 738 525 773; x_wconf 91' lang='lat' dir='ltr'>in</span> <span class='ocrx_word' id='word_1_53' title='bbox 554 738 624 773; x_wconf 88' lang='lat' dir='ltr'>villa</span> <span class='ocrx_word' id='word_1_54' title='bbox 647 746 826 784; x_wconf 88' lang='lat' dir='ltr'>nuncupata</span> <span class='ocrx_word' id='word_1_55' title='bbox 861 738 959 773; x_wconf 90' lang='lat' dir='ltr'>Sum-</span> 
     </span>
    </p>

    <p class='ocr_par' dir='ltr' id='par_1_9' title="bbox 213 787 956 834">
     <span class='ocr_line' id='line_1_11' title="bbox 213 787 956 834; baseline -0.001 -12"><span class='ocrx_word' id='word_1_56' title='bbox 213 799 284 822; x_wconf 90' lang='lat' dir='ltr'>mus</span> <span class='ocrx_word' id='word_1_57' title='bbox 304 787 402 832; x_wconf 82' lang='lat' dir='ltr'>Fons,</span> <span class='ocrx_word' id='word_1_58' title='bbox 424 800 495 823; x_wconf 92' lang='lat' dir='ltr'>cum</span> <span class='ocrx_word' id='word_1_59' title='bbox 524 789 589 822; x_wconf 90' lang='lat' dir='ltr'>iure</span> <span class='ocrx_word' id='word_1_60' title='bbox 627 795 655 821; x_wconf 90' lang='lat' dir='ltr'>et</span> <span class='ocrx_word' id='word_1_61' title='bbox 684 787 824 822; x_wconf 86' lang='lat' dir='ltr'>libertate</span> <span class='ocrx_word' id='word_1_62' title='bbox 862 799 956 834; x_wconf 84' lang='lat' dir='ltr'>quarn</span> 
     </span>
    </p>

    <p class='ocr_par' dir='ltr' id='par_1_10' title="bbox 14 836 958 1084">
     <span class='ocr_line' id='line_1_12' title="bbox 125 836 957 875; baseline 0.001 -5"><span class='ocrx_word' id='word_1_63' title='bbox 125 872 127 875; x_wconf 65' lang='grc'>,</span> <span class='ocrx_word' id='word_1_64' title='bbox 212 836 244 871; x_wconf 91' lang='lat' dir='ltr'>in</span> <span class='ocrx_word' id='word_1_65' title='bbox 271 837 393 873; x_wconf 89' lang='lat' dir='ltr'>eisdem</span> <span class='ocrx_word' id='word_1_66' title='bbox 413 837 490 873; x_wconf 90' lang='lat' dir='ltr'>locis</span> <span class='ocrx_word' id='word_1_67' title='bbox 524 837 703 872; x_wconf 86' lang='lat' dir='ltr'>habueruut</span> <span class='ocrx_word' id='word_1_68' title='bbox 741 845 957 871; x_wconf 76' lang='lat' dir='ltr'>antecessores</span> 
     </span>
     <span class='ocr_line' id='line_1_13' title="bbox 21 880 958 936; baseline -0.001 -15"><span class='ocrx_word' id='word_1_69' title='bbox 21 880 147 936; x_wconf 44' lang='lat' dir='ltr'>3⁵:252ss</span> <span class='ocrx_word' id='word_1_70' title='bbox 163 889 199 936; x_wconf 49' lang='lat'>⁶⁰2</span> <span class='ocrx_word' id='word_1_71' title='bbox 212 886 271 922; x_wconf 89' lang='lat' dir='ltr'>sui.</span> <span class='ocrx_word' id='word_1_72' title='bbox 299 886 465 923; x_wconf 86' lang='lat' dir='ltr'>Praeterea</span> <span class='ocrx_word' id='word_1_73' title='bbox 491 887 664 922; x_wconf 81' lang='lat' dir='ltr'>libertatern</span> <span class='ocrx_word' id='word_1_74' title='bbox 690 886 762 929; x_wconf 89' lang='lat' dir='ltr'>sibi,</span> <span class='ocrx_word' id='word_1_75' title='bbox 789 895 819 920; x_wconf 88' lang='lat' dir='ltr'>et</span> <span class='ocrx_word' id='word_1_76' title='bbox 844 886 958 921; x_wconf 88' lang='lat' dir='ltr'>Eccle-</span> 
     </span>
     <span class='ocr_line' id='line_1_14' title="bbox 18 935 956 972; baseline 0.002 -3"><span class='ocrx_word' id='word_1_77' title='bbox 18 944 173 969; x_wconf 63' lang='lat' dir='ltr'>sia-rtem.</span> <span class='ocrx_word' id='word_1_78' title='bbox 211 935 275 971; x_wconf 87' lang='lat' dir='ltr'>siae</span> <span class='ocrx_word' id='word_1_79' title='bbox 303 948 378 972; x_wconf 83' lang='lat' dir='ltr'>suae</span> <span class='ocrx_word' id='word_1_80' title='bbox 415 949 432 972; x_wconf 90' lang='lat' dir='ltr'>a</span> <span class='ocrx_word' id='word_1_81' title='bbox 479 937 578 972; x_wconf 86' lang='lat' dir='ltr'>bonae</span> <span class='ocrx_word' id='word_1_82' title='bbox 624 937 795 971; x_wconf 80' lang='lat' dir='ltr'>memoriae</span> <span class='ocrx_word' id='word_1_83' title='bbox 841 938 956 971; x_wconf 84' lang='lat' dir='ltr'>comite</span> 
     </span>
     <span class='ocr_line' id='line_1_15' title="bbox 14 984 956 1033; baseline 0.001 -13"><span class='ocrx_word' id='word_1_84' title='bbox 14 984 17 986; x_wconf 69' lang='grc'>’</span> <span class='ocrx_word' id='word_1_85' title='bbox 210 985 345 1033; x_wconf 81' lang='lat' dir='ltr'>Ilugone</span> <span class='ocrx_word' id='word_1_86' title='bbox 357 998 552 1032; x_wconf 79' lang='lat' dir='ltr'>concessam,</span> <span class='ocrx_word' id='word_1_87' title='bbox 569 986 701 1026; x_wconf 81' lang='lat' dir='ltr'>scilicet,</span> <span class='ocrx_word' id='word_1_88' title='bbox 719 994 752 1020; x_wconf 83' lang='lat' dir='ltr'>ut</span> <span class='ocrx_word' id='word_1_89' title='bbox 770 986 822 1032; x_wconf 89' lang='lat' dir='ltr'>qui</span> <span class='ocrx_word' id='word_1_90' title='bbox 845 985 884 1020; x_wconf 89' lang='lat' dir='ltr'>ab</span> <span class='ocrx_word' id='word_1_91' title='bbox 902 998 956 1021; x_wconf 89' lang='lat' dir='ltr'>eo-</span> 
     </span>
     <span class='ocr_line' id='line_1_16' title="bbox 209 1035 956 1084; baseline -0.001 -14"><span class='ocrx_word' id='word_1_92' title='bbox 209 1035 280 1072; x_wconf 85' lang='lat' dir='ltr'>dem</span> <span class='ocrx_word' id='word_1_93' title='bbox 302 1037 452 1084; x_wconf 86' lang='lat' dir='ltr'>episcopo</span> <span class='ocrx_word' id='word_1_94' title='bbox 477 1038 648 1072; x_wconf 77' lang='lat' dir='ltr'>servientes</span> <span class='ocrx_word' id='word_1_95' title='bbox 686 1035 812 1082; x_wconf 84' lang='lat' dir='ltr'>aliquod</span> <span class='ocrx_word' id='word_1_96' title='bbox 850 1035 956 1082; x_wconf 88' lang='lat' dir='ltr'>publi-</span> 
     </span>
    </p>

    <p class='ocr_par' dir='ltr' id='par_1_11' title="bbox 208 1085 956 1130">
     <span class='ocr_line' id='line_1_17' title="bbox 208 1085 956 1130; baseline -0.003 -10"><span class='ocrx_word' id='word_1_97' title='bbox 208 1097 282 1121; x_wconf 85' lang='lat' dir='ltr'>cum</span> <span class='ocrx_word' id='word_1_98' title='bbox 309 1085 445 1121; x_wconf 87' lang='lat' dir='ltr'>officium</span> <span class='ocrx_word' id='word_1_99' title='bbox 467 1085 672 1130; x_wconf 82' lang='lat' dir='ltr'>obtinuerint,</span> <span class='ocrx_word' id='word_1_100' title='bbox 705 1085 744 1120; x_wconf 90' lang='lat' dir='ltr'>ab</span> <span class='ocrx_word' id='word_1_101' title='bbox 779 1085 864 1119; x_wconf 88' lang='lat' dir='ltr'>omni</span> <span class='ocrx_word' id='word_1_102' title='bbox 906 1085 956 1119; x_wconf 89' lang='lat' dir='ltr'>iu-</span> 
     </span>
    </p>

    <p class='ocr_par' dir='ltr' id='par_1_12' title="bbox 8 1134 955 2419">
     <span class='ocr_line' id='line_1_18' title="bbox 22 1134 954 1175; baseline -0.002 -5"><span class='ocrx_word' id='word_1_103' title='bbox 22 1171 24 1174; x_wconf 78' lang='grc'><strong>,</strong></span> <span class='ocrx_word' id='word_1_104' title='bbox 207 1134 290 1170; x_wconf 88' lang='lat' dir='ltr'>stitia</span> <span class='ocrx_word' id='word_1_105' title='bbox 312 1143 344 1171; x_wconf 89' lang='lat' dir='ltr'>et</span> <span class='ocrx_word' id='word_1_106' title='bbox 369 1136 533 1171; x_wconf 80' lang='lat' dir='ltr'>exactione</span> <span class='ocrx_word' id='word_1_107' title='bbox 560 1136 708 1171; x_wconf 84' lang='lat' dir='ltr'>comitum</span> <span class='ocrx_word' id='word_1_108' title='bbox 736 1134 954 1175; x_wconf 73' lang='lat' dir='ltr'>Trecensium‚</span> 
     </span>
     <span class='ocr_line' id='line_1_19' title="bbox 11 1181 955 1234; baseline -0.003 -13"><span class='ocrx_word' id='word_1_109' title='bbox 11 1181 29 1234; x_wconf 51' lang='grc' dir='ltr'>’ς’</span> <span class='ocrx_word' id='word_1_110' title='bbox 207 1196 243 1220; x_wconf 79' lang='lat' dir='ltr'>ac</span> <span class='ocrx_word' id='word_1_111' title='bbox 269 1197 399 1221; x_wconf 90' lang='lat' dir='ltr'>suorum</span> <span class='ocrx_word' id='word_1_112' title='bbox 423 1186 683 1229; x_wconf 80' lang='lat' dir='ltr'>ministerialium,</span> <span class='ocrx_word' id='word_1_113' title='bbox 705 1184 856 1231; x_wconf 85' lang='lat' dir='ltr'>quamdiu</span> <span class='ocrx_word' id='word_1_114' title='bbox 885 1184 955 1219; x_wconf 86' lang='lat' dir='ltr'>offi—</span> 
     </span>
     <span class='ocr_line' id='line_1_20' title="bbox 8 1234 955 1282; baseline -0.003 -12"><span class='ocrx_word' id='word_1_115' title='bbox 8 1237 20 1244; x_wconf 88' lang='grc'><em>“</em></span> <span class='ocrx_word' id='word_1_116' title='bbox 207 1234 289 1270; x_wconf 88' lang='lat' dir='ltr'>cium</span> <span class='ocrx_word' id='word_1_117' title='bbox 305 1234 408 1282; x_wconf 88' lang='lat' dir='ltr'>ipsum</span> <span class='ocrx_word' id='word_1_118' title='bbox 431 1235 608 1279; x_wconf 76' lang='lat' dir='ltr'>habuerint,</span> <span class='ocrx_word' id='word_1_119' title='bbox 636 1235 723 1270; x_wconf 89' lang='lat' dir='ltr'>liberi</span> <span class='ocrx_word' id='word_1_120' title='bbox 747 1234 820 1277; x_wconf 82' lang='lat' dir='ltr'>sint,</span> <span class='ocrx_word' id='word_1_121' title='bbox 837 1242 867 1268; x_wconf 90' lang='lat' dir='ltr'>et</span> <span class='ocrx_word' id='word_1_122' title='bbox 895 1234 955 1268; x_wconf 88' lang='lat' dir='ltr'>im-</span> 
     </span>
     <span class='ocr_line' id='line_1_21' title="bbox 207 1284 955 1320; baseline 0 -2"><span class='ocrx_word' id='word_1_123' title='bbox 207 1295 330 1320; x_wconf 89' lang='lat' dir='ltr'>munes.</span> <span class='ocrx_word' id='word_1_124' title='bbox 354 1284 478 1319; x_wconf 81' lang='lat' dir='ltr'>Adiecit</span> <span class='ocrx_word' id='word_1_125' title='bbox 509 1285 600 1319; x_wconf 90' lang='lat' dir='ltr'>etiam</span> <span class='ocrx_word' id='word_1_126' title='bbox 644 1284 743 1319; x_wconf 86' lang='lat' dir='ltr'>bonae</span> <span class='ocrx_word' id='word_1_127' title='bbox 786 1284 955 1318; x_wconf 89' lang='lat' dir='ltr'>memoriae</span> 
     </span>
     <span class='ocr_line' id='line_1_22' title="bbox 206 1333 955 1381; baseline -0.001 -13"><span class='ocrx_word' id='word_1_128' title='bbox 206 1334 406 1380; x_wconf 85' lang='lat' dir='ltr'>supradictus</span> <span class='ocrx_word' id='word_1_129' title='bbox 441 1334 564 1381; x_wconf 84' lang='lat' dir='ltr'>genitor</span> <span class='ocrx_word' id='word_1_130' title='bbox 598 1342 715 1377; x_wconf 84' lang='lat' dir='ltr'>noster,</span> <span class='ocrx_word' id='word_1_131' title='bbox 762 1342 795 1368; x_wconf 86' lang='lat' dir='ltr'>ut</span> <span class='ocrx_word' id='word_1_132' title='bbox 840 1333 955 1368; x_wconf 89' lang='lat' dir='ltr'>domus</span> 
     </span>
     <span class='ocr_line' id='line_1_23' title="bbox 206 1382 954 1430; baseline 0 -14"><span class='ocrx_word' id='word_1_133' title='bbox 206 1383 402 1430; x_wconf 80' lang='lat' dir='ltr'>episcopales</span> <span class='ocrx_word' id='word_1_134' title='bbox 442 1393 471 1418; x_wconf 92' lang='lat' dir='ltr'>et</span> <span class='ocrx_word' id='word_1_135' title='bbox 502 1391 604 1418; x_wconf 78' lang='lat' dir='ltr'>curtos</span> <span class='ocrx_word' id='word_1_136' title='bbox 632 1396 703 1418; x_wconf 90' lang='lat' dir='ltr'>cum</span> <span class='ocrx_word' id='word_1_137' title='bbox 739 1382 885 1417; x_wconf 88' lang='lat' dir='ltr'>omnibus</span> <span class='ocrx_word' id='word_1_138' title='bbox 924 1383 954 1416; x_wconf 93' lang='lat' dir='ltr'>in</span> 
     </span>
     <span class='ocr_line' id='line_1_24' title="bbox 206 1432 955 1480; baseline 0 -14"><span class='ocrx_word' id='word_1_139' title='bbox 206 1432 251 1467; x_wconf 86' lang='lat' dir='ltr'>eis</span> <span class='ocrx_word' id='word_1_140' title='bbox 263 1433 420 1468; x_wconf 88' lang='lat' dir='ltr'>contentis</span> <span class='ocrx_word' id='word_1_141' title='bbox 433 1434 462 1468; x_wconf 89' lang='lat' dir='ltr'>in</span> <span class='ocrx_word' id='word_1_142' title='bbox 479 1432 565 1467; x_wconf 87' lang='lat' dir='ltr'>obitu</span> <span class='ocrx_word' id='word_1_143' title='bbox 581 1433 800 1480; x_wconf 89' lang='lat' dir='ltr'>episcoporum</span> <span class='ocrx_word' id='word_1_144' title='bbox 819 1432 901 1466; x_wconf 87' lang='lat' dir='ltr'>illam</span> <span class='ocrx_word' id='word_1_145' title='bbox 916 1432 955 1466; x_wconf 87' lang='lat' dir='ltr'>li-</span> 
     </span>
     <span class='ocr_line' id='line_1_25' title="bbox 206 1480 955 1530; baseline -0.001 -14"><span class='ocrx_word' id='word_1_146' title='bbox 206 1480 358 1518; x_wconf 86' lang='lat' dir='ltr'>bertatem</span> <span class='ocrx_word' id='word_1_147' title='bbox 376 1482 548 1527; x_wconf 78' lang='lat' dir='ltr'>obtinenat,</span> <span class='ocrx_word' id='word_1_148' title='bbox 567 1495 659 1530; x_wconf 78' lang='lat' dir='ltr'>quain</span> <span class='ocrx_word' id='word_1_149' title='bbox 677 1494 782 1517; x_wconf 90' lang='lat' dir='ltr'>comes</span> <span class='ocrx_word' id='word_1_150' title='bbox 801 1481 955 1516; x_wconf 89' lang='lat' dir='ltr'>Henricus</span> 
     </span>
     <span class='ocr_line' id='line_1_26' title="bbox 206 1531 953 1577; baseline 0 -12"><span class='ocrx_word' id='word_1_151' title='bbox 206 1531 236 1565; x_wconf 89' lang='lat' dir='ltr'>ei</span> <span class='ocrx_word' id='word_1_152' title='bbox 256 1532 449 1567; x_wconf 88' lang='lat' dir='ltr'>concessisse</span> <span class='ocrx_word' id='word_1_153' title='bbox 470 1541 501 1567; x_wconf 88' lang='lat' dir='ltr'>et</span> <span class='ocrx_word' id='word_1_154' title='bbox 528 1533 731 1567; x_wconf 83' lang='lat' dir='ltr'>confirmasse</span> <span class='ocrx_word' id='word_1_155' title='bbox 746 1532 953 1577; x_wconf 82' lang='lat' dir='ltr'>dignoscitur.</span> 
     </span>
     <span class='ocr_line' id='line_1_27' title="bbox 207 1580 953 1627; baseline 0.001 -12"><span class='ocrx_word' id='word_1_156' title='bbox 207 1580 256 1615; x_wconf 79' lang='lat' dir='ltr'>Ad</span> <span class='ocrx_word' id='word_1_157' title='bbox 279 1581 356 1617; x_wconf 88' lang='lat' dir='ltr'>haec</span> <span class='ocrx_word' id='word_1_158' title='bbox 377 1594 474 1617; x_wconf 90' lang='lat' dir='ltr'>unum</span> <span class='ocrx_word' id='word_1_159' title='bbox 503 1581 642 1617; x_wconf 89' lang='lat' dir='ltr'>modium</span> <span class='ocrx_word' id='word_1_160' title='bbox 677 1581 823 1616; x_wconf 83' lang='lat' dir='ltr'>frumenti</span> <span class='ocrx_word' id='word_1_161' title='bbox 861 1593 953 1627; x_wconf 89' lang='lat' dir='ltr'>quem</span> 
     </span>
     <span class='ocr_line' id='line_1_28' title="bbox 208 1630 954 1675; baseline 0 -10"><span class='ocrx_word' id='word_1_162' title='bbox 208 1630 290 1666; x_wconf 85' lang='lat' dir='ltr'>idem</span> <span class='ocrx_word' id='word_1_163' title='bbox 314 1643 421 1666; x_wconf 89' lang='lat' dir='ltr'>comes</span> <span class='ocrx_word' id='word_1_164' title='bbox 441 1631 609 1671; x_wconf 76' lang='lat' dir='ltr'>Henricus,</span> <span class='ocrx_word' id='word_1_165' title='bbox 637 1632 664 1666; x_wconf 89' lang='lat' dir='ltr'>ei</span> <span class='ocrx_word' id='word_1_166' title='bbox 693 1631 731 1665; x_wconf 91' lang='lat' dir='ltr'>de</span> <span class='ocrx_word' id='word_1_167' title='bbox 754 1630 954 1675; x_wconf 76' lang='lat' dir='ltr'>molendinis,</span> 
     </span>
     <span class='ocr_line' id='line_1_29' title="bbox 206 1680 954 1728; baseline -0.003 -12"><span class='ocrx_word' id='word_1_168' title='bbox 206 1691 288 1728; x_wconf 83' lang='lat' dir='ltr'>quae</span> <span class='ocrx_word' id='word_1_169' title='bbox 319 1680 380 1716; x_wconf 90' lang='lat' dir='ltr'>sub</span> <span class='ocrx_word' id='word_1_170' title='bbox 405 1681 505 1716; x_wconf 86' lang='lat' dir='ltr'>Turre</span> <span class='ocrx_word' id='word_1_171' title='bbox 544 1681 604 1715; x_wconf 89' lang='lat' dir='ltr'>sita</span> <span class='ocrx_word' id='word_1_172' title='bbox 641 1688 715 1715; x_wconf 87' lang='lat' dir='ltr'>sunt</span> <span class='ocrx_word' id='word_1_173' title='bbox 750 1692 805 1727; x_wconf 88' lang='lat' dir='ltr'>pro</span> <span class='ocrx_word' id='word_1_174' title='bbox 845 1680 954 1714; x_wconf 89' lang='lat' dir='ltr'>homi-</span> 
     </span>
     <span class='ocr_line' id='line_1_30' title="bbox 207 1729 954 1778; baseline -0.001 -14"><span class='ocrx_word' id='word_1_175' title='bbox 207 1729 300 1765; x_wconf 89' lang='lat' dir='ltr'>nibus</span> <span class='ocrx_word' id='word_1_176' title='bbox 320 1730 403 1778; x_wconf 92' lang='lat' dir='ltr'>apud</span> <span class='ocrx_word' id='word_1_177' title='bbox 438 1740 542 1766; x_wconf 87' lang='lat' dir='ltr'>curtes</span> <span class='ocrx_word' id='word_1_178' title='bbox 586 1730 710 1765; x_wconf 89' lang='lat' dir='ltr'>Insulae</span> <span class='ocrx_word' id='word_1_179' title='bbox 742 1729 954 1764; x_wconf 85' lang='lat' dir='ltr'>babitantibus</span> 
     </span>
     <span class='ocr_line' id='line_1_31' title="bbox 207 1777 953 1826; baseline -0.001 -12"><span class='ocrx_word' id='word_1_180' title='bbox 207 1777 293 1814; x_wconf 83' lang='lat' dir='ltr'>dedit</span> <span class='ocrx_word' id='word_1_181' title='bbox 315 1780 345 1815; x_wconf 94' lang='lat' dir='ltr'>in</span> <span class='ocrx_word' id='word_1_182' title='bbox 372 1780 476 1826; x_wconf 82' lang='lat' dir='ltr'>vigilia</span> <span class='ocrx_word' id='word_1_183' title='bbox 507 1780 658 1815; x_wconf 87' lang='lat' dir='ltr'>Omnium</span> <span class='ocrx_word' id='word_1_184' title='bbox 688 1779 874 1814; x_wconf 87' lang='lat' dir='ltr'>Sanctorum</span> <span class='ocrx_word' id='word_1_185' title='bbox 898 1791 953 1813; x_wconf 91' lang='lat' dir='ltr'>an-</span> 
     </span>
     <span class='ocr_line' id='line_1_32' title="bbox 205 1828 952 1876; baseline -0.001 -13"><span class='ocrx_word' id='word_1_186' title='bbox 205 1828 325 1864; x_wconf 86' lang='lat' dir='ltr'>nuatim</span> <span class='ocrx_word' id='word_1_187' title='bbox 347 1830 602 1876; x_wconf 84' lang='lat' dir='ltr'>persolvendum,</span> <span class='ocrx_word' id='word_1_188' title='bbox 621 1837 652 1863; x_wconf 91' lang='lat' dir='ltr'>et</span> <span class='ocrx_word' id='word_1_189' title='bbox 674 1840 769 1863; x_wconf 90' lang='lat' dir='ltr'>unum</span> <span class='ocrx_word' id='word_1_190' title='bbox 786 1828 952 1862; x_wconf 73' lang='lat' dir='ltr'>sextarium</span> 
     </span>
     <span class='ocr_line' id='line_1_33' title="bbox 206 1877 954 1914; baseline -0.001 -2"><span class='ocrx_word' id='word_1_191' title='bbox 206 1877 353 1914; x_wconf 80' lang='lat' dir='ltr'>frumenti</span> <span class='ocrx_word' id='word_1_192' title='bbox 384 1879 414 1913; x_wconf 91' lang='lat' dir='ltr'>in</span> <span class='ocrx_word' id='word_1_193' title='bbox 437 1880 526 1914; x_wconf 86' lang='lat' dir='ltr'>novis</span> <span class='ocrx_word' id='word_1_194' title='bbox 553 1878 742 1913; x_wconf 90' lang='lat' dir='ltr'>molendinis</span> <span class='ocrx_word' id='word_1_195' title='bbox 771 1878 853 1912; x_wconf 74' lang='lat' dir='ltr'>iuxta</span> <span class='ocrx_word' id='word_1_196' title='bbox 890 1877 954 1912; x_wconf 90' lang='lat' dir='ltr'>Ec-</span> 
     </span>
     <span class='ocr_line' id='line_1_34' title="bbox 207 1926 951 1974; baseline -0.001 -12"><span class='ocrx_word' id='word_1_197' title='bbox 207 1926 332 1962; x_wconf 84' lang='lat' dir='ltr'>clesiam</span> <span class='ocrx_word' id='word_1_198' title='bbox 355 1927 463 1963; x_wconf 81' lang='lat' dir='ltr'>Sancti</span> <span class='ocrx_word' id='word_1_199' title='bbox 485 1928 629 1970; x_wconf 83' lang='lat' dir='ltr'>Quintini</span> <span class='ocrx_word' id='word_1_200' title='bbox 656 1940 711 1974; x_wconf 89' lang='lat' dir='ltr'>pro</span> <span class='ocrx_word' id='word_1_201' title='bbox 733 1939 829 1962; x_wconf 85' lang='lat' dir='ltr'>censu</span> <span class='ocrx_word' id='word_1_202' title='bbox 857 1939 951 1974; x_wconf 87' lang='lat' dir='ltr'>quem</span> 
     </span>
     <span class='ocr_line' id='line_1_35' title="bbox 205 1975 953 2025; baseline 0.003 -15"><span class='ocrx_word' id='word_1_203' title='bbox 205 1975 301 2011; x_wconf 88' lang='lat' dir='ltr'>debet</span> <span class='ocrx_word' id='word_1_204' title='bbox 323 1989 464 2025; x_wconf 84' lang='lat' dir='ltr'>paganus</span> <span class='ocrx_word' id='word_1_205' title='bbox 485 1978 524 2013; x_wconf 91' lang='lat' dir='ltr'>de</span> <span class='ocrx_word' id='word_1_206' title='bbox 545 1977 640 2012; x_wconf 84' lang='lat' dir='ltr'>Tuso.</span> <span class='ocrx_word' id='word_1_207' title='bbox 662 1977 803 2011; x_wconf 90' lang='lat' dir='ltr'>Furnum</span> <span class='ocrx_word' id='word_1_208' title='bbox 827 1989 953 2024; x_wconf 85' lang='lat' dir='ltr'>quoque</span> 
     </span>
     <span class='ocr_line' id='line_1_36' title="bbox 206 2025 953 2074; baseline 0.001 -14"><span class='ocrx_word' id='word_1_209' title='bbox 206 2025 238 2060; x_wconf 90' lang='lat' dir='ltr'>in</span> <span class='ocrx_word' id='word_1_210' title='bbox 260 2025 360 2072; x_wconf 85' lang='lat' dir='ltr'>burgo</span> <span class='ocrx_word' id='word_1_211' title='bbox 381 2027 523 2074; x_wconf 83' lang='lat' dir='ltr'>episcopi</span> <span class='ocrx_word' id='word_1_212' title='bbox 547 2028 576 2061; x_wconf 86' lang='lat' dir='ltr'>in</span> <span class='ocrx_word' id='word_1_213' title='bbox 596 2039 630 2062; x_wconf 92' lang='lat' dir='ltr'>ea</span> <span class='ocrx_word' id='word_1_214' title='bbox 647 2026 822 2072; x_wconf 81' lang='lat' dir='ltr'>integritate</span> <span class='ocrx_word' id='word_1_215' title='bbox 860 2026 953 2061; x_wconf 89' lang='lat' dir='ltr'>liber-</span> 
     </span>
     <span class='ocr_line' id='line_1_37' title="bbox 206 2075 953 2123; baseline 0.003 -14"><span class='ocrx_word' id='word_1_216' title='bbox 206 2075 290 2117; x_wconf 87' lang='lat' dir='ltr'>tatis,</span> <span class='ocrx_word' id='word_1_217' title='bbox 305 2088 398 2123; x_wconf 89' lang='lat' dir='ltr'>quam</span> <span class='ocrx_word' id='word_1_218' title='bbox 421 2077 449 2111; x_wconf 90' lang='lat' dir='ltr'>ei</span> <span class='ocrx_word' id='word_1_219' title='bbox 465 2086 656 2111; x_wconf 80' lang='lat' dir='ltr'>memoratus</span> <span class='ocrx_word' id='word_1_220' title='bbox 677 2088 782 2111; x_wconf 77' lang='lat' dir='ltr'>comes</span> <span class='ocrx_word' id='word_1_221' title='bbox 798 2075 953 2111; x_wconf 83' lang='lat' dir='ltr'>Henricus</span> 
     </span>
     <span class='ocr_line' id='line_1_38' title="bbox 206 2125 951 2173; baseline 0.001 -14"><span class='ocrx_word' id='word_1_222' title='bbox 206 2126 374 2170; x_wconf 82' lang='lat' dir='ltr'>concessit,</span> <span class='ocrx_word' id='word_1_223' title='bbox 395 2134 425 2161; x_wconf 87' lang='lat' dir='ltr'>et</span> <span class='ocrx_word' id='word_1_224' title='bbox 449 2126 566 2173; x_wconf 87' lang='lat' dir='ltr'>scripto</span> <span class='ocrx_word' id='word_1_225' title='bbox 587 2138 645 2160; x_wconf 86' lang='lat' dir='ltr'>suo</span> <span class='ocrx_word' id='word_1_226' title='bbox 668 2125 834 2160; x_wconf 70' lang='lat' dir='ltr'>roboravit.</span> <span class='ocrx_word' id='word_1_227' title='bbox 866 2126 951 2160; x_wconf 86' lang='lat' dir='ltr'>Cen—</span> 
     </span>
     <span class='ocr_line' id='line_1_39' title="bbox 207 2175 953 2222; baseline 0.003 -14"><span class='ocrx_word' id='word_1_228' title='bbox 207 2183 273 2209; x_wconf 89' lang='lat' dir='ltr'>tum</span> <span class='ocrx_word' id='word_1_229' title='bbox 304 2176 397 2210; x_wconf 82' lang='lat' dir='ltr'>etiam</span> <span class='ocrx_word' id='word_1_230' title='bbox 437 2175 554 2210; x_wconf 88' lang='lat' dir='ltr'>solidos</span> <span class='ocrx_word' id='word_1_231' title='bbox 596 2188 676 2222; x_wconf 85' lang='lat' dir='ltr'>quos</span> <span class='ocrx_word' id='word_1_232' title='bbox 723 2175 804 2209; x_wconf 82' lang='lat' dir='ltr'>idem</span> <span class='ocrx_word' id='word_1_233' title='bbox 848 2187 953 2210; x_wconf 90' lang='lat' dir='ltr'>comes</span> 
     </span>
     <span class='ocr_line' id='line_1_40' title="bbox 207 2222 953 2259; baseline 0 0"><span class='ocrx_word' id='word_1_234' title='bbox 207 2222 364 2259; x_wconf 86' lang='lat' dir='ltr'>Henricus</span> <span class='ocrx_word' id='word_1_235' title='bbox 405 2224 491 2259; x_wconf 88' lang='lat' dir='ltr'>dedit</span> <span class='ocrx_word' id='word_1_236' title='bbox 530 2224 748 2259; x_wconf 84' lang='lat' dir='ltr'>matriculariis</span> <span class='ocrx_word' id='word_1_237' title='bbox 794 2224 953 2259; x_wconf 81' lang='lat' dir='ltr'>Ecclesiae</span> 
     </span>
     <span class='ocr_line' id='line_1_41' title="bbox 207 2271 951 2309; baseline 0 -1"><span class='ocrx_word' id='word_1_238' title='bbox 207 2271 315 2308; x_wconf 88' lang='lat' dir='ltr'>Sancti</span> <span class='ocrx_word' id='word_1_239' title='bbox 337 2273 420 2309; x_wconf 87' lang='lat' dir='ltr'>Petri</span> <span class='ocrx_word' id='word_1_240' title='bbox 445 2275 475 2308; x_wconf 93' lang='lat' dir='ltr'>in</span> <span class='ocrx_word' id='word_1_241' title='bbox 513 2274 675 2309; x_wconf 85' lang='lat' dir='ltr'>Theloneo</span> <span class='ocrx_word' id='word_1_242' title='bbox 706 2287 763 2307; x_wconf 87' lang='lat' dir='ltr'>suo</span> <span class='ocrx_word' id='word_1_243' title='bbox 803 2273 951 2309; x_wconf 80' lang='lat' dir='ltr'>Trecensi</span> 
     </span>
     <span class='ocr_line' id='line_1_42' title="bbox 208 2323 951 2369; baseline 0.003 -13"><span class='ocrx_word' id='word_1_244' title='bbox 208 2323 340 2368; x_wconf 66' lang='lat' dir='ltr'>singulis</span> <span class='ocrx_word' id='word_1_245' title='bbox 378 2324 470 2358; x_wconf 87' lang='lat' dir='ltr'>annis</span> <span class='ocrx_word' id='word_1_246' title='bbox 509 2323 741 2369; x_wconf 77' lang='lat' dir='ltr'>persolvendos.</span> <span class='ocrx_word' id='word_1_247' title='bbox 784 2324 951 2369; x_wconf 68' lang='lat' dir='ltr'>(li-augiam</span> 
     </span>
     <span class='ocr_line' id='line_1_43' title="bbox 208 2372 954 2419; baseline 0 -13"><span class='ocrx_word' id='word_1_248' title='bbox 208 2383 335 2419; x_wconf 87' lang='lat' dir='ltr'>quoque</span> <span class='ocrx_word' id='word_1_249' title='bbox 360 2372 460 2408; x_wconf 82' lang='lat' dir='ltr'>Villae</span> <span class='ocrx_word' id='word_1_250' title='bbox 488 2372 607 2408; x_wconf 80' lang='lat' dir='ltr'>Cestini</span> <span class='ocrx_word' id='word_1_251' title='bbox 642 2385 712 2407; x_wconf 91' lang='lat' dir='ltr'>cum</span> <span class='ocrx_word' id='word_1_252' title='bbox 760 2373 954 2418; x_wconf 81' lang='lat' dir='ltr'>appendiciis</span> 
     </span>
    </p>
   </div>
   <div class='ocr_carea' id='block_1_3' title="bbox 13 1574 194 1626">
    <p class='ocr_par' dir='ltr' id='par_1_13' title="bbox 13 1574 194 1626">
     <span class='ocr_line' id='line_1_44' title="bbox 23 1574 194 1609; baseline 0 -14"><span class='ocrx_word' id='word_1_253' title='bbox 23 1574 82 1609; x_wconf 48' lang='lat' dir='ltr'>ful-0</span> <span class='ocrx_word' id='word_1_254' title='bbox 102 1579 194 1596; x_wconf 73' lang='lat' dir='ltr'>eonces-</span> 
     </span>
     <span class='ocr_line' id='line_1_45' title="bbox 13 1609 90 1626; baseline -0.013 0"><span class='ocrx_word' id='word_1_255' title='bbox 13 1609 90 1626; x_wconf 79' lang='grc' dir='ltr'>ιιοιιοι,</span> 
     </span>
    </p>
   </div>
   <div class='ocr_carea' id='block_1_4' title="bbox 209 2407 1737 2527">
    <p class='ocr_par' dir='ltr' id='par_1_14' title="bbox 209 2407 1737 2527">
     <span class='ocr_line' id='line_1_46' title="bbox 209 2407 975 2485; baseline 0.001 -30"><span class='ocrx_word' id='word_1_256' title='bbox 209 2421 287 2462; x_wconf 84' lang='lat' dir='ltr'>suis,</span> <span class='ocrx_word' id='word_1_257' title='bbox 313 2434 393 2469; x_wconf 82' lang='lat' dir='ltr'>quae</span> <span class='ocrx_word' id='word_1_258' title='bbox 414 2424 575 2470; x_wconf 71' lang='lat' dir='ltr'>acquisivit</span> <span class='ocrx_word' id='word_1_259' title='bbox 597 2430 626 2456; x_wconf 80' lang='lat' dir='ltr'>et</span> <span class='ocrx_word' id='word_1_260' title='bbox 649 2423 809 2468; x_wconf 82' lang='lat' dir='ltr'>acquirere</span> <span class='ocrx_word' id='word_1_261' title='bbox 837 2432 951 2469; x_wconf 74' lang='lat' dir='ltr'>posset.</span> <span class='ocrx_word' id='word_1_262' title='bbox 971 2407 975 2485; x_wconf 74' lang='grc' dir='ltr'>ἱ</span> 
     </span>
     <span class='ocr_line' id='line_1_47' title="bbox 971 2468 1737 2527; baseline 0.005 -26"><span class='ocrx_word' id='word_1_263' title='bbox 971 2468 1173 2527; x_wconf 54' lang='lat' dir='ltr'>icharactere</span> <span class='ocrx_word' id='word_1_264' title='bbox 1196 2469 1324 2503; x_wconf 74' lang='lat' dir='ltr'>inferius</span> <span class='ocrx_word' id='word_1_265' title='bbox 1363 2478 1509 2505; x_wconf 89' lang='lat' dir='ltr'>annotato</span> <span class='ocrx_word' id='word_1_266' title='bbox 1542 2479 1737 2517; x_wconf 79' lang='lat' dir='ltr'>praesentem</span> 
     </span>
    </p>
   </div>
   <div class='ocr_carea' id='block_1_5' title="bbox 209 2469 953 2516">
    <p class='ocr_par' dir='ltr' id='par_1_15' title="bbox 209 2469 953 2516">
     <span class='ocr_line' id='line_1_48' title="bbox 209 2469 953 2516; baseline 0.004 -12"><span class='ocrx_word' id='word_1_267' title='bbox 209 2469 372 2507; x_wconf 86' lang='lat' dir='ltr'>Praeterea</span> <span class='ocrx_word' id='word_1_268' title='bbox 395 2472 545 2507; x_wconf 86' lang='lat' dir='ltr'>honorem</span> <span class='ocrx_word' id='word_1_269' title='bbox 561 2474 606 2516; x_wconf 76' lang='lat' dir='ltr'>(l)</span> <span class='ocrx_word' id='word_1_270' title='bbox 619 2471 658 2506; x_wconf 87' lang='lat' dir='ltr'>de</span> <span class='ocrx_word' id='word_1_271' title='bbox 671 2471 804 2506; x_wconf 75' lang='lat' dir='ltr'>Meriaco</span> <span class='ocrx_word' id='word_1_272' title='bbox 818 2484 888 2506; x_wconf 89' lang='lat' dir='ltr'>cuin</span> <span class='ocrx_word' id='word_1_273' title='bbox 901 2485 953 2507; x_wconf 82' lang='lat' dir='ltr'>ca-</span> 
     </span>
    </p>
   </div>
   <div class='ocr_carea' id='block_1_6' title="bbox 812 285 1159 309">
    <p class='ocr_par' dir='ltr' id='par_1_16' title="bbox 812 285 1159 309">
     <span class='ocr_line' id='line_1_49' title="bbox 812 285 1159 309; baseline -0.009 0"><span class='ocrx_word' id='word_1_274' title='bbox 812 285 1021 309; x_wconf 65' lang='lat' dir='ltr'>lxNoct-:Nrtcs</span> <span class='ocrx_word' id='word_1_275' title='bbox 1047 286 1083 308; x_wconf 85' lang='lat' dir='ltr'>nt</span> <span class='ocrx_word' id='word_1_276' title='bbox 1112 289 1159 307; x_wconf 71' lang='grc' dir='ltr'>νν.</span> 
     </span>
    </p>
   </div>
   <div class='ocr_carea' id='block_1_7' title="bbox 1632 273 1701 307">
    <p class='ocr_par' dir='ltr' id='par_1_17' title="bbox 1632 273 1701 307">
     <span class='ocr_line' id='line_1_50' title="bbox 1632 273 1701 307; baseline 0 -1"><span class='ocrx_word' id='word_1_277' title='bbox 1632 273 1701 307; x_wconf 73' lang='grc'>207</span> 
     </span>
    </p>
   </div>
   <div class='ocr_carea' id='block_1_8' title="bbox 993 339 1751 2466">
    <p class='ocr_par' dir='ltr' id='par_1_18' title="bbox 993 339 1751 2466">
     <span class='ocr_line' id='line_1_51' title="bbox 1004 339 1751 383; baseline 0.001 -8"><span class='ocrx_word' id='word_1_278' title='bbox 1004 341 1087 375; x_wconf 89' lang='lat' dir='ltr'>scuis</span> <span class='ocrx_word' id='word_1_279' title='bbox 1120 348 1150 375; x_wconf 89' lang='lat' dir='ltr'>et</span> <span class='ocrx_word' id='word_1_280' title='bbox 1177 339 1377 381; x_wconf 90' lang='lat' dir='ltr'>nemoribus,</span> <span class='ocrx_word' id='word_1_281' title='bbox 1411 341 1509 376; x_wconf 63' lang='lat' dir='ltr'>„ervis</span> <span class='ocrx_word' id='word_1_282' title='bbox 1553 349 1583 376; x_wconf 91' lang='lat' dir='ltr'>et</span> <span class='ocrx_word' id='word_1_283' title='bbox 1619 342 1751 383; x_wconf 86' lang='lat' dir='ltr'>ancillis,</span> 
     </span>
     <span class='ocr_line' id='line_1_52' title="bbox 1003 390 1751 438; baseline 0.004 -14"><span class='ocrx_word' id='word_1_284' title='bbox 1003 391 1084 424; x_wconf 89' lang='lat' dir='ltr'>sicut</span> <span class='ocrx_word' id='word_1_285' title='bbox 1111 397 1327 425; x_wconf 87' lang='lat' dir='ltr'>antecessores</span> <span class='ocrx_word' id='word_1_286' title='bbox 1349 390 1416 425; x_wconf 89' lang='lat' dir='ltr'>eius</span> <span class='ocrx_word' id='word_1_287' title='bbox 1437 391 1476 425; x_wconf 91' lang='lat' dir='ltr'>ab</span> <span class='ocrx_word' id='word_1_288' title='bbox 1510 391 1578 438; x_wconf 85' lang='lat' dir='ltr'>ipso</span> <span class='ocrx_word' id='word_1_289' title='bbox 1610 391 1751 438; x_wconf 84' lang='lat' dir='ltr'>genitore</span> 
     </span>
     <span class='ocr_line' id='line_1_53' title="bbox 1003 440 1750 477; baseline 0.004 -3"><span class='ocrx_word' id='word_1_290' title='bbox 1003 450 1108 474; x_wconf 86' lang='lat' dir='ltr'>nostro</span> <span class='ocrx_word' id='word_1_291' title='bbox 1135 448 1164 473; x_wconf 90' lang='lat' dir='ltr'>et</span> <span class='ocrx_word' id='word_1_292' title='bbox 1193 440 1258 474; x_wconf 90' lang='lat' dir='ltr'>suis</span> <span class='ocrx_word' id='word_1_293' title='bbox 1284 440 1534 475; x_wconf 82' lang='lat' dir='ltr'>antecessoribus</span> <span class='ocrx_word' id='word_1_294' title='bbox 1559 441 1750 477; x_wconf 86' lang='lat' dir='ltr'>habuerunt.</span> 
     </span>
     <span class='ocr_line' id='line_1_54' title="bbox 1002 488 1751 536; baseline 0.004 -12"><span class='ocrx_word' id='word_1_295' title='bbox 1002 488 1188 524; x_wconf 83' lang='lat' dir='ltr'>Casameuta</span> <span class='ocrx_word' id='word_1_296' title='bbox 1216 490 1307 524; x_wconf 89' lang='lat' dir='ltr'>etiam</span> <span class='ocrx_word' id='word_1_297' title='bbox 1332 501 1411 536; x_wconf 91' lang='lat' dir='ltr'>quae</span> <span class='ocrx_word' id='word_1_298' title='bbox 1438 489 1556 525; x_wconf 91' lang='lat' dir='ltr'>domini</span> <span class='ocrx_word' id='word_1_299' title='bbox 1594 491 1632 525; x_wconf 92' lang='lat' dir='ltr'>de</span> <span class='ocrx_word' id='word_1_300' title='bbox 1661 491 1751 527; x_wconf 86' lang='lat' dir='ltr'>Tria-</span> 
     </span>
     <span class='ocr_line' id='line_1_55' title="bbox 1001 539 1749 585; baseline 0.004 -12"><span class='ocrx_word' id='word_1_301' title='bbox 1001 539 1118 585; x_wconf 84' lang='lat' dir='ltr'>gnello,</span> <span class='ocrx_word' id='word_1_302' title='bbox 1141 547 1277 573; x_wconf 90' lang='lat' dir='ltr'>castrum</span> <span class='ocrx_word' id='word_1_303' title='bbox 1317 539 1458 574; x_wconf 82' lang='lat' dir='ltr'>videlicet</span> <span class='ocrx_word' id='word_1_304' title='bbox 1485 539 1524 574; x_wconf 90' lang='lat' dir='ltr'>de</span> <span class='ocrx_word' id='word_1_305' title='bbox 1566 539 1749 585; x_wconf 88' lang='lat' dir='ltr'>Venesiaco‚</span> 
     </span>
     <span class='ocr_line' id='line_1_56' title="bbox 1001 588 1747 636; baseline 0.005 -14"><span class='ocrx_word' id='word_1_306' title='bbox 1001 601 1071 623; x_wconf 90' lang='lat' dir='ltr'>cum</span> <span class='ocrx_word' id='word_1_307' title='bbox 1099 588 1180 631; x_wconf 81' lang='lat' dir='ltr'>aliis,</span> <span class='ocrx_word' id='word_1_308' title='bbox 1218 600 1298 636; x_wconf 88' lang='lat' dir='ltr'>quae</span> <span class='ocrx_word' id='word_1_309' title='bbox 1332 588 1370 623; x_wconf 92' lang='lat' dir='ltr'>ab</span> <span class='ocrx_word' id='word_1_310' title='bbox 1413 588 1554 624; x_wconf 86' lang='lat' dir='ltr'>Ecclesia</span> <span class='ocrx_word' id='word_1_311' title='bbox 1600 589 1747 626; x_wconf 85' lang='lat' dir='ltr'>Trecensi</span> 
     </span>
     <span class='ocr_line' id='line_1_57' title="bbox 1002 638 1750 685; baseline 0.004 -13"><span class='ocrx_word' id='word_1_312' title='bbox 1002 638 1126 672; x_wconf 85' lang='lat' dir='ltr'>habent.</span> <span class='ocrx_word' id='word_1_313' title='bbox 1161 638 1348 673; x_wconf 87' lang='lat' dir='ltr'>Casamenta</span> <span class='ocrx_word' id='word_1_314' title='bbox 1384 639 1491 683; x_wconf 82' lang='lat' dir='ltr'>etiam,</span> <span class='ocrx_word' id='word_1_315' title='bbox 1523 651 1602 685; x_wconf 85' lang='lat' dir='ltr'>quae</span> <span class='ocrx_word' id='word_1_316' title='bbox 1644 640 1750 675; x_wconf 86' lang='lat' dir='ltr'>Guido</span> 
     </span>
     <span class='ocr_line' id='line_1_58' title="bbox 1000 687 1750 734; baseline 0.005 -13"><span class='ocrx_word' id='word_1_317' title='bbox 1000 687 1036 722; x_wconf 83' lang='lat' dir='ltr'>:le</span> <span class='ocrx_word' id='word_1_318' title='bbox 1059 687 1274 734; x_wconf 80' lang='lat' dir='ltr'>Domniperta,</span> <span class='ocrx_word' id='word_1_319' title='bbox 1297 695 1325 721; x_wconf 87' lang='lat' dir='ltr'>et</span> <span class='ocrx_word' id='word_1_320' title='bbox 1348 687 1440 734; x_wconf 82' lang='lat' dir='ltr'>Hugo</span> <span class='ocrx_word' id='word_1_321' title='bbox 1461 688 1500 723; x_wconf 87' lang='lat' dir='ltr'>de</span> <span class='ocrx_word' id='word_1_322' title='bbox 1519 688 1654 724; x_wconf 77' lang='lat' dir='ltr'>planceo</span> <span class='ocrx_word' id='word_1_323' title='bbox 1674 691 1750 725; x_wconf 89' lang='lat' dir='ltr'>hac-</span> 
     </span>
     <span class='ocr_line' id='line_1_59' title="bbox 1000 737 1747 774; baseline 0.005 -4"><span class='ocrx_word' id='word_1_324' title='bbox 1000 745 1089 772; x_wconf 87' lang='lat' dir='ltr'>tenus</span> <span class='ocrx_word' id='word_1_325' title='bbox 1124 737 1163 772; x_wconf 88' lang='lat' dir='ltr'>ab</span> <span class='ocrx_word' id='word_1_326' title='bbox 1202 737 1340 772; x_wconf 78' lang='lat' dir='ltr'>Ecclesia</span> <span class='ocrx_word' id='word_1_327' title='bbox 1378 737 1525 773; x_wconf 89' lang='lat' dir='ltr'>Trecensi</span> <span class='ocrx_word' id='word_1_328' title='bbox 1569 747 1747 774; x_wconf 89' lang='lat' dir='ltr'>tenuerunt.</span> 
     </span>
     <span class='ocr_line' id='line_1_60' title="bbox 998 786 1749 834; baseline 0.004 -13"><span class='ocrx_word' id='word_1_329' title='bbox 998 786 1186 821; x_wconf 85' lang='lat' dir='ltr'>Casamenta</span> <span class='ocrx_word' id='word_1_330' title='bbox 1223 787 1327 826; x_wconf 81' lang='lat' dir='ltr'>etiam,</span> <span class='ocrx_word' id='word_1_331' title='bbox 1355 799 1435 834; x_wconf 89' lang='lat' dir='ltr'>quae</span> <span class='ocrx_word' id='word_1_332' title='bbox 1469 788 1645 823; x_wconf 85' lang='lat' dir='ltr'>vicecomes</span> <span class='ocrx_word' id='word_1_333' title='bbox 1687 789 1749 824; x_wconf 91' lang='lat' dir='ltr'>Se-</span> 
     </span>
     <span class='ocr_line' id='line_1_61' title="bbox 999 836 1748 879; baseline 0.004 -9"><span class='ocrx_word' id='word_1_334' title='bbox 999 837 1164 879; x_wconf 77' lang='lat' dir='ltr'>nonensis,</span> <span class='ocrx_word' id='word_1_335' title='bbox 1203 845 1234 871; x_wconf 87' lang='lat' dir='ltr'>et</span> <span class='ocrx_word' id='word_1_336' title='bbox 1277 836 1426 871; x_wconf 91' lang='lat' dir='ltr'>dominus</span> <span class='ocrx_word' id='word_1_337' title='bbox 1469 837 1508 871; x_wconf 90' lang='lat' dir='ltr'>de</span> <span class='ocrx_word' id='word_1_338' title='bbox 1554 836 1748 874; x_wconf 85' lang='lat' dir='ltr'>Chasceueio</span> 
     </span>
     <span class='ocr_line' id='line_1_62' title="bbox 997 885 1748 932; baseline 0.005 -13"><span class='ocrx_word' id='word_1_339' title='bbox 997 886 1079 932; x_wconf 89' lang='lat' dir='ltr'>apud</span> <span class='ocrx_word' id='word_1_340' title='bbox 1103 885 1320 920; x_wconf 89' lang='lat' dir='ltr'>molendinum</span> <span class='ocrx_word' id='word_1_341' title='bbox 1356 886 1474 921; x_wconf 86' lang='lat' dir='ltr'>Leonis</span> <span class='ocrx_word' id='word_1_342' title='bbox 1508 895 1626 922; x_wconf 90' lang='lat' dir='ltr'>tenent.</span> <span class='ocrx_word' id='word_1_343' title='bbox 1650 887 1748 923; x_wconf 86' lang='lat' dir='ltr'>Casa-</span> 
     </span>
     <span class='ocr_line' id='line_1_63' title="bbox 999 935 1747 982; baseline 0.005 -13"><span class='ocrx_word' id='word_1_344' title='bbox 999 943 1138 969; x_wconf 87' lang='lat' dir='ltr'>meutum</span> <span class='ocrx_word' id='word_1_345' title='bbox 1161 936 1244 982; x_wconf 91' lang='lat' dir='ltr'>quod</span> <span class='ocrx_word' id='word_1_346' title='bbox 1267 935 1339 970; x_wconf 88' lang='lat' dir='ltr'>Odo</span> <span class='ocrx_word' id='word_1_347' title='bbox 1361 935 1399 970; x_wconf 93' lang='lat' dir='ltr'>de</span> <span class='ocrx_word' id='word_1_348' title='bbox 1433 937 1574 971; x_wconf 85' lang='lat' dir='ltr'>Avelleio</span> <span class='ocrx_word' id='word_1_349' title='bbox 1607 937 1646 972; x_wconf 88' lang='lat' dir='ltr'>ab</span> <span class='ocrx_word' id='word_1_350' title='bbox 1679 937 1747 973; x_wconf 90' lang='lat' dir='ltr'>Ec-</span> 
     </span>
     <span class='ocr_line' id='line_1_64' title="bbox 996 984 1746 1022; baseline 0.004 -3"><span class='ocrx_word' id='word_1_351' title='bbox 996 985 1088 1019; x_wconf 88' lang='lat' dir='ltr'>clesia</span> <span class='ocrx_word' id='word_1_352' title='bbox 1115 984 1266 1019; x_wconf 84' lang='lat' dir='ltr'>Trecensi</span> <span class='ocrx_word' id='word_1_353' title='bbox 1294 993 1390 1021; x_wconf 90' lang='lat' dir='ltr'>tenet.</span> <span class='ocrx_word' id='word_1_354' title='bbox 1418 985 1633 1021; x_wconf 78' lang='lat' dir='ltr'>Nihilominus</span> <span class='ocrx_word' id='word_1_355' title='bbox 1652 988 1746 1022; x_wconf 84' lang='lat' dir='ltr'>etiam</span> 
     </span>
     <span class='ocr_line' id='line_1_65' title="bbox 996 1035 1747 1081; baseline 0.004 -13"><span class='ocrx_word' id='word_1_356' title='bbox 996 1044 1208 1070; x_wconf 85' lang='lat' dir='ltr'>casamentum</span> <span class='ocrx_word' id='word_1_357' title='bbox 1231 1035 1315 1081; x_wconf 89' lang='lat' dir='ltr'>quod</span> <span class='ocrx_word' id='word_1_358' title='bbox 1340 1036 1514 1070; x_wconf 86' lang='lat' dir='ltr'>vicecomes</span> <span class='ocrx_word' id='word_1_359' title='bbox 1534 1035 1640 1071; x_wconf 88' lang='lat' dir='ltr'>Sancti</span> <span class='ocrx_word' id='word_1_360' title='bbox 1669 1036 1747 1072; x_wconf 84' lang='lat' dir='ltr'>Flo-</span> 
     </span>
     <span class='ocr_line' id='line_1_66' title="bbox 998 1084 1745 1131; baseline 0.004 -13"><span class='ocrx_word' id='word_1_361' title='bbox 998 1084 1109 1118; x_wconf 85' lang='lat' dir='ltr'>rentini</span> <span class='ocrx_word' id='word_1_362' title='bbox 1157 1085 1195 1119; x_wconf 92' lang='lat' dir='ltr'>ab</span> <span class='ocrx_word' id='word_1_363' title='bbox 1242 1084 1384 1119; x_wconf 90' lang='lat' dir='ltr'>Ecclesia</span> <span class='ocrx_word' id='word_1_364' title='bbox 1431 1084 1578 1120; x_wconf 90' lang='lat' dir='ltr'>Trecensi</span> <span class='ocrx_word' id='word_1_365' title='bbox 1632 1086 1745 1131; x_wconf 88' lang='lat' dir='ltr'>habet,</span> 
     </span>
     <span class='ocr_line' id='line_1_67' title="bbox 995 1133 1746 1181; baseline 0.005 -14"><span class='ocrx_word' id='word_1_366' title='bbox 995 1145 1066 1167; x_wconf 82' lang='lat' dir='ltr'>curn</span> <span class='ocrx_word' id='word_1_367' title='bbox 1083 1133 1154 1168; x_wconf 86' lang='lat' dir='ltr'>aliis</span> <span class='ocrx_word' id='word_1_368' title='bbox 1180 1133 1337 1175; x_wconf 87' lang='lat' dir='ltr'>omnibus,</span> <span class='ocrx_word' id='word_1_369' title='bbox 1361 1147 1440 1181; x_wconf 87' lang='lat' dir='ltr'>quae</span> <span class='ocrx_word' id='word_1_370' title='bbox 1462 1134 1613 1169; x_wconf 88' lang='lat' dir='ltr'>hactenus</span> <span class='ocrx_word' id='word_1_371' title='bbox 1640 1135 1746 1171; x_wconf 87' lang='lat' dir='ltr'>Eccle-</span> 
     </span>
     <span class='ocr_line' id='line_1_68' title="bbox 995 1183 1744 1230; baseline 0.007 -15"><span class='ocrx_word' id='word_1_372' title='bbox 995 1183 1038 1216; x_wconf 87' lang='lat' dir='ltr'>sia</span> <span class='ocrx_word' id='word_1_373' title='bbox 1065 1183 1231 1218; x_wconf 87' lang='lat' dir='ltr'>Trecensis</span> <span class='ocrx_word' id='word_1_374' title='bbox 1265 1183 1413 1218; x_wconf 88' lang='lat' dir='ltr'>habuisse</span> <span class='ocrx_word' id='word_1_375' title='bbox 1452 1184 1656 1230; x_wconf 84' lang='lat' dir='ltr'>dignoscitur.</span> <span class='ocrx_word' id='word_1_376' title='bbox 1680 1184 1744 1220; x_wconf 79' lang='lat' dir='ltr'>Nos</span> 
     </span>
     <span class='ocr_line' id='line_1_69' title="bbox 997 1232 1744 1281; baseline 0.007 -17"><span class='ocrx_word' id='word_1_377' title='bbox 997 1232 1092 1277; x_wconf 78' lang='lat' dir='ltr'>igitur</span> <span class='ocrx_word' id='word_1_378' title='bbox 1106 1233 1261 1280; x_wconf 86' lang='lat' dir='ltr'>praedicta</span> <span class='ocrx_word' id='word_1_379' title='bbox 1284 1235 1401 1275; x_wconf 88' lang='lat' dir='ltr'>omnia,</span> <span class='ocrx_word' id='word_1_380' title='bbox 1424 1234 1503 1268; x_wconf 84' lang='lat' dir='ltr'>sicut</span> <span class='ocrx_word' id='word_1_381' title='bbox 1527 1235 1557 1268; x_wconf 92' lang='lat' dir='ltr'>in</span> <span class='ocrx_word' id='word_1_382' title='bbox 1581 1234 1744 1281; x_wconf 87' lang='lat' dir='ltr'>privilegio</span> 
     </span>
     <span class='ocr_line' id='line_1_70' title="bbox 997 1282 1743 1325; baseline 0.005 -11"><span class='ocrx_word' id='word_1_383' title='bbox 997 1282 1092 1325; x_wconf 84' lang='lat' dir='ltr'>patris</span> <span class='ocrx_word' id='word_1_384' title='bbox 1126 1283 1224 1317; x_wconf 89' lang='lat' dir='ltr'>nostri</span> <span class='ocrx_word' id='word_1_385' title='bbox 1272 1283 1485 1325; x_wconf 88' lang='lat' dir='ltr'>continentur,</span> <span class='ocrx_word' id='word_1_386' title='bbox 1507 1283 1743 1318; x_wconf 76' lang='lat' dir='ltr'>confirmamus.</span> 
     </span>
     <span class='ocr_line' id='line_1_71' title="bbox 997 1330 1743 1380; baseline 0.004 -16"><span class='ocrx_word' id='word_1_387' title='bbox 997 1330 1161 1366; x_wconf 84' lang='lat' dir='ltr'>Praeterea</span> <span class='ocrx_word' id='word_1_388' title='bbox 1193 1331 1231 1366; x_wconf 91' lang='lat' dir='ltr'>de</span> <span class='ocrx_word' id='word_1_389' title='bbox 1274 1331 1444 1367; x_wconf 86' lang='lat' dir='ltr'>donatione</span> <span class='ocrx_word' id='word_1_390' title='bbox 1493 1333 1743 1380; x_wconf 88' lang='lat' dir='ltr'>praebendarum</span> 
     </span>
     <span class='ocr_line' id='line_1_72' title="bbox 995 1381 1743 1425; baseline 0.005 -12"><span class='ocrx_word' id='word_1_391' title='bbox 995 1392 1076 1425; x_wconf 84' lang='lat' dir='ltr'>quae</span> <span class='ocrx_word' id='word_1_392' title='bbox 1107 1389 1254 1415; x_wconf 84' lang='lat' dir='ltr'>vacarunt</span> <span class='ocrx_word' id='word_1_393' title='bbox 1284 1382 1313 1415; x_wconf 91' lang='lat' dir='ltr'>in</span> <span class='ocrx_word' id='word_1_394' title='bbox 1357 1381 1496 1417; x_wconf 88' lang='lat' dir='ltr'>Ecclesia</span> <span class='ocrx_word' id='word_1_395' title='bbox 1531 1381 1617 1417; x_wconf 89' lang='lat' dir='ltr'>Beati</span> <span class='ocrx_word' id='word_1_396' title='bbox 1660 1383 1743 1417; x_wconf 82' lang='lat' dir='ltr'>Petri</span> 
     </span>
     <span class='ocr_line' id='line_1_73' title="bbox 995 1429 1743 1479; baseline 0.004 -16"><span class='ocrx_word' id='word_1_397' title='bbox 995 1429 1174 1474; x_wconf 82' lang='lat' dir='ltr'>Trecensis,</span> <span class='ocrx_word' id='word_1_398' title='bbox 1202 1439 1330 1465; x_wconf 77' lang='lat' dir='ltr'>vacante</span> <span class='ocrx_word' id='word_1_399' title='bbox 1363 1431 1437 1465; x_wconf 89' lang='lat' dir='ltr'>sede</span> <span class='ocrx_word' id='word_1_400' title='bbox 1473 1431 1535 1475; x_wconf 81' lang='lat' dir='ltr'>illa,</span> <span class='ocrx_word' id='word_1_401' title='bbox 1575 1432 1646 1479; x_wconf 91' lang='lat' dir='ltr'>quia</span> <span class='ocrx_word' id='word_1_402' title='bbox 1682 1445 1743 1467; x_wconf 88' lang='lat' dir='ltr'>non</span> 
     </span>
     <span class='ocr_line' id='line_1_74' title="bbox 997 1479 1744 1529; baseline 0.005 -17"><span class='ocrx_word' id='word_1_403' title='bbox 997 1479 1231 1514; x_wconf 79' lang='lat' dir='ltr'>inveniebamus</span> <span class='ocrx_word' id='word_1_404' title='bbox 1252 1480 1388 1527; x_wconf 87' lang='lat' dir='ltr'>aliquem</span> <span class='ocrx_word' id='word_1_405' title='bbox 1416 1481 1469 1528; x_wconf 91' lang='lat' dir='ltr'>qui</span> <span class='ocrx_word' id='word_1_406' title='bbox 1494 1481 1621 1516; x_wconf 91' lang='lat' dir='ltr'>vidisset</span> <span class='ocrx_word' id='word_1_407' title='bbox 1659 1482 1744 1529; x_wconf 92' lang='lat' dir='ltr'>quod</span> 
     </span>
     <span class='ocr_line' id='line_1_75' title="bbox 996 1529 1746 1578; baseline 0.004 -16"><span class='ocrx_word' id='word_1_408' title='bbox 996 1540 1057 1562; x_wconf 90' lang='lat' dir='ltr'>non</span> <span class='ocrx_word' id='word_1_409' title='bbox 1085 1541 1137 1563; x_wconf 88' lang='lat' dir='ltr'>eas</span> <span class='ocrx_word' id='word_1_410' title='bbox 1163 1529 1375 1570; x_wconf 80' lang='lat' dir='ltr'>dedissemus,</span> <span class='ocrx_word' id='word_1_411' title='bbox 1413 1538 1466 1565; x_wconf 90' lang='lat' dir='ltr'>aut</span> <span class='ocrx_word' id='word_1_412' title='bbox 1501 1531 1585 1578; x_wconf 88' lang='lat' dir='ltr'>quod</span> <span class='ocrx_word' id='word_1_413' title='bbox 1623 1531 1746 1576; x_wconf 81' lang='lat' dir='ltr'>genitor</span> 
     </span>
     <span class='ocr_line' id='line_1_76' title="bbox 995 1579 1744 1625; baseline 0.005 -14"><span class='ocrx_word' id='word_1_414' title='bbox 995 1586 1101 1613; x_wconf 87' lang='lat' dir='ltr'>noster</span> <span class='ocrx_word' id='word_1_415' title='bbox 1125 1579 1192 1625; x_wconf 88' lang='lat' dir='ltr'>piae</span> <span class='ocrx_word' id='word_1_416' title='bbox 1220 1579 1446 1614; x_wconf 89' lang='lat' dir='ltr'>recordationis</span> <span class='ocrx_word' id='word_1_417' title='bbox 1469 1591 1520 1614; x_wconf 75' lang='lat' dir='ltr'>rex</span> <span class='ocrx_word' id='word_1_418' title='bbox 1564 1580 1744 1615; x_wconf 81' lang='lat' dir='ltr'>Ludovicus</span> 
     </span>
     <span class='ocr_line' id='line_1_77' title="bbox 996 1628 1744 1675; baseline 0.003 -13"><span class='ocrx_word' id='word_1_419' title='bbox 996 1628 1078 1674; x_wconf 87' lang='lat' dir='ltr'>ipsas</span> <span class='ocrx_word' id='word_1_420' title='bbox 1112 1636 1251 1675; x_wconf 90' lang='lat' dir='ltr'>tempore</span> <span class='ocrx_word' id='word_1_421' title='bbox 1290 1630 1428 1664; x_wconf 81' lang='lat' dir='ltr'>vacantis</span> <span class='ocrx_word' id='word_1_422' title='bbox 1468 1629 1552 1664; x_wconf 88' lang='lat' dir='ltr'>sedis</span> <span class='ocrx_word' id='word_1_423' title='bbox 1599 1639 1744 1665; x_wconf 77' lang='lat' dir='ltr'>vacantes</span> 
     </span>
     <span class='ocr_line' id='line_1_78' title="bbox 994 1677 1742 1725; baseline 0.004 -14"><span class='ocrx_word' id='word_1_424' title='bbox 994 1677 1146 1722; x_wconf 86' lang='lat' dir='ltr'>dedisset,</span> <span class='ocrx_word' id='word_1_425' title='bbox 1180 1687 1211 1712; x_wconf 89' lang='lat' dir='ltr'>et</span> <span class='ocrx_word' id='word_1_426' title='bbox 1252 1679 1323 1725; x_wconf 86' lang='lat' dir='ltr'>quia</span> <span class='ocrx_word' id='word_1_427' title='bbox 1361 1680 1454 1714; x_wconf 89' lang='lat' dir='ltr'>etiam</span> <span class='ocrx_word' id='word_1_428' title='bbox 1497 1691 1533 1714; x_wconf 79' lang='lat' dir='ltr'>ex</span> <span class='ocrx_word' id='word_1_429' title='bbox 1569 1680 1742 1714; x_wconf 81' lang='lat' dir='ltr'>assertione</span> 
     </span>
     <span class='ocr_line' id='line_1_79' title="bbox 996 1726 1740 1775; baseline 0.004 -15"><span class='ocrx_word' id='word_1_430' title='bbox 996 1726 1130 1773; x_wconf 88' lang='lat' dir='ltr'>plurium</span> <span class='ocrx_word' id='word_1_431' title='bbox 1178 1727 1354 1763; x_wconf 83' lang='lat' dir='ltr'>audivimus</span> <span class='ocrx_word' id='word_1_432' title='bbox 1399 1728 1484 1775; x_wconf 88' lang='lat' dir='ltr'>quod</span> <span class='ocrx_word' id='word_1_433' title='bbox 1533 1729 1740 1775; x_wconf 86' lang='lat' dir='ltr'>praebendae,</span> 
     </span>
     <span class='ocr_line' id='line_1_80' title="bbox 994 1777 1741 1813; baseline 0.004 -3"><span class='ocrx_word' id='word_1_434' title='bbox 994 1777 1264 1812; x_wconf 78' lang='lat' dir='ltr'>archidiaconatus</span> <span class='ocrx_word' id='word_1_435' title='bbox 1307 1786 1335 1812; x_wconf 90' lang='lat' dir='ltr'>et</span> <span class='ocrx_word' id='word_1_436' title='bbox 1375 1778 1433 1813; x_wconf 90' lang='lat' dir='ltr'>alia</span> <span class='ocrx_word' id='word_1_437' title='bbox 1469 1778 1618 1813; x_wconf 75' lang='lat' dir='ltr'>beneficia</span> <span class='ocrx_word' id='word_1_438' title='bbox 1659 1786 1741 1813; x_wconf 87' lang='lat' dir='ltr'>tem-</span> 
     </span>
     <span class='ocr_line' id='line_1_81' title="bbox 995 1826 1741 1872; baseline 0.004 -12"><span class='ocrx_word' id='word_1_439' title='bbox 995 1838 1068 1872; x_wconf 91' lang='lat' dir='ltr'>pore</span> <span class='ocrx_word' id='word_1_440' title='bbox 1091 1826 1143 1861; x_wconf 92' lang='lat' dir='ltr'>illo</span> <span class='ocrx_word' id='word_1_441' title='bbox 1187 1828 1326 1862; x_wconf 81' lang='lat' dir='ltr'>vacantia</span> <span class='ocrx_word' id='word_1_442' title='bbox 1362 1828 1465 1862; x_wconf 88' lang='lat' dir='ltr'>futuro</span> <span class='ocrx_word' id='word_1_443' title='bbox 1506 1837 1741 1863; x_wconf 90' lang='lat' dir='ltr'>reservarentur</span> 
     </span>
     <span class='ocr_line' id='line_1_82' title="bbox 993 1875 1741 1924; baseline 0.004 -15"><span class='ocrx_word' id='word_1_444' title='bbox 993 1875 1142 1923; x_wconf 74' lang='lat' dir='ltr'>episcopo</span> <span class='ocrx_word' id='word_1_445' title='bbox 1164 1875 1313 1911; x_wconf 87' lang='lat' dir='ltr'>Trecensi</span> <span class='ocrx_word' id='word_1_446' title='bbox 1341 1877 1378 1911; x_wconf 88' lang='lat' dir='ltr'>ad</span> <span class='ocrx_word' id='word_1_447' title='bbox 1417 1877 1643 1912; x_wconf 80' lang='lat' dir='ltr'>conferendum</span> <span class='ocrx_word' id='word_1_448' title='bbox 1669 1879 1741 1924; x_wconf 88' lang='lat' dir='ltr'>qui-</span> 
     </span>
     <span class='ocr_line' id='line_1_83' title="bbox 995 1925 1741 1970; baseline 0.005 -12"><span class='ocrx_word' id='word_1_449' title='bbox 995 1925 1052 1959; x_wconf 80' lang='lat' dir='ltr'>lius</span> <span class='ocrx_word' id='word_1_450' title='bbox 1087 1925 1188 1970; x_wconf 83' lang='lat' dir='ltr'>vellet,</span> <span class='ocrx_word' id='word_1_451' title='bbox 1230 1926 1433 1961; x_wconf 87' lang='lat' dir='ltr'>concedimus</span> <span class='ocrx_word' id='word_1_452' title='bbox 1474 1927 1588 1962; x_wconf 89' lang='lat' dir='ltr'>dilecto</span> <span class='ocrx_word' id='word_1_453' title='bbox 1635 1936 1741 1963; x_wconf 90' lang='lat' dir='ltr'>nostro</span> 
     </span>
     <span class='ocr_line' id='line_1_84' title="bbox 995 1974 1741 2023; baseline 0.004 -15"><span class='ocrx_word' id='word_1_454' title='bbox 995 1974 1115 2010; x_wconf 80' lang='lat' dir='ltr'>Herveo</span> <span class='ocrx_word' id='word_1_455' title='bbox 1137 1975 1285 2010; x_wconf 91' lang='lat' dir='ltr'>Trecensi</span> <span class='ocrx_word' id='word_1_456' title='bbox 1319 1977 1478 2023; x_wconf 89' lang='lat' dir='ltr'>episcopo,</span> <span class='ocrx_word' id='word_1_457' title='bbox 1521 1985 1552 2011; x_wconf 88' lang='lat' dir='ltr'>ut</span> <span class='ocrx_word' id='word_1_458' title='bbox 1586 1989 1619 2011; x_wconf 87' lang='lat' dir='ltr'>ea</span> <span class='ocrx_word' id='word_1_459' title='bbox 1664 1989 1741 2011; x_wconf 86' lang='lat' dir='ltr'>con-</span> 
     </span>
     <span class='ocr_line' id='line_1_85' title="bbox 995 2024 1738 2068; baseline 0.003 -10"><span class='ocrx_word' id='word_1_460' title='bbox 995 2024 1080 2068; x_wconf 74' lang='lat' dir='ltr'>serat,</span> <span class='ocrx_word' id='word_1_461' title='bbox 1103 2033 1132 2058; x_wconf 88' lang='lat' dir='ltr'>et</span> <span class='ocrx_word' id='word_1_462' title='bbox 1159 2024 1358 2060; x_wconf 89' lang='lat' dir='ltr'>donationem</span> <span class='ocrx_word' id='word_1_463' title='bbox 1389 2025 1512 2060; x_wconf 90' lang='lat' dir='ltr'>illorum</span> <span class='ocrx_word' id='word_1_464' title='bbox 1539 2026 1650 2061; x_wconf 87' lang='lat' dir='ltr'>habeat</span> <span class='ocrx_word' id='word_1_465' title='bbox 1678 2035 1738 2060; x_wconf 79' lang='lat' dir='ltr'>tam</span> 
     </span>
     <span class='ocr_line' id='line_1_86' title="bbox 994 2075 1739 2123; baseline 0.004 -16"><span class='ocrx_word' id='word_1_466' title='bbox 994 2075 1070 2119; x_wconf 82' lang='lat' dir='ltr'>ipse,</span> <span class='ocrx_word' id='word_1_467' title='bbox 1105 2087 1199 2121; x_wconf 88' lang='lat' dir='ltr'>quam</span> <span class='ocrx_word' id='word_1_468' title='bbox 1242 2087 1440 2110; x_wconf 83' lang='lat' dir='ltr'>successores</span> <span class='ocrx_word' id='word_1_469' title='bbox 1486 2075 1554 2110; x_wconf 86' lang='lat' dir='ltr'>eius</span> <span class='ocrx_word' id='word_1_470' title='bbox 1600 2077 1739 2123; x_wconf 81' lang='lat' dir='ltr'>episcopi</span> 
     </span>
     <span class='ocr_line' id='line_1_87' title="bbox 993 2123 1737 2160; baseline 0.003 -3"><span class='ocrx_word' id='word_1_471' title='bbox 993 2123 1176 2158; x_wconf 88' lang='lat' dir='ltr'>Trecenses.</span> <span class='ocrx_word' id='word_1_472' title='bbox 1223 2123 1437 2159; x_wconf 90' lang='lat' dir='ltr'>Concedimus</span> <span class='ocrx_word' id='word_1_473' title='bbox 1488 2133 1590 2160; x_wconf 87' lang='lat' dir='ltr'>autem</span> <span class='ocrx_word' id='word_1_474' title='bbox 1637 2126 1737 2160; x_wconf 89' lang='lat' dir='ltr'>eideui</span> 
     </span>
     <span class='ocr_line' id='line_1_88' title="bbox 993 2173 1738 2221; baseline 0.003 -15"><span class='ocrx_word' id='word_1_475' title='bbox 993 2174 1152 2219; x_wconf 88' lang='lat' dir='ltr'>episcopo,</span> <span class='ocrx_word' id='word_1_476' title='bbox 1176 2182 1208 2207; x_wconf 90' lang='lat' dir='ltr'>ut</span> <span class='ocrx_word' id='word_1_477' title='bbox 1230 2173 1268 2208; x_wconf 90' lang='lat' dir='ltr'>de</span> <span class='ocrx_word' id='word_1_478' title='bbox 1295 2173 1517 2209; x_wconf 87' lang='lat' dir='ltr'>donationibus</span> <span class='ocrx_word' id='word_1_479' title='bbox 1539 2186 1616 2221; x_wconf 86' lang='lat' dir='ltr'>quas</span> <span class='ocrx_word' id='word_1_480' title='bbox 1643 2187 1738 2220; x_wconf 85' lang='lat' dir='ltr'>super</span> 
     </span>
     <span class='ocr_line' id='line_1_89' title="bbox 995 2222 1738 2267; baseline 0.004 -12"><span class='ocrx_word' id='word_1_481' title='bbox 995 2222 1031 2256; x_wconf 91' lang='lat' dir='ltr'>iis</span> <span class='ocrx_word' id='word_1_482' title='bbox 1071 2222 1216 2267; x_wconf 78' lang='lat' dir='ltr'>fecimus,</span> <span class='ocrx_word' id='word_1_483' title='bbox 1262 2235 1349 2257; x_wconf 83' lang='lat' dir='ltr'>suam</span> <span class='ocrx_word' id='word_1_484' title='bbox 1398 2223 1488 2258; x_wconf 88' lang='lat' dir='ltr'>saciat</span> <span class='ocrx_word' id='word_1_485' title='bbox 1536 2223 1738 2266; x_wconf 82' lang='lat' dir='ltr'>voluntatem,</span> 
     </span>
     <span class='ocr_line' id='line_1_90' title="bbox 994 2272 1739 2319; baseline 0.003 -14"><span class='ocrx_word' id='word_1_486' title='bbox 994 2279 1100 2318; x_wconf 88' lang='lat' dir='ltr'>utpote</span> <span class='ocrx_word' id='word_1_487' title='bbox 1127 2273 1179 2319; x_wconf 89' lang='lat' dir='ltr'>qui</span> <span class='ocrx_word' id='word_1_488' title='bbox 1203 2272 1281 2305; x_wconf 90' lang='lat' dir='ltr'>nihil</span> <span class='ocrx_word' id='word_1_489' title='bbox 1305 2273 1380 2306; x_wconf 87' lang='lat' dir='ltr'>iuris</span> <span class='ocrx_word' id='word_1_490' title='bbox 1407 2273 1436 2306; x_wconf 94' lang='lat' dir='ltr'>in</span> <span class='ocrx_word' id='word_1_491' title='bbox 1466 2273 1645 2307; x_wconf 82' lang='lat' dir='ltr'>huiusmodi</span> <span class='ocrx_word' id='word_1_492' title='bbox 1680 2273 1739 2307; x_wconf 91' lang='lat' dir='ltr'>do-</span> 
     </span>
     <span class='ocr_line' id='line_1_91' title="bbox 994 2320 1738 2369; baseline 0.003 -15"><span class='ocrx_word' id='word_1_493' title='bbox 994 2321 1174 2355; x_wconf 90' lang='lat' dir='ltr'>nationibus</span> <span class='ocrx_word' id='word_1_494' title='bbox 1202 2320 1382 2356; x_wconf 86' lang='lat' dir='ltr'>habeamus.</span> <span class='ocrx_word' id='word_1_495' title='bbox 1415 2321 1456 2355; x_wconf 81' lang='lat' dir='ltr'>Ut</span> <span class='ocrx_word' id='word_1_496' title='bbox 1495 2330 1598 2356; x_wconf 85' lang='lat' dir='ltr'>autem</span> <span class='ocrx_word' id='word_1_497' title='bbox 1648 2335 1738 2369; x_wconf 87' lang='lat' dir='ltr'>prae-</span> 
     </span>
     <span class='ocr_line' id='line_1_92' title="bbox 993 2370 1738 2417; baseline 0.004 -14"><span class='ocrx_word' id='word_1_498' title='bbox 993 2370 1074 2404; x_wconf 89' lang='lat' dir='ltr'>dicta</span> <span class='ocrx_word' id='word_1_499' title='bbox 1098 2371 1200 2404; x_wconf 89' lang='lat' dir='ltr'>omnia</span> <span class='ocrx_word' id='word_1_500' title='bbox 1229 2379 1413 2417; x_wconf 87' lang='lat' dir='ltr'>perpetuum</span> <span class='ocrx_word' id='word_1_501' title='bbox 1443 2371 1536 2406; x_wconf 83' lang='lat' dir='ltr'>robur</span> <span class='ocrx_word' id='word_1_502' title='bbox 1567 2371 1738 2412; x_wconf 88' lang='lat' dir='ltr'>obtineant,</span> 
     </span>
     <span class='ocr_line' id='line_1_93' title="bbox 993 2419 1737 2466; baseline 0.004 -14"><span class='ocrx_word' id='word_1_503' title='bbox 993 2419 1085 2465; x_wconf 76' lang='lat' dir='ltr'>sigilli</span> <span class='ocrx_word' id='word_1_504' title='bbox 1114 2420 1210 2453; x_wconf 84' lang='lat' dir='ltr'>nostri</span> <span class='ocrx_word' id='word_1_505' title='bbox 1234 2420 1429 2463; x_wconf 73' lang='lat' dir='ltr'>auctoritate,</span> <span class='ocrx_word' id='word_1_506' title='bbox 1446 2429 1475 2454; x_wconf 89' lang='lat' dir='ltr'>et</span> <span class='ocrx_word' id='word_1_507' title='bbox 1504 2421 1578 2466; x_wconf 80' lang='lat' dir='ltr'>regii</span> <span class='ocrx_word' id='word_1_508' title='bbox 1597 2422 1737 2456; x_wconf 89' lang='lat' dir='ltr'>nominis</span> 
     </span>
    </p>
   </div>
   <div class='ocr_carea' id='block_1_9' title="bbox 210 2518 1394 2570">
    <p class='ocr_par' dir='ltr' id='par_1_19' title="bbox 210 2518 1394 2570">
     <span class='ocr_line' id='line_1_94' title="bbox 210 2518 1394 2570; baseline -0.003 -16"><span class='ocrx_word' id='word_1_509' title='bbox 210 2521 370 2565; x_wconf 82' lang='lat' dir='ltr'>samentis‚</span> <span class='ocrx_word' id='word_1_510' title='bbox 398 2523 489 2557; x_wconf 89' lang='lat' dir='ltr'>terris</span> <span class='ocrx_word' id='word_1_511' title='bbox 510 2521 604 2557; x_wconf 89' lang='lat' dir='ltr'>cultis</span> <span class='ocrx_word' id='word_1_512' title='bbox 631 2530 660 2555; x_wconf 82' lang='lat' dir='ltr'>et</span> <span class='ocrx_word' id='word_1_513' title='bbox 689 2521 824 2564; x_wconf 85' lang='lat' dir='ltr'>incultis,</span> <span class='ocrx_word' id='word_1_514' title='bbox 840 2520 952 2560; x_wconf 81' lang='lat' dir='ltr'>fluviis,</span> <span class='ocrx_word' id='word_1_515' title='bbox 972 2530 975 2570; x_wconf 52' lang='grc' dir='ltr'><strong><em>ς</em></strong></span> <span class='ocrx_word' id='word_1_516' title='bbox 994 2519 1139 2564; x_wconf 80' lang='lat' dir='ltr'>paginam</span> <span class='ocrx_word' id='word_1_517' title='bbox 1162 2518 1394 2552; x_wconf 85' lang='lat' dir='ltr'>confirmamus.</span> 
     </span>
    </p>
   </div>
   <div class='ocr_carea' id='block_1_10' title="bbox 210 2569 953 2617">
    <p class='ocr_par' dir='ltr' id='par_1_20' title="bbox 210 2569 953 2617">
     <span class='ocr_line' id='line_1_95' title="bbox 210 2569 953 2617; baseline 0.004 -14"><span class='ocrx_word' id='word_1_518' title='bbox 210 2569 310 2616; x_wconf 86' lang='lat' dir='ltr'>aquis,</span> <span class='ocrx_word' id='word_1_519' title='bbox 331 2582 521 2617; x_wconf 82' lang='lat' dir='ltr'>aquarumve</span> <span class='ocrx_word' id='word_1_520' title='bbox 543 2569 741 2610; x_wconf 86' lang='lat' dir='ltr'>decursibus,</span> <span class='ocrx_word' id='word_1_521' title='bbox 764 2571 868 2617; x_wconf 86' lang='lat' dir='ltr'>pratis,</span> <span class='ocrx_word' id='word_1_522' title='bbox 899 2584 953 2617; x_wconf 83' lang='lat' dir='ltr'>pa—</span> 
     </span>
    </p>
   </div>
   <div class='ocr_carea' id='block_1_11' title="bbox 1042 2567 1737 2614">
    <p class='ocr_par' dir='ltr' id='par_1_21' title="bbox 1042 2567 1737 2614">
     <span class='ocr_line' id='line_1_96' title="bbox 1042 2567 1737 2614; baseline 0.007 -14"><span class='ocrx_word' id='word_1_523' title='bbox 1042 2568 1154 2601; x_wconf 71' lang='lat' dir='ltr'>Actum</span> <span class='ocrx_word' id='word_1_524' title='bbox 1182 2567 1265 2614; x_wconf 87' lang='lat' dir='ltr'>apud</span> <span class='ocrx_word' id='word_1_525' title='bbox 1293 2567 1442 2602; x_wconf 82' lang='lat' dir='ltr'>Sanctum</span> <span class='ocrx_word' id='word_1_526' title='bbox 1477 2568 1671 2604; x_wconf 84' lang='lat' dir='ltr'>Germanum</span> <span class='ocrx_word' id='word_1_527' title='bbox 1706 2571 1737 2605; x_wconf 87' lang='lat' dir='ltr'>in</span> 
     </span>
    </p>
   </div>
   <div class='ocr_carea' id='block_1_12' title="bbox 213 2616 1738 2714">
    <p class='ocr_par' dir='ltr' id='par_1_22' title="bbox 213 2616 1738 2714">
     <span class='ocr_line' id='line_1_97' title="bbox 247 2616 1738 2676; baseline 0.001 -15"><span class='ocrx_word' id='word_1_528' title='bbox 247 2634 286 2669; x_wconf 81' lang='lat' dir='ltr'>(t)</span> <span class='ocrx_word' id='word_1_529' title='bbox 304 2635 434 2669; x_wconf 81' lang='lat' dir='ltr'>Honores,</span> <span class='ocrx_word' id='word_1_530' title='bbox 447 2637 555 2672; x_wconf 85' lang='lat' dir='ltr'>passim,</span> <span class='ocrx_word' id='word_1_531' title='bbox 568 2640 596 2664; x_wconf 84' lang='lat' dir='ltr'>ut</span> <span class='ocrx_word' id='word_1_532' title='bbox 608 2637 657 2668; x_wconf 84' lang='lat' dir='ltr'>hic,</span> <span class='ocrx_word' id='word_1_533' title='bbox 670 2644 718 2671; x_wconf 88' lang='lat' dir='ltr'>pro</span> <span class='ocrx_word' id='word_1_534' title='bbox 728 2637 844 2669; x_wconf 73' lang='lat' dir='ltr'>seiutisin</span> <span class='ocrx_word' id='word_1_535' title='bbox 856 2637 954 2663; x_wconf 64' lang='lat' dir='ltr'>chart-2&lt;</span> <span class='ocrx_word' id='word_1_536' title='bbox 971 2626 975 2676; x_wconf 60' lang='lat' dir='ltr'>l</span> <span class='ocrx_word' id='word_1_537' title='bbox 994 2616 1067 2671; x_wconf 61' lang='lat'>170&#39;3</span> <span class='ocrx_word' id='word_1_538' title='bbox 1095 2628 1177 2650; x_wconf 72' lang='lat'><strong>³⁰⁰⁰</strong></span> <span class='ocrx_word' id='word_1_539' title='bbox 1214 2625 1445 2672; x_wconf 38' lang='lat' dir='ltr'>&#39;&#39;¹3³3&#39;&#39;03t&#39;0ffl3·</span> <span class='ocrx_word' id='word_1_540' title='bbox 1470 2617 1594 2653; x_wconf 61' lang='lat' dir='ltr'>Domml</span> <span class='ocrx_word' id='word_1_541' title='bbox 1633 2619 1738 2675; x_wconf 45' lang='lat' dir='ltr'>mille·</span> 
     </span>
     <span class='ocr_line' id='line_1_98' title="bbox 213 2665 1738 2714; baseline 0.001 -14"><span class='ocrx_word' id='word_1_542' title='bbox 213 2673 342 2702; x_wconf 86' lang='lat' dir='ltr'>undecimi</span> <span class='ocrx_word' id='word_1_543' title='bbox 357 2680 382 2702; x_wconf 87' lang='lat' dir='ltr'>et</span> <span class='ocrx_word' id='word_1_544' title='bbox 395 2684 470 2712; x_wconf 81' lang='lat' dir='ltr'>seqq.</span> <span class='ocrx_word' id='word_1_545' title='bbox 483 2677 647 2704; x_wconf 78' lang='lat' dir='ltr'>saeculorum</span> <span class='ocrx_word' id='word_1_546' title='bbox 666 2681 838 2711; x_wconf 81' lang='lat' dir='ltr'>usurpantur.</span> <span class='ocrx_word' id='word_1_547' title='bbox 865 2679 901 2710; x_wconf 84' lang='lat' dir='ltr'>(u.</span> <span class='ocrx_word' id='word_1_548' title='bbox 915 2683 953 2709; x_wconf 80' lang='lat' dir='ltr'>T)</span> <span class='ocrx_word' id='word_1_549' title='bbox 972 2680 975 2701; x_wconf 70' lang='lat' dir='ltr'>l</span> <span class='ocrx_word' id='word_1_550' title='bbox 994 2678 1074 2700; x_wconf 46' lang='lat' dir='ltr'>sitiit)</span> <span class='ocrx_word' id='word_1_551' title='bbox 1116 2665 1330 2701; x_wconf 69' lang='lat' dir='ltr'>(lticeutestmo</span> <span class='ocrx_word' id='word_1_552' title='bbox 1369 2676 1521 2714; x_wconf 75' lang='lat' dir='ltr'>septtmo,</span> <span class='ocrx_word' id='word_1_553' title='bbox 1564 2669 1738 2705; x_wconf 72' lang='lat' dir='ltr'>aslanttbus</span> 
     </span>
    </p>
   </div>
   <div class='ocr_carea' id='block_1_13' title="bbox 1766 277 1947 307">
    <p class='ocr_par' dir='ltr' id='par_1_23' title="bbox 1766 277 1947 307">
     <span class='ocr_line' id='line_1_99' title="bbox 1766 277 1947 307; baseline -0.022 0"><span class='ocrx_word' id='word_1_554' title='bbox 1766 280 1817 307; x_wconf 79' lang='lat' dir='ltr'>An.</span> <span class='ocrx_word' id='word_1_555' title='bbox 1835 278 1864 305; x_wconf 89' lang='lat' dir='ltr'>C.</span> <span class='ocrx_word' id='word_1_556' title='bbox 1880 277 1947 304; x_wconf 75' lang='lat'>¹208</span> 
     </span>
    </p>
   </div>
  </div>
 </body>
</html>
