2129 3223
152 271 202 298 An⁴
221 270 247 298 C.
268 272 333 299 ¹227

200 2406 307 2426 cla-renta-

398 263 467 295 4⁰22

399 325 512 360 Datum
541 324 697 363 Laterani,
721 336 804 359 nono
831 323 980 358 kalendas
1002 321 1074 358 maii
1089 318 1120 365 ‚l

349 375 549 423 pontificatus
576 374 673 409 nostri
699 386 783 409 anno
810 374 924 421 primo.

388 436 448 466 Dat.
467 436 514 467 die
541 435 580 466 23
601 436 704 476 aprilis
733 435 817 472 1227,
846 435 948 475 pontif.
971 444 1016 464 an.
1039 443 1056 463 1.

922 267 1110 292 Bt'LLAthm

704 584 743 619 11.

351 663 442 703 Quod
476 661 587 707 populi
620 661 735 694 noviter
779 661 820 693 ad
872 660 962 704 fidem
994 658 1099 691 calho-

399 713 489 745 licam
515 711 652 744 conversi
672 710 761 748 nulli,
790 710 851 742 nisi
871 710 1027 742 Romanae
1043 708 1100 740 Ec-

397 762 518 804 clesiae,
544 760 668 793 subiecti
694 770 753 793 esse
784 759 1006 803 intelligantur,
1046 757 1100 790 sub

397 812 482 845 citius
500 811 684 855 protectione
706 809 896 854 recipiuntur
917 809 971 849 (l).
1119 804 1121 814 ‘

349 889 496 927 Gregorius
505 889 646 926 episcopus
658 893 754 917 servus
765 892 905 915 servorum
917 884 975 917 Dei,
991 883 1101 913 dilectis
1120 909 1121 912 ,

393 939 459 969 filiis
474 938 611 968 conversis
627 938 660 966 ad
681 937 760 966 fldem
779 935 968 967 christianam.
982 933 1101 963 salutem

393 990 423 1018 et
443 987 619 1024 apostolicam
637 985 861 1015 benedictionem.

399 1055 540 1091 Ecclesia
569 1053 724 1098 Romana,
747 1065 827 1101 quae
849 1063 904 1087 vos
920 1052 951 1086 in
975 1049 1102 1086 Christo

352 1105 421 1141 lesu
449 1117 505 1152 per
525 1103 733 1150 Evangelium
768 1102 909 1138 noscitur
942 1099 1102 1145 genuisse,

353 1166 409 1202 pro
436 1154 584 1202 peculiari
606 1152 723 1200 populo
755 1152 815 1187 sibi
849 1163 903 1186 vos
938 1149 1102 1197 proposuit

354 1205 500 1245 retinere,
522 1202 666 1251 gaudens
690 1209 721 1237 et
742 1201 899 1246 exultans,
925 1200 1010 1247 quod
1035 1211 1102 1240 vos,

353 1254 408 1302 qui
435 1254 516 1288 sicut
542 1252 772 1288 adolescentior
794 1251 889 1292 filius,
917 1261 1049 1297 peregre
1071 1248 1101 1282 in

354 1304 515 1350 regionem
542 1301 673 1350 profecti
696 1299 1016 1348 longinquam‚eratis
1034 1309 1103 1345 pec-

353 1354 413 1388 cati
428 1353 556 1392 mortui,
579 1351 747 1396 revixistis‚
769 1359 800 1386 et
817 1351 903 1389 estis,
925 1350 977 1396 qui
1002 1348 1103 1395 perie-

354 1405 439 1443 ratis‚
461 1402 578 1437 inventi
601 1400 810 1435 transformati
838 1399 1011 1434 secundum
1044 1397 1104 1431 mi-

354 1452 544 1488 sericordiae
568 1450 691 1486 divitias
718 1450 748 1484 in
776 1461 846 1484 vasa
876 1448 1014 1495 gratiae,
1051 1446 1103 1494 qui

355 1514 427 1538 vasa
449 1502 513 1537 irae
533 1508 602 1548 apta
623 1500 654 1535 iu
667 1499 829 1536 interitum
855 1497 994 1533 fueratis.
1022 1496 1104 1531 Cum
1124 1517 1125 1540 ἢ

355 1563 430 1599 ergo
455 1552 554 1587 vocati
576 1551 645 1585 sitis
682 1549 713 1583 in
756 1548 930 1584 libertatem
968 1543 1126 1596 fitiorumj

356 1601 427 1646 Dei,
449 1609 479 1636 et
493 1613 532 1636 ex
558 1612 650 1647 aqua,
678 1608 708 1634 et
729 1598 848 1646 Spiritu
862 1597 978 1632 Sancto
993 1596 1104 1636 renati,

357 1660 387 1686 et
415 1650 467 1686 ubi
494 1650 634 1698 Spiritus
661 1658 719 1691 est⁷
745 1647 839 1683 debet
864 1659 935 1682 esse
969 1645 1127 1692 libertas,3

357 1714 393 1736 ac
418 1700 508 1735 valde
530 1699 692 1746 indignum
720 1698 878 1738 existeret,
897 1705 929 1731 ut
943 1695 1107 1731 deterioris
1125 1693 1127 1733 ’,

358 1750 549 1785 conditionis
571 1748 766 1783 haberemini
789 1747 932 1782 conversi
947 1747 984 1781 ad
1001 1745 1107 1788 fidem,

358 1812 453 1848 quam
475 1798 620 1834 infideles
641 1799 765 1839 essetis,
783 1809 855 1832 cum
878 1797 981 1843 potius
999 1805 1107 1829 secun-
1127 1831 1128 1844 ἵ

359 1850 434 1885 dum
453 1848 642 1896 Apostolum
664 1847 870 1894 diligentibus
886 1846 986 1881 Deum
1003 1843 1107 1879 omnia
1127 1845 1129 1901 ἱ

359 1907 569 1947 cooperentur
590 1898 622 1932 in
650 1897 781 1938 bonum,
804 1909 956 1944 personas
977 1903 1107 1933 vestras,
1128 1921 1129 1924 ,

361 1958 391 1985 et
412 1949 558 1989 aliorum,
585 1960 666 1995 quos
687 1959 725 1982 ex
748 1955 860 1991 vestra,
887 1959 942 1981 seu
965 1945 1023 1980 alia
1037 1956 1108 1992 qua·
1128 1935 1130 1972 l

360 2010 498 2046 cumque
524 2006 617 2045 gente
645 1998 676 2032 in
698 1995 840 2044 partibus
877 1996 938 2031 illis
970 1995 1107 2030 converti

361 2061 399 2084 ex
445 2047 544 2095 gratia
582 2047 687 2082 divina
720 2045 898 2092 contigerit,
939 2044 999 2080 sub
1029 2044 1108 2079 beati
1128 2027 1131 2078 l

362 2098 446 2133 Petri
473 2106 504 2132 et
541 2106 646 2132 nostra
679 2096 874 2143 protectione
906 2095 1109 2142 suscipimus,

362 2155 594 2192 statuentes,ut
616 2147 647 2181 in
662 2145 804 2181 libertate
826 2152 926 2180 vestra
949 2152 1110 2179 manentes
1130 2156 1131 2159 ¹

365 2197 442 2233 nulli
464 2197 515 2232 alii
537 2196 617 2237 sitis,
649 2208 743 2243 quam
777 2195 835 2230 soli
867 2194 994 2230 Christo
1021 2194 1132 2235 cuius}

363 2246 524 2282 efficimini
547 2245 761 2294 acquisitionis
785 2244 932 2292 populus,
967 2252 997 2279 et
1033 2239 1132 2279 obe-³

365 2296 500 2332 dientiae
525 2295 686 2331 Ecclesiae
712 2294 875 2330 Romanae
896 2293 1041 2329 subiecti.

413 2345 498 2381 Nulli
533 2358 608 2392 ergo
648 2345 778 2380 omuino
817 2343 981 2379 hominum
1020 2342 1111 2378 liceat

367 2397 447 2431 hanc
490 2395 635 2442 paginam
670 2403 795 2430 nostrae
838 2392 1042 2441 protectionis
1081 2400 1134 2443 et}

366 2445 598 2480 constitutionis
619 2443 802 2491 infringere,
824 2443 872 2478 vel
894 2444 921 2478 ei
958 2455 1037 2478 ausu
1071 2450 1114 2476 te·
1133 2471 1134 2475 ,

369 2495 501 2530 mei-ario
533 2493 698 2529 contraire.
735 2493 769 2528 Si
805 2494 877 2540 quis
913 2502 1017 2528 autem
1054 2477 1136 2557 hoel

368 2552 517 2580 attentare
564 2542 819 2591 praesumpserit,
865 2541 1135 2589 indignationem*

369 2593 598 2640 omnipotentis
622 2591 693 2637 Dei,
711 2605 747 2628 ac
773 2592 936 2628 beatorum
964 2591 1047 2627 Petri
1084 2599 1112 2626 et
1134 2598 1136 2637 ᾗ

407 2667 445 2701 (t)
461 2667 499 2694 Ex
517 2667 620 2703 Regest.
642 2667 724 2694 Vatic.
1134 2649 1138 2700 l

1138 266 1299 289 ROMANUM

1141 320 1230 355 Pauli
1252 319 1464 367 apostolorum
1492 319 1560 353 eius
1581 329 1614 353 se
1637 318 1757 352 noverit
1779 316 1885 351 incur-

1139 383 1259 405 surum.

1187 420 1302 454 Datum
1319 417 1462 453 Laterani
1484 416 1575 452 tertio
1591 429 1690 452 nonas
1705 416 1791 456 maii,
1811 428 1886 463 pon-

1140 470 1275 504 tificatus
1302 468 1398 504 nostri
1423 480 1504 502 anno
1528 466 1639 514 primo.

1222 529 1282 560 Dat.
1301 530 1348 560 die
1366 530 1384 560 5
1403 529 1471 559 maii
1489 528 1584 565 1223
1596 528 1698 568 pontis.
1716 538 1762 558 an.
1784 537 1802 559 1.

1485 698 1536 732 lll.

1142 777 1341 820 Confirmatio
1364 776 1558 809 concessionis
1595 782 1765 808 castrorum
1793 774 1888 819 Carpi

1189 832 1215 858 et
1243 825 1358 859 Montis
1397 826 1563 858 Baronzon
1591 836 1647 869 per
1683 824 1734 868 fel.
1771 825 1885 858 record.

1190 875 1366 908 Honorr'nm
1384 875 1507 919 Papam
1527 876 1647 908 tertium
1672 875 1753 908 alias
1773 874 1891 907 civitati

1193 925 1343 958 Mutinen.
1362 925 1463 969 factae
1483 926 1537 958 sub
1563 935 1669 958 annuo
1689 935 1778 957 censu
1797 934 1889 957 sexa-

1190 975 1277 1018 qima
1292 974 1444 1008 librarum
1470 976 1525 1017 (1).

1423 1052 1634 1083 SUMMARIUM

1143 1118 1385 1150 Prooemium.—
1402 1118 1563 1149 Intendatio
1596 1128 1646 1158 per
1671 1118 1832 1148 Honorium
1854 1116 1891 1147 111

1182 1164 1236 1194 PP.
1256 1163 1340 1194 facta.
1365 1181 1404 1186 —
1420 1162 1615 1194 Confirmatur
1627 1163 1681 1193 sub
1700 1163 1806 1193 iisdem
1822 1170 1892 1192 con-

1183 1209 1356 1240 ditionibus.
1379 1226 1417 1232 —-
1439 1208 1605 1239 Clausulae.

1143 1280 1290 1317 Gregorius
1309 1281 1450 1317 episcopus
1464 1286 1560 1308 servus
1572 1286 1711 1308 servorum
1719 1278 1776 1312 nei,
1787 1276 1894 1306 dilectis

1187 1330 1253 1359 filiis
1267 1330 1413 1366 potestati,
1433 1331 1462 1359 et
1479 1329 1577 1366 populo
1595 1330 1749 1362 mutinen...
1775 1328 1894 1358 salutum

1188 1382 1218 1409 et
1237 1380 1413 1417 apostoticam
1430 1380 1652 1409 benedictionem.

1195 1448 1286 1483 Sedis
1304 1447 1505 1495 Apostolicae
1536 1447 1730 1494 providentia
1765 1446 1893 1494 provide

1147 1510 1284 1546 pensans
1302 1509 1412 1532 causas
1438 1497 1580 1532 locorum
1601 1505 1631 1533 et
1653 1505 1842 1544 temporum;
1863 1505 1891 1531 et

1146 1548 1312 1594 diligenter
1320 1547 1485 1582 attendens
1496 1547 1606 1582 merita
1619 1546 1830 1593 singulorum,
1845 1545 1892 1586 iis,

1125 1635 1126 1642 ἵ
1146 1598 1199 1644 qui
1216 1597 1337 1631 firmius
1350 1605 1580 1633 consueverunt
1600 1597 1629 1631 in
1646 1597 1713 1632 eius
1729 1596 1893 1631 devotione

1148 1647 1326 1694 persistere,
1345 1646 1474 1682 uberius
1487 1647 1649 1682 consuevit
1661 1647 1790 1693 gratiam
1806 1646 1894 1681 exlii-

1148 1698 1232 1738 bere,
1260 1704 1292 1730 ut
1313 1704 1343 1731 et
1370 1696 1500 1732 devotos
1520 1697 1580 1731 sibi
1603 1696 1764 1731 beneficiis
1785 1695 1893 1731 reddat

1126 1775 1128 1789 ξ
1148 1746 1246 1793 magis
1267 1745 1432 1787 obnoxios⁷
1451 1755 1481 1781 et
1503 1746 1626 1781 illorum
1667 1744 1814 1792 exemplo
1855 1745 1893 1780 ad

1148 1796 1346 1830 devotionem
1390 1808 1478 1830 suam
1527 1805 1672 1844 provocet
1719 1795 1893 1830 indevotos.

1150 1845 1230 1880 Hinc
1251 1853 1297 1880 est
1319 1845 1404 1893 quod
1427 1846 1526 1881 bonae
1545 1847 1715 1881 memoriae
1734 1844 1894 1880 Honorius

1150 1895 1233 1943 Papa
1257 1896 1480 1942 praedecessor
1507 1904 1612 1931 noster
1647 1895 1789 1931 recolens
1822 1895 1894 1929 sin-

1149 1957 1239 1980 cerae
1261 1945 1436 1980 devotionis
1457 1945 1615 1990 affectum,
1629 1957 1723 1993 quem
1745 1945 1895 1980 hactenus

1151 1994 1258 2030 habuit
1281 1995 1319 2029 ad
1357 1995 1534 2030 Ecclesiam
1574 1994 1748 2030 Romanam
1788 1994 1896 2030 civitas

1151 2045 1317 2089 Mutinen.,
1350 2054 1380 2079 et
1417 2044 1582 2080 attendens
1620 2044 1794 2092 obsequia,
1816 2055 1896 2092 quae

1151 2093 1207 2128 sibi
1231 2094 1378 2129 exhibere
1401 2096 1515 2142 poterit
1542 2095 1574 2129 in
1612 2094 1766 2136 futurum,
1803 2093 1895 2140 Carpi

1152 2153 1181 2179 et
1193 2144 1310 2179 Montis
1336 2144 1500 2179 Baronzon
1523 2152 1633 2186 castra,
1660 2155 1740 2192 quae
1770 2143 1897 2178 fuerunt

1152 2194 1252 2229 clarae
1286 2195 1456 2229 memoriae
1489 2194 1668 2229 comitissae
1713 2193 1896 2236 mathildis,

1152 2256 1225 2278 cum
1264 2243 1406 2278 curtibus
1445 2252 1475 2278 et
1506 2244 1574 2278 aliis
1606 2243 1800 2290 pertinentiis
1832 2242 1897 2277 suis

1131 2302 1133 2346 ᾗ,
1153 2293 1241 2328 vobis
1263 2302 1405 2341 tempore
1423 2305 1480 2329 suo
1502 2293 1705 2328 custodienda
1727 2292 1787 2328 sub
1814 2300 1895 2327 certa

1131 2351 1133 2380 ζ
1155 2343 1251 2378 forma
1274 2343 1443 2378 commisit.
1466 2343 1530 2378 Nos
1553 2344 1645 2390 igitur
1677 2342 1788 2377 vestris
1818 2354 1897 2388 sup-

1155 2392 1684 2440 plicationibusinclinati‚similiter
1694 2391 1898 2427 custodienda

1155 2442 1240 2477 vobis
1261 2443 1488 2478 committimus
1509 2450 1608 2477 castra
1649 2443 1804 2489 praedicta
1821 2468 1829 2483 ‚
1859 2440 1901 2475 ita

1156 2492 1298 2528 videlicet
1318 2493 1401 2540 quod
1429 2505 1467 2527 ex
1490 2492 1549 2526 illis
1567 2491 1605 2526 ad
1633 2491 1814 2526 mandatum
1844 2502 1901 2524 no-

1155 2552 1253 2577 strum
1275 2554 1418 2588 guerram
1442 2541 1560 2577 facietis
1586 2550 1616 2576 et
1635 2553 1754 2588 pacem,
1777 2542 1900 2588 etApo-

1155 2592 1282 2627 stolicae
1309 2592 1400 2627 Sedis
1427 2591 1548 2637 legatos
1574 2591 1732 2639 recipietis
1771 2591 1900 2626 lionori-

1191 2666 1230 2702 (t)
1246 2667 1284 2694 Ex
1304 2666 1408 2703 aegest.
1426 2665 1509 2693 Vatic.

1898 260 1949 288 An.
1966 260 1994 288 C*
2013 260 2078 288 ¹227

1934 1462 2063 1484 Piooemium.

1922 1905 2038 1927 lnteudatiu
2055 1910 2088 1932 pet

1921 1936 2034 1958 Honoriurn
2050 1935 2078 1956 ΙΙΙ

1943 1967 1981 1988 ΙΨ.
1998 1967 2059 1988 let-ta.
