2129 3223
824 225 922 248 innnx
946 224 1157 248 nrumcancn

322 279 468 313 Trecensi
490 290 636 312 concessa
665 291 719 323 por
752 291 858 323 regem
886 280 981 313 Fran·
1025 279 1147 311 LXVlll.

323 339 448 368 corum,
471 327 544 361 ⁹206.

235 379 289 412 LV.
317 378 476 411 Censurae
510 382 620 410 contra
650 378 866 411 Interfectores
900 378 981 411 Petri

1650 214 1720 247 845

1202 278 1471 321 Strigoniensibus
1521 277 1770 322 archiepiscopis

1111 328 1321 360 confirmatur
1336 326 1385 359 ius
1395 326 1569 359 coronandi
1580 336 1671 370 reges
1686 327 1771 360 Hun-

1110 376 1228 419 gariae,
1252 375 1325 409 233.

321 427 359 459 de
378 426 486 460 Castro
503 427 599 466 Novo,
622 427 675 470 qui
698 428 800 460 suerat
819 428 981 469 delegatus
1023 425 1122 458 LXIX.
1150 424 1318 458 Concessio
1329 424 1566 468 privilegiorum
1582 425 1690 459 Ordini
1708 428 1769 460 sra-

318 488 335 509 a
355 476 434 510 Sede
454 477 634 520 Apostolica
655 477 685 509 in
703 477 895 521 provinciam
908 488 981 510 con-

320 530 367 558 tra
381 525 576 568 Albigenses;
594 527 696 569 deque
714 527 806 558 modo
827 526 979 558 servando

319 579 428 607 contra
450 576 578 608 eosdem
598 575 787 614 haereticos,
810 576 882 608 208.

230 625 301 658 LVI.
329 625 454 658 Civibus
491 625 619 658 Soranis
644 625 804 657 libertates
842 630 871 657 ct
898 625 978 657 anti-

317 684 396 716 quas
415 675 583 706 confirmat
603 673 777 706 laudabiles
806 678 977 706 ‹10ns1u3tu-

318 721 419 762 dines,
446 722 519 755 ⁹211.

230 770 312 803 LVII.
337 771 497 814 Approbat
518 771 722 804 concordiam
749 771 908 814 (piandum
930 771 977 803 in-

316 823 364 851 ter
374 818 636 863 Salzburgensem
648 819 926 862 archiepiscopum
950 824 979 851 et

317 867 493 913 capitulum
534 870 696 912 Gurgense
731 868 841 901 initam
882 878 980 910 super

317 917 410 950 modo
427 918 562 961 eligendi
580 919 766 962 episcopum
783 918 977 960 Gurgensem

319 966 393 1000 ⁶242.

228 1015 324 1049 LVIII.
348 1016 493 1049 Decernit
514 1022 609 1060 caput
629 1022 660 1049 ct
679 1015 895 1059 magisterium
920 1016 976 1049 Or-

316 1063 401 1098 dinis
420 1065 526 1098 Sancti
548 1065 685 1109 Spiritus
713 1065 744 1097 in
775 1065 852 1097 urbe
880 1064 978 1097 Roma

316 1122 383 1146 esse
403 1113 530 1153 debere,
553 1113 627 1147 ⁵215.

227 1160 302 1194 LIX.
330 1161 572 1195 Monumentum
602 1161 778 1195 consecrati
812 1161 850 1194 ab
884 1162 978 1194 Inno-

316 1210 420 1243 centio
449 1211 556 1244 altaris
586 1211 617 1244 in
638 1209 830 1243 monasterio
866 1210 978 1243 Fossae

317 1259 431 1299 Novae,
454 1260 528 1293 ⁹216.

229 1307 288 1341 LX.
312 1308 354 1341 De
375 1309 469 1342 modo
490 1309 598 1342 utendi
626 1308 695 1342 iure
728 1309 766 1341 ab
800 1307 978 1351 Apostolica

316 1356 396 1389 Sede
425 1368 576 1391 concesso
597 1356 780 1391 conferendi
808 1356 976 1397 beneficia,

317 1405 391 1440 0217.

227 1454 300 1487 LXI.
332 1455 537 1488 Confirmatio
556 1455 715 1488 bonorum
743 1460 773 1487 et
797 1453 977 1497 privilegio-

314 1501 387 1536 riim
407 1503 588 1537 monasterii
605 1503 636 1537 S.
673 1502 786 1545 AEgidii
813 1503 975 1543 Tolosam,

315 1551 406 1585 cuius
439 1552 604 1586 monachis
637 1552 791 1585 nonnulla
821 1553 975 1594 praescri-

315 1601 436 1634 buntur
454 1602 618 1642 servanda,
636 1601 710 1635 2219.

228 1649 313 1682 LXII.
337 1649 380 1682 De
399 1650 607 1683 subventione
621 1651 737 1683 Terrae
753 1651 886 1683 Sanctae
902 1661 975 1683 cum

316 1697 586 1740 indulgentiarum
621 1698 808 1740 elargitione
841 1698 889 1737 iis,
920 1698 973 1741 qui

315 1745 353 1778 ad
373 1745 515 1779 eiusdem
538 1746 816 1790 recuperationem
832 1758 925 1790 opem
946 1758 976 1780 a-

316 1793 433 1837 liquam
456 1794 682 1838 impenderint,
705 1795 779 1828 0222.

226 1843 326 1878 LXIII.
363 1844 569 1878 Confirmatio
609 1845 769 1878 honorum
811 1845 975 1878 Treccnsis

315 1893 485 1934 Ecclesiae,
497 1899 527 1927 ct
535 1895 739 1928 decretorum
756 1895 973 1928 Romanorum

314 1943 503 1978 Pontificum
538 1955 595 1988 pro
631 1944 774 1977 eiusdem
814 1944 973 1977 Ecclesiae

314 1993 444 2036 capituli
466 1993 644 2037 disciplina,
667 1999 698 2026 et
717 1993 858 2037 episcopi
880 1993 972 2027 iuris-

314 2041 452 2075 dictione
473 2043 636 2080 sermnda,
659 2042 732 2075 224.

227 2091 324 2124 LXIV.
360 2091 588 2125 Christifideles
621 2092 726 2125 studet
759 2091 911 2125 inducere.
945 2098 975 2126 et.

314 2140 460 2173 hortatur
479 2141 518 2173 ad
539 2140 806 2183 expugnationem
836 2141 972 2174 haereti-

314 2199 425 2221 corum
447 2189 702 2232 provincialium,
729 2189 802 2223 227.

225 2237 309 2271 LXV.
337 2237 539 2280 Privilegiurn
561 2248 618 2281 pro
635 2238 774 2271 Ecclesia
791 2239 973 2271 Atheniensi

227 2336 324 2369 LXVI.
356 2335 490 2369 Ricardo
529 2336 635 2369 comiti
674 2338 795 2370 Sorano
835 2343 972 2370 castrum

314 2385 407 2419 Vallis
427 2386 582 2419 Montonis
597 2388 776 2427 confirmat,
789 2399 888 2431 eaque
905 2399 972 2420 om-

313 2434 377 2474 nia,
404 2445 486 2478 quae
506 2435 533 2467 ei
553 2435 696 2469 locarant
720 2437 864 2470 canonici
889 2437 972 2469 basi-

314 2479 394 2513 licae
413 2479 643 2520 Lateranensis,
670 2480 743 2514 230.

228 2523 338 2557 LXVII.
361 2523 507 2568 Capitulo
523 2524 730 2567 Strigoniensi
740 2526 908 2558 confirmat
923 2526 975 2558 do-

316 2568 476 2602 nationem
496 2568 667 2612 quamdam
684 2569 712 2602 ei
732 2570 845 2602 factam
862 2570 900 2603 ab
915 2571 974 2603 An-

315 2613 390 2645 drea
411 2623 484 2657 rege
504 2613 696 2657 Humgariae,
722 2613 795 2647 23-2.

1110 479 1194 506 trum
1215 473 1362 506 Sanctiss.
1386 473 1546 507 Trinitatis
1566 474 1768 519 Redemptio-

1112 522 1158 555 nis
1179 523 1389 566 captivorum,
1412 523 1485 557 ⁶234.

1022 572 1107 605 LXX.
1131 572 1291 605 Nonnulla
1315 572 1457 605 decernit
1477 573 1708 616 praemittenda
1731 576 1770 608 ab

1110 621 1157 661 iis,
1182 621 1237 665 qui
1262 622 1300 654 ad
1321 622 1556 655 haereticorum
1590 623 1769 666 provinciae

1109 670 1376 713 expugnationem
1402 681 1434 703 se
1446 670 1651 711 accinxerint,
1665 673 1767 706 subsi-

1109 718 1223 762 diaque
1246 719 1282 752 iis
1302 719 1340 752 ab
1365 719 1585 752 ecclesiasticis
1605 726 1768 763 praestan-

1110 768 1148 801 da
1168 768 1280 808 sancit,
1302 767 1376 801 ⁶236.

1020 817 1120 850 LXXI.
1149 817 1293 860 Regnum
1309 817 1426 849 Daniae
1435 816 1609 860 suscipitur
1623 818 1682 851 sub
1699 830 1769 862 pro-

1108 865 1244 899 tectione
1265 865 1354 899 Sedis
1378 865 1589 909 Apostolicae‚
1607 866 1682 900 237.

1021 914 1133 947 LXXII.
1171 914 1376 948 Confirmatio
1410 915 1569 948 bonorum
1610 915 1768 949 Ecclesiae

1125 963 1285 1003 Senensis,
1307 962 1380 996 238.

1021 1011 1147 1044 LXXIII.
1175 1011 1413 1045 Confirmantur
1432 1011 1587 1055 primatus
1610 1012 1769 1046 Ecclesiae

1107 1061 1288 1101 Toletanae,
1307 1065 1469 1094 eteaetera
1485 1060 1646 1105 privilegia
1657 1072 1675 1094 a
1690 1061 1768 1094 Pon-

1108 1110 1246 1144 tificibus
1265 1111 1293 1144 ei
1314 1121 1476 1151 concessa,
1493 1110 1568 1145 ⁶239.

1020 1159 1145 1192 LXXIV.
1182 1159 1356 1193 Confirmat
1388 1159 1533 1193 ordinem
1567 1164 1598 1192 et
1620 1158 1765 1193 militiam

1108 1208 1140 1241 B.
1160 1209 1276 1250 Iacobi,
1299 1214 1330 1242 et
1349 1208 1513 1253 privilegia
1531 1209 1570 1242 ab
1590 1209 1766 1242 Alexandro

1108 1257 1191 1300 Papa
1211 1257 1238 1291 ei
1259 1268 1421 1297 concessa,
1444 1257 1517 1290 ⁶241.

1020 1306 1130 1339 LXXV.
1154 1306 1199 1339 Ad
1220 1307 1386 1350 episcopos
1420 1306 1550 1346 Galliae,
1578 1307 1615 1340 de
1643 1307 1768 1340 vitanda

1107 1356 1242 1389 simonia
1263 1356 1294 1388 in
1314 1356 1495 1400 receptione
1534 1357 1766 1390 monachorum

1107 1409 1161 1436 aut.
1180 1404 1484 1444 sanctimonialium,
1507 1404 1581 1437 246.

1019 1451 1143 1484 LXXVI.
1175 1452 1282 1485 Refert
1310 1452 1541 1486 consessionem
1575 1452 1647 1486 fidei
1682 1453 1767 1486 Wal-

1107 1500 1253 1534 densium
1269 1502 1307 1534 ad
1323 1502 1419 1535 tidem
1436 1511 1648 1540 reversorum,
1670 1506 1700 1534 et
1716 1513 1768 1535 eo-

1107 1560 1178 1582 rum
1201 1551 1412 1594 propositum,
1435 1562 1489 1583 seu
1518 1550 1598 1583 vitae
1623 1551 1766 1593 regulam

1107 1599 1286 1635 confirmat.
1312 1599 1385 1632 246.

1018 1646 1156 1679 LXXVII.
1179 1647 1352 1681 Confirmat
1385 1647 1584 1691 propositum
1614 1647 1765 1681 Bernardi

1105 1695 1199 1738 primi
1220 1696 1359 1740 magistri
1387 1695 1606 1729 Waldensium
1633 1706 1764 1730 conver-

1105 1754 1226 1783 sorum,
1249 1745 1322 1778 249.

1017 1791 1167 1825 LXXVIII.
1209 1793 1423 1827 confirmatur
1460 1793 1600 1837 diploma
1639 1793 1764 1827 Ricardi

1105 1842 1236 1875 secundi
1256 1842 1400 1875 Fundani
1426 1842 1550 1875 comitis
1575 1843 1679 1876 favore
1705 1842 1763 1875 Ec-

1105 1891 1218 1925 clesiae
1242 1892 1426 1932 Fundanae,
1453 1890 1526 1925 253.

1016 1939 1142 1973 LXXIX.
1166 1940 1371 1974 Confirmatio
1400 1941 1631 1975 nonnullorum
1664 1947 1762 1976 statu-

1103 1994 1208 2023 torum
1270 1989 1451 2024 monasterii
1499 1990 1758 2025 Grandimonten.

1104 2039 1178 2073 256.

1016 2088 1128 2121 LXXX.
1158 2088 1373 2122 Confirmatur
1399 2088 1569 2122 concordia
1594 2089 1677 2122 inter
1704 2091 1762 2124 Ec-

1103 2137 1214 2171 clesias
1233 2137 1424 2180 strigonien.
1453 2141 1483 2170 et
1501 2137 1649 2171 Colocen.
1672 2139 1760 2178 inita,

1104 2186 1177 2220 257.

1016 2236 1142 2269 LXXXI.
1160 2235 1305 2269 Irritatur
1325 2235 1478 2278 quicquid
1499 2240 1609 2268 contra
1629 2236 1761 2270 clericos

1103 2285 1149 2317 vel
1169 2284 1326 2317 Ecclesias
1346 2289 1497 2317 statutum
1518 2289 1564 2317 est
1583 2284 1622 2317 ab
1638 2284 1760 2318 Othone

1104 2333 1307 2377 imperatore,
1344 2344 1379 2366 ac
1413 2333 1580 2376 presertim
1605 2334 1761 2367 sententia

1103 2382 1140 2414 ab
1161 2382 1273 2414 eodem
1293 2382 1353 2414 lata
1375 2386 1485 2414 contra
1501 2381 1687 2425 episcopum
1703 2381 1761 2416 Cu-

1104 2441 1246 2470 manum,
1268 2430 1342 2464 2259.

1016 2480 1155 2513 LXXXII.
1192 2479 1488 2512 Thessalonicenses
1527 2479 1761 2524 archiepiscopi

1103 2524 1192 2566 regni
1214 2524 1375 2567 primates,
1397 2534 1432 2557 ac
1453 2524 1599 2568 perpetui
1619 2524 1708 2558 Sedis
1723 2525 1761 2558 A·

1104 2568 1274 2611 postolicae
1294 2568 1387 2611 legati
1407 2569 1621 2608 declarantur,
1639 2568 1712 2604 260.

1016 2613 1168 2646 LXXXIII.
1192 2613 1292 2656 Reges
1311 2623 1347 2646 ac
1366 2623 1502 2656 regnum
1522 2613 1759 2657 Portugallense
