2129 3223
151 276 164 293 n
193 266 222 294 c,
242 266 308 294 ¹267
373 255 443 289 770
906 263 1094 287 nouantem
1115 262 1278 286 nonaxon
1875 260 1927 288 Αιι.
1944 259 1974 286 C
1990 255 2057 287 ¹26⁷

124 1406 137 1428 S
155 1406 260 1433 Hedwixts
278 1408 301 1429 tt-

116 1437 183 1459 tustra
199 1444 273 1465 genu..

116 1950 302 1971 ttiaiamsnnonin

115 1983 225 2004 nobilitate
254 1988 304 2003 Fen·

116 2013 199 2037 guinii,
230 2013 266 2033 sed
282 2013 302 2032 tn

116 2044 160 2063 suis
191 2043 302 2064 infirmita-

115 2073 170 2094 tibus
193 2073 302 2099 eloilabu-

322 319 544 356 candelabrum
568 318 690 353 virtutis
712 325 741 353 et
762 317 879 363 gratiae
898 318 942 353 sic
969 318 1071 364 posuit

322 380 351 404 ct
373 370 468 403 erexit
495 368 634 406 easdem,
661 368 743 414 qnod
768 368 905 413 ipsarum
951 379 1072 402 memo-

324 421 398 453 riam
421 418 498 453 edax
529 430 588 450 non
626 425 728 464 potest
767 417 891 451 abolere
924 426 1069 455 vetustas

321 477 349 501 et
379 480 458 514 qnae
487 466 618 500 alini-nm
660 466 739 501 bona
780 467 915 513 graviter
948 466 1069 504 inlicit,

322 517 481 551 fascinatio
503 515 679 561 denigrare.
704 515 785 550 Hinc
807 515 908 550 ludith
932 523 961 549 et
976 514 1069 553 label,

320 579 399 613 quai·
421 565 604 600 Oion-inem
627 574 657 600 et
675 565 811 600 Sisi-ram
836 565 912 598 virili
945 564 1068 598 dextera

322 624 534 661 pei-emerunt,
557 627 687 649 suorum
726 615 865 649 claritate
897 624 1068 658 gestor-uin.

320 665 384 710 ipsa
409 665 445 698 d·
441 673 570 710 putant
599 664 758 719 ptrpetnis
791 664 961 710 ‘tntiqtiitas
1001 675 1070 696 mn-

320 714 490 752 tinnientis,
511 722 546 748 ut
568 726 648 759 quae
670 713 807 760 antiquis
839 712 963 747 utilitati
1000 711 1070 745 lue-

319 772 404 807 runt
435 772 519 798 esset
545 762 696 818 deii'iceps
727 764 864 809 ipsirum
905 769 1067 808 prorogata

320 814 470 847 memoria
500 813 632 859 posteris
655 814 684 846 in
711 811 904 858 exemplum.
935 810 1070 855 Propter

318 862 464 908 quodne
494 863 552 908 ipsi
575 861 763 916 antiquitati,
801 873 883 916 quae
915 859 1070 894 sollicitu-

317 912 399 945 dinis
427 924 567 951 ni.,inum
590 921 620 945 ut
645 911 778 958 pos-teris
800 911 876 957 ipsis
893 909 1068 957 proliceret,

316 972 332 995 a
357 960 519 995 laboribus
555 972 616 995 non
653 959 818 1003 subduxit,
853 970 996 1006 quaeque
1035 967 1068 993 ut

316 1009 407 1044 nobis
446 1008 629 1055 disciplinae
652 1021 687 1043 ac
720 1021 842 1044 morum
877 1008 1068 1054 relinqueret

319 1060 470 1101 instituta,
494 1059 595 1093 noctis
616 1058 789 1093 observavit
812 1057 976 1098 excubias,
1002 1057 1067 1092 dis·

316 1109 434 1142 similes
461 1108 650 1149 iudicemur,
672 1107 801 1154 dignum
822 1107 973 1141 duximus
987 1119 1067 1153 qnae

316 1159 354 1192 sit
378 1157 516 1192 mulier
510 1169 588 1204 ipsa,
610 1167 639 1192 et
661 1157 736 1204 quid
764 1158 863 1203 egerit
885 1157 1067 1203 exprtssins

316 1208 450 1262 aperire,
472 1215 506 1242 ut
534 1206 564 1241 id
591 1219 645 1242 eos
668 1206 797 1241 minime
832 1206 948 1248 lateat,
984 1217 1065 1253 quos

316 1269 345 1289 ιιι
369 1257 558 1291 sinceritatis
590 1257 749 1304 proposito
790 1255 839 1302 pia
868 1254 969 1290 reddit
1008 1255 1066 1290 de-

315 1307 400 1340 votio
422 1306 593 1341 studiosos.

363 1354 437 1402 §2-
462 1356 498 1389 Et
524 1354 681 1402 quidem
674 1366 739 1401 ipsa
766 1361 812 1388 est
835 1353 903 1400 piae
942 1364 1065 1387 memo-

316 1403 378 1438 riae
417 1413 524 1439 sancta
558 1403 751 1449 Heduvigis,
785 1403 876 1437 cuius
903 1414 958 1448 per
991 1414 1064 1436 san-

315 1453 418 1499 guinis
445 1453 668 1488 derivationem
701 1451 850 1487 natalium
874 1452 998 1485 claritas
1019 1451 1065 1485 sic

315 1489 447 1545 {esuis-it,
471 1502 555 1549 quod
578 1502 616 1536 ab
643 1501 691 1540 iis,
713 1501 767 1548 qui
804 1508 926 1546 sceptra
959 1509 1065 1546 gesta-

315 1560 389 1586 runt
416 1564 598 1598 regnorum,
621 1561 763 1597 quosque
796 1550 939 1596 insignes
971 1548 1065 1583 efficit

315 1601 436 1647 imperii
460 1601 627 1644 celsitudo,
651 1608 808 1646 tamquam
836 1610 976 1645 propago
1002 1611 1064 1644 ge-

315 1662 423 1684 nerosa
454 1653 618 1697 processit,
653 1649 746 1683 radiis
781 1648 951 1683 nobilitatis
996 1649 1066 1695 plus

314 1699 493 1745 splendoris
518 1698 672 1733 adiiciens
693 1710 730 1732 ex
758 1698 873 1744 seipsa⁷
891 1708 985 1744 qnam
1005 1697 1062 1732 sibi

317 1749 401 1783 unde
442 1749 596 1794 originem
632 1756 777 1790 traxerat,
813 1747 990 1793 provenerit
1028 1758 1065 1780 ex

315 1798 431 1832 radice.
460 1810 516 1844 pro
543 1809 606 1844 quo
628 1797 653 1830 si
677 1796 852 1830 secundum
876 1807 1003 1830 carnem
1036 1803 1066 1829 et

317 1847 468 1881 mundum
487 1846 685 1893 gloriandum
707 1845 815 1889 suerat,
838 1846 950 1879 merito
966 1845 1066 1891 potuit

319 1896 404 1930 nullo
426 1895 606 1930 blandiente
631 1895 794 1929 mendacio
821 1894 960 1940 gloriari.
1002 1893 1064 1928 Sed

319 1958 389 1980 cuin
414 1943 632 1979 huiuscemodi
655 1945 751 1990 gloria
780 1944 966 1990 plerumque
1004 1943 1067 1977 vir-

320 1996 395 2029 tutis
417 2002 616 2041 prospectum
650 2005 816 2037 evacuans,
852 1993 882 2026 in
924 1992 1067 2026 elationis

320 2045 501 2091 praecipitet
523 2043 649 2082 vitium,
683 2054 762 2089 quos
801 2043 926 2082 exaltat,
962 2049 995 2076 ut
1036 2043 1065 2075 in

318 2095 387 2128 cius
410 2102 535 2140 pectore
562 2092 659 2126 virtus
693 2091 810 2126 Christi
846 2103 900 2138 per
934 2091 1066 2136 gratiam

317 2143 506 2177 redundaret
529 2141 669 2182 uberius,
691 2153 753 2175 non
779 2142 809 2174 in
833 2152 880 2180 ea,
907 2152 988 2186 quae
1021 2148 1068 2174 est

317 2193 420 2227 carnis
444 2191 601 2228 nobilitas.
624 2191 678 2225 sed
697 2190 725 2224 in
753 2189 820 2224 suis
841 2190 1003 2224 dumtaxat
1019 2190 1068 2223 in-

317 2240 516 2275 firmitatibus
535 2239 664 2286 gloriam
680 2239 870 2279 assumebat3
893 2238 1068 2278 advertens,

318 2289 471 2324 fructibus
497 2290 624 2324 divinae
655 2289 833 2323 dilectionis
867 2299 1066 2334 nequaquam

317 2338 456 2381 destitui,
480 2350 537 2373 nec
552 2350 682 2372 munere
705 2349 860 2384 supernae
879 2336 1069 2371 benedictio—

318 2387 364 2421 nis
393 2389 462 2422 illos
484 2387 633 2427 fraudari,
655 2399 734 2434 quos
765 2387 943 2421 salutiserae
980 2386 1069 2419 infir-

316 2437 431 2471 mitatis
453 2436 600 2471 acredine
627 2448 643 2471 a
666 2444 753 2483 patre
777 2435 930 2481 contingit
966 2434 1069 2469 bene-

318 2486 386 2519 volo
414 2487 545 2520 visitari.

364 2534 384 2581 S
420 2539 452 2569 5.
490 2535 588 2569 Porro
626 2534 701 2568 dum
740 2532 870 2588 puerula
908 2532 985 2575 fuit,
1020 2532 1068 2566 vix

317 2584 485 2629 quicquam
511 2582 631 2630 puerile
649 2582 746 2629 gessit
766 2583 796 2617 in
820 2594 927 2629 opere,
950 2590 979 2616 et
1002 2593 1071 2629 pro-

1111 317 1289 351 adversario
1316 315 1377 350 ulla
1407 316 1531 352 occasio
1552 315 1708 351 maledicti
1735 328 1860 364 suppe-
1884 320 1937 342 ”¹¹⁰¹
1954 319 2056 342 ‘⁰¹⁰ffl‘

1112 374 1202 404 teret
1220 377 1291 400 cnm
1311 366 1412 401 clarae
1435 366 1605 401 memoriae
1623 365 1762 401 Hentico
1779 367 1860 402 duce
1871 355 1949 403 iiiiii(
1957 356 2056 402 anili?

1113 415 1261 449 Pnloniae
1278 415 1509 450 matrimonium
1527 415 1615 450 duxit
1632 416 1772 462 legitime
1787 428 1862 451 con-

1112 465 1313 505 trabendum,
1349 466 1378 499 in
1417 477 1480 512 quo
1514 465 1703 511 tripartitum
1741 465 1860 500 bonnm

1110 514 1248 560 coniugii
1277 513 1443 549 salubriter
1465 514 1692 555 conservando,
1714 515 1760 550 sic
1782 528 1860 561 pru-

1110 563 1222 598 denter
1243 575 1277 597 se
1303 564 1411 609 gessit,
1433 563 1516 610 quod
1540 564 1620 598 thori
1644 564 1736 599 lideni
1761 564 1860 599 invio-

1111 611 1202 647 latam
1231 613 1424 653 custodiens,
1452 622 1481 646 et
1515 612 1634 659 prolem
1669 613 1698 647 in
1733 612 1790 648 Dei
1818 615 1860 649 ti-

1111 674 1197 696 more
1223 670 1407 716 susceptam
1425 662 1586 702 erudiens,
1609 661 1648 696 ab
1674 663 1742 707 ipso
1764 662 1858 705 duce,

1110 711 1159 745 cui
1188 723 1249 745 non
1273 711 1433 758 praecipiti
1459 711 1626 757 voluptatis
1649 712 1775 753 affectu,
1801 713 1856 748 sed

1109 759 1246 795 discreto
1279 772 1404 815 semper
1437 760 1608 796 inhaesisse
1637 760 1754 796 iudicio
1785 774 1858 797 cre-

1109 809 1194 844 ditur
1221 810 1360 850 rationis,
1396 821 1564 856 quousque
1599 818 1645 844 est
1675 820 1857 858 assumptus

1108 859 1147 892 de
1170 858 1286 897 medio,
1313 872 1369 904 per
1389 860 1598 905 separationis
1625 859 1770 894 iniuriam
1794 873 1855 895 non

1108 907 1243 943 divertit.
1271 907 1369 947 Licet,
1399 917 1430 942 ut
1452 909 1585 943 orationi
1608 917 1638 943 ct
1659 909 1857 956 contempla·

1108 958 1185 991 tioni
1209 965 1354 992 vacarent
1383 957 1538 1000 devotius,
1574 957 1699 992 thorum
1722 970 1763 993 ex
1790 960 1856 1006 pari

1107 1015 1180 1041 voto
1202 1016 1232 1042 et
1259 1019 1416 1042 consensu
1441 1007 1581 1041 unanimi
1606 1019 1661 1053 per
1688 1008 1784 1042 multa
1807 1021 1853 1043 an⁴

1108 1068 1219 1091 norum
1243 1056 1397 1091 curricula
1420 1055 1587 1091 habuerint
1611 1066 1856 1104 sequestratum,

1107 1118 1178 1140 curn
1201 1105 1342 1140 Creatori
1370 1117 1428 1139 suo
1456 1105 1562 1140 minus
1589 1106 1721 1153 obsequi
1756 1106 1856 1142 valeat

1105 1155 1144 1190 ad
1169 1155 1256 1201 plura
1284 1154 1453 1190 distractus
1478 1155 1615 1210 animus,
1642 1164 1673 1190 et
1694 1155 1760 1191 viro
1789 1156 1856 1203 pla-

1105 1216 1177 1240 eere
1210 1205 1344 1251 cupiens
1376 1204 1502 1258 mulier,
1535 1204 1565 1238 in
1602 1205 1650 1240 his
1680 1217 1762 1253 quae
1796 1204 1853 1241 Dei

1105 1261 1189 1294 sunt,
1213 1251 1396 1288 interdum
1396 1254 1524 1300 segnior
1545 1253 1706 1289 habeatur.

1154 1303 1174 1350 S
1191 1306 1223 1337 4.
1245 1303 1317 1358 lpso
1332 1303 1470 1350 deniqne
1487 1302 1568 1338 duce
1584 1303 1854 1345 christianissime,
1867 1309 1942 1362 cmv·
1954 1310 2051 1332 m⁰n¹⁸¹¹¹

1107 1362 1198 1400 prout
1220 1353 1383 1393 asseritur,
1406 1352 1552 1406 spiritum
1575 1353 1751 1393 exhalante,
1773 1365 1855 1401 pro·
1868 1341 2052 1393 “praetensi-e·-

1106 1403 1192 1436 tinus
1214 1402 1252 1436 ad
1274 1401 1373 1446 Illius,
1395 1414 1488 1436 cutus
1513 1401 1782 1448 pulchritudinem
1807 1402 1853 1438 sol

1105 1460 1136 1486 et
1158 1452 1229 1486 luna
1265 1451 1429 1494 mirantur,
1465 1459 1621 1497 tamquam
1657 1451 1755 1487 libera
1781 1460 1855 1487 eta

1106 1502 1175 1546 lege
1202 1500 1257 1534 viri
1281 1500 1436 1535 terrestris
1462 1500 1576 1539 soluta,
1600 1500 1751 1535 familiare
1771 1512 1856 1536 con-

1105 1551 1236 1584 soi-tium
1259 1550 1396 1595 amplius
1422 1549 1582 1596 aspiravit.
1604 1549 1667 1584 Sed
1690 1561 1762 1584 curn
1791 1561 1854 1585 non

1106 1600 1282 1633 inveniatur
1317 1611 1346 1632 tn
1382 1606 1463 1632 terra
1500 1607 1636 1633 suaviter
1670 1607 1854 1640 viventium,

1105 1658 1294 1694 coetumque
1322 1647 1562 1693 malignantium
1595 1647 1778 1692 detestetur,
1801 1647 1853 1684 ubi

1106 1698 1207 1744 potuit
1230 1699 1312 1740 (cuin
1336 1704 1421 1730 totus
1444 1696 1582 1730 mundus
1603 1697 1633 1731 in
1657 1696 1796 1742 maligno
1813 1698 1855 1733 sit

1107 1748 1239 1793 positus)
1262 1744 1420 1792 reperire?
1440 1745 1490 1779 uhi
1510 1745 1591 1779 Eum
1611 1746 1787 1792 qnaesivit?
1803 1746 1854 1782 ubi

1108 1796 1196 1830 lllum
1226 1795 1353 1837 invenit,
1376 1796 1467 1828 cuius
1488 1794 1645 1829 desiderio
1667 1795 1856 1842 languebat?

1107 1845 1144 1880 Et
1170 1845 1299 1891 quidem
1329 1844 1404 1878 dum
1432 1843 1648 1879 difficultatem
1676 1845 1855 1880 inveniendi

1106 1894 1290 1935 attenderet,
1318 1901 1348 1928 et
1375 1905 1436 1927 non
1469 1901 1576 1939 posset
1611 1905 1672 1928 non
1705 1906 1856 1941 quaerere

1106 1956 1201 1990 quem
1232 1942 1366 1983 amabat,
1393 1941 1563 1976 fluctuabat
1591 1943 1723 1977 nimium
1753 1944 1856 1991 ipsius

1107 1994 1246 2035 animus,
1281 2000 1311 2026 ct
1344 1991 1425 2025 inter
1463 1991 1674 2038 perplexitatis
1709 1993 1856 2039 scopulos

1108 2041 1325 2076 vehementius
1349 2039 1531 2074 iactabatur.
1564 2040 1696 2086 Vigebat
1719 2054 1856 2090 namque

1108 2102 1195 2125 amor
1221 2101 1384 2144 quaerere,
1406 2089 1460 2124 sed
1483 2090 1512 2123 d
1520 2089 1650 2125 fficultas
1678 2090 1856 2126 inveniendi

1108 2140 1344 2193 quaerendum,
1359 2139 1533 2174 interiectis
1553 2138 1711 2179 obicibus,
1742 2140 1790 2175 sui
1819 2141 1856 2175 fi-

1109 2201 1180 2224 nem
1218 2188 1369 2235 propositi
1410 2188 1594 2223 retardabat.
1629 2188 1746 2236 Sicque
1779 2188 1853 2224 dum

1109 2238 1138 2272 in
1163 2238 1288 2283 ancipiti
1312 2245 1482 2279 teneretur,
1504 2250 1609 2272 sacrae
1627 2238 1753 2272 demum
1769 2237 1856 2274 Scri-

1111 2295 1218 2332 pturae
1246 2286 1455 2321 relationibus
1477 2295 1522 2321 est
1543 2286 1611 2322 eius
1631 2286 1762 2322 auribus
1782 2299 1856 2322 cae—

1109 2337 1182 2370 litus
1203 2335 1401 2375 instillatum,
1425 2335 1507 2382 quod
1537 2336 1693 2371 invenitur
1719 2336 1749 2370 in
1767 2348 1857 2371 cam-

1111 2385 1157 2431 pis
1178 2384 1282 2432 sylvae
1304 2392 1334 2418 et
1356 2393 1402 2419 est
1430 2397 1502 2419 cum
1531 2384 1727 2431 simplicibus
1753 2397 1856 2420 sermo

1109 2434 1188 2468 eius.
1212 2433 1301 2468 Tunc
1324 2433 1454 2468 sollicita
1477 2433 1656 2469 discutrere
1679 2434 1783 2480 coepit
1805 2434 1856 2468 in-

1109 2482 1220 2537 diginc
1262 2490 1292 2517 et
1333 2483 1514 2530 perquirere
1555 2491 1616 2517 tota
1653 2491 1769 2524 mente,
1804 2483 1855 2518 ubi

1109 2541 1183 2566 sunt
1206 2532 1253 2565 isti
1277 2532 1392 2578 campi,
1420 2544 1501 2578 quos
1527 2543 1582 2567 sua
1605 2531 1691 2566 Deus
1714 2544 1858 2579 praesen-

1110 2581 1152 2615 tia
1179 2581 1226 2615 sic
1248 2580 1392 2621 illustrat,
1425 2589 1455 2615 et
1483 2581 1513 2615 in
1541 2580 1658 2627 quibus
1691 2580 1741 2615 illa
1773 2581 1857 2628 viget

317 2632 471 2666 ductioris
493 2633 602 2667 aetatis
636 2641 776 2679 tempore
802 2631 1004 2670 succedente,
1031 2642 1070 2664 ne
1087 2641 1093 2680 ι
1110 2629 1308 2676 simplicitas,
1335 2641 1416 2676 quae
1438 2630 1532 2676 digna
1559 2629 1674 2665 divinis
1693 2630 1858 2666 affectibus
