2129 3223
48 242 104 271 flu.
119 243 149 270 C.
170 242 238 270 ¹199

291 301 409 330 dunmr.
429 315 468 321 -
491 299 659 338 Scripturae
681 300 853 329 auctoritate
872 300 996 329 demon—

290 353 363 378 strat
381 347 457 377 tilios
475 347 505 376 in
523 347 624 384 regnis
650 352 767 386 propter
794 353 905 386 patrum
925 357 996 387 pec-

288 402 350 428 cata
384 397 513 436 punitos,
544 412 582 418 —
612 395 652 425 De
684 395 796 425 Othone
826 407 839 425 a
874 398 996 436 paucio—

288 445 370 476 ribus
396 445 498 474 electo.
520 461 559 466 —
581 444 650 474 Eius
673 445 777 474 electio
803 445 940 483 legitima.
960 462 997 466 —

285 493 356 524 Eius
375 494 542 533 qualitates,
560 493 749 523 -Declarnt.
764 493 912 523 lnnocent.
925 495 995 533 quid

284 543 431 580 agendum
462 543 499 572 sit
530 543 566 572 ab
598 542 787 571 electoribus.
818 559 856 564 —
887 543 995 572 Othoni

286 599 352 620 vero
371 591 526 621 favendum
547 591 677 620 omnino.

292 665 326 700 ln
362 666 488 700 nomine
515 665 615 700 Patris
639 673 669 700 et
697 664 770 699 Filii
804 673 834 699 et
855 664 994 711 Spiritus

47 719 120 770 ,.⁵‘¹¹⁵’'
137 720 230 771 “⁰⁵¹5
243 718 364 754 Sancti.
402 719 535 753 Interest
566 719 769 766 Apostolicae
803 718 896 753 Sedis
921 719 994 752 dili-

47 756 230 816 tiiizrissnfiifmaf
242 780 353 819 genter
384 781 415 807 et
441 773 613 820 prudenter
641 772 680 806 de
708 772 832 819 imperii
856 772 991 807 Romani

47 810 216 832 ”⁰⁴³⁰“n‘m'm‘
242 827 422 872 provisione
444 835 587 865 tractare,
620 838 692 861 cum
727 825 897 872 imperium
934 840 993 861 no-

240 886 346 915 scatur
375 880 413 915 ad
444 893 513 916 earn
550 879 762 927 principaliter
794 889 823 913 et
861 880 992 915 finaliter

239 933 415 980 pertinere;
438 932 666 981 principaliter,
695 945 766 966 cum
795 944 851 979 per
878 933 990 979 ipsam,

237 994 270 1020 et
290 996 421 1034 propter
447 988 547 1034 ipsam
574 986 613 1021 de
635 985 765 1020 Graecis
787 987 825 1020 sit
858 987 991 1021 transla-

238 1043 327 1084 tum,
354 1052 411 1087 per
445 1041 543 1086 ipsam
574 1040 790 1074 translationis
818 1040 989 1079 actricem,

239 1095 480 1140 propteripsam
504 1093 619 1127 melius
637 1092 885 1128 defendendam:
911 1094 990 1128 fina-

236 1146 308 1181 liter
328 1148 476 1194 quoniam
496 1146 695 1193 imperaliter·
709 1159 723 1180 a
748 1145 882 1180 Summo
903 1146 991 1181 Pon-

239 1198 320 1235 tifice
341 1200 466 1235 finalem
489 1201 555 1234 sive
581 1199 724 1233 ultimam
749 1212 862 1234 manus
885 1200 990 1247 impo-

238 1254 384 1289 sitionem
401 1254 608 1301 promotionis
626 1254 751 1300 proprie
769 1253 894 1299 accipit,
913 1253 987 1289 dum

238 1308 278 1343 ab
303 1320 343 1346 eo
367 1304 580 1347 benedicitur,
602 1314 783 1346 coronatur,
811 1314 840 1340 et
866 1307 904 1341 de
928 1309 987 1342 im-

41 1357 172 1411 cnffffifff
187 1366 225 1409 “m
237 1361 327 1408 perio
358 1361 533 1396 investitur.
569 1360 664 1401 Quod
686 1359 844 1394 Henricus
870 1361 988 1406 optime

41 1421 160 1441 tnvwssui»
239 1426 470 1461 recognoscens
498 1426 514 1448 a
548 1414 647 1448 bonae
674 1413 847 1447 memoriae
874 1412 988 1449 Coele-

237 1468 320 1502 stino
351 1467 434 1515 Papa
470 1467 715 1515 praedecessore
750 1469 882 1511 nostro,
918 1478 987 1515 post

235 1530 416 1569 susceptam
438 1522 477 1556 ab
498 1533 536 1556 eo
557 1533 719 1565 coronam,
747 1533 819 1555 cum
842 1521 988 1568 aliquan—

237 1575 338 1610 tulum
359 1575 577 1619 abscessisset,
593 1574 718 1609 rediens
737 1574 863 1608 tandem
887 1575 923 1609 atl
941 1589 986 1619 se,

236 1629 276 1664 ab
299 1629 368 1676 ipso
394 1628 433 1662 de
465 1628 598 1674 imperio
632 1640 686 1674 per
710 1627 822 1674 pallam
860 1640 985 1664 auream

4 1654 223 1764 Qffi‘fe‘ffi‘gffig
239 1683 327 1730 petiit
361 1682 512 1717 investiri.
540 1681 628 1716 Sicut
659 1689 763 1715 autem
792 1693 893 1727 nuper
923 1690 987 1717 tres

4 1719 87 1777 2⁷¹3ss
110 1745 131 1764 in
154 1745 223 1771 imre·
238 1744 313 1770 sunt
335 1736 366 1769 in
394 1747 482 1781 reges
509 1735 611 1778 electi,
634 1746 712 1781 puer
739 1737 784 1776 (l)
807 1733 985 1782 Philippus,

6 1777 101 1830 ἕψω
239 1796 269 1823 et
289 1788 377 1829 Otto,
406 1790 451 1823 sic
480 1789 537 1823 tria
559 1798 633 1823 sunt
665 1788 748 1822 circa
775 1787 918 1833 singulos
940 1799 987 1824 at-

239 1841 408 1883 tendenda,
429 1842 505 1889 quid
533 1842 637 1885 liceat,
664 1841 738 1888 quid
766 1841 888 1885 deceat,
910 1843 986 1889 quid

237 1894 394 1942 expediat.
429 1894 520 1930 Circa
558 1908 689 1942 puerum
723 1894 851 1941 quidem
888 1895 984 1930 filium

238 1948 438 1995 imperatoris
464 1947 591 1983 Henrici
618 1948 696 1982 facie
723 1948 820 1994 prima
848 1948 984 1989 videtur,

237 2001 320 2048 quod
356 2013 419 2036 non
452 2001 543 2036 liceat
574 2010 682 2036 contra
708 2002 777 2036 eius
799 2003 984 2038 electionem

237 2055 362 2095 venire,
396 2067 478 2101 quae
512 2055 688 2090 iuramento
720 2064 767 2089 est
806 2056 984 2103 principum

237 2108 392 2144 roborata.
415 2108 494 2143 Nam
513 2109 571 2142 etsi
599 2109 809 2143 iuramentum
834 2109 910 2144 illud
939 2112 985 2145 vi-

236 2161 349 2197 deutur
371 2161 520 2197 violenter
541 2170 709 2201 extortum,
733 2175 794 2197 non
818 2172 865 2197 est
880 2171 984 2198 tamen

235 2215 309 2250 *ideo
327 2227 394 2250 non
415 2214 618 2255 servandum,
637 2227 709 2250 cum
733 2216 806 2251 licet
825 2217 985 2251 iuramen-

238 2277 306 2305 tum
341 2271 428 2317 quod
463 2268 650 2304 Gabaonitis
677 2271 895 2316 praestiterunt
928 2272 983 2305 filii

233 2320 333 2359 israel
351 2324 443 2359 suerit
460 2335 514 2371 per
534 2323 675 2358 fraudem
690 2320 887 2370 subreptum,
908 2324 983 2359 illud

236 2376 342 2412 'tamen
365 2377 569 2412 nibilominus
587 2376 794 2412 decreverunt
812 2378 984 2414 observan-

233 2430 326 2470 dum.
348 2430 513 2466 Praeterea
533 2431 590 2466 etsi
613 2443 629 2465 a
653 2431 809 2479 principio
831 2432 921 2467 suerit
937 2433 984 2467 sic

237 2478 413 2526 extortum,
441 2485 642 2532 postmodum
669 2492 774 2519 tamen
805 2494 891 2532 pater
915 2487 985 2521 eius

268 2553 312 2589 (l)
330 2554 481 2581 Fridericus
496 2555 542 2589 (ita
558 2555 582 2580 in
600 2554 713 2581 Baluzio,
732 2561 757 2579 Β.
775 2555 824 2588 τ.).

315 2597 390 2627 ΒηΙΙ.
407 2597 485 2627 Rom.
510 2597 562 2626 Vol.
582 2597 624 2626 ΙΙΙ
790 2597 828 2626 22

7 1608 22 1634 ὶ,

7 1639 29 1653 ¹⁴·

861 240 1028 263 lNNOCENt't
1036 240 1069 262 t's
1092 241 1113 262 ll
1121 242 1126 260 l
1152 241 1199 262 ΡΙ).

1672 234 1739 266 169

1041 295 1219 339 intelligens
1239 307 1273 328 se
1296 308 1457 342 perperam
1482 298 1683 343 processisse,
1706 299 1788 333 iura-

1040 356 1180 382 mentum
1210 348 1356 383 relaxavit
1385 350 1593 396 principibus,
1620 359 1651 385 et
1670 351 1788 387 litteras

1039 413 1134 447 super
1157 402 1256 448 ipsius
1277 403 1429 438 electione
1456 405 1590 439 remisit:
1619 406 1672 451 qui
1698 416 1788 453 post-

1038 455 1166 489 modum
1191 468 1322 502 puerum
1358 457 1481 503 ipsum,
1517 467 1602 504 patre
1635 459 1787 504 absente,

1037 517 1150 554 sponte
1179 521 1214 543 ac
1249 510 1448 544 concorditer
1476 511 1654 557 elegerunt,
1683 513 1788 548 fideli-

1037 569 1130 597 tatem
1154 563 1182 596 ei
1217 574 1297 610 pene
1320 563 1444 609 penitus
1470 576 1581 599 omnes
1603 576 1631 600 et
1657 567 1784 613 quidam

1038 614 1203 650 hominum
1234 617 1430 651 exhibentes.
1455 617 1544 651 Unde
1573 632 1633 653 non
1664 621 1786 656 videtur

1036 667 1130 703 licere
1152 677 1259 704 contra
1282 670 1363 704 licita
1388 671 1559 706 iuramenta
1590 673 1704 707 venire.
1728 674 1785 708 Vi—

1035 721 1128 756 detur
1161 723 1255 756 etiam
1292 735 1353 757 non
1393 723 1505 759 decere
1541 733 1573 758 ut
1604 737 1676 760 cum
1717 727 1784 774 ipse

1035 774 1236 821 Apostolicae
1258 775 1350 810 Sedis
1378 777 1416 811 sit
1445 778 1559 812 tutelae
1581 781 1783 821 commissus,

1034 835 1062 860 et
1081 827 1140 862 sub
1158 829 1226 863 eius
1249 830 1443 876 protectione
1466 842 1623 878 receptuS,
1643 845 1698 878 per
1715 846 1782 869 eam

1034 881 1173 926 privetur
1200 882 1350 929 imperio,
1374 896 1428 931 per
1450 897 1543 931 quain
1573 886 1604 920 in
1635 886 1703 921 iure
1725 900 1783 923 suo

1034 934 1131 969 suerat
1147 935 1380 972 confovendus:
1402 938 1536 973 maxime
1552 951 1623 974 cum
1640 940 1680 974 sit
1702 943 1783 976 scri-

1034 995 1134 1033 ptum:
1158 988 1285 1035 Pupillo
1307 999 1338 1024 tu
1363 992 1426 1025 eris
1447 992 1583 1027 adiutor.
1606 993 1700 1034 Quod
1718 1007 1780 1030 non

1032 1041 1176 1086 expediat
1199 1052 1307 1077 contra
1332 1044 1433 1090 ipsum
1463 1046 1582 1089 venire,
1610 1046 1661 1081 illa
1689 1060 1781 1094 prae-

1031 1094 1137 1128 sertim
1166 1096 1284 1130 ratione
1319 1097 1452 1138 videtur,
1482 1099 1566 1145 quod
1601 1111 1673 1135 cum
1698 1103 1778 1137 idem

1033 1158 1111 1191 puer
1132 1147 1169 1181 ad
1189 1160 1289 1184 annos
1311 1150 1508 1186 discretionis
1531 1155 1716 1199 perveniens
1736 1157 1782 1190 in-

1032 1200 1185 1235 tellexerit
1201 1214 1255 1248 per
1270 1202 1446 1239 Romanam
1463 1205 1637 1242 Ecclesiam
1657 1208 1780 1256 imperii

1030 1265 1065 1287 se
1094 1254 1214 1290 honore
1246 1257 1423 1302 privatum,
1462 1271 1525 1293 non
1559 1268 1682 1296 tanturn
1718 1275 1781 1298 non

1030 1307 1192 1342 exhibebit
1215 1310 1242 1343 ei
1265 1311 1471 1346 reverentiam
1501 1321 1699 1359 consuetam,
1725 1317 1780 1351 sed

1031 1360 1130 1406 ipsam
1157 1363 1263 1408 potius
1287 1363 1388 1397 modis
1406 1364 1522 1410 quibus
1545 1367 1658 1412 poterit
1682 1368 1782 1416 impu-

1029 1413 1149 1457 gnabit,
1172 1423 1201 1449 et
1228 1428 1361 1461 regnum
1385 1417 1513 1453 Siciliae
1535 1420 1672 1455 retrahet
1692 1433 1708 1456 a
1731 1421 1783 1458 de-

1030 1467 1154 1502 votione
1183 1469 1299 1515 ipsius,
1331 1479 1361 1504 et
1391 1472 1515 1517 negabit
1539 1473 1566 1507 ei
1589 1474 1779 1521 obsequium

1029 1530 1230 1556 consuetum.
1266 1523 1382 1558 Verum
1405 1527 1597 1561 contrarium
1628 1541 1645 1562 e
1672 1538 1778 1564 contra

1031 1573 1164 1618 videtur,
1190 1577 1273 1622 quod
1302 1578 1402 1618 liceat,
1431 1579 1574 1615 videlicet
1602 1581 1712 1617 deceat
1749 1592 1779 1618 et

1029 1628 1173 1673 expediat
1192 1631 1298 1664 venire
1317 1640 1425 1666 contra
1451 1633 1639 1670 electionem
1667 1636 1777 1682 ipsius.

1028 1680 1120 1722 Quod
1150 1683 1239 1717 liceat
1276 1685 1399 1720 videtur
1432 1699 1469 1721 ex
1503 1700 1540 1722 eo
1574 1689 1659 1735 quod
1695 1691 1779 1726 iura-

1030 1743 1132 1769 menta
1168 1736 1216 1771 illa
1241 1738 1354 1772 fuerint
1382 1740 1500 1782 illicita,
1534 1751 1563 1776 et
1591 1742 1704 1777 electio
1728 1745 1776 1778 in-

1028 1784 1173 1822 discreta.
1202 1789 1373 1837 Elegerunt
1408 1794 1490 1828 enim
1519 1808 1685 1841 personam
1715 1810 1775 1832 nou

1029 1838 1185 1883 idoneam,
1209 1856 1332 1879 necnon
1356 1847 1457 1881 solum
1482 1845 1626 1895 imperio,
1648 1850 1701 1884 sed
1719 1863 1776 1885 nec

1028 1892 1119 1927 alicui
1144 1896 1246 1932 officio
1268 1909 1508 1946 congruentem,
1531 1914 1665 1948 puerum
1690 1904 1776 1938 vitle-

1028 1946 1099 1982 licet
1131 1950 1179 1984 vix
1207 1950 1343 1987 duorum
1371 1966 1547 2000 annorum,
1573 1964 1605 1990 et
1632 1957 1773 1992 nondum

1027 2002 1106 2035 sacri
1141 2003 1344 2051 Baptismatis
1380 2007 1462 2042 unda
1495 2019 1650 2044 renatum.
1683 2009 1774 2044 Unde

1028 2066 1089 2089 nou
1120 2057 1264 2092 videntur
1299 2069 1361 2094 tam
1396 2060 1504 2095 illicita
1538 2071 1567 2096 et
1605 2063 1772 2097 indiscreta

1028 2108 1200 2145 iuramenta
1230 2113 1394 2147 servanda.
1420 2114 1484 2148 Nec
1506 2115 1595 2149 obest
1628 2116 1711 2162 quod
1734 2116 1774 2150 de

1026 2161 1211 2197 Gabaonitis
1245 2166 1410 2210 obiicitur,
1447 2181 1518 2202 cum
1560 2170 1771 2203 iuramentum

1028 2214 1103 2249 illud
1133 2220 1265 2263 potuerit
1292 2220 1360 2254 sine
1383 2220 1543 2257 israelitici
1572 2222 1679 2268 populi
1706 2223 1772 2257 lae-

1026 2268 1115 2303 sione
1129 2272 1255 2312 servari,
1280 2272 1354 2307 haec
1369 2281 1470 2308 autem
1486 2275 1600 2309 servari
1617 2284 1772 2322 nequeant

1026 2321 1145 2369 absque
1176 2326 1260 2370 gravi
1287 2326 1415 2369 iactura,
1443 2339 1505 2361 non
1537 2328 1630 2362 unius
1656 2329 1772 2374 gentis,

1026 2375 1079 2409 sed
1107 2375 1266 2412 Ecclesiae
1294 2378 1427 2419 damno,
1455 2388 1484 2414 et
1518 2380 1684 2427 dispendio
1712 2395 1773 2430 po-

1027 2428 1092 2474 puli
1116 2430 1289 2465 christiani.
1321 2431 1384 2466 Nec
1407 2433 1508 2468 obstat
1530 2434 1613 2481 quod
1636 2437 1771 2483 opponi-

1027 2489 1075 2515 tur
1110 2483 1283 2519 iuramenta
1320 2485 1368 2519 illa
1397 2486 1476 2520 licita
1508 2488 1684 2523 secundum
1720 2490 1770 2524 in-

1026 2537 1197 2571 tentionem
1233 2538 1399 2573 iurantium
1435 2540 1582 2574 extitisse.
1609 2541 1770 2588 Intellige-

1027 2587 1097 2622 bant
1120 2591 1202 2624 enim
1222 2591 1305 2636 quod
1328 2593 1383 2626 etsi
1406 2604 1478 2626 eum
1507 2601 1581 2627 tunc
1603 2594 1634 2629 in
1668 2595 1770 2641 impe·-

1807 244 1855 270 Λιι.
1874 244 1902 270 C.
1919 245 1986 269 1¹99

1804 1044 1903 1065 Rationes
1917 1050 1981 1071 impe·

1796 1081 1847 1095 itum
1883 1074 1979 1101 Philippu

1796 1106 1935 1125 adiudicandi.
