2129 3223
21 262 70 293 ΑΩ.
89 262 115 291 G.
135 263 199 290 ΗΒΕ

46 612 174 634 sacramenti

21 645 145 666 nutrimenti
157 645 202 665 vlo-

22 675 81 697 tator.

33 1458 156 1486 husa-:itum

22 1490 60 1513 1³1³.
74 1490 139 1520 'super
161 1491 202 1512 hin.

41 2248 131 2275 Roscios
159 2251 208 2274 ὲιιὸι

28 2281 96 2305 eta-ai
112 2276 209 2305 mutne-

28 2313 116 2335 rotinus.

1624 248 1693 283 587

213 319 363 355 libertatis
397 317 561 366 privilegio
596 325 627 353 et
662 318 797 354 veritatis
831 316 957 353 oraculo
998 321 1131 363 paratos,
1153 316 1238 364 quod
1267 316 1348 352 idem
1383 316 1422 352 de
1444 315 1510 352 Deo
1539 321 1570 351 et
1591 314 1741 351 catholica

213 369 382 409 destitutis,
414 366 503 403 facite
534 374 588 415 per
617 367 784 414 magistros
816 374 956 405 errorum
996 365 1074 401 Fide
1103 365 1260 411 credebat,
1287 366 1461 402 secundum
1493 365 1577 414 quod
1598 357 1742 401 Romana

213 418 274 454 sub
297 417 443 466 praedicti
478 416 597 452 Ezelini
629 417 785 464 praesidio
811 416 849 452 ad
880 416 958 452 sub-
998 423 1082 451 tenet
1107 414 1245 451 Ecclesia
1271 424 1302 452 et
1332 416 1422 451 docet
1443 423 1512 451 esse
1537 414 1740 451 credendum.

214 466 380 503 vertendas
411 465 549 502 fidelium
577 473 698 501 mentes
734 466 764 501 in
803 466 958 502 Marchiae
997 464 1058 501 Sed
1082 464 1229 513 quoniam
1252 472 1268 501 a
1291 465 1373 501 dicto
1398 466 1546 512 episcopo
1574 464 1619 501 vel
1641 476 1657 500 a
1683 476 1743 500 no-

213 516 393 552 Tervisinae
416 515 556 562 partibus
577 524 783 563 emergentes,
805 516 835 550 in
859 516 959 563 publi·
997 514 1045 550 bis
1065 513 1250 550 huiusmodi
1277 515 1418 562 purgatio
1440 514 1574 550 admissa
1598 520 1660 550 non
1688 526 1743 550 ex-

215 573 285 602 cum
311 577 454 614 perversa
479 564 657 601 infectionis
683 565 855 601 baereticae
878 565 957 612 dog-
998 564 1073 606 tuit,
1110 573 1182 600 cum
1223 564 1252 598 in
1290 571 1376 599 tanto
1416 564 1548 599 crimine
1587 575 1648 599 non
1688 575 1744 612 pei·

807 260 1015 285 lusocsssnts
1042 260 1074 283 tv
1101 260 1150 283 PP.

1755 259 1804 286 An*
1827 259 1855 286 C.
1872 260 1935 288 taut

1769 470 1936 493 Dte-etinheim.

1756 507 1778 524 ut
1796 502 1873 524 Rom-10
1888 507 1937 529 ροτ-

1756 535 1857 556 sonaliter
1873 535 1937 555 nisio--

1757 568 1788 586 rot

215 623 294 651 mata
308 621 523 662 suggerantur.
536 614 695 650 Execrans
707 622 863 662 praeterea
876 627 959 649 com-

214 676 311 700 mune
338 664 485 700 omnibns
517 664 661 711 gentibus
687 672 718 699 et
750 673 899 710 magnum
927 665 956 698 in

214 713 342 750 Christo
386 721 417 749 et
451 713 591 750 Ecclesia
623 714 814 749 matrimonii
848 725 957 748 sacra-

215 773 368 807 mentnm,
394 763 477 811 quod
513 776 574 798 non
607 763 764 798 humanae
791 762 958 798 voluntatis

215 814 352 848 inventio
373 813 489 854 statuit,
518 813 570 848 sed
594 812 718 848 divinae
748 812 957 848 institutionis

215 861 415 898 commendat
448 863 632 905 authoritas,
659 861 743 909 quod
779 862 957 908 temporali-

215 919 261 948 ter
280 912 409 948 orientis
433 919 468 946 ex
484 911 611 947 homine
635 910 802 946 Salvatoris
816 911 958 946 nativitas

215 962 395 1002 honoravit,
437 961 585 1009 quodque
630 962 752 996 cunctis
789 961 851 996 fere
885 961 958 995 ani-—

214 1010 372 1046 mantibus
399 1012 539 1057 suggerit
557 1012 585 1045 in
609 1011 655 1045 eis
676 1011 789 1045 insitus
812 1010 888 1045 ordo
908 1022 959 1045 na-

214 1068 314 1105 turae,
328 1058 499 1095 damnabili
519 1067 550 1094 et
577 1060 616 1095 de
631 1068 703 1108 typo
719 1059 958 1094 abominationis

215 1110 391 1146 haereticae
416 1109 602 1156 procedente
625 1109 891 1156 praesumptionis
909 1121 958 1143 au-

215 1159 315 1204 dacia,
341 1167 477 1206 separat,
492 1166 598 1194 contra
633 1158 725 1205 Legis
759 1158 958 1204 evangelicae

214 1208 427 1251 interdictum,
456 1208 612 1255 legitimae
631 1208 864 1243 coniunctionis
892 1207 959 1242 foe-

215 1258 289 1294 dere
302 1257 476 1305 copulatos,
495 1257 573 1292 adeo
595 1258 673 1292 inter
695 1257 866 1304 complices
884 1269 959 1291 suos

216 1307 304 1342 foeda
336 1306 491 1342 connubia
538 1315 569 1341 et
603 1305 778 1341 adulterina
813 1306 958 1352 coniugia

215 1355 450 1403 coniungendo,
471 1366 507 1390 ex
529 1356 644 1403 quibus
660 1356 764 1402 spuria
782 1356 958 1390 vitulamina

218 1405 383 1451 prodeunt,
419 1404 539 1440 radices
565 1404 641 1440 altas
675 1405 863 1452 posteritatis
886 1417 959 1450 pro-

192 1464 307 1502 ⁸spere
329 1466 390 1489 non
413 1454 533 1499 datura.
556 1454 621 1489 Nos
643 1454 759 1501 itaque,
785 1466 866 1500 quos
887 1454 960 1488 licet

217 1504 390 1539 immeritos
423 1502 576 1538 Summus
609 1503 747 1538 fidelium
781 1503 891 1538 Pastor
921 1502 958 1538 ad

216 1548 409 1599 arccndasa
444 1552 607 1600 redempto
644 1553 760 1587 Christi
798 1552 960 1599 Sanguine

216 1615 311 1650 grege
331 1596 442 1638 ferales
464 1603 614 1649 impetus,
642 1602 775 1637 salutem
798 1601 960 1636 christiani

218 1652 323 1700 populi
342 1651 501 1687 laedentes
518 1660 549 1686 et
571 1652 674 1693 vitam,
695 1663 816 1687 necnon
839 1651 876 1686 ad
900 1652 962 1686 hu-

218 1701 352 1738 iusmodi
390 1701 624 1748 investigandas
657 1701 793 1736 assiduis
828 1701 961 1747 vigiliis,

217 1750 449 1798 capienda-sque
487 1751 667 1798 vulpeculas
698 1750 856 1785 Ecclesiae
889 1762 962 1784 suae

219 1800 316 1836 voluit
343 1799 537 1847 praesidere,
574 1799 674 1834 valido
708 1800 844 1834 clamore
876 1798 963 1834 cbri-

217 1849 310 1885 stiani
331 1849 506 1895 sanguinis,
529 1861 590 1895 quo
617 1849 697 1884 idem
726 1848 877 1895 Ezelinus‘
899 1855 964 1883 ter-

219 1907 283 1934 ram
301 1899 436 1946 operuit,
456 1906 512 1933 nec
534 1898 638 1933 minus
651 1896 845 1944 evangelicae
864 1896 963 1943 Fidei,

219 1956 311 1996 quatu
336 1947 463 1982 molitur
489 1956 637 1985 evertere,
664 1947 802 1994 periculo
829 1946 963 1989 excitati,

221 2007 274 2044 per
299 1997 460 2043 religiosas
488 2004 636 2044 personas
663 1996 841 2031 discernere
870 2009 964 2032 cura-

221 2047 320 2082 vimus
346 2054 376 2081 et
401 2046 518 2086 videre,
540 2057 577 2080 an
607 2045 687 2080 idem
715 2044 860 2081 Ez‘eliuns
888 2044 963 2081 illud

219 2097 300 2132 cirea
319 2090 427 2131 Fidem
450 2094 633 2130 catholicam
657 2094 848 2141 naufragium
878 2103 965 2143 pate-

221 2153 317 2187 retur,
343 2146 426 2194 quod
455 2144 493 2180 de·
526 2145 593 2191 ipso
620 2144 802 2180 detestanda
839 2146 965 2180 nuncia-

221 2195 295 2231 baut
320 2201 426 2242 opera,
454 2200 483 2228 et
506 2194 626 2240 vulgata
653 2193 776 2229 infamia
806 2192 966 2242 praedica-

223 2245 282 2280 bat.
308 2244 389 2280 Cum
413 2250 517 2279 autem
547 2243 605 2290 ipsi
639 2243 771 2290 religiosi
798 2251 893 2291 super
918 2245 966 2279 bis

1004 1912 1021 1946 q

999 613 1147 654 nuncios,
1190 612 1244 648 sed
1288 626 1341 662 per
1382 613 1535 661 propriam
1578 618 1743 659 personam

998 663 1182 711 praestanda
1212 668 1294 698 esset
1326 664 1485 709 purgatio:
1520 668 1624 697 coram
1654 660 1744 698 nobis

998 713 1055 748 s1bi
1078 711 1278 760 praefiximus
1299 713 1479 752 terminum,
1495 724 1558 758 quo
1573 711 1744 759 apostolico

998 771 1031 797 se
1056 761 1237 807 conspectui
1266 767 1489 809 praesentaret.
1516 759 1656 797 facturus
1684 768 1744 796 su·-

998 820 1053 859 per
1093 812 1141 846 his
1178 811 1262 858 quod
1302 811 1380 846 ordo
1418 812 1556 857 eiigeret
1598 807 1744 853 rationis,

998 861 1100 896 oblata
1126 860 1185 896 sibi
1207 861 1246 896 de
1268 862 1432 896 securitate
1460 864 1612 907 pet-sonae
1639 859 1669 894 in
1693 872 1745 895 ve—

999 910 1112 946 niendo
1152 919 1181 946 et
1217 910 1380 946 redeundo
1418 909 1555 957 plenaria
1589 909 1742 945 cautione.

1000 959 1090 996 Unde
1123 960 1195 1008 quia
1228 972 1286 995 nec
1317 961 1348 995 in
1377 955 1488 995 eodem
1519 959 1666 1004 termino,
1689 972 1745 995 nec
1770 968 1817 990 aon
1854 973 1941 1002 comm-

1000 1017 1069 1057 post
1100 1010 1216 1057 ipsum,
1244 1010 1348 1044 venire
1376 1007 1423 1043 vel
1450 1008 1573 1044 mittere
1596 1004 1939 1056 procura-{gzssmssfmffi

1001 1060 1051 1100 vit,
1074 1059 1189 1105 ipsum,
1208 1059 1261 1106 qui
1285 1057 1421 1104 plurium
1443 1064 1509 1093 erat
1529 1058 1604 1093 alias
1622 1063 1746 1094 ex'com-

999 1109 1244 1143 municationum
1267 1106 1387 1156 laqueis
1416 1107 1567 1152 irretitus,
1596 1116 1626 1142 et
1659 1108 1743 1156 quot}

999 1158 1038 1193 de
1060 1157 1137 1193 Fide
1155 1156 1306 1192 catholica
1330 1157 1408 1192 male
1430 1157 1570 1197 sentiret,
1589 1165 1669 1191 certa
1694 1170 1745 1192 ra-

999 1207 1082 1242 tione
1105 1214 1282 1255 suspectus.
1304 1206 1510 1242 anathematis
1537 1206 1661 1241 vinculo
1679 1207 1746 1242 du—

999 1258 1102 1292 ximus
1137 1256 1368 1296 innodandum
1401 1255 1494 1291 alium
1523 1256 1551 1291 ei
1579 1256 1744 1291 terminum

999 1306 1214 1352 assignantes,
1252 1317 1315 1353 quo
1353 1305 1383 1339 in
1427 1310 1531 1340 nostra
1567 1310 1747 1353 compareat

1001 1354 1185 1403 praesentia,
1207 1360 1303 1402 super
1317 1354 1496 1401 praemissis
1515 1354 1669 1390 mandatis
1693 1355 1748 1390 Ec-

1000 1405 1113 1440 clesiae
1145 1404 1318 1451 pariturus;
1354 1403 1576 1439 denunciando
1612 1404 1748 1451 publice,

999 1454 1082 1502 quod
1110 1453 1170 1489 nisi
1198 1458 1299 1500 usque
1326 1451 1363 1487 ad
1392 1453 1560 1488 terminum
1588 1454 1692 1501 ipsum
1716 1453 1748 1488 id

1001 1504 1133 1543 facet-et,
1167 1513 1203 1538 ex
1243 1510 1316 1537 tunc
1348 1501 1591 1549 procederemus
1622 1502 1747 1550 gravius

1000 1560 1107 1588 contra
1137 1565 1208 1587 eum
1238 1552 1320 1587 iuxta
1349 1551 1503 1598 legitimas
1524 1561 1555 1588 et
1580 1553 1749 1588 canonicas

1001 1603 1187 1638 sanctiones.
1206 1601 1288 1636 Cum
1303 1609 1406 1636 autem
1420 1601 1525 1637 venire
1538 1615 1594 1637 seu
1615 1602 1748 1642 mittere,

1002 1652 1073 1686 licet
1105 1651 1181 1686 ultra
1217 1652 1383 1686 terminum
1412 1651 1530 1686 diutius
1556 1659 1747 1699 expectatus,

1002 1701 1209 1736 obstinatione
1223 1699 1394 1735 damnabili
1412 1700 1618 1748 despexisset,
1640 1708 1671 1736 et
1687 1707 1747 1737 nou

1002 1752 1102 1786 solum
1129 1762 1183 1797 per
1208 1762 1337 1792 annuum
1360 1749 1413 1784 secl
1439 1763 1493 1795 per
1515 1750 1686 1790 biennium.
1711 1751 1750 1785 ri-

1003 1800 1132 1847 lipensis
1171 1794 1329 1834 Ecclesiae
1366 1800 1521 1837 clavibus,
1556 1799 1747 1846 praedictum

1772 1267 1850 1289 Iterum
1860 1268 1940 1288 ciratus.

1003 1850 1204 1884 sustinuisset
1224 1846 1465 1884 contentibiliter
1483 1849 1665 1890 anathema;
1691 1854 1749 1885 nos

1027 1899 1075 1934 uia
1105 1911 1166 1933 non
1191 1898 1383 1934 debebamus
1410 1897 1540 1934 ulterius
1561 1902 1746 1934 canonicum
1776 1911 1830 1935 Laus
1870 1916 1944 1935 comt-a

1004 1956 1109 1984 contra
1132 1960 1202 1983 eum
1225 1947 1348 1983 differre
1375 1948 1537 1990 iudicium,
1570 1961 1663 1997 quem
1687 1957 1747 1994 tam
1763 1945 1946 1998 ξῧζὲξξξῦζζζζ

1005 1998 1133 2046 longum
1156 1996 1320 2044 diffugium
1343 2006 1370 2032 et
1393 2003 1455 2033 tarn
1479 1998 1556 2033 dura
1581 1994 1748 2046 pertinacia
1763 2009 1824 2029 enur.
1858 1993 1865 1997 ”
1882 1994 1889 1997 ”
1922 1995 1928 1997 ”

1006 2059 1091 2082 reum
1116 2047 1190 2082 tanti
1212 2047 1351 2083 criminis
1373 2046 1590 2088 ostendebant,
1614 2052 1751 2096 pracser-

1007 2098 1058 2132 tim
1086 2097 1157 2145 quia
1185 2096 1365 2132 huiusmodi
1388 2096 1492 2132 iudicii
1520 2098 1646 2133 tarditas
1669 2098 1750 2146 peri-

1005 2147 1144 2182 culosam
1172 2147 1250 2182 sorte
1272 2145 1429 2194 aliquibus
1457 2147 1626 2195 praebebat
1647 2147 1750 2182 autla-

1005 2196 1098 2239 ciam,
1132 2201 1162 2231 et
1198 2208 1278 2243 quos
1313 2208 1329 2231 a
1365 2192 1452 2230 malis
1479 2191 1619 2231 festinata
1659 2191 1751 2231 unius

1008 2257 1107 2292 poena
1129 2252 1357 2293 cotnpesceret‚
1384 2245 1533 2292 protelata
1557 2245 1683 2281 forsitan
1711 2246 1748 2281 ad

221 2305 294 2330 cum
321 2290 482 2340 diligentia
517 2293 722 2339 inquirentes,
757 2292 966 2342 eumdemque
1006 2294 1056 2329 illa
1086 2294 1221 2334 laxaret,
1251 2295 1395 2328 eumdem
1415 2294 1748 2343 Ezelinumtamquam

222 2343 261 2379 de
281 2342 360 2378 Fide
387 2342 503 2378 Christi
519 2354 589 2376 non·
610 2349 693 2377 recte
720 2342 834 2377 sentire
856 2349 885 2377 et
911 2343 967 2378 h'a-
1007 2342 1198 2378 haereticum
1214 2348 1404 2390 reputantes,
1421 2344 1749 2391 dec'revimusipsurn⁴

222 2392 289 2428 beri
310 2389 425 2428 debere
445 2397 622 2439 suspectam
646 2391 724 2426 veris
739 2391 860 2426 indiciis
879 2404 967 2427 com—

226 2441 395 2488 perissent:
424 2440 546 2476 tandem
576 2440 640 2487 ipse
673 2440 711 2475 ad
742 2440 855 2475 Sedem
887 2441 969 2489 Apo-

1007 2392 1111 2427 habito
1133 2391 1259 2427 fratrum
1291 2398 1467 2427 nostrorum
1493 2393 1635 2434 consilio,
1670 2398 1750 2442 pro-

1007 2438 1152 2489 mulgatis
1173 2440 1319 2489 adversus
1340 2441 1513 2477 haereticos
1538 2443 1751 2478 sanctionibus

224 2491 364 2527 stolicam
387 2490 521 2526 nuncios
542 2489 716 2528 destinavit,
735 2490 849 2537 quibus
867 2489 968 2526 bonae
984 2490 989 2532 ἱ
1007 2486 1179 2526 subiacere.
1207 2490 1271 2525 Nisi
1297 2503 1396 2538 usque
1422 2490 1458 2526 ad
1479 2489 1626 2526 kalendas
1651 2504 1750 2539 angu—

226 2539 395 2576 memoriae
415 2539 622 2575 sabinensem
638 2540 821 2586 episcopum
844 2547 968 2575 conces·
1008 2541 1045 2575 sti
1073 2547 1147 2575 tunc
1172 2540 1313 2588 proxime
1341 2550 1503 2577 secuturas
1527 2552 1631 2576 coram
1658 2542 1751 2578 nobis

225 2589 324 2624 sinitis
350 2589 543 2629 attditorerm
573 2597 676 2624 coram
706 2594 768 2635 quo
796 2588 835 2624 ad
861 2589 971 2624 iuran-
1008 2596 1188 2636 comparere
1215 2595 1348 2626 curaret.
1376 2594 1502 2631 noStris,
1530 2597 1560 2626 et
1589 2582 1749 2628 Ecclesiae

226 2639 300 2674 dum
329 2638 357 2672 in
387 2638 484 2684 ipsius
508 2638 629 2672 E'wlini
651 2636 732 2672 anim
771 2644 803 2672 s‘e
830 2637 968 2673 obtulere
987 2655 990 2668 =
1009 2643 1166 2686 pariturus
1188 2643 1327 2687 praecise
1351 2639 1550 2687 beneplacitis
1572 2649 1601 2676 et
1619 2641 1750 2676 manda-
