2129 3223
872 230 973 253 mnu
996 229 1108 253 uenum
1635 217 1705 251 825

317 287 554 327 confirmamur,
584 288 654 321 694
677 288 704 320 b.
730 286 806 321 Eius
826 285 992 321 abbatibus
1018 284 1216 333 privilegium
1245 284 1336 319 (latur
1363 285 1482 325 mitrae,
1511 284 1626 328 baculi,
1655 283 1754 318 bene-

316 336 462 371 dictionis
489 336 638 371 solcmnis
660 345 690 370 et
717 336 850 370 aliorum
880 335 1118 383 pontificalium,
1143 335 1212 369 708
1234 347 1264 368 α.

217 386 365 422 Mulieres
387 399 401 420 a
429 387 555 421 servitio
583 385 689 420 altaris
709 395 782 420 sunt
806 385 1029 430 removendae,
1056 386 1126 420 582
1148 398 1177 420 α,

216 436 387 471 Mutinensi
408 437 524 471 civitati
551 435 611 471 sub
633 448 740 471 annuo
766 448 862 470 censu
885 435 1103 471 conceduntur
1128 443 1230 470 castra
1256 433 1349 481 Carpi
1378 442 1408 468 et
1433 434 1552 468 Montis
1574 432 1753 474 Bamazon,

315 488 385 521 422
405 487 433 520 h.

967 633 1001 672 N

220 730 372 769 Nadivus,
394 728 469 777 quid
489 729 539 773 sit,
565 732 632 763 116
656 730 683 762 b.
713 729 748 763 V.
770 736 832 762 not.
856 727 892 762 ad
916 728 1033 762 calcem
1056 727 1171 762 colum.
1194 727 1295 762 eiusd.

217 779 416 815 Nantellinus
451 779 621 827 episcopus
647 777 880 813 Gebeunensis.
916 779 950 811 V.
975 777 1106 812 Arducii
1133 776 1285 824 episcopi,
1312 785 1365 811 etc.

217 828 448 875 Naufragorurn
477 829 558 863 bona
586 828 650 863 suis
673 828 864 862 restituenda
887 826 1036 871 dominis,
1059 830 1128 862 576
1151 829 1179 862 b.

217 878 365 914 Nauleiisi
394 878 571 922 Ecclesiae,
605 890 686 925 quae
708 886 796 911 antea
821 877 1030 922 Brugnatensi
1059 876 1158 911 fuerat
1179 876 1279 917 unita,
1311 876 1446 922 dignitas
1469 875 1611 911 redditur
1632 876 1757 923 episco-

317 929 406 975 palis,
433 928 525 975 eique
549 928 655 962 unitur
677 927 903 961 monasterium
931 926 963 961 S.
984 926 1132 974 Eugeuii,
1153 928 1222 961 519
1245 939 1273 961 a.
1309 926 1473 961 Ianuensis
1499 925 1659 961 Ecclesiae
1688 925 1758 960 sus-

316 978 462 1025 sraganea
491 977 678 1017 declaratur,
706 979 779 1011 ibid.

216 1026 411 1075 Neapolitani
439 1027 603 1062 Manfredo
627 1028 785 1070 resistunt,
814 1028 883 1060 545
903 1039 933 1060 α.
962 1026 995 1060 lu
1025 1025 1153 1062 tutelam
1175 1024 1269 1060 Sedis
1290 1026 1401 1073 Apost.
1425 1025 1656 1073 suscipiuntur,
1682 1027 1756 1059 ibid.

317 1077 487 1124 privilegia
514 1077 561 1112 eis
583 1089 618 1111 ac
646 1076 807 1111 libertates
834 1075 1064 1117 conceduntur,
1086 1077 1163 1110 ibid.

216 1128 334 1164 Nicolai
357 1126 414 1172 (S.)
437 1127 476 1162 de
501 1126 611 1173 Gurgo
642 1126 784 1161 Ecclesia
807 1138 877 1160 cuni
907 1125 1055 1160 omnibus
1089 1125 1289 1173 pertinentiis
1321 1126 1380 1160 iarn
1403 1137 1420 1160 a
1448 1124 1606 1160 Barasone
1627 1125 1760 1171 eiusque

318 1190 416 1212 uxore
442 1176 623 1223 Algaburga
650 1175 814 1210 Sardiniae
841 1175 969 1220 regibus
1001 1175 1193 1210 monasterio
1219 1175 1336 1210 Montis
1370 1173 1478 1209 Casini
1506 1173 1620 1209 donata
1654 1173 1756 1209 eidem

319 1227 523 1262 confirmatur
544 1238 559 1261 a
582 1225 682 1260 Lucio
702 1225 745 1260 lll
769 1225 843 1270 PP.,
868 1228 887 1259 8
913 1226 930 1258 h
952 1235 981 1260 et
1008 1238 1067 1270 seq.

220 1276 368 1312 Nicolaus
390 1276 486 1311 abbas
507 1276 540 1311 S.
565 1276 679 1310 Mariae
702 1275 740 1310 de
761 1274 914 1310 Ferraria.
943 1276 977 1308 V.
995 1274 1111 1310 Mariae
1143 1274 1198 1319 (S.)
1219 1283 1273 1309 etc.

220 1325 371 1361 Nicolaus
394 1325 531 1372 archiep.
554 1324 746 1366 Messanen.‚
776 1326 820 1358 1⁶2
847 1326 875 1358 b.

221 1374 373 1413 Nicolaus
394 1377 491 1423 episc.
514 1375 726 1419 Tusculanus,
754 1375 822 1409 564
851 1387 881 1408 α.

222 1424 378 1473 Nimpbae
400 1434 536 1460 castrum
553 1436 615 1471 quo
639 1425 703 1458 iure
726 1423 834 1470 Apost.
859 1422 933 1457 Sedi
954 1423 1119 1470 pertineat,
1142 1425 1213 1457 266
1235 1424 1263 1456 h.
1291 1421 1361 1457 Sub
1382 1421 1502 1469 quibus
1520 1421 1759 1459 conditionibus

320 1474 433 1510 Iacobo
461 1474 568 1509 lnnoc.
596 1473 636 1507 lll
661 1473 723 1508 PP.
747 1472 938 1508 consobrino
961 1484 1162 1513 concessum,
1184 1473 1254 1506 267
1278 1484 1309 1506 a.

220 1524 441 1559 Nonantulano
469 1524 660 1558 monasterio
681 1524 909 1557 confirmantur
936 1521 1096 1569 privilegia
1131 1521 1171 1557 ab
1192 1521 1346 1562 Adriano,
1369 1520 1486 1556 Ioanne
1516 1519 1560 1555 lx
1588 1529 1616 1554 et
1640 1519 1760 1556 Marino

319 1573 370 1609 Ss.
398 1573 462 1608 PP.
485 1585 647 1613 concessa,
675 1574 746 1608 280
768 1585 787 1607 α
809 1581 838 1606 et
865 1585 924 1618 seq.

219 1624 391 1660 Norbertus
412 1623 773 1658 Praeinonstratensium
803 1622 977 1666 institutor,
1007 1623 1075 1656 1125
1098 1623 1126 1656 b.

218 1673 383 1709 Novalium
405 1673 565 1720 exemptio
587 1672 746 1720 quomodo
769 1671 988 1718 intelligenda,
1011 1673 1075 1706 63¹
1109 1673 1137 1705 b.

221 1722 422 1758 Noviomensi
447 1721 589 1768 hospitali
617 1734 632 1756 a
658 1721 821 1768 Stephano
849 1722 1000 1768 episcopo
1034 1729 1214 1756 constructo
1250 1719 1375 1765 regulae
1402 1719 1490 1754 datae
1512 1718 1551 1753 ab
1573 1732 1616 1753 eo.
1638 1719 1759 1753 confir-

321 1782 458 1815 mantur,
482 1773 552 1807 546
576 1772 604 1805 b.

221 1820 351 1857 Novitii.
379 1823 414 1856 V.
442 1821 594 1870 Tyrones.

220 1870 355 1919 Nuptiae
377 1871 533 1907 secundae
561 1878 590 1905 et
612 1870 720 1906 tertiae
744 1882 805 1905 non
830 1868 1058 1917 reprobandae,
1082 1872 1151 1904 582
1175 1870 1203 1902 b.

972 2023 1012 2064 0

223 2122 361 2158 Obertus
389 2123 583 2169 praepositus
615 2121 803 2168 Bergomen.
828 2120 1000 2155 Ecclesiae.
1035 2122 1069 2155 V.
1093 2120 1262 2155 Alexandri
1288 2120 1343 2164 (S.)
1366 2131 1394 2156 et
1417 2120 1450 2154 S.
1474 2119 1649 2161 Vincentii,
1682 2128 1734 2153 etc.

223 2172 390 2208 Oderisius
412 2172 581 2219 episcopus
599 2171 788 2206 Penuensis.
820 2172 852 2204 V.
882 2170 1062 2206 pennensis
1087 2170 1243 2218 episcopi,
1263 2178 1315 2204 etc.

223 2222 347 2257 Odiliae
369 2220 426 2267 (S.)
448 2221 576 2267 virginis
603 2233 730 2267 corpus.
764 2222 798 2255 V.
828 2220 1111 2266 Hobenburgensis
1137 2220 1273 2263 abbatia,
1300 2228 1353 2253 etc.

224 2271 296 2308 Odo
322 2270 500 2306 pennensis
522 2271 701 2318 episcopus.
731 2272 765 2305 V.
788 2270 964 2305 pennensis
986 2270 1146 2305 Ecclesiae
1167 2278 1219 2304 etc.

224 2320 361 2357 Ordines
382 2320 467 2356 Sacri
491 2330 622 2367 septem,
651 2322 721 2355 582
741 2334 770 2356 α.

225 2370 382 2406 Osbertus
403 2370 590 2405 Ralla-ensis
611 2369 707 2406 abbas
729 2380 833 2408 orator
857 2370 1010 2406 Wilielmi
1036 2370 1116 2415 regis
1138 2369 1263 2404 Scotiae
1286 2368 1324 2402 ad
1346 2367 1380 2403 S.
1409 2367 1536 2412 Sedem,
1561 2370 1579 2401 7
1603 2368 1631 2402 b.

225 2419 300 2455 Otto
322 2420 567 2467 Bambergenzis
589 2421 758 2468 episcopus
786 2421 897 2456 canoni
926 2429 1105 2455 sanctoruni
1129 2418 1328 2463 adscribitur,
1351 2419 1396 2452 66
1420 2419 1449 2463 b,
1472 2420 1516 2452 67
1536 2430 1555 2453 a
1581 2427 1612 2452 et
1633 2418 1663 2451 li.-

227 2469 302 2506 Otto
323 2469 488 2506 lanuensis
510 2470 781 2518 archiepiscopus,
808 2473 877 2506 518
900 2473 928 2506 h.

226 2519 303 2555 Otto
330 2519 486 2555 Saxoniae
509 2521 600 2555 ducis
622 2520 715 2555 filius.
743 2521 820 2556 Eius
843 2521 890 2556 ius
918 2522 947 2555 in
971 2520 1158 2567 imperium,
1182 2520 1250 2553 169
1285 2531 1315 2553 α.
1352 2517 1386 2551 In
1424 2516 1652 2563 imperatorem.
1672 2515 1762 2562 eligi—

325 2577 385 2611 tur,
415 2573 485 2605 173
512 2572 539 2604 b.
568 2570 645 2605 Eius
665 2570 830 2617 qualitates
856 2572 930 2604 ibid.
968 2569 1004 2604 Ei
1036 2568 1215 2609 favendum,
1254 2570 1323 2601 474
1357 2579 1386 2601 a.
1415 2565 1453 2601 Ei
1475 2567 1505 2600 iu
1541 2566 1760 2613 imperatorem

325 2618 424 2653 electo
453 2633 584 2667 regnum
609 2620 829 2661 confirmatur,
865 2622 931 2653 176
964 2621 990 2654 b.
1016 2619 1090 2653 Eius
1117 2618 1206 2653 dotes
1237 2627 1265 2652 et
1294 2617 1322 2651 in
1346 2616 1457 2664 Apost.
1492 2615 1760 2656 Sedemmerita,
