2129 3223
398 254 468 287 818
927 263 1113 287 normarum
1136 264 1295 287 Romanum

445 320 520 353 ibid.
544 320 572 352 b.
600 318 702 353 Datur
729 318 772 353 eis
800 318 930 354 facultas
959 319 1138 355 absolvendi
1169 320 1337 354 redeuntes
1365 319 1401 354 ad
1431 320 1543 365 sidem,
1584 322 1654 356 670
1693 334 1734 363 α;
1770 333 1889 356 convo-

446 368 537 402 candi
572 367 691 402 clerum
720 378 750 402 ct
777 368 930 416 populum
962 370 1114 404 adversus
1142 370 1332 414 haereticos,
1358 371 1432 404 ibid.
1460 370 1535 417 Ipsi,
1557 383 1731 418 eorumque
1746 371 1820 405 socii
1849 371 1889 407 de

445 419 529 452 salvo
554 417 713 452 conductu
738 419 922 466 providendi
946 432 962 454 a
988 419 1132 466 praelatis
1159 419 1394 464 ecclesiasticis,
1420 421 1494 455 ibid.
1524 422 1552 455 b.
1587 420 1674 456 Bona
1710 420 1886 458 baeretico-

446 479 515 502 rum
544 467 713 503 confiscata
742 469 876 504 vendere
910 469 1043 510 debent,
1073 478 1103 504 et
1138 470 1272 516 pretium
1299 469 1336 504 ad
1360 482 1440 517 opus
1465 470 1498 505 S.
1532 469 1693 506 Romanae
1721 470 1887 511 Ecclesiae

444 529 640 558 conservare,
672 519 743 553 672
771 531 800 553 α.
830 519 1006 554 procedere
1042 528 1173 566 possunt
1207 520 1237 554 in
1277 520 1382 554 causis
1416 519 1491 555 fidei
1528 529 1634 556 contra
1669 533 1887 568 quoscumque

442 568 535 602 etiam
558 578 732 615 exemptos,
757 576 787 604 et
809 569 925 616 eligere
952 570 1089 604 notarios
1122 570 1214 604 etiam
1244 570 1420 616 regulares,
1455 569 1509 617 qui
1543 569 1573 604 in
1610 571 1739 610 saeculo
1773 571 1886 605 notarii

444 617 582 663 suerunt,
616 620 690 653 ibid.
727 620 754 652 b.
770 619 840 654 Non
862 628 1007 654 tenentur
1040 619 1168 654 obedire
1202 620 1349 667 praelatis
1364 632 1494 655 suorum
1508 619 1655 655 ordinum
1684 621 1713 657 in
1749 620 1884 667 negotiis

444 669 709 704 concernentibus
731 669 867 704 officium
895 669 929 704 S.
956 668 1186 716 Inquisitionis‚
1209 672 1280 705 673
1301 669 1458 705 b.Eorum
1475 670 1645 705 auctoritas
1659 670 1739 705 circa
1758 682 1885 717 proces-

442 730 512 752 sum
541 726 571 753 et
597 731 726 754 examen
756 720 896 759 testium,
920 718 1214 767 observantiamque
1243 720 1347 767 legum
1381 720 1534 755 editarum
1561 729 1669 755 contra
1697 720 1882 762 haereticos,

442 776 472 803 et
507 769 705 816 punitionem
746 769 1000 804 praedicatorum
1041 771 1295 817 quaestnautium
1331 778 1363 805 et
1395 770 1528 805 aliorum
1572 770 1650 818 ipsis
1689 770 1886 818 inquisitori-

442 817 501 853 bus
548 819 816 863 inobedientium,
856 821 924 854 687
966 821 992 854 b.
1029 819 1090 867 lpsi
1124 829 1154 855 et
1188 833 1296 855 eorum
1333 821 1442 855 notarii
1478 833 1493 855 a
1521 832 1723 868 quocumque
1759 820 1886 855 officiali

441 867 533 903 Sedis
548 869 658 916 Apost.
680 869 822 916 delegato
846 882 907 904 non
937 879 1068 916 possunt
1091 870 1374 911 excommunicari,
1402 870 1572 918 suspendi,
1597 869 1740 905 interdici
1764 869 1885 918 absque

440 918 583 954 eiusdem
611 918 702 954 Sedis
728 920 856 966 speciali
889 920 1025 964 licentia,
1049 922 1120 955 694
1146 933 1175 955 α,
1204 920 1265 967 Ipsi
1294 929 1452 955 eteorum
1488 921 1564 954 socii
1599 920 1719 955 ordinis
1755 919 1882 954 fratrum

439 967 695 1003 praedicatorum
731 978 841 1004 mutuo
875 982 907 1003 se
932 979 1061 1016 possunt
1089 970 1127 1004 ab
1150 971 1476 1004 excommunicatione
1503 970 1676 1011 absolvere,
1700 969 1883 1016 irregulari-

440 1018 556 1053 tatibus
577 1018 758 1066 dispensare
782 1019 927 1067 aquibus
951 1033 1005 1066 per
1025 1020 1144 1067 priores
1158 1020 1297 1055 eiusdem
1315 1019 1435 1054 ordinis
1456 1020 1576 1054 absolvi
1601 1029 1740 1067 possent.
1756 1021 1830 1054 ibid.
1854 1022 1883 1054 b.

443 1067 587 1103 Describi
616 1069 731 1104 faciant
758 1069 787 1103 in
815 1069 938 1104 statutis
975 1070 1134 1105 civitatum
1167 1070 1252 1116 leges
1287 1070 1386 1104 editas
1416 1069 1454 1104 ab
1489 1069 1671 1104 Innocentio
1698 1069 1739 1105 lv
1776 1077 1882 1105 contra

441 1117 612 1154 haereticos
645 1128 673 1153 ct
701 1119 737 1154 ad
776 1119 804 1153 id
841 1127 950 1165 cogant
988 1121 1185 1167 magistratus
1207 1119 1394 1163 saeculares,
1417 1120 1486 1153 765
1507 1133 1537 1154 a.
1561 1119 1675 1154 Contra
1695 1119 1882 1154 christianos

440 1169 610 1214 procedere
637 1168 753 1204 debent
787 1168 992 1211 iudaizanteS,
1027 1179 1057 1205 et
1079 1178 1187 1206 contra
1216 1170 1356 1213 iudaeos,
1391 1170 1442 1216 qui
1466 1169 1503 1203 ad
1529 1182 1602 1204 snos
1630 1170 1706 1204 ritus
1733 1169 1879 1204 christia-

441 1230 496 1252 nos
530 1219 679 1259 trabunt,
709 1221 778 1253 785
806 1221 832 1253 b.

341 1266 567 1302 luterainnensi
591 1268 752 1303 Ecclesiae
768 1269 956 1316 episcopalis
978 1269 1114 1315 dignitas
1130 1269 1314 1310 restituitur,
1332 1272 1399 1304 557
1416 1271 1444 1304 b.
1469 1269 1602 1303 Donatio
1625 1268 1779 1315 quaedam
1794 1280 1809 1303 a
1826 1281 1879 1316 po·

440 1317 514 1364 pulo
536 1317 637 1352 eidem
658 1317 820 1353 Ecclesiae
838 1319 914 1353 sacta
938 1320 1153 1358 confirmatur,
1182 1321 1252 1354 548
1279 1333 1309 1353 a.

341 1365 473 1401 loannes
495 1366 592 1402 abbas
619 1368 796 1402 monasterii
819 1367 853 1403 S.
881 1368 1027 1403 Matthaei
1065 1369 1104 1404 de
1139 1367 1287 1413 Castello,
1327 1368 1447 1403 ordinis
1476 1369 1686 1404 Cassinensis.
1731 1369 1763 1402 V.
1799 1367 1881 1403 Mat-

440 1416 520 1451 tliaei
542 1416 598 1462 (S.)
621 1417 660 1451 de
687 1417 836 1457 Castello,
858 1427 910 1452 etc.

340 1464 473 1501 loannes
494 1467 625 1512 Angliac
648 1480 699 1501 rex
720 1479 826 1514 pacem
851 1468 907 1502 init
929 1480 1001 1502 cum
1023 1467 1245 1503 ecclesiasticis
1259 1469 1307 1502 sni
1329 1468 1428 1514 regni,
1446 1470 1515 1503 284
1535 1471 1562 1503 b.
1581 1468 1728 1513 Regnum
1750 1467 1881 1504 subiicit

437 1516 547 1562 Apost.
575 1515 667 1556 Sodi,
690 1519 761 1551 286
785 1530 815 1551 α.
840 1516 1038 1551 Fidelitatem
1064 1519 1142 1551 iurat
1169 1518 1271 1552 eidem
1299 1526 1329 1551 et
1353 1530 1482 1563 regnum
1507 1518 1532 1551 ei
1557 1517 1741 1552 conceditur
1764 1518 1792 1551 in
1816 1516 1881 1551 seu-

438 1565 525 1607 dum,
553 1567 622 1600 287
646 1568 673 1601 b.
698 1566 799 1613 Regni
824 1567 956 1602 barones
978 1567 1003 1601 ei
1029 1567 1140 1602 infensi
1163 1568 1490 1606 excommunicantur,
1514 1569 1583 1601 295
1607 1568 1635 1601 b.
1658 1565 1719 1601 Dat
1741 1566 1877 1612 diploma

439 1628 493 1662 pro
521 1615 661 1650 libertate
692 1616 975 1651 ecclesiasticarum
1005 1616 1208 1660 electionum,
1231 1618 1302 1651 296
1328 1629 1357 1652 α.
1385 1616 1723 1652 Excominuuicatioue
1743 1617 1877 1656 solutus,

441 1674 561 1712 peracta
586 1667 790 1712 poenitentia,
813 1668 884 1701 298
906 1669 933 1701 b.
958 1666 1097 1701 Barones
1120 1676 1226 1702 contra
1254 1679 1326 1701 eum
1351 1668 1530 1712 insurgunt,
1558 1667 1628 1701 299
1664 1678 1693 1706 a.
1722 1665 1804 1700 Iusta
1832 1666 1877 1700 eis

438 1716 598 1761 promittit.
622 1717 674 1750 sed
699 1716 775 1750 nibil
805 1716 935 1762 proficit,
958 1718 1033 1750 ibid.
1062 1718 1088 1751 b.
1124 1716 1254 1764 lniquae
1277 1716 1448 1763 pactiones,
1481 1728 1558 1763 quas
1581 1728 1653 1750 cum
1679 1714 1878 1760 magnatibus

436 1765 518 1807 facit,
545 1765 778 1810 rescinduntur,
807 1768 877 1801 500
895 1779 925 1800 α.
942 1766 1044 1800 Donat
1060 1767 1223 1800 ecclesiam
1240 1766 1279 1800 de
1293 1765 1431 1800 Wintele
1448 1765 1592 1813 hospitali
1609 1765 1716 1801 Sancti
1739 1764 1878 1812 Spiritus

436 1815 465 1849 in
490 1814 582 1849 Saxia
606 1815 644 1850 de
671 1814 768 1859 Urbe,
796 1817 931 1863 eiusque
958 1814 1085 1851 donatio
1107 1816 1322 1855 confirmatur,
1346 1818 1415 1850 555
1443 1829 1473 1850 α.

338 1864 470 1900 loannes
496 1864 689 1900 Colomenus
712 1868 937 1900 monasterium
961 1865 994 1900 S.
1018 1865 1189 1901 Salvatoris
1216 1866 1254 1900 de
1277 1865 1419 1900 Martello
1449 1864 1569 1905 fundat,
1601 1867 1643 1899 12
1666 1866 1693 1899 b.

336 1913 469 1949 loannes
492 1915 530 1950 de
552 1914 696 1950 Narbona
718 1914 902 1951 Waldensis
924 1916 1016 1950 iidem
1040 1915 1224 1950 catholicam
1254 1916 1428 1962 profitetur,
1451 1916 1522 1949 246
1545 1916 1572 1949 b.

336 1963 468 1999 Ioannes
495 1966 623 1999 eremita
653 1966 737 2012 prior
758 1975 934 2000 conventus
959 1964 994 2000 S.
1019 1965 1135 2000 Mariae
1163 1965 1202 2000 de
1229 1964 1365 2003 Gualdo,
1394 1967 1464 1999 544
1485 1978 1514 1999 a.
1544 1963 1711 2011 Inquisitio
1745 1964 1878 1998 deman-

436 2015 526 2049 datur
555 2027 651 2062 super
677 2015 737 2050 vita
765 2024 793 2049 et
818 2015 976 2050 miraculis
1004 2015 1158 2055 eiusdem,
1184 2017 1258 2049 ibid.

336 2063 469 2099 loannes
490 2063 681 2100 Gualbertus
702 2066 979 2111 congregationem
1001 2063 1293 2100 Vallis-Umbrosae
1323 2063 1444 2108 fundat,
1477 2065 1523 2099 96
1555 2076 1584 2098 α.
1622 2062 1705 2099 Inter
1743 2062 1876 2098 Sanctos

436 2114 670 2153 rcl'ertiir,2'b1'd.
694 2123 723 2149 et
751 2116 778 2148 b.
807 2114 958 2150 Crucifixi
988 2114 1090 2161 imago
1111 2124 1205 2162 caput
1232 2116 1258 2148 ei
1282 2115 1423 2155 inclinat,
1446 2116 1491 2149 97
1514 2126 1544 2148 α.

336 2163 468 2198 loannes
490 2165 632 2199 minister
655 2165 773 2199 ordinis
791 2164 849 2199 SS.
872 2165 1033 2200 Trinitatis
1055 2164 1294 2212 Redeinptionis
1317 2162 1532 2211 Captivorum.
1562 2163 1595 2196 V.
1619 2161 1779 2197 Trinitatis
1793 2161 1875 2197 San-

435 2214 591 2249 ctissimae
611 2222 662 2248 etc.

336 2264 467 2298 loannes
492 2264 720 2311 Strigoniensis
741 2264 1011 2312 archiepiscopus.
1042 2265 1075 2298 V.
1104 2263 1376 2310 Strigoniensibus
1398 2263 1537 2311 archiep.

336 2313 468 2349 loannes
490 2314 613 2349 Svetiae
636 2315 723 2361 regni
754 2315 888 2349 invasor.
918 2315 953 2348 V.
976 2314 1100 2350 Svctiae
1122 2326 1266 2360 regnum.

335 2362 461 2398 loannis
487 2364 543 2408 (S.)
564 2364 837 2413 Hierosolymitani
860 2364 990 2399 fratrum
1013 2364 1205 2403 encomium,
1223 2365 1291 2398 629
1303 2376 1332 2398 α.
1350 2362 1394 2398 Ex
1406 2362 1664 2398 concessionibus
1685 2370 1783 2409 apost.
1801 2360 1875 2395 nul-

434 2413 496 2448 lum
520 2415 565 2449 eis
593 2415 820 2462 praeiudicium
850 2414 992 2458 insertur,
1016 2414 1074 2449 nisi
1105 2413 1162 2459 ipsi
1185 2413 1346 2460 speciatim
1376 2413 1590 2456 nominentur,
1617 2413 1693 2447 ibid.
1720 2412 1748 2445 b.

337 2461 491 2498 locelinus
509 2463 712 2500 Glascuensis
733 2466 903 2512 episcopus
925 2473 1029 2499 orator
1066 2463 1218 2498 Wilielmi
1248 2463 1332 2510 regis
1358 2463 1482 2498 Scotiae
1508 2462 1545 2497 ad
1570 2462 1602 2496 S.
1625 2460 1753 2501 Sedem,
1791 2463 1808 2493 7
1842 2462 1871 2498 b,

436 2515 480 2548 54
508 2516 535 2548 b.

336 2560 494 2608 losepliini
515 2564 688 2608 (baeretici)
709 2564 973 2603 condemnantur,
992 2565 1038 2598 20
1066 2565 1093 2598 b.
1121 2563 1238 2598 Eorum
1264 2575 1394 2610 poenae,
1417 2563 1486 2597 506
1513 2564 1542 2596 b.

336 2609 495 2647 lsenricus
521 2613 617 2648 abbas
638 2614 817 2649 monasterii
840 2613 874 2648 S.
898 2613 991 2648 Blasii
1014 2613 1166 2647 Admnnt.
1196 2614 1230 2646 V.
1254 2613 1468 2647 Admontense
1491 2610 1715 2646 monasterium
1743 2618 1795 2644 etc.

337 2658 441 2694 ludaei
469 2662 528 2695 sub
551 2664 744 2709 protectione
772 2663 901 2697 Honorii
921 2663 962 2696 ltt
985 2662 1048 2696 PP.
1074 2662 1302 2710 suscipiuntur,
1327 2664 1396 2697 550
1427 2660 1620 2697 b..Nonnisi
1661 2659 1799 2694 volentes
1832 2658 1868 2692 ad
