2129 3223
167 246 218 271 Au.
233 245 261 272 C.
283 245 350 272 1262

181 600 234 621 Loca
259 601 348 627 inquisi<

167 632 245 652 turibus
257 632 349 656 assigua—

181 1685 257 1705 eontra
277 1684 351 1711 culpa-

167 1715 221 1736 biles
235 1716 351 1742 proceden-

167 1747 214 1767 dum
231 1747 323 1766 omnino:

182 2126 226 2148 Non
247 2127 350 2148 obstanti—

168 2157 207 2178 bus
225 2158 351 2185 specialibus

183 2189 337 2209 commissioni-

170 2219 352 2240 busdioecesauo-

170 2256 214 2270 rum
243 2252 351 2276 processi-

170 2281 213 2300 bus.
231 2284 271 2300 etc.

414 236 484 269 688

365 300 563 346 propensius,
593 299 644 334 ubi
667 299 809 335 eamdem
837 309 955 348 pestem
983 308 1109 347 propter

364 348 513 383 malitiam
550 351 719 396 temporis,
747 350 800 397 qui
828 350 860 384 in
886 350 1107 385 detrimentum

364 397 434 432 fidei
456 397 624 433 catholicae
645 411 788 446 peri-ersa
808 399 967 445 genimina
986 399 1109 446 germi-

363 447 456 487 navit,
479 460 514 482 ex
538 448 696 483 vicinitate
717 449 929 496 persensimus
950 448 1110 483 abundan-

360 503 422 530 tius
441 497 642 532 succrevisse.
990 544 993 545 ⁷

409 545 429 593 3
463 551 490 580 l.
522 545 562 581 Ut
596 547 690 593 igitur
726 547 938 595 inquisitionis
971 546 1107 582 officium

361 605 468 630 contra
506 595 679 631 haereticos
713 598 743 632 in
770 597 929 644 provincia
955 596 1109 631 Lombar-

361 644 444 685 diae,
466 644 612 681 videlicet
635 658 651 681 a
674 645 816 681 Bononia
843 654 874 680 et
900 645 1041 681 Ferraria
1065 647 1110 680 in-

361 693 498 735 clusive,
533 707 632 742 usque
653 696 691 730 ad
715 696 843 731 ultimos
865 695 943 730 fines
964 696 1108 743 superio-

363 756 430 779 rum
456 744 590 791 partium
613 745 752 780 eiusdem
777 745 953 792 provinciae
975 757 1010 779 ac
1030 745 1109 780 Mar-

361 793 430 828 chia
458 793 616 834 lauuensi,
639 795 824 830 auctoritate
845 794 1013 842 apostolica
1034 807 1109 842 pos-

361 843 402 877 sit
416 842 574 878 efficacius
587 843 770 891 adimpleri:
794 843 972 879 discretioni
988 851 1109 880 vestrae

362 904 418 939 per
439 892 610 939 apostolica
637 893 753 940 scripta
780 893 977 935 mandamus,
1006 894 1035 928 in
1057 906 1109 928 re-

361 942 545 977 missionem
560 942 647 978 vobis
660 943 881 990 peccaminum
896 942 1107 990 iniungentcS,

360 999 515 1038 quatenus
548 992 576 1026 in
605 992 755 1027 charitate
776 991 846 1032 Dei,
875 992 1041 1027 hominum
1069 993 1109 1026 ti-

362 1052 449 1076 more
470 1042 665 1088 postposito,
698 1042 845 1077 virtutem
867 1041 996 1088 spiritus
1020 1042 1110 1076 indu-

361 1098 466 1129 entes,
501 1102 540 1124 ex
560 1090 622 1125 alto
649 1091 844 1138 praedictum
873 1091 1010 1126 officium
1040 1091 1108 1126 ubi-

361 1151 422 1186 que
460 1139 538 1174 infra
573 1140 728 1187 praefatos
767 1140 900 1183 limites,
928 1141 1020 1175 simul
1062 1140 1107 1175 vel

363 1190 543 1235 separatim,
570 1199 622 1225 aut
647 1190 849 1236 singulariter
874 1198 967 1237 prout
994 1191 1107 1237 negotii

362 1237 482 1274 utilitas
504 1238 667 1284 suadebit,
695 1239 754 1274 sub
775 1239 930 1274 mercedis
952 1248 1107 1280 aeternae,

362 1287 406 1322 sic
429 1287 596 1323 efficaciter
615 1289 759 1337 prosequi
775 1298 804 1324 et
819 1290 931 1336 exequi
945 1289 1108 1330 studeatis,

363 1344 397 1371 ut
418 1349 474 1385 per
494 1338 715 1373 sollicitudinis
745 1347 862 1373 vestrae
892 1338 1108 1385 prudentiam,

362 1386 401 1421 de
423 1387 591 1434 praedictis
612 1387 800 1422 Lombardia
822 1396 851 1422 et
878 1387 1031 1431 Mai-chia,
1060 1401 1108 1423 ra-

363 1435 414 1470 dix
449 1436 623 1483 iniquitatis
650 1437 822 1472 haereticae
849 1437 1044 1472 succidatur:
1079 1446 1108 1472 et

363 1485 450 1520 vinea
484 1485 637 1529 Domini,
664 1487 877 1521 exterminatis
915 1486 1107 1533 vulpeculis,

363 1546 443 1581 quae
462 1536 616 1582 perversis
631 1535 788 1570 morsibus
801 1535 1014 1571 demoliuntur
1028 1548 1110 1571 eam·

364 1584 453 1628 dem,
480 1583 601 1619 fructus
626 1584 734 1620 afferat
760 1584 930 1620 catholicae
952 1586 1106 1633 puritatis.

411 1633 432 1680 g
453 1637 485 1667 2.
513 1633 546 1668 Si
569 1646 648 1681 quos
662 1643 764 1669 autem
788 1633 827 1669 de
849 1636 998 1681 pravitate
1016 1648 1110 1683 prae-

365 1682 447 1717 dicta
481 1682 653 1730 culpabiles
676 1684 858 1718 inveneritis
885 1684 931 1718 vel
966 1685 1108 1725 infectos,

364 1744 419 1767 seu
440 1733 531 1767 etiam
565 1732 740 1778 infamatos,
764 1741 883 1768 «contra
910 1734 993 1780 ipsos
1028 1734 1107 1778 (nisi

364 1782 531 1816 examinati
565 1781 707 1817 absolute
738 1782 835 1817 velint
863 1782 1018 1818 mandatis
1043 1783 1109 1818 Ec—

364 1831 476 1866 clesiae
497 1831 646 1874 obedire)
676 1844 797 1867 necnon
825 1840 855 1867 et
880 1840 986 1868 contra
1014 1845 1110 1868 rece-

363 1888 516 1927 ptatores,
546 1880 728 1916 defensores
754 1890 784 1916 et
816 1881 953 1916 fautores
983 1894 1108 1923 eorum,

364 1930 448 1965 iuxta
485 1931 661 1966 sanctiones
699 1931 884 1971 canonicas,
926 1933 1109 1967 auctoritate

364 1979 552 2027 apostolica,
574 1979 738 2014 bominum
760 1988 846 2015 metu
873 1980 978 2016 divino
1006 1982 1107 2016 timori

366 2030 552 2076 postposito,
577 2028 760 2076 procedatis.

412 2078 432 2126 g
455 2081 487 2113 5.
509 2078 578 2114 Non
600 2078 800 2114 obstantibus
815 2078 972 2127 aliquibus
987 2079 1108 2121 litteris,

364 2127 403 2163 ad
430 2140 649 2176 quoscumque
681 2128 759 2163 alios
792 2127 831 2163 de
858 2128 1045 2164 Lombardia
1079 2139 1109 2164 et

365 2177 501 2212 Marchia
517 2178 685 2225 praedictis
705 2178 854 2224 (exceptis
868 2177 1005 2213 locorum
1021 2178 1110 2213 dioe-

365 2228 498 2266 cesanis)
525 2239 619 2274 super
635 2227 813 2262 huiusmodi
828 2227 955 2274 negotio
976 2227 1015 2263 ab
1030 2232 1109 2275 Apo-

365 2276 473 2311 stolica
494 2276 578 2312 Sede
590 2277 729 2317 directis,
751 2288 883 2324 quarum
906 2277 1056 2325 deinceps
1071 2277 1109 2312 ad

366 2326 584 2374 inquisitiones
611 2326 791 2361 huiusmodi
823 2325 982 2362 faciendas
1017 2327 1110 2362 nolu·

366 2388 435 2410 mus
456 2376 640 2411 auctoritate
668 2376 806 2424 procedi,
833 2377 976 2423 quinimo
990 2388 1028 2411 ne
1043 2389 1111 2424 pro-

365 2424 493 2460 cedatur
530 2438 583 2472 per
616 2425 683 2460 illas
713 2425 882 2461 districtius
916 2425 1106 2461 inhibemus.

366 2473 430 2509 Nec
469 2482 629 2522 praetextu
668 2476 901 2510 commissionis
935 2475 1110 2522 specialiter

365 2523 482 2559 eisdem
505 2524 701 2560 dioecesanis
728 2536 824 2572 super
850 2524 909 2560 hoc
931 2524 1039 2566 factae,
1062 2537 1110 2560 ve-

366 2581 446 2607 stros
481 2585 646 2620 processus
681 2576 709 2608 in
737 2574 920 2609 eorumdem
948 2574 1109 2610 dioecesa—

368 2632 478 2656 norum
511 2624 686 2658 civitatibus
727 2633 756 2658 et
790 2623 987 2659 dioecesibus
1020 2625 1130 2664 vcia-2

942 246 1076 269 BULLAR!
1083 246 1127 268 GM
1155 245 1318 269 Romnum

1150 312 1218 334 mus
1252 300 1407 347 impediri.
1440 300 1506 336 Nec
1534 313 1588 348 per
1617 300 1677 335 boc
1703 300 1788 348 quod
1820 301 1892 337 fidei

1149 349 1310 394 negotium
1338 350 1524 397 generaliter
1545 351 1576 385 in
1609 350 1684 398 ipsis
1705 350 1892 386 Lombardia

1148 407 1179 433 et
1201 398 1339 435 Marchia
1363 399 1448 435 vobis
1472 400 1709 441 committimus,
1743 401 1894 436 commis-

1147 449 1253 484 siones
1270 461 1286 483 a
1304 449 1435 496 praefata
1459 449 1540 485 Sede
1561 450 1757 485 dioecesanis
1774 450 1892 485 eisdem

1150 497 1262 539 factas,
1289 499 1313 534 si
1342 497 1443 534 forsan
1471 500 1611 539 illarum,
1637 511 1693 534 seu
1726 499 1820 535 etiam
1841 512 1894 534 or-

1147 547 1268 583 dinaria
1303 548 1398 583 velint
1430 549 1611 584 auctoritate
1634 549 1821 595 procedere,
1843 549 1894 583 in-

1149 597 1306 632 tendimus
1326 610 1479 633 revocare.
1506 597 1730 633 Verumtamen
1749 598 1815 633 sive
1836 611 1894 633 au-

1148 648 1290 682 ctoritate
1317 647 1486 689 ordinaria,
1524 647 1588 682 sive
1622 660 1661 682 ex
1697 647 1894 694 delegatione

1150 696 1325 742 praedictae
1363 696 1475 737 Sedis,
1514 696 1608 731 iidem
1644 696 1822 732 dioecesani
1862 698 1892 731 in

1150 745 1329 781 huiusmodi
1359 747 1484 793 negotio
1511 746 1741 794 processerint,
1773 758 1894 794 nequa—

1148 807 1240 842 quam
1269 795 1431 836 volumus,
1454 795 1499 830 vel
1528 808 1583 842 per
1609 807 1797 830 concursum
1822 802 1895 843 pro-

1148 856 1313 886 cessuum,
1335 845 1381 880 vel
1408 845 1483 880 alias
1504 845 1755 892 quomodolibet,
1777 853 1896 880 vestros

1148 893 1292 941 impediri
1317 906 1499 941 processus,
1533 894 1611 941 quin
1637 894 1894 930 dioecesanorum

1150 943 1287 990 ipsorum
1311 943 1509 990 processibus
1534 956 1597 979 non
1624 943 1836 988 obstantibus,
1863 945 1895 978 in

1148 991 1259 1027 eodem
1284 993 1407 1038 negotio
1438 993 1607 1040 procedere
1633 993 1729 1028 libere
1755 993 1892 1028 valeatis.

1197 1045 1212 1085 ἓ
1242 1044 1277 1076 4.
1312 1042 1345 1077 Si
1382 1055 1455 1078 vero
1494 1042 1589 1090 aliqui
1628 1055 1665 1077 ex
1704 1042 1893 1090 praedictis,

1149 1090 1302 1127 haeretica
1330 1091 1399 1127 labe
1434 1092 1559 1138 penitus
1597 1091 1757 1137 abiurata,
1792 1091 1893 1127 redire

1149 1140 1301 1175 voluerint
1322 1141 1358 1176 ad
1382 1141 1624 1176 ecclesiasticam
1653 1142 1816 1182 unitatem,
1847 1142 1892 1176 eis

1149 1189 1231 1224 iuxta
1249 1190 1379 1225 formam
1402 1191 1575 1235 Ecclesiae,
1604 1191 1811 1226 absolutionis
1843 1190 1895 1226 be-

1150 1239 1296 1274 neficium
1322 1240 1520 1287 impendatis,
1531 1240 1743 1286 etiuiuugatis
1763 1240 1894 1281 eisdem,

1149 1289 1232 1336 quod
1256 1289 1376 1336 iniungi
1411 1290 1736 1331 talibus‘consuevit;
1771 1291 1895 1336 proviso

1148 1338 1289 1383 solerter,
1312 1351 1351 1373 ne
1372 1339 1518 1374 simulata
1539 1340 1745 1374 conversione
1767 1339 1894 1374 redeant

1149 1386 1374 1432 fraudulenter,
1398 1397 1428 1423 et
1456 1401 1519 1429 vos,
1537 1390 1599 1424 imo
1621 1389 1725 1436 potius
1750 1401 1784 1424 se
1811 1389 1895 1436 ipsos

1149 1436 1302 1480 fallentes,
1329 1438 1388 1473 sub
1413 1439 1484 1485 agni
1503 1440 1610 1486 specie
1636 1446 1745 1484 gerant
1771 1438 1892 1486 lupum.

1196 1490 1211 1529 ἓ
1239 1491 1270 1522 5.
1293 1486 1385 1529 Quod
1408 1489 1434 1522 si
1461 1487 1555 1535 aliqui
1585 1488 1700 1522 fuerint
1735 1487 1893 1522 iudicandi
1922 1493 1967 1515 Not·
1989 1494 2090 1530 runiorqi

1909 1530 1960 1546 vero
1978 1525 2089 1551 haeretici,

1908 1556 2042 1577 dioecesanis
2056 1557 2090 1577 in-

1149 1592 1260 1631 petuae
1283 1585 1373 1620 alicui
1397 1597 1453 1633 pro
1475 1585 1657 1621 huiusmodi
1679 1586 1811 1621 crimine
1832 1585 1893 1622 sne-
1908 1586 2018 1608 ⁰⁰⁰⁵⁴¹¹²⁵ffi

1149 1534 1309 1579 haeretici,
1332 1537 1378 1571 vel
1401 1537 1656 1572 incarcerationis
1683 1549 1782 1584 poena
1815 1549 1895 1584 per-

1149 1634 1187 1667 rit
1209 1634 1388 1681 infligenda,
1411 1635 1448 1670 ad
1477 1635 1507 1670 id
1545 1647 1599 1682 per
1639 1647 1692 1670 vos
1725 1635 1765 1670 de
1805 1636 1893 1671 dioe-

1148 1694 1333 1719 cesanorum
1366 1684 1411 1719 vel
1456 1685 1638 1720 vicariorum
1681 1697 1829 1727 suorum,
1868 1686 1893 1720 si

1149 1732 1227 1778 ipsis
1266 1732 1460 1769 dioecesanis
1491 1734 1673 1769 absentibus
1715 1743 1895 1781 praesentes

1150 1782 1275 1823 fuerint,
1297 1783 1428 1818 consilio
1451 1784 1661 1831 procedatur;
1686 1791 1720 1818 ut
1739 1784 1768 1818 in
1792 1792 1894 1819 tantae

1148 1831 1428 1867 animadversionis
1456 1833 1573 1868 iudicio
1592 1845 1653 1867 uon
1677 1833 1894 1880 postponenda

1149 1881 1338 1916 Pontificum
1365 1883 1534 1918 auctoritas
1561 1882 1741 1917 intercedat.

1197 1934 1212 1974 g
1231 1932 1263 1965 6.
1293 1930 1407 1966 Verum
1430 1932 1503 1978 quia
1519 1932 1549 1966 in
1572 1940 1632 1966 tam
1649 1932 1734 1978 gravi
1749 1931 1892 1977 crimine,
1906 1965 1918 1986 d

1149 1992 1222 2014 cum
1246 1979 1342 2015 multa
1375 1989 1498 2028 oportet
1531 1980 1649 2016 cautela
1687 1981 1825 2028 procedi,
1860 1991 1918 2017 utn

1149 2029 1179 2063 in
1208 2042 1278 2064 reos
1302 2030 1371 2065 sine
1394 2029 1457 2065 ullo
1481 2030 1656 2078 proferatur
1668 2043 1774 2066 errore
1795 2031 1892 2066 durae

1149 2090 1184 2113 ac
1205 2078 1320 2125 dignae
1346 2080 1496 2115 severitas
1517 2081 1659 2120 ultionis,
1687 2081 1832 2115 volumus
1863 2089 1893 2114 ct

1150 2128 1347 2173 mandamus,
1366 2137 1399 2163 ut
1420 2141 1474 2164 vos
1492 2129 1537 2171 vel
1566 2129 1621 2169 illi,
1642 2141 1723 2176 quos
1756 2129 1795 2164 ad
1835 2129 1892 2164 hoc

1149 2177 1300 2212 duxeritis
1321 2177 1527 2225 deputandos,
1550 2179 1580 2212 in
1600 2179 1829 2214 examinatione
1844 2187 1893 2212 te-

1149 2227 1255 2267 stium,
1277 2240 1358 2274 quos
1389 2228 1484 2275 recipi
1512 2240 1606 2275 super
1636 2228 1768 2263 crimine
1802 2240 1893 2275 prae-

1149 2275 1233 2311 dicto
1256 2277 1421 2324 ipsumque
1456 2277 1710 2323 contingentibus
1744 2287 1894 2324 oportue—

1149 2325 1199 2365 rit,
1221 2325 1395 2361 adhibeatis
1416 2326 1495 2362 duas
1517 2326 1677 2373 religiosas
1698 2334 1727 2361 et
1742 2327 1893 2362 discretas

1150 2386 1310 2420 personas,
1330 2377 1361 2411 in
1383 2388 1516 2423 quarum
1539 2377 1724 2424 praesentia,
1756 2388 1812 2422 per
1833 2388 1892 2423 pu-

1149 2423 1273 2470 blicam,
1295 2427 1322 2461 si
1344 2426 1508 2461 commode
1531 2434 1631 2473 potest
1667 2425 1785 2466 baberi,
1820 2438 1892 2472 per-

1149 2486 1269 2515 sonam,
1297 2483 1349 2510 aut
1372 2487 1426 2522 per
1451 2475 1531 2510 duos
1552 2475 1634 2510 viros
1657 2475 1796 2515 idoneos,
1819 2474 1893 2510 fide-

1149 2523 1218 2558 liter
1235 2525 1419 2560 eorumdem
1441 2525 1653 2573 depositiones
1673 2529 1799 2559 testium
1820 2537 1891 2560 con-

1148 2573 1334 2609 scribantur.

1196 2626 1211 2666 ξ
1235 2625 1265 2656 7.
1287 2623 1335 2659 Ad
1357 2622 1599 2659 conscribendas
1620 2635 1744 2663 unoque
1778 2624 1891 2659 huius-

1909 229 1961 274 An'.
1977 245 2008 273 c.
2018 245 2089 273 ¹262

1921 1052 2042 1074 neuen-uos
2056 1058 2091 1074 re-

1907 1083 2008 1110 cipi-audi.

1919 1934 1993 1955 Testes
2018 1940 2090 1956 corum

1920 1965 1985 1986 umbus
2013 1971 2091 1993 perso-

1921 1998 1938 2017 is
1949 1997 2088 2018 euminanui.
