<?xml version="1.0" encoding="UTF-8"?>
<!DOCTYPE html PUBLIC "-//W3C//DTD XHTML 1.0 Transitional//EN"
    "http://www.w3.org/TR/xhtml1/DTD/xhtml1-transitional.dtd">
<html xmlns="http://www.w3.org/1999/xhtml" xml:lang="en" lang="en">
 <head>
  <title>
</title>
<meta http-equiv="Content-Type" content="text/html;charset=utf-8" />
  <meta name='ocr-system' content='tesseract 3.04.00' />
  <meta name='ocr-capabilities' content='ocr_page ocr_carea ocr_par ocr_line ocrx_word'/>
</head>
<body>
  <div class='ocr_page' id='page_1' title='image "./bullarumdiplomat03cath_0497.png"; bbox 0 0 2129 3223; ppageno 0'>
   <div class='ocr_carea' id='block_1_1' title="bbox 57 238 238 268">
    <p class='ocr_par' dir='ltr' id='par_1_1' title="bbox 57 238 238 268">
     <span class='ocr_line' id='line_1_1' title="bbox 57 238 238 268; baseline -0.011 0"><span class='ocrx_word' id='word_1_1' title='bbox 57 239 108 268; x_wconf 72' lang='lat' dir='ltr'>An.</span> <span class='ocrx_word' id='word_1_2' title='bbox 126 238 154 267; x_wconf 88' lang='lat' dir='ltr'>C.</span> <span class='ocrx_word' id='word_1_3' title='bbox 174 240 238 267; x_wconf 76' lang='lat' dir='ltr'>t23t⁵</span> 
     </span>
    </p>
   </div>
   <div class='ocr_carea' id='block_1_2' title="bbox 47 889 231 1006">
    <p class='ocr_par' dir='ltr' id='par_1_2' title="bbox 47 889 231 1006">
     <span class='ocr_line' id='line_1_2' title="bbox 47 889 231 918; baseline 0.005 -6"><span class='ocrx_word' id='word_1_4' title='bbox 47 889 231 918; x_wconf 47' lang='lat' dir='ltr'>indumenti-eius</span> 
     </span>
     <span class='ocr_line' id='line_1_3' title="bbox 48 922 231 949; baseline 0.005 -6"><span class='ocrx_word' id='word_1_5' title='bbox 48 922 182 949; x_wconf 73' lang='lat' dir='ltr'>sepulchrum</span> <span class='ocrx_word' id='word_1_6' title='bbox 199 924 231 944; x_wconf 80' lang='lat' dir='ltr'>vi·-</span> 
     </span>
     <span class='ocr_line' id='line_1_4' title="bbox 48 953 231 976; baseline 0.016 -3"><span class='ocrx_word' id='word_1_7' title='bbox 48 953 160 976; x_wconf 77' lang='lat' dir='ltr'>sitantibus</span> <span class='ocrx_word' id='word_1_8' title='bbox 177 960 231 976; x_wconf 83' lang='lat' dir='ltr'>con—</span> 
     </span>
     <span class='ocr_line' id='line_1_5' title="bbox 47 990 116 1006; baseline 0 -1"><span class='ocrx_word' id='word_1_9' title='bbox 47 990 116 1006; x_wconf 73' lang='lat' dir='ltr'>casn.</span> 
     </span>
    </p>
   </div>
   <div class='ocr_carea' id='block_1_3' title="bbox 42 2519 226 2573">
    <p class='ocr_par' dir='ltr' id='par_1_3' title="bbox 42 2519 226 2573">
     <span class='ocr_line' id='line_1_6' title="bbox 57 2519 226 2542; baseline 0.012 -2"><span class='ocrx_word' id='word_1_10' title='bbox 57 2519 122 2542; x_wconf 72' lang='lat' dir='ltr'>Causa</span> <span class='ocrx_word' id='word_1_11' title='bbox 150 2522 226 2542; x_wconf 74' lang='lat' dir='ltr'>edendi</span> 
     </span>
     <span class='ocr_line' id='line_1_7' title="bbox 42 2551 132 2573; baseline 0 -1"><span class='ocrx_word' id='word_1_12' title='bbox 42 2551 132 2573; x_wconf 75' lang='lat' dir='ltr'>decreti.</span> 
     </span>
    </p>
   </div>
   <div class='ocr_carea' id='block_1_4' title="bbox 856 239 1164 262">
    <p class='ocr_par' dir='ltr' id='par_1_4' title="bbox 856 239 1164 262">
     <span class='ocr_line' id='line_1_8' title="bbox 856 239 1164 262; baseline 0.003 -1"><span class='ocrx_word' id='word_1_13' title='bbox 856 239 1042 262; x_wconf 33' lang='lat' dir='ltr'>(itti-,mittitis</span> <span class='ocrx_word' id='word_1_14' title='bbox 1066 241 1092 261; x_wconf 72' lang='lat' dir='ltr'>tx</span> <span class='ocrx_word' id='word_1_15' title='bbox 1119 241 1164 262; x_wconf 75' lang='grc' dir='ltr'>[Ψ.</span> 
     </span>
    </p>
   </div>
   <div class='ocr_carea' id='block_1_5' title="bbox 251 269 995 390">
    <p class='ocr_par' dir='ltr' id='par_1_5' title="bbox 251 269 995 390">
     <span class='ocr_line' id='line_1_9' title="bbox 252 269 995 342; baseline -0.003 -12"><span class='ocrx_word' id='word_1_16' title='bbox 252 302 410 342; x_wconf 87' lang='lat' dir='ltr'>quatenus</span> <span class='ocrx_word' id='word_1_17' title='bbox 447 293 658 329; x_wconf 82' lang='lat' dir='ltr'>dccintatcrtia</span> <span class='ocrx_word' id='word_1_18' title='bbox 698 269 757 328; x_wconf 46' lang='grc' dir='ltr'><strong>ΙῗυΙ.</strong></span> <span class='ocrx_word' id='word_1_19' title='bbox 796 293 971 329; x_wconf 77' lang='lat' dir='ltr'><strong>decembris</strong></span> <span class='ocrx_word' id='word_1_20' title='bbox 987 322 995 335; x_wconf 93' lang='lat'>,</span> 
     </span>
     <span class='ocr_line' id='line_1_10' title="bbox 251 343 993 390; baseline -0.001 -11"><span class='ocrx_word' id='word_1_21' title='bbox 251 345 302 380; x_wconf 91' lang='lat' dir='ltr'>die</span> <span class='ocrx_word' id='word_1_22' title='bbox 326 344 480 384; x_wconf 83' lang='lat' dir='ltr'>videlicet,</span> <span class='ocrx_word' id='word_1_23' title='bbox 502 356 564 390; x_wconf 90' lang='lat' dir='ltr'>quo</span> <span class='ocrx_word' id='word_1_24' title='bbox 586 343 694 378; x_wconf 76' lang='lat' dir='ltr'>eadent</span> <span class='ocrx_word' id='word_1_25' title='bbox 723 344 833 378; x_wconf 85' lang='lat' dir='ltr'>inortis</span> <span class='ocrx_word' id='word_1_26' title='bbox 854 343 993 379; x_wconf 85' lang='lat' dir='ltr'>absoluta</span> 
     </span>
    </p>
   </div>
   <div class='ocr_carea' id='block_1_6' title="bbox 252 392 1015 440">
    <p class='ocr_par' dir='ltr' id='par_1_6' title="bbox 252 392 1015 440">
     <span class='ocr_line' id='line_1_11' title="bbox 252 392 1015 440; baseline -0.001 -12"><span class='ocrx_word' id='word_1_27' title='bbox 252 393 405 434; x_wconf 84' lang='lat' dir='ltr'>vinculis,</span> <span class='ocrx_word' id='word_1_28' title='bbox 432 393 549 428; x_wconf 86' lang='lat' dir='ltr'>victura</span> <span class='ocrx_word' id='word_1_29' title='bbox 592 392 791 440; x_wconf 76' lang='lat' dir='ltr'>perenniter,</span> <span class='ocrx_word' id='word_1_30' title='bbox 818 392 854 427; x_wconf 89' lang='lat' dir='ltr'>ad</span> <span class='ocrx_word' id='word_1_31' title='bbox 878 393 1015 432; x_wconf 46' lang='lat' dir='ltr'>iontem,</span> 
     </span>
    </p>
   </div>
   <div class='ocr_carea' id='block_1_7' title="bbox 248 441 994 539">
    <p class='ocr_par' dir='ltr' id='par_1_7' title="bbox 248 441 994 539">
     <span class='ocr_line' id='line_1_12' title="bbox 250 441 994 491; baseline -0.003 -12"><span class='ocrx_word' id='word_1_32' title='bbox 250 454 404 491; x_wconf 80' lang='lat' dir='ltr'><strong>supernae</strong></span> <span class='ocrx_word' id='word_1_33' title='bbox 427 442 540 490; x_wconf 87' lang='lat' dir='ltr'>prodiit</span> <span class='ocrx_word' id='word_1_34' title='bbox 563 442 743 490; x_wconf 77' lang='lat' dir='ltr'>voluptatis,</span> <span class='ocrx_word' id='word_1_35' title='bbox 768 441 878 477; x_wconf 78' lang='lat' dir='ltr'>festum</span> <span class='ocrx_word' id='word_1_36' title='bbox 902 443 994 478; x_wconf 77' lang='lat' dir='ltr'>eius-</span> 
     </span>
     <span class='ocr_line' id='line_1_13' title="bbox 248 491 992 539; baseline 0 -12"><span class='ocrx_word' id='word_1_37' title='bbox 248 493 343 533; x_wconf 87' lang='lat' dir='ltr'>dcm,</span> <span class='ocrx_word' id='word_1_38' title='bbox 372 501 463 539; x_wconf 89' lang='lat' dir='ltr'>prout</span> <span class='ocrx_word' id='word_1_39' title='bbox 497 491 639 527; x_wconf 87' lang='lat' dir='ltr'>miranda</span> <span class='ocrx_word' id='word_1_40' title='bbox 677 492 775 538; x_wconf 87' lang='lat' dir='ltr'>ipsius</span> <span class='ocrx_word' id='word_1_41' title='bbox 810 492 992 527; x_wconf 84' lang='lat' dir='ltr'>meritorum</span> 
     </span>
    </p>
   </div>
   <div class='ocr_carea' id='block_1_8' title="bbox 248 540 1015 588">
    <p class='ocr_par' dir='ltr' id='par_1_8' title="bbox 248 540 1015 588">
     <span class='ocr_line' id='line_1_14' title="bbox 248 540 1015 588; baseline 0 -12"><span class='ocrx_word' id='word_1_42' title='bbox 248 540 433 588; x_wconf 79' lang='lat' dir='ltr'>magnitudo</span> <span class='ocrx_word' id='word_1_43' title='bbox 463 542 580 587; x_wconf 78' lang='lat' dir='ltr'>exigit,</span> <span class='ocrx_word' id='word_1_44' title='bbox 607 540 772 576; x_wconf 85' lang='lat' dir='ltr'>celebretis</span> <span class='ocrx_word' id='word_1_45' title='bbox 806 549 838 576; x_wconf 86' lang='lat' dir='ltr'>et</span> <span class='ocrx_word' id='word_1_46' title='bbox 876 541 1015 576; x_wconf 53' lang='lat' dir='ltr'>faciatis*</span> 
     </span>
    </p>
   </div>
   <div class='ocr_carea' id='block_1_9' title="bbox 247 590 993 628">
    <p class='ocr_par' dir='ltr' id='par_1_9' title="bbox 247 590 993 628">
     <span class='ocr_line' id='line_1_15' title="bbox 247 590 993 628; baseline -0.001 -2"><span class='ocrx_word' id='word_1_47' title='bbox 247 591 431 627; x_wconf 86' lang='lat' dir='ltr'>solemniter</span> <span class='ocrx_word' id='word_1_48' title='bbox 468 591 642 628; x_wconf 83' lang='lat' dir='ltr'>celebrari:</span> <span class='ocrx_word' id='word_1_49' title='bbox 677 599 709 624; x_wconf 88' lang='lat' dir='ltr'>nt</span> <span class='ocrx_word' id='word_1_50' title='bbox 750 591 779 625; x_wconf 91' lang='lat' dir='ltr'>id</span> <span class='ocrx_word' id='word_1_51' title='bbox 827 590 917 624; x_wconf 88' lang='lat' dir='ltr'>nobis</span> <span class='ocrx_word' id='word_1_52' title='bbox 955 591 993 625; x_wconf 87' lang='lat' dir='ltr'>de</span> 
     </span>
    </p>
   </div>
   <div class='ocr_carea' id='block_1_10' title="bbox 247 640 1014 687">
    <p class='ocr_par' dir='ltr' id='par_1_10' title="bbox 247 640 1014 687">
     <span class='ocr_line' id='line_1_16' title="bbox 247 640 1014 687; baseline 0 -13"><span class='ocrx_word' id='word_1_53' title='bbox 247 640 402 676; x_wconf 72' lang='lat' dir='ltr'>thesauris</span> <span class='ocrx_word' id='word_1_54' title='bbox 431 640 622 675; x_wconf 76' lang='lat' dir='ltr'>coelestibus</span> <span class='ocrx_word' id='word_1_55' title='bbox 655 641 725 675; x_wconf 78' lang='lat' dir='ltr'>cius</span> <span class='ocrx_word' id='word_1_56' title='bbox 758 640 806 687; x_wconf 90' lang='lat' dir='ltr'>pia</span> <span class='ocrx_word' id='word_1_57' title='bbox 840 640 1014 674; x_wconf 40' lang='lat' dir='ltr'>innoves-⁴</span> 
     </span>
    </p>
   </div>
   <div class='ocr_carea' id='block_1_11' title="bbox 244 690 992 985">
    <p class='ocr_par' dir='ltr' id='par_1_11' title="bbox 246 690 992 836">
     <span class='ocr_line' id='line_1_17' title="bbox 246 690 992 738; baseline -0.001 -14"><span class='ocrx_word' id='word_1_58' title='bbox 246 690 335 725; x_wconf 86' lang='lat' dir='ltr'>sione</span> <span class='ocrx_word' id='word_1_59' title='bbox 371 690 552 738; x_wconf 82' lang='lat' dir='ltr'>proveniat,</span> <span class='ocrx_word' id='word_1_60' title='bbox 586 690 668 737; x_wconf 88' lang='lat' dir='ltr'>quod</span> <span class='ocrx_word' id='word_1_61' title='bbox 716 691 781 736; x_wconf 87' lang='lat' dir='ltr'>ipsa</span> <span class='ocrx_word' id='word_1_62' title='bbox 818 697 992 736; x_wconf 84' lang='lat' dir='ltr'>praestante</span> 
     </span>
     <span class='ocr_line' id='line_1_18' title="bbox 246 739 992 787; baseline 0 -14"><span class='ocrx_word' id='word_1_63' title='bbox 246 739 373 774; x_wconf 84' lang='lat' dir='ltr'>Cliristo</span> <span class='ocrx_word' id='word_1_64' title='bbox 405 740 585 787; x_wconf 81' lang='lat' dir='ltr'>percepisse</span> <span class='ocrx_word' id='word_1_65' title='bbox 612 739 819 785; x_wconf 73' lang='lat' dir='ltr'>dignoscitur,</span> <span class='ocrx_word' id='word_1_66' title='bbox 841 747 870 773; x_wconf 90' lang='lat' dir='ltr'>et</span> <span class='ocrx_word' id='word_1_67' title='bbox 889 740 992 785; x_wconf 83' lang='lat' dir='ltr'>possi-</span> 
     </span>
     <span class='ocr_line' id='line_1_19' title="bbox 246 788 690 836; baseline -0.005 -12"><span class='ocrx_word' id='word_1_68' title='bbox 246 788 321 824; x_wconf 90' lang='lat' dir='ltr'>dere</span> <span class='ocrx_word' id='word_1_69' title='bbox 350 798 500 835; x_wconf 67' lang='lat' dir='ltr'>perpetuo</span> <span class='ocrx_word' id='word_1_70' title='bbox 527 788 690 836; x_wconf 83' lang='lat' dir='ltr'>gloriatur.</span> 
     </span>
    </p>

    <p class='ocr_par' dir='ltr' id='par_1_12' title="bbox 244 837 991 985">
     <span class='ocr_line' id='line_1_20' title="bbox 293 837 990 886; baseline 0 -13"><span class='ocrx_word' id='word_1_71' title='bbox 293 839 313 886; x_wconf 71' lang='lat' dir='ltr'>S</span> <span class='ocrx_word' id='word_1_72' title='bbox 332 840 363 873; x_wconf 90' lang='grc'>6.</span> <span class='ocrx_word' id='word_1_73' title='bbox 381 837 561 879; x_wconf 81' lang='lat' dir='ltr'>Caeterum,</span> <span class='ocrx_word' id='word_1_74' title='bbox 586 846 618 872; x_wconf 90' lang='lat' dir='ltr'>ut</span> <span class='ocrx_word' id='word_1_75' title='bbox 636 838 830 873; x_wconf 75' lang='lat' dir='ltr'>universitati</span> <span class='ocrx_word' id='word_1_76' title='bbox 851 837 990 873; x_wconf 80' lang='lat' dir='ltr'>fidelium</span> 
     </span>
     <span class='ocr_line' id='line_1_21' title="bbox 246 887 991 934; baseline 0.001 -12"><span class='ocrx_word' id='word_1_77' title='bbox 246 887 409 923; x_wconf 88' lang='lat' dir='ltr'>invisibilis</span> <span class='ocrx_word' id='word_1_78' title='bbox 448 888 536 923; x_wconf 84' lang='lat' dir='ltr'>aulae</span> <span class='ocrx_word' id='word_1_79' title='bbox 559 887 770 934; x_wconf 80' lang='lat' dir='ltr'>consequendi</span> <span class='ocrx_word' id='word_1_80' title='bbox 803 887 927 922; x_wconf 79' lang='lat' dir='ltr'>delitias</span> <span class='ocrx_word' id='word_1_81' title='bbox 954 901 991 923; x_wconf 83' lang='lat' dir='ltr'>ex</span> 
     </span>
     <span class='ocr_line' id='line_1_22' title="bbox 244 937 991 985; baseline -0.001 -13"><span class='ocrx_word' id='word_1_82' title='bbox 244 949 392 973; x_wconf 69' lang='lat' dir='ltr'>concessa</span> <span class='ocrx_word' id='word_1_83' title='bbox 425 938 517 973; x_wconf 90' lang='lat' dir='ltr'>nobis</span> <span class='ocrx_word' id='word_1_84' title='bbox 545 946 697 984; x_wconf 73' lang='lat' dir='ltr'>potestate</span> <span class='ocrx_word' id='word_1_85' title='bbox 725 937 862 983; x_wconf 81' lang='lat' dir='ltr'>desuper</span> <span class='ocrx_word' id='word_1_86' title='bbox 884 938 991 985; x_wconf 88' lang='lat' dir='ltr'>propi-</span> 
     </span>
    </p>
   </div>
   <div class='ocr_carea' id='block_1_12' title="bbox 244 987 1011 1033">
    <p class='ocr_par' dir='ltr' id='par_1_13' title="bbox 244 987 1011 1033">
     <span class='ocr_line' id='line_1_23' title="bbox 244 987 1011 1033; baseline -0.001 -11"><span class='ocrx_word' id='word_1_87' title='bbox 244 987 340 1022; x_wconf 87' lang='lat' dir='ltr'>tiante</span> <span class='ocrx_word' id='word_1_88' title='bbox 357 987 495 1023; x_wconf 88' lang='lat' dir='ltr'>Domino</span> <span class='ocrx_word' id='word_1_89' title='bbox 516 987 555 1022; x_wconf 89' lang='lat' dir='ltr'>sit</span> <span class='ocrx_word' id='word_1_90' title='bbox 579 987 723 1027; x_wconf 70' lang='lat' dir='ltr'>facultas,</span> <span class='ocrx_word' id='word_1_91' title='bbox 745 987 888 1033; x_wconf 85' lang='lat' dir='ltr'>quinimo</span> <span class='ocrx_word' id='word_1_92' title='bbox 910 996 938 1021; x_wconf 80' lang='lat' dir='ltr'>et</span> <span class='ocrx_word' id='word_1_93' title='bbox 958 995 991 1021; x_wconf 88' lang='lat' dir='ltr'>nt</span> <span class='ocrx_word' id='word_1_94' title='bbox 1010 1009 1011 1015; x_wconf 61' lang='lat'>,</span> 
     </span>
    </p>
   </div>
   <div class='ocr_carea' id='block_1_13' title="bbox 245 1036 989 1082">
    <p class='ocr_par' dir='ltr' id='par_1_14' title="bbox 245 1036 989 1082">
     <span class='ocr_line' id='line_1_24' title="bbox 245 1036 989 1082; baseline -0.001 -11"><span class='ocrx_word' id='word_1_95' title='bbox 245 1048 359 1072; x_wconf 89' lang='lat' dir='ltr'>nomen</span> <span class='ocrx_word' id='word_1_96' title='bbox 400 1036 552 1072; x_wconf 85' lang='lat' dir='ltr'>exaltetur</span> <span class='ocrx_word' id='word_1_97' title='bbox 584 1036 757 1081; x_wconf 71' lang='lat' dir='ltr'>Altissimi,</span> <span class='ocrx_word' id='word_1_98' title='bbox 795 1037 818 1071; x_wconf 91' lang='lat' dir='ltr'>si</span> <span class='ocrx_word' id='word_1_99' title='bbox 856 1049 989 1082; x_wconf 82' lang='lat' dir='ltr'>sponsae</span> 
     </span>
    </p>
   </div>
   <div class='ocr_carea' id='block_1_14' title="bbox 243 1085 1010 1134">
    <p class='ocr_par' dir='ltr' id='par_1_15' title="bbox 243 1085 1010 1134">
     <span class='ocr_line' id='line_1_25' title="bbox 243 1085 1010 1134; baseline 0 -13"><span class='ocrx_word' id='word_1_100' title='bbox 243 1098 318 1122; x_wconf 87' lang='lat' dir='ltr'>suae</span> <span class='ocrx_word' id='word_1_101' title='bbox 359 1086 569 1121; x_wconf 87' lang='lat' dir='ltr'>venerabilem</span> <span class='ocrx_word' id='word_1_102' title='bbox 612 1086 805 1133; x_wconf 80' lang='lat' dir='ltr'>sepulturam</span> <span class='ocrx_word' id='word_1_103' title='bbox 848 1085 1010 1134; x_wconf 26' lang='lat' dir='ltr'>fidelium}</span> 
     </span>
    </p>
   </div>
   <div class='ocr_carea' id='block_1_15' title="bbox 244 1135 990 1182">
    <p class='ocr_par' dir='ltr' id='par_1_16' title="bbox 244 1135 990 1182">
     <span class='ocr_line' id='line_1_26' title="bbox 244 1135 990 1182; baseline -0.001 -12"><span class='ocrx_word' id='word_1_104' title='bbox 244 1147 451 1182; x_wconf 85' lang='lat' dir='ltr'>procuremus</span> <span class='ocrx_word' id='word_1_105' title='bbox 483 1135 663 1171; x_wconf 78' lang='lat' dir='ltr'>accessibus</span> <span class='ocrx_word' id='word_1_106' title='bbox 691 1135 856 1174; x_wconf 81' lang='lat' dir='ltr'>honorari,</span> <span class='ocrx_word' id='word_1_107' title='bbox 884 1136 990 1170; x_wconf 90' lang='lat' dir='ltr'>omni-</span> 
     </span>
    </p>
   </div>
   <div class='ocr_carea' id='block_1_16' title="bbox 242 1184 1775 1337">
    <p class='ocr_par' dir='ltr' id='par_1_17' title="bbox 242 1184 1775 1337">
     <span class='ocr_line' id='line_1_27' title="bbox 243 1184 1010 1232; baseline 0 -13"><span class='ocrx_word' id='word_1_108' title='bbox 243 1185 303 1220; x_wconf 92' lang='lat' dir='ltr'>bus</span> <span class='ocrx_word' id='word_1_109' title='bbox 331 1197 401 1220; x_wconf 86' lang='lat' dir='ltr'>vere</span> <span class='ocrx_word' id='word_1_110' title='bbox 424 1185 655 1232; x_wconf 87' lang='lat' dir='ltr'>poenitentibus</span> <span class='ocrx_word' id='word_1_111' title='bbox 683 1193 712 1218; x_wconf 89' lang='lat' dir='ltr'>et</span> <span class='ocrx_word' id='word_1_112' title='bbox 739 1184 909 1224; x_wconf 70' lang='lat' dir='ltr'>confessis,</span> <span class='ocrx_word' id='word_1_113' title='bbox 936 1185 1010 1231; x_wconf 66' lang='lat' dir='ltr'>qui}</span> 
     </span>
     <span class='ocr_line' id='line_1_28' title="bbox 242 1231 1010 1280; baseline -0.003 -11"><span class='ocrx_word' id='word_1_114' title='bbox 242 1247 276 1269; x_wconf 87' lang='lat' dir='ltr'>se</span> <span class='ocrx_word' id='word_1_115' title='bbox 310 1233 384 1269; x_wconf 89' lang='lat' dir='ltr'>illuc</span> <span class='ocrx_word' id='word_1_116' title='bbox 415 1235 506 1269; x_wconf 84' lang='lat' dir='ltr'>annis</span> <span class='ocrx_word' id='word_1_117' title='bbox 542 1234 676 1280; x_wconf 78' lang='lat' dir='ltr'>singulis</span> <span class='ocrx_word' id='word_1_118' title='bbox 709 1233 886 1268; x_wconf 88' lang='lat' dir='ltr'>devotionis</span> <span class='ocrx_word' id='word_1_119' title='bbox 917 1231 1010 1278; x_wconf 52' lang='lat' dir='ltr'>aro-J</span> 
     </span>
     <span class='ocr_line' id='line_1_29' title="bbox 1008 1285 1775 1337; baseline 0.004 -20"><span class='ocrx_word' id='word_1_120' title='bbox 1008 1286 1119 1337; x_wconf 27' lang='lat' dir='ltr'>(nius,</span> <span class='ocrx_word' id='word_1_121' title='bbox 1154 1291 1310 1331; x_wconf 89' lang='lat' dir='ltr'>quatenus</span> <span class='ocrx_word' id='word_1_122' title='bbox 1345 1297 1417 1319; x_wconf 90' lang='lat' dir='ltr'>cum</span> <span class='ocrx_word' id='word_1_123' title='bbox 1453 1285 1595 1330; x_wconf 89' lang='lat' dir='ltr'>publicae</span> <span class='ocrx_word' id='word_1_124' title='bbox 1634 1285 1775 1320; x_wconf 74' lang='lat' dir='ltr'>utilitatis</span> 
     </span>
    </p>
   </div>
   <div class='ocr_carea' id='block_1_17' title="bbox 242 1283 988 1379">
    <p class='ocr_par' dir='ltr' id='par_1_18' title="bbox 242 1283 988 1379">
     <span class='ocr_line' id='line_1_30' title="bbox 243 1283 986 1329; baseline 0 -12"><span class='ocrx_word' id='word_1_125' title='bbox 243 1292 324 1319; x_wconf 84' lang='lat' dir='ltr'>mata</span> <span class='ocrx_word' id='word_1_126' title='bbox 347 1291 376 1319; x_wconf 89' lang='lat' dir='ltr'>et</span> <span class='ocrx_word' id='word_1_127' title='bbox 397 1283 587 1319; x_wconf 81' lang='lat' dir='ltr'>sinceritatis</span> <span class='ocrx_word' id='word_1_128' title='bbox 608 1283 740 1329; x_wconf 83' lang='lat' dir='ltr'>insignia</span> <span class='ocrx_word' id='word_1_129' title='bbox 762 1283 939 1317; x_wconf 79' lang='lat' dir='ltr'>deferentes</span> <span class='ocrx_word' id='word_1_130' title='bbox 957 1285 986 1317; x_wconf 92' lang='lat' dir='ltr'>in</span> 
     </span>
     <span class='ocr_line' id='line_1_31' title="bbox 242 1332 988 1379; baseline 0 -12"><span class='ocrx_word' id='word_1_131' title='bbox 242 1340 416 1368; x_wconf 86' lang='lat' dir='ltr'>memorato</span> <span class='ocrx_word' id='word_1_132' title='bbox 453 1332 555 1374; x_wconf 84' lang='lat' dir='ltr'>festo,</span> <span class='ocrx_word' id='word_1_133' title='bbox 589 1341 619 1367; x_wconf 87' lang='lat' dir='ltr'>et</span> <span class='ocrx_word' id='word_1_134' title='bbox 650 1344 751 1379; x_wconf 84' lang='lat' dir='ltr'>usque</span> <span class='ocrx_word' id='word_1_135' title='bbox 785 1332 822 1366; x_wconf 91' lang='lat' dir='ltr'>ad</span> <span class='ocrx_word' id='word_1_136' title='bbox 863 1340 988 1367; x_wconf 86' lang='lat' dir='ltr'>octavas</span> 
     </span>
    </p>
   </div>
   <div class='ocr_carea' id='block_1_18' title="bbox 1010 437 1016 1157">
    <p class='ocr_par' dir='ltr' id='par_1_19' title="bbox 1010 437 1016 1157">
     <span class='ocr_line' id='line_1_32' title="bbox 1010 437 1016 1157; baseline 0 0"><span class='ocrx_word' id='word_1_137' title='bbox 1010 437 1016 1157; x_wconf 95' lang='lat' dir='ltr'> </span> 
     </span>
    </p>
   </div>
   <div class='ocr_carea' id='block_1_19' title="bbox 1664 231 1725 263">
    <p class='ocr_par' dir='ltr' id='par_1_20' title="bbox 1664 231 1725 263">
     <span class='ocr_line' id='line_1_33' title="bbox 1664 231 1725 263; baseline 0 0"><span class='ocrx_word' id='word_1_138' title='bbox 1664 231 1707 263; x_wconf 50' lang='lat'>119</span> <span class='ocrx_word' id='word_1_139' title='bbox 1717 232 1725 263; x_wconf 87' lang='grc'>1</span> 
     </span>
    </p>
   </div>
   <div class='ocr_carea' id='block_1_20' title="bbox 1036 294 1780 342">
    <p class='ocr_par' dir='ltr' id='par_1_21' title="bbox 1036 294 1780 342">
     <span class='ocr_line' id='line_1_34' title="bbox 1036 294 1780 342; baseline 0.004 -14"><span class='ocrx_word' id='word_1_140' title='bbox 1036 294 1141 329; x_wconf 88' lang='lat' dir='ltr'>siones</span> <span class='ocrx_word' id='word_1_141' title='bbox 1177 306 1373 341; x_wconf 70' lang='lat' dir='ltr'>pauper-uin,</span> <span class='ocrx_word' id='word_1_142' title='bbox 1401 296 1560 342; x_wconf 80' lang='lat' dir='ltr'>captiones</span> <span class='ocrx_word' id='word_1_143' title='bbox 1592 295 1780 341; x_wconf 85' lang='lat' dir='ltr'>hominnm,</span> 
     </span>
    </p>
   </div>
   <div class='ocr_carea' id='block_1_21' title="bbox 1015 343 1781 387">
    <p class='ocr_par' dir='ltr' id='par_1_22' title="bbox 1015 343 1781 387">
     <span class='ocr_line' id='line_1_35' title="bbox 1015 343 1781 387; baseline 0.005 -10"><span class='ocrx_word' id='word_1_144' title='bbox 1015 343 1146 378; x_wconf 72' lang='lat' dir='ltr'>&#39;caedes</span> <span class='ocrx_word' id='word_1_145' title='bbox 1184 344 1342 385; x_wconf 78' lang='lat' dir='ltr'>virorum,</span> <span class='ocrx_word' id='word_1_146' title='bbox 1371 345 1517 387; x_wconf 87' lang='lat' dir='ltr'>iniurias,</span> <span class='ocrx_word' id='word_1_147' title='bbox 1554 345 1718 381; x_wconf 82' lang='lat' dir='ltr'>violentias</span> <span class='ocrx_word' id='word_1_148' title='bbox 1751 354 1781 381; x_wconf 87' lang='lat' dir='ltr'>ct</span> 
     </span>
    </p>
   </div>
   <div class='ocr_carea' id='block_1_22' title="bbox 1029 393 1782 1281">
    <p class='ocr_par' dir='ltr' id='par_1_23' title="bbox 1029 393 1782 1281">
     <span class='ocr_line' id='line_1_36' title="bbox 1036 393 1780 443; baseline 0.004 -16"><span class='ocrx_word' id='word_1_149' title='bbox 1036 393 1174 441; x_wconf 74' lang='lat' dir='ltr'>rapinas,</span> <span class='ocrx_word' id='word_1_150' title='bbox 1201 406 1281 441; x_wconf 88' lang='lat' dir='ltr'>qnae</span> <span class='ocrx_word' id='word_1_151' title='bbox 1305 395 1334 428; x_wconf 93' lang='lat' dir='ltr'>in</span> <span class='ocrx_word' id='word_1_152' title='bbox 1359 396 1466 429; x_wconf 86' lang='lat' dir='ltr'>vestris</span> <span class='ocrx_word' id='word_1_153' title='bbox 1489 395 1630 442; x_wconf 89' lang='lat' dir='ltr'>partibus</span> <span class='ocrx_word' id='word_1_154' title='bbox 1660 408 1780 443; x_wconf 86' lang='lat' dir='ltr'>perpe-</span> 
     </span>
     <span class='ocr_line' id='line_1_37' title="bbox 1036 444 1780 490; baseline 0.003 -13"><span class='ocrx_word' id='word_1_155' title='bbox 1036 450 1165 483; x_wconf 83' lang='lat' dir='ltr'>trantur,</span> <span class='ocrx_word' id='word_1_156' title='bbox 1188 455 1282 490; x_wconf 87' lang='lat' dir='ltr'>quam</span> <span class='ocrx_word' id='word_1_157' title='bbox 1309 444 1443 490; x_wconf 81' lang='lat' dir='ltr'>graviter</span> <span class='ocrx_word' id='word_1_158' title='bbox 1468 445 1646 489; x_wconf 82' lang='lat' dir='ltr'>turbamur,</span> <span class='ocrx_word' id='word_1_159' title='bbox 1669 446 1780 480; x_wconf 79' lang='lat' dir='ltr'>exinde</span> 
     </span>
     <span class='ocr_line' id='line_1_38' title="bbox 1036 492 1782 541; baseline 0.003 -15"><span class='ocrx_word' id='word_1_160' title='bbox 1036 492 1083 527; x_wconf 81' lang='lat' dir='ltr'>vix</span> <span class='ocrx_word' id='word_1_161' title='bbox 1113 505 1279 539; x_wconf 85' lang='lat' dir='ltr'>possumus</span> <span class='ocrx_word' id='word_1_162' title='bbox 1307 493 1406 528; x_wconf 87' lang='lat' dir='ltr'>verbis</span> <span class='ocrx_word' id='word_1_163' title='bbox 1444 495 1617 541; x_wconf 79' lang='lat' dir='ltr'>exprimere</span> <span class='ocrx_word' id='word_1_164' title='bbox 1643 503 1695 529; x_wconf 90' lang='lat' dir='ltr'>aut</span> <span class='ocrx_word' id='word_1_165' title='bbox 1729 495 1782 529; x_wconf 90' lang='lat' dir='ltr'>lit-</span> 
     </span>
     <span class='ocr_line' id='line_1_39' title="bbox 1036 542 1780 590; baseline 0.004 -15"><span class='ocrx_word' id='word_1_166' title='bbox 1036 542 1109 576; x_wconf 90' lang='lat' dir='ltr'>teris</span> <span class='ocrx_word' id='word_1_167' title='bbox 1131 542 1300 589; x_wconf 88' lang='lat' dir='ltr'>explicare.</span> <span class='ocrx_word' id='word_1_168' title='bbox 1324 543 1432 590; x_wconf 74' lang='lat' dir='ltr'>Usque.</span> <span class='ocrx_word' id='word_1_169' title='bbox 1459 544 1536 578; x_wconf 88' lang='lat' dir='ltr'>adeo</span> <span class='ocrx_word' id='word_1_170' title='bbox 1566 544 1647 578; x_wconf 89' lang='lat' dir='ltr'>enim</span> <span class='ocrx_word' id='word_1_171' title='bbox 1672 545 1780 578; x_wconf 88' lang='lat' dir='ltr'>multi-</span> 
     </span>
     <span class='ocr_line' id='line_1_40' title="bbox 1036 591 1779 639; baseline 0.004 -14"><span class='ocrx_word' id='word_1_172' title='bbox 1036 591 1145 638; x_wconf 86' lang='lat' dir='ltr'>plicata</span> <span class='ocrx_word' id='word_1_173' title='bbox 1174 600 1219 626; x_wconf 88' lang='lat' dir='ltr'>est</span> <span class='ocrx_word' id='word_1_174' title='bbox 1248 592 1277 626; x_wconf 92' lang='lat' dir='ltr'>in</span> <span class='ocrx_word' id='word_1_175' title='bbox 1301 592 1420 627; x_wconf 88' lang='lat' dir='ltr'>eisdem</span> <span class='ocrx_word' id='word_1_176' title='bbox 1451 593 1602 639; x_wconf 84' lang='lat' dir='ltr'>partibus,</span> <span class='ocrx_word' id='word_1_177' title='bbox 1625 601 1659 627; x_wconf 88' lang='lat' dir='ltr'>ut</span> <span class='ocrx_word' id='word_1_178' title='bbox 1682 606 1779 628; x_wconf 85' lang='lat' dir='ltr'>acce-</span> 
     </span>
     <span class='ocr_line' id='line_1_41' title="bbox 1036 641 1779 689; baseline 0.004 -15"><span class='ocrx_word' id='word_1_179' title='bbox 1036 641 1150 687; x_wconf 85' lang='lat' dir='ltr'>pimus.</span> <span class='ocrx_word' id='word_1_180' title='bbox 1167 641 1560 688; x_wconf 71' lang='lat' dir='ltr'>iniquitasperversortnm</span> <span class='ocrx_word' id='word_1_181' title='bbox 1580 643 1662 689; x_wconf 89' lang='lat' dir='ltr'>quod</span> <span class='ocrx_word' id='word_1_182' title='bbox 1680 644 1779 678; x_wconf 82' lang='lat' dir='ltr'>scien-</span> 
     </span>
     <span class='ocr_line' id='line_1_42' title="bbox 1035 691 1779 738; baseline 0.003 -14"><span class='ocrx_word' id='word_1_183' title='bbox 1035 698 1092 729; x_wconf 82' lang='lat' dir='ltr'>tes,</span> <span class='ocrx_word' id='word_1_184' title='bbox 1119 691 1190 737; x_wconf 85' lang='lat' dir='ltr'>qnia</span> <span class='ocrx_word' id='word_1_185' title='bbox 1214 691 1348 725; x_wconf 88' lang='lat' dir='ltr'>institiae</span> <span class='ocrx_word' id='word_1_186' title='bbox 1376 691 1480 727; x_wconf 89' lang='lat' dir='ltr'>cultus</span> <span class='ocrx_word' id='word_1_187' title='bbox 1502 701 1548 727; x_wconf 83' lang='lat' dir='ltr'>cst</span> <span class='ocrx_word' id='word_1_188' title='bbox 1577 704 1645 738; x_wconf 80' lang='lat' dir='ltr'>pax,</span> <span class='ocrx_word' id='word_1_189' title='bbox 1673 700 1706 727; x_wconf 89' lang='lat' dir='ltr'>ut</span> <span class='ocrx_word' id='word_1_190' title='bbox 1729 693 1779 726; x_wconf 86' lang='lat' dir='ltr'>iu-</span> 
     </span>
     <span class='ocr_line' id='line_1_43' title="bbox 1035 740 1778 787; baseline 0.004 -15"><span class='ocrx_word' id='word_1_191' title='bbox 1035 740 1131 774; x_wconf 86' lang='lat' dir='ltr'>iurias</span> <span class='ocrx_word' id='word_1_192' title='bbox 1165 740 1318 787; x_wconf 80' lang='lat' dir='ltr'>irrogent,</span> <span class='ocrx_word' id='word_1_193' title='bbox 1352 753 1459 786; x_wconf 80' lang='lat' dir='ltr'>paceni</span> <span class='ocrx_word' id='word_1_194' title='bbox 1485 741 1619 780; x_wconf 80' lang='lat' dir='ltr'>turbant,</span> <span class='ocrx_word' id='word_1_195' title='bbox 1648 749 1676 775; x_wconf 80' lang='lat' dir='ltr'>et</span> <span class='ocrx_word' id='word_1_196' title='bbox 1699 743 1778 776; x_wconf 87' lang='lat' dir='ltr'>inter</span> 
     </span>
     <span class='ocr_line' id='line_1_44' title="bbox 1033 791 1777 836; baseline 0.004 -14"><span class='ocrx_word' id='word_1_197' title='bbox 1033 797 1173 824; x_wconf 82' lang='lat' dir='ltr'>sanctum</span> <span class='ocrx_word' id='word_1_198' title='bbox 1207 798 1235 823; x_wconf 86' lang='lat' dir='ltr'>et</span> <span class='ocrx_word' id='word_1_199' title='bbox 1268 791 1462 836; x_wconf 88' lang='lat' dir='ltr'>prophanum</span> <span class='ocrx_word' id='word_1_200' title='bbox 1491 791 1618 825; x_wconf 83' lang='lat' dir='ltr'>minime</span> <span class='ocrx_word' id='word_1_201' title='bbox 1652 791 1777 826; x_wconf 84' lang='lat' dir='ltr'>discer—</span> 
     </span>
     <span class='ocr_line' id='line_1_45' title="bbox 1035 839 1775 888; baseline 0.004 -16"><span class='ocrx_word' id='word_1_202' title='bbox 1035 847 1161 881; x_wconf 84' lang='lat' dir='ltr'>nentes,</span> <span class='ocrx_word' id='word_1_203' title='bbox 1185 839 1265 873; x_wconf 87' lang='lat' dir='ltr'>bona</span> <span class='ocrx_word' id='word_1_204' title='bbox 1293 847 1363 874; x_wconf 88' lang='lat' dir='ltr'>·tam</span> <span class='ocrx_word' id='word_1_205' title='bbox 1403 840 1637 884; x_wconf 80' lang='lat' dir='ltr'>ecclesiastica,</span> <span class='ocrx_word' id='word_1_206' title='bbox 1682 853 1775 888; x_wconf 80' lang='lat' dir='ltr'>quain</span> 
     </span>
     <span class='ocr_line' id='line_1_46' title="bbox 1033 888 1777 937; baseline 0.007 -16"><span class='ocrx_word' id='word_1_207' title='bbox 1033 888 1190 923; x_wconf 87' lang='lat' dir='ltr'>mundana</span> <span class='ocrx_word' id='word_1_208' title='bbox 1210 888 1366 935; x_wconf 87' lang='lat' dir='ltr'>diripiunt</span> <span class='ocrx_word' id='word_1_209' title='bbox 1388 900 1418 925; x_wconf 84' lang='lat' dir='ltr'>ct</span> <span class='ocrx_word' id='word_1_210' title='bbox 1441 890 1640 936; x_wconf 78' lang='lat' dir='ltr'>praedantur,</span> <span class='ocrx_word' id='word_1_211' title='bbox 1663 890 1777 937; x_wconf 85' lang='lat' dir='ltr'>quibus</span> 
     </span>
     <span class='ocr_line' id='line_1_47' title="bbox 1032 938 1775 986; baseline 0.004 -14"><span class='ocrx_word' id='word_1_212' title='bbox 1032 938 1091 972; x_wconf 90' lang='lat' dir='ltr'>nisi</span> <span class='ocrx_word' id='word_1_213' title='bbox 1115 938 1206 973; x_wconf 81' lang='lat' dir='ltr'>fuerit</span> <span class='ocrx_word' id='word_1_214' title='bbox 1222 938 1478 982; x_wconf 78' lang='lat' dir='ltr'>obviatum,cum</span> <span class='ocrx_word' id='word_1_215' title='bbox 1503 939 1648 986; x_wconf 86' lang='lat' dir='ltr'>superbia</span> <span class='ocrx_word' id='word_1_216' title='bbox 1668 952 1775 975; x_wconf 87' lang='lat' dir='ltr'>corum</span> 
     </span>
     <span class='ocr_line' id='line_1_48' title="bbox 1031 988 1777 1036; baseline 0.005 -15"><span class='ocrx_word' id='word_1_217' title='bbox 1031 999 1155 1034; x_wconf 78' lang='lat' dir='ltr'>semper</span> <span class='ocrx_word' id='word_1_218' title='bbox 1180 988 1339 1032; x_wconf 79' lang='lat' dir='ltr'>ascendat,</span> <span class='ocrx_word' id='word_1_219' title='bbox 1363 990 1392 1023; x_wconf 90' lang='lat' dir='ltr'>in</span> <span class='ocrx_word' id='word_1_220' title='bbox 1426 990 1520 1023; x_wconf 84' lang='lat' dir='ltr'>totins</span> <span class='ocrx_word' id='word_1_221' title='bbox 1548 1001 1627 1035; x_wconf 87' lang='lat' dir='ltr'>pene</span> <span class='ocrx_word' id='word_1_222' title='bbox 1651 991 1777 1036; x_wconf 81' lang='lat' dir='ltr'>provin-</span> 
     </span>
     <span class='ocr_line' id='line_1_49' title="bbox 1031 1037 1775 1085; baseline 0.004 -15"><span class='ocrx_word' id='word_1_223' title='bbox 1031 1037 1096 1071; x_wconf 86' lang='lat' dir='ltr'>ciae</span> <span class='ocrx_word' id='word_1_224' title='bbox 1126 1037 1324 1084; x_wconf 76' lang='lat' dir='ltr'>irreparabile</span> <span class='ocrx_word' id='word_1_225' title='bbox 1349 1038 1511 1085; x_wconf 79' lang='lat' dir='ltr'>prosilient</span> <span class='ocrx_word' id='word_1_226' title='bbox 1541 1039 1775 1073; x_wconf 85' lang='lat' dir='ltr'>detrimentum.</span> 
     </span>
     <span class='ocr_line' id='line_1_50' title="bbox 1030 1085 1777 1134; baseline 0.003 -14"><span class='ocrx_word' id='word_1_227' title='bbox 1030 1085 1180 1120; x_wconf 89' lang='lat' dir='ltr'>Volentes</span> <span class='ocrx_word' id='word_1_228' title='bbox 1203 1087 1295 1132; x_wconf 83' lang='lat' dir='ltr'>igitur</span> <span class='ocrx_word' id='word_1_229' title='bbox 1312 1087 1386 1122; x_wconf 88' lang='lat' dir='ltr'>huic</span> <span class='ocrx_word' id='word_1_230' title='bbox 1409 1088 1485 1134; x_wconf 85' lang='lat' dir='ltr'>pesti</span> <span class='ocrx_word' id='word_1_231' title='bbox 1506 1087 1683 1122; x_wconf 84' lang='lat' dir='ltr'>mortiferae</span> <span class='ocrx_word' id='word_1_232' title='bbox 1705 1100 1777 1122; x_wconf 93' lang='lat' dir='ltr'>con-</span> 
     </span>
     <span class='ocr_line' id='line_1_51' title="bbox 1029 1135 1774 1181; baseline 0.004 -13"><span class='ocrx_word' id='word_1_233' title='bbox 1029 1147 1142 1181; x_wconf 82' lang='lat' dir='ltr'>gruum</span> <span class='ocrx_word' id='word_1_234' title='bbox 1175 1135 1345 1170; x_wconf 86' lang='lat' dir='ltr'>remedium</span> <span class='ocrx_word' id='word_1_235' title='bbox 1381 1137 1540 1180; x_wconf 81' lang='lat' dir='ltr'>adbiberi,</span> <span class='ocrx_word' id='word_1_236' title='bbox 1581 1137 1774 1173; x_wconf 84' lang='lat' dir='ltr'>universitati</span> 
     </span>
     <span class='ocr_line' id='line_1_52' title="bbox 1030 1186 1776 1232; baseline 0.004 -14"><span class='ocrx_word' id='word_1_237' title='bbox 1030 1193 1150 1219; x_wconf 81' lang='lat' dir='ltr'>vestrae</span> <span class='ocrx_word' id='word_1_238' title='bbox 1173 1196 1228 1231; x_wconf 92' lang='lat' dir='ltr'>per</span> <span class='ocrx_word' id='word_1_239' title='bbox 1249 1186 1421 1231; x_wconf 88' lang='lat' dir='ltr'>apostolica</span> <span class='ocrx_word' id='word_1_240' title='bbox 1447 1187 1562 1232; x_wconf 88' lang='lat' dir='ltr'>scripta</span> <span class='ocrx_word' id='word_1_241' title='bbox 1586 1186 1646 1221; x_wconf 92' lang='lat' dir='ltr'>sub</span> <span class='ocrx_word' id='word_1_242' title='bbox 1667 1186 1776 1221; x_wconf 86' lang='lat' dir='ltr'>debito</span> 
     </span>
     <span class='ocr_line' id='line_1_53' title="bbox 1031 1234 1775 1281; baseline 0.003 -13"><span class='ocrx_word' id='word_1_243' title='bbox 1031 1234 1188 1269; x_wconf 75' lang='lat' dir='ltr'>fidelitatis</span> <span class='ocrx_word' id='word_1_244' title='bbox 1221 1234 1361 1270; x_wconf 88' lang='lat' dir='ltr'>districte</span> <span class='ocrx_word' id='word_1_245' title='bbox 1388 1236 1614 1281; x_wconf 83' lang='lat' dir='ltr'>praecipiendo</span> <span class='ocrx_word' id='word_1_246' title='bbox 1643 1236 1775 1270; x_wconf 86' lang='lat' dir='ltr'>manda-</span> 
     </span>
    </p>
   </div>
   <div class='ocr_carea' id='block_1_23' title="bbox 1031 1333 1774 1380">
    <p class='ocr_par' dir='ltr' id='par_1_24' title="bbox 1031 1333 1774 1380">
     <span class='ocr_line' id='line_1_54' title="bbox 1031 1333 1774 1380; baseline 0.003 -14"><span class='ocrx_word' id='word_1_247' title='bbox 1031 1333 1163 1372; x_wconf 89' lang='lat' dir='ltr'>intersit‚</span> <span class='ocrx_word' id='word_1_248' title='bbox 1186 1333 1365 1368; x_wconf 87' lang='lat' dir='ltr'>huiusmodi</span> <span class='ocrx_word' id='word_1_249' title='bbox 1389 1335 1588 1380; x_wconf 83' lang='lat' dir='ltr'>pestilentum</span> <span class='ocrx_word' id='word_1_250' title='bbox 1611 1334 1774 1369; x_wconf 79' lang='lat' dir='ltr'>audaciam</span> 
     </span>
    </p>
   </div>
   <div class='ocr_carea' id='block_1_24' title="bbox 242 1382 1776 1481">
    <p class='ocr_par' dir='ltr' id='par_1_25' title="bbox 242 1374 1776 1481">
     <span class='ocr_line' id='line_1_55' title="bbox 242 1382 1776 1438; baseline 0.002 -22"><span class='ocrx_word' id='word_1_251' title='bbox 242 1382 344 1429; x_wconf 89' lang='lat' dir='ltr'>ipsius</span> <span class='ocrx_word' id='word_1_252' title='bbox 373 1383 584 1422; x_wconf 80' lang='lat' dir='ltr'>contulerint,</span> <span class='ocrx_word' id='word_1_253' title='bbox 612 1382 650 1416; x_wconf 89' lang='lat' dir='ltr'>de</span> <span class='ocrx_word' id='word_1_254' title='bbox 676 1382 902 1428; x_wconf 86' lang='lat' dir='ltr'>omnipotentis</span> <span class='ocrx_word' id='word_1_255' title='bbox 928 1382 985 1416; x_wconf 84' lang='lat' dir='ltr'>Dei</span> <span class='ocrx_word' id='word_1_256' title='bbox 1007 1387 1009 1438; x_wconf 72' lang='lat' dir='ltr'>j</span> <span class='ocrx_word' id='word_1_257' title='bbox 1029 1382 1192 1416; x_wconf 76' lang='lat' dir='ltr'>severitate</span> <span class='ocrx_word' id='word_1_258' title='bbox 1220 1382 1322 1417; x_wconf 88' lang='lat' dir='ltr'>debita</span> <span class='ocrx_word' id='word_1_259' title='bbox 1349 1384 1503 1423; x_wconf 80' lang='lat' dir='ltr'>cohiberi,</span> <span class='ocrx_word' id='word_1_260' title='bbox 1530 1392 1637 1419; x_wconf 87' lang='lat' dir='ltr'>contra</span> <span class='ocrx_word' id='word_1_261' title='bbox 1670 1393 1776 1430; x_wconf 89' lang='lat' dir='ltr'>rapto-</span> 
     </span>
     <span class='ocr_line' id='line_1_56' title="bbox 242 1431 1774 1481; baseline 0.001 -15"><span class='ocrx_word' id='word_1_262' title='bbox 242 1431 456 1466; x_wconf 86' lang='lat' dir='ltr'>misericordia</span> <span class='ocrx_word' id='word_1_263' title='bbox 483 1440 512 1465; x_wconf 87' lang='lat' dir='ltr'>et</span> <span class='ocrx_word' id='word_1_264' title='bbox 542 1431 702 1467; x_wconf 84' lang='lat' dir='ltr'>beatorum</span> <span class='ocrx_word' id='word_1_265' title='bbox 732 1431 814 1465; x_wconf 78' lang='lat' dir='ltr'>l‘ctri</span> <span class='ocrx_word' id='word_1_266' title='bbox 846 1440 873 1465; x_wconf 90' lang='lat' dir='ltr'>ct</span> <span class='ocrx_word' id='word_1_267' title='bbox 899 1431 985 1466; x_wconf 78' lang='lat' dir='ltr'>Pauli</span> <span class='ocrx_word' id='word_1_268' title='bbox 1007 1442 1009 1453; x_wconf 75' lang='lat'><strong>⁴</strong></span> <span class='ocrx_word' id='word_1_269' title='bbox 1029 1444 1087 1469; x_wconf 77' lang='lat' dir='ltr'>res.</span> <span class='ocrx_word' id='word_1_270' title='bbox 1112 1431 1286 1479; x_wconf 88' lang='lat' dir='ltr'>praedones</span> <span class='ocrx_word' id='word_1_271' title='bbox 1317 1440 1346 1466; x_wconf 89' lang='lat' dir='ltr'>et</span> <span class='ocrx_word' id='word_1_272' title='bbox 1369 1433 1469 1475; x_wconf 82' lang='lat' dir='ltr'>fures,</span> <span class='ocrx_word' id='word_1_273' title='bbox 1500 1434 1552 1480; x_wconf 90' lang='lat' dir='ltr'>qui</span> <span class='ocrx_word' id='word_1_274' title='bbox 1582 1434 1774 1481; x_wconf 81' lang='lat' dir='ltr'>provinciam</span> 
     </span>
    </p>
   </div>
   <div class='ocr_carea' id='block_1_25' title="bbox 240 1480 987 1718">
    <p class='ocr_par' dir='ltr' id='par_1_26' title="bbox 240 1480 987 1664">
     <span class='ocr_line' id='line_1_57' title="bbox 241 1480 986 1528; baseline -0.001 -12"><span class='ocrx_word' id='word_1_275' title='bbox 241 1480 454 1528; x_wconf 85' lang='lat' dir='ltr'>apostolorum</span> <span class='ocrx_word' id='word_1_276' title='bbox 497 1481 565 1516; x_wconf 90' lang='lat' dir='ltr'>eius</span> <span class='ocrx_word' id='word_1_277' title='bbox 617 1481 800 1515; x_wconf 85' lang='lat' dir='ltr'>auctoritate</span> <span class='ocrx_word' id='word_1_278' title='bbox 852 1480 961 1515; x_wconf 81' lang='lat' dir='ltr'>confisi</span> <span class='ocrx_word' id='word_1_279' title='bbox 978 1509 986 1524; x_wconf 91' lang='lat'>,</span> 
     </span>
     <span class='ocr_line' id='line_1_58' title="bbox 241 1530 986 1577; baseline 0 -12"><span class='ocrx_word' id='word_1_280' title='bbox 241 1542 340 1565; x_wconf 89' lang='lat' dir='ltr'>uuum</span> <span class='ocrx_word' id='word_1_281' title='bbox 377 1542 492 1564; x_wconf 89' lang='lat' dir='ltr'>annum</span> <span class='ocrx_word' id='word_1_282' title='bbox 529 1538 559 1565; x_wconf 87' lang='lat' dir='ltr'>et</span> <span class='ocrx_word' id='word_1_283' title='bbox 593 1530 797 1577; x_wconf 72' lang='lat' dir='ltr'>qnadraginta</span> <span class='ocrx_word' id='word_1_284' title='bbox 826 1530 913 1569; x_wconf 89' lang='lat' dir='ltr'>dies,</span> <span class='ocrx_word' id='word_1_285' title='bbox 949 1531 986 1565; x_wconf 89' lang='lat' dir='ltr'>de</span> 
     </span>
     <span class='ocr_line' id='line_1_59' title="bbox 241 1579 987 1628; baseline 0.001 -14"><span class='ocrx_word' id='word_1_286' title='bbox 241 1579 378 1614; x_wconf 85' lang='lat' dir='ltr'>iniuncta</span> <span class='ocrx_word' id='word_1_287' title='bbox 394 1579 454 1615; x_wconf 90' lang='lat' dir='ltr'>sibi</span> <span class='ocrx_word' id='word_1_288' title='bbox 474 1580 665 1628; x_wconf 79' lang='lat' dir='ltr'>poenitentia</span> <span class='ocrx_word' id='word_1_289' title='bbox 683 1579 927 1614; x_wconf 87' lang='lat' dir='ltr'>misericorditer</span> <span class='ocrx_word' id='word_1_290' title='bbox 942 1592 987 1615; x_wconf 90' lang='lat' dir='ltr'>re-</span> 
     </span>
     <span class='ocr_line' id='line_1_60' title="bbox 240 1629 393 1664; baseline -0.007 0"><span class='ocrx_word' id='word_1_291' title='bbox 240 1629 393 1664; x_wconf 82' lang='lat' dir='ltr'>laxamus.</span> 
     </span>
    </p>

    <p class='ocr_par' dir='ltr' id='par_1_27' title="bbox 288 1677 984 1718">
     <span class='ocr_line' id='line_1_61' title="bbox 288 1677 984 1718; baseline 0.003 -6"><span class='ocrx_word' id='word_1_292' title='bbox 288 1677 358 1713; x_wconf 90' lang='lat' dir='ltr'>Dat.</span> <span class='ocrx_word' id='word_1_293' title='bbox 386 1678 506 1713; x_wconf 85' lang='lat' dir='ltr'>Perusii</span> <span class='ocrx_word' id='word_1_294' title='bbox 534 1678 634 1713; x_wconf 87' lang='lat' dir='ltr'>kalen.</span> <span class='ocrx_word' id='word_1_295' title='bbox 653 1679 753 1718; x_wconf 79' lang='lat' dir='ltr'>iunii,</span> <span class='ocrx_word' id='word_1_296' title='bbox 781 1690 863 1713; x_wconf 87' lang='lat' dir='ltr'>anno</span> <span class='ocrx_word' id='word_1_297' title='bbox 892 1691 984 1714; x_wconf 91' lang='lat' dir='ltr'>nono.</span> 
     </span>
    </p>
   </div>
   <div class='ocr_carea' id='block_1_26' title="bbox 297 1739 924 1780">
    <p class='ocr_par' dir='ltr' id='par_1_28' title="bbox 297 1739 924 1780">
     <span class='ocr_line' id='line_1_62' title="bbox 297 1739 924 1780; baseline 0 -10"><span class='ocrx_word' id='word_1_298' title='bbox 297 1739 359 1770; x_wconf 82' lang='lat' dir='ltr'>Dat.</span> <span class='ocrx_word' id='word_1_299' title='bbox 388 1740 435 1771; x_wconf 87' lang='lat' dir='ltr'>die</span> <span class='ocrx_word' id='word_1_300' title='bbox 462 1741 473 1770; x_wconf 82' lang='lat'><strong>1</strong></span> <span class='ocrx_word' id='word_1_301' title='bbox 496 1741 570 1771; x_wconf 89' lang='lat' dir='ltr'>iunii</span> <span class='ocrx_word' id='word_1_302' title='bbox 591 1741 677 1777; x_wconf 66' lang='lat'>1235,</span> <span class='ocrx_word' id='word_1_303' title='bbox 702 1741 804 1780; x_wconf 80' lang='lat' dir='ltr'>pontif.</span> <span class='ocrx_word' id='word_1_304' title='bbox 820 1751 866 1770; x_wconf 89' lang='lat' dir='ltr'>an.</span> <span class='ocrx_word' id='word_1_305' title='bbox 888 1750 924 1771; x_wconf 86' lang='lat' dir='ltr'>tx.</span> 
     </span>
    </p>
   </div>
   <div class='ocr_carea' id='block_1_27' title="bbox 533 1806 662 1813">
    <p class='ocr_par' dir='ltr' id='par_1_29' title="bbox 533 1806 662 1813">
     <span class='ocr_line' id='line_1_63' title="bbox 533 1806 662 1813; baseline 0 0"><span class='ocrx_word' id='word_1_306' title='bbox 533 1806 662 1813; x_wconf 95' lang='lat' dir='ltr'> </span> 
     </span>
    </p>
   </div>
   <div class='ocr_carea' id='block_1_28' title="bbox 554 1860 665 1895">
    <p class='ocr_par' dir='ltr' id='par_1_30' title="bbox 554 1860 665 1895">
     <span class='ocr_line' id='line_1_64' title="bbox 554 1860 665 1895; baseline 0 -1"><span class='ocrx_word' id='word_1_307' title='bbox 554 1860 665 1895; x_wconf 77' lang='lat' dir='ltr'>XLVI.</span> 
     </span>
    </p>
   </div>
   <div class='ocr_carea' id='block_1_29' title="bbox 244 1933 1007 1978">
    <p class='ocr_par' dir='ltr' id='par_1_31' title="bbox 244 1933 1007 1978">
     <span class='ocr_line' id='line_1_65' title="bbox 244 1933 1007 1978; baseline 0 -11"><span class='ocrx_word' id='word_1_308' title='bbox 244 1934 336 1975; x_wconf 81' lang='lat' dir='ltr'>Quod</span> <span class='ocrx_word' id='word_1_309' title='bbox 385 1933 613 1966; x_wconf 74' lang='lat' dir='ltr'>communitates</span> <span class='ocrx_word' id='word_1_310' title='bbox 664 1939 822 1967; x_wconf 72' lang='lat' dir='ltr'>teneantur</span> <span class='ocrx_word' id='word_1_311' title='bbox 867 1935 1007 1978; x_wconf 53' lang='lat' dir='ltr'>reficere⁴</span> 
     </span>
    </p>
   </div>
   <div class='ocr_carea' id='block_1_30' title="bbox 285 1983 986 2078">
    <p class='ocr_par' dir='ltr' id='par_1_32' title="bbox 285 1983 986 2078">
     <span class='ocr_line' id='line_1_66' title="bbox 288 1983 986 2028; baseline 0 -11"><span class='ocrx_word' id='word_1_312' title='bbox 288 1984 406 2017; x_wconf 80' lang='lat' dir='ltr'>damna</span> <span class='ocrx_word' id='word_1_313' title='bbox 424 1983 594 2027; x_wconf 76' lang='lat' dir='ltr'>praedatis,</span> <span class='ocrx_word' id='word_1_314' title='bbox 621 1984 652 2016; x_wconf 74' lang='lat' dir='ltr'>in</span> <span class='ocrx_word' id='word_1_315' title='bbox 672 1995 800 2028; x_wconf 81' lang='lat' dir='ltr'>quorum</span> <span class='ocrx_word' id='word_1_316' title='bbox 827 1985 986 2017; x_wconf 62' lang='lat' dir='ltr'>territoriis</span> 
     </span>
     <span class='ocr_line' id='line_1_67' title="bbox 285 2032 983 2078; baseline -0.001 -12"><span class='ocrx_word' id='word_1_317' title='bbox 285 2033 438 2078; x_wconf 71' lang='lat' dir='ltr'>parsuros</span> <span class='ocrx_word' id='word_1_318' title='bbox 460 2038 487 2065; x_wconf 80' lang='lat' dir='ltr'>et</span> <span class='ocrx_word' id='word_1_319' title='bbox 501 2032 670 2076; x_wconf 80' lang='lat' dir='ltr'>praedones</span> <span class='ocrx_word' id='word_1_320' title='bbox 688 2033 776 2066; x_wconf 81' lang='lat' dir='ltr'>illata</span> <span class='ocrx_word' id='word_1_321' title='bbox 797 2033 909 2077; x_wconf 76' lang='lat' dir='ltr'>fuerint</span> <span class='ocrx_word' id='word_1_322' title='bbox 929 2035 983 2075; x_wconf 81' lang='lat' dir='ltr'>(t).</span> 
     </span>
    </p>
   </div>
   <div class='ocr_carea' id='block_1_31' title="bbox 507 2109 719 2141">
    <p class='ocr_par' dir='ltr' id='par_1_33' title="bbox 507 2109 719 2141">
     <span class='ocr_line' id='line_1_68' title="bbox 507 2109 719 2141; baseline 0.005 -1"><span class='ocrx_word' id='word_1_323' title='bbox 507 2109 719 2141; x_wconf 65' lang='lat' dir='ltr'>SUMMAt‘ttUM</span> 
     </span>
    </p>
   </div>
   <div class='ocr_carea' id='block_1_32' title="bbox 317 2172 906 2205">
    <p class='ocr_par' dir='ltr' id='par_1_34' title="bbox 317 2172 906 2205">
     <span class='ocr_line' id='line_1_69' title="bbox 317 2172 906 2205; baseline 0.002 -1"><span class='ocrx_word' id='word_1_324' title='bbox 317 2173 412 2204; x_wconf 86' lang='lat' dir='ltr'>Causa</span> <span class='ocrx_word' id='word_1_325' title='bbox 428 2172 533 2203; x_wconf 84' lang='lat' dir='ltr'>edendi</span> <span class='ocrx_word' id='word_1_326' title='bbox 552 2173 670 2203; x_wconf 87' lang='lat' dir='ltr'>decreti.</span> <span class='ocrx_word' id='word_1_327' title='bbox 688 2190 727 2196; x_wconf 85' lang='lat'>—</span> <span class='ocrx_word' id='word_1_328' title='bbox 743 2173 906 2205; x_wconf 87' lang='lat' dir='ltr'>Decretum.</span> 
     </span>
    </p>
   </div>
   <div class='ocr_carea' id='block_1_33' title="bbox 237 2244 987 2280">
    <p class='ocr_par' dir='ltr' id='par_1_35' title="bbox 237 2244 987 2280">
     <span class='ocr_line' id='line_1_70' title="bbox 237 2244 987 2280; baseline -0.001 -6"><span class='ocrx_word' id='word_1_329' title='bbox 237 2245 382 2280; x_wconf 74' lang='lat' dir='ltr'>Gregorius</span> <span class='ocrx_word' id='word_1_330' title='bbox 396 2244 537 2280; x_wconf 80' lang='lat' dir='ltr'>episcopus</span> <span class='ocrx_word' id='word_1_331' title='bbox 549 2250 643 2272; x_wconf 80' lang='lat' dir='ltr'>servus</span> <span class='ocrx_word' id='word_1_332' title='bbox 658 2250 797 2272; x_wconf 84' lang='lat' dir='ltr'>servorum</span> <span class='ocrx_word' id='word_1_333' title='bbox 809 2244 864 2277; x_wconf 82' lang='lat' dir='ltr'>Dei,</span> <span class='ocrx_word' id='word_1_334' title='bbox 877 2244 987 2273; x_wconf 82' lang='lat' dir='ltr'>dilectis</span> 
     </span>
    </p>
   </div>
   <div class='ocr_carea' id='block_1_34' title="bbox 281 2292 1006 2329">
    <p class='ocr_par' dir='ltr' id='par_1_36' title="bbox 281 2292 1006 2329">
     <span class='ocr_line' id='line_1_71' title="bbox 281 2292 1006 2329; baseline -0.004 -6"><span class='ocrx_word' id='word_1_335' title='bbox 281 2293 349 2323; x_wconf 81' lang='lat' dir='ltr'>tuiis</span> <span class='ocrx_word' id='word_1_336' title='bbox 365 2293 499 2322; x_wconf 82' lang='lat' dir='ltr'>universis</span> <span class='ocrx_word' id='word_1_337' title='bbox 513 2292 634 2320; x_wconf 79' lang='lat' dir='ltr'>fidelibus</span> <span class='ocrx_word' id='word_1_338' title='bbox 653 2292 757 2321; x_wconf 82' lang='lat' dir='ltr'>nostris</span> <span class='ocrx_word' id='word_1_339' title='bbox 774 2300 823 2328; x_wconf 80' lang='lat' dir='ltr'>per</span> <span class='ocrx_word' id='word_1_340' title='bbox 852 2293 985 2329; x_wconf 78' lang='lat' dir='ltr'>patrimo·</span> <span class='ocrx_word' id='word_1_341' title='bbox 1005 2301 1006 2320; x_wconf 65' lang='lat' dir='ltr'>i</span> 
     </span>
    </p>
   </div>
   <div class='ocr_carea' id='block_1_35' title="bbox 940 2322 1768 2371">
    <p class='ocr_par' dir='ltr' id='par_1_37' title="bbox 940 2322 1768 2371">
     <span class='ocr_line' id='line_1_72' title="bbox 940 2322 1768 2371; baseline 0.007 -17"><span class='ocrx_word' id='word_1_342' title='bbox 940 2349 986 2371; x_wconf 58' lang='lat' dir='ltr'>sa,</span> <span class='ocrx_word' id='word_1_343' title='bbox 1005 2331 1006 2362; x_wconf 60' lang='grc' dir='ltr'>ζ</span> <span class='ocrx_word' id='word_1_344' title='bbox 1028 2322 1073 2357; x_wconf 90' lang='lat' dir='ltr'>vel</span> <span class='ocrx_word' id='word_1_345' title='bbox 1102 2322 1245 2368; x_wconf 80' lang='lat' dir='ltr'>praedam</span> <span class='ocrx_word' id='word_1_346' title='bbox 1275 2325 1385 2358; x_wconf 84' lang='lat' dir='ltr'>emerit</span> <span class='ocrx_word' id='word_1_347' title='bbox 1406 2325 1500 2358; x_wconf 86' lang='lat' dir='ltr'>etiam</span> <span class='ocrx_word' id='word_1_348' title='bbox 1525 2325 1714 2370; x_wconf 83' lang='lat' dir='ltr'>ignoranter,</span> <span class='ocrx_word' id='word_1_349' title='bbox 1735 2339 1768 2360; x_wconf 84' lang='lat' dir='ltr'>ea</span> 
     </span>
    </p>
   </div>
   <div class='ocr_carea' id='block_1_36' title="bbox 281 2342 904 2429">
    <p class='ocr_par' dir='ltr' id='par_1_38' title="bbox 281 2342 904 2429">
     <span class='ocr_line' id='line_1_73' title="bbox 281 2342 904 2376; baseline -0.003 -4"><span class='ocrx_word' id='word_1_350' title='bbox 281 2343 356 2372; x_wconf 80' lang='lat' dir='ltr'>nium</span> <span class='ocrx_word' id='word_1_351' title='bbox 374 2342 452 2372; x_wconf 80' lang='lat' dir='ltr'>Beati</span> <span class='ocrx_word' id='word_1_352' title='bbox 480 2342 553 2371; x_wconf 80' lang='lat' dir='ltr'>Petri</span> <span class='ocrx_word' id='word_1_353' title='bbox 571 2342 598 2370; x_wconf 86' lang='lat' dir='ltr'>in</span> <span class='ocrx_word' id='word_1_354' title='bbox 617 2342 713 2370; x_wconf 79' lang='lat' dir='ltr'>Tuscia</span> <span class='ocrx_word' id='word_1_355' title='bbox 731 2343 904 2376; x_wconf 86' lang='lat' dir='ltr'>constitutis,</span> 
     </span>
     <span class='ocr_line' id='line_1_74' title="bbox 282 2391 852 2429; baseline -0.005 -7"><span class='ocrx_word' id='word_1_356' title='bbox 282 2392 369 2422; x_wconf 75' lang='lat' dir='ltr'>tutem</span> <span class='ocrx_word' id='word_1_357' title='bbox 387 2394 418 2422; x_wconf 80' lang='lat' dir='ltr'>et</span> <span class='ocrx_word' id='word_1_358' title='bbox 433 2392 611 2429; x_wconf 77' lang='lat' dir='ltr'>apostoticam</span> <span class='ocrx_word' id='word_1_359' title='bbox 631 2391 852 2420; x_wconf 78' lang='lat' dir='ltr'>benedictionem.</span> 
     </span>
    </p>
   </div>
   <div class='ocr_carea' id='block_1_37' title="bbox 242 2462 985 2610">
    <p class='ocr_par' dir='ltr' id='par_1_39' title="bbox 242 2462 985 2610">
     <span class='ocr_line' id='line_1_75' title="bbox 287 2462 985 2511; baseline -0.001 -12"><span class='ocrx_word' id='word_1_360' title='bbox 287 2463 463 2499; x_wconf 84' lang='lat' dir='ltr'>Audientes</span> <span class='ocrx_word' id='word_1_361' title='bbox 476 2462 694 2498; x_wconf 83' lang='lat' dir='ltr'>dissensiones</span> <span class='ocrx_word' id='word_1_362' title='bbox 715 2471 745 2497; x_wconf 89' lang='lat' dir='ltr'>et</span> <span class='ocrx_word' id='word_1_363' title='bbox 762 2475 892 2508; x_wconf 87' lang='lat' dir='ltr'>guerras</span> <span class='ocrx_word' id='word_1_364' title='bbox 905 2476 985 2511; x_wconf 86' lang='lat' dir='ltr'>quae</span> 
     </span>
     <span class='ocr_line' id='line_1_76' title="bbox 242 2512 985 2560; baseline 0 -12"><span class='ocrx_word' id='word_1_365' title='bbox 242 2513 396 2560; x_wconf 84' lang='lat' dir='ltr'>pullulant</span> <span class='ocrx_word' id='word_1_366' title='bbox 426 2513 506 2547; x_wconf 92' lang='lat' dir='ltr'>inter</span> <span class='ocrx_word' id='word_1_367' title='bbox 532 2524 604 2553; x_wconf 88' lang='lat' dir='ltr'>vos,</span> <span class='ocrx_word' id='word_1_368' title='bbox 639 2512 868 2547; x_wconf 83' lang='lat' dir='ltr'>destructiones</span> <span class='ocrx_word' id='word_1_369' title='bbox 900 2514 985 2548; x_wconf 86' lang='lat' dir='ltr'>loco-</span> 
     </span>
     <span class='ocr_line' id='line_1_77' title="bbox 243 2561 985 2610; baseline 0.001 -13"><span class='ocrx_word' id='word_1_370' title='bbox 243 2575 325 2604; x_wconf 90' lang='lat' dir='ltr'>rum,</span> <span class='ocrx_word' id='word_1_371' title='bbox 347 2563 587 2609; x_wconf 86' lang='lat' dir='ltr'>persequtiones</span> <span class='ocrx_word' id='word_1_372' title='bbox 608 2561 834 2604; x_wconf 85' lang='lat' dir='ltr'>Ecclesiarum,</span> <span class='ocrx_word' id='word_1_373' title='bbox 854 2575 985 2610; x_wconf 79' lang='lat' dir='ltr'>oppres-</span> 
     </span>
    </p>
   </div>
   <div class='ocr_carea' id='block_1_38' title="bbox 276 2631 599 2667">
    <p class='ocr_par' dir='ltr' id='par_1_40' title="bbox 276 2631 599 2667">
     <span class='ocr_line' id='line_1_78' title="bbox 276 2631 599 2667; baseline 0 -9"><span class='ocrx_word' id='word_1_374' title='bbox 276 2631 315 2667; x_wconf 82' lang='lat'>(¹)</span> <span class='ocrx_word' id='word_1_375' title='bbox 333 2631 369 2658; x_wconf 85' lang='lat' dir='ltr'>Ex</span> <span class='ocrx_word' id='word_1_376' title='bbox 389 2632 450 2667; x_wconf 59' lang='lat' dir='ltr'>nug«</span> <span class='ocrx_word' id='word_1_377' title='bbox 461 2636 492 2659; x_wconf 86' lang='lat' dir='ltr'>st.</span> <span class='ocrx_word' id='word_1_378' title='bbox 517 2632 599 2659; x_wconf 82' lang='lat' dir='ltr'>Vatic.</span> 
     </span>
    </p>
   </div>
   <div class='ocr_carea' id='block_1_39' title="bbox 1002 1915 1010 2641">
    <p class='ocr_par' dir='ltr' id='par_1_41' title="bbox 1002 1915 1010 2641">
     <span class='ocr_line' id='line_1_79' title="bbox 1002 1915 1010 2641; baseline 0 0"><span class='ocrx_word' id='word_1_379' title='bbox 1002 1915 1010 2641; x_wconf 95' lang='lat' dir='ltr'> </span> 
     </span>
    </p>
   </div>
   <div class='ocr_carea' id='block_1_40' title="bbox 1028 1481 1775 1580">
    <p class='ocr_par' dir='ltr' id='par_1_42' title="bbox 1028 1481 1775 1580">
     <span class='ocr_line' id='line_1_80' title="bbox 1028 1481 1775 1530; baseline 0.005 -16"><span class='ocrx_word' id='word_1_380' title='bbox 1028 1481 1126 1527; x_wconf 87' lang='lat' dir='ltr'>ipsam</span> <span class='ocrx_word' id='word_1_381' title='bbox 1162 1482 1384 1529; x_wconf 86' lang='lat' dir='ltr'>persequendo</span> <span class='ocrx_word' id='word_1_382' title='bbox 1417 1482 1586 1527; x_wconf 81' lang='lat' dir='ltr'>dilaniant,</span> <span class='ocrx_word' id='word_1_383' title='bbox 1619 1495 1699 1530; x_wconf 82' lang='lat' dir='ltr'>quos</span> <span class='ocrx_word' id='word_1_384' title='bbox 1735 1484 1775 1518; x_wconf 86' lang='lat' dir='ltr'>de</span> 
     </span>
     <span class='ocr_line' id='line_1_81' title="bbox 1029 1530 1775 1580; baseline 0.004 -16"><span class='ocrx_word' id='word_1_385' title='bbox 1029 1530 1144 1565; x_wconf 82' lang='lat' dir='ltr'>linibus</span> <span class='ocrx_word' id='word_1_386' title='bbox 1177 1532 1287 1566; x_wconf 84' lang='lat' dir='ltr'>vestris</span> <span class='ocrx_word' id='word_1_387' title='bbox 1320 1532 1450 1566; x_wconf 91' lang='lat' dir='ltr'>omnino</span> <span class='ocrx_word' id='word_1_388' title='bbox 1476 1533 1588 1578; x_wconf 86' lang='lat' dir='ltr'>expelli</span> <span class='ocrx_word' id='word_1_389' title='bbox 1613 1533 1775 1580; x_wconf 83' lang='lat' dir='ltr'>praecipi-</span> 
     </span>
    </p>
   </div>
   <div class='ocr_carea' id='block_1_41' title="bbox 1006 1567 1774 1629">
    <p class='ocr_par' dir='ltr' id='par_1_43' title="bbox 1006 1567 1774 1629">
     <span class='ocr_line' id='line_1_82' title="bbox 1006 1567 1774 1629; baseline 0.003 -15"><span class='ocrx_word' id='word_1_390' title='bbox 1006 1567 1008 1604; x_wconf 73' lang='lat' dir='ltr'>l</span> <span class='ocrx_word' id='word_1_391' title='bbox 1029 1593 1098 1614; x_wconf 88' lang='lat' dir='ltr'>mus</span> <span class='ocrx_word' id='word_1_392' title='bbox 1119 1589 1150 1614; x_wconf 90' lang='lat' dir='ltr'>et</span> <span class='ocrx_word' id='word_1_393' title='bbox 1177 1580 1321 1623; x_wconf 75' lang='lat' dir='ltr'>excludi;</span> <span class='ocrx_word' id='word_1_394' title='bbox 1344 1594 1398 1616; x_wconf 90' lang='lat' dir='ltr'>vos</span> <span class='ocrx_word' id='word_1_395' title='bbox 1421 1591 1565 1629; x_wconf 88' lang='lat' dir='ltr'>potenter</span> <span class='ocrx_word' id='word_1_396' title='bbox 1590 1590 1618 1616; x_wconf 86' lang='lat' dir='ltr'>et</span> <span class='ocrx_word' id='word_1_397' title='bbox 1647 1583 1774 1618; x_wconf 86' lang='lat' dir='ltr'>viriliter</span> 
     </span>
    </p>
   </div>
   <div class='ocr_carea' id='block_1_42' title="bbox 1026 1630 1774 2321">
    <p class='ocr_par' dir='ltr' id='par_1_44' title="bbox 1026 1630 1774 2321">
     <span class='ocr_line' id='line_1_83' title="bbox 1027 1630 1774 1676; baseline 0.004 -12"><span class='ocrx_word' id='word_1_398' title='bbox 1027 1630 1208 1676; x_wconf 83' lang='lat' dir='ltr'>accingatis,</span> <span class='ocrx_word' id='word_1_399' title='bbox 1240 1642 1349 1665; x_wconf 89' lang='lat' dir='ltr'>eorum</span> <span class='ocrx_word' id='word_1_400' title='bbox 1373 1632 1571 1666; x_wconf 87' lang='lat' dir='ltr'>insolentiam</span> <span class='ocrx_word' id='word_1_401' title='bbox 1600 1631 1700 1666; x_wconf 89' lang='lat' dir='ltr'>taliter</span> <span class='ocrx_word' id='word_1_402' title='bbox 1723 1644 1774 1667; x_wconf 87' lang='lat' dir='ltr'>re-</span> 
     </span>
     <span class='ocr_line' id='line_1_84' title="bbox 1028 1680 1773 1727; baseline 0.005 -15"><span class='ocrx_word' id='word_1_403' title='bbox 1028 1680 1211 1726; x_wconf 83' lang='lat' dir='ltr'>primendo,</span> <span class='ocrx_word' id='word_1_404' title='bbox 1237 1680 1321 1727; x_wconf 91' lang='lat' dir='ltr'>qnod</span> <span class='ocrx_word' id='word_1_405' title='bbox 1349 1693 1498 1715; x_wconf 83' lang='lat' dir='ltr'>excessus</span> <span class='ocrx_word' id='word_1_406' title='bbox 1526 1681 1661 1716; x_wconf 81' lang='lat' dir='ltr'>vindicta</span> <span class='ocrx_word' id='word_1_407' title='bbox 1681 1694 1773 1716; x_wconf 87' lang='lat' dir='ltr'>coer-</span> 
     </span>
     <span class='ocr_line' id='line_1_85' title="bbox 1028 1730 1773 1777; baseline 0.004 -14"><span class='ocrx_word' id='word_1_408' title='bbox 1028 1736 1095 1763; x_wconf 86' lang='lat' dir='ltr'>ceat</span> <span class='ocrx_word' id='word_1_409' title='bbox 1117 1737 1146 1762; x_wconf 89' lang='lat' dir='ltr'>et</span> <span class='ocrx_word' id='word_1_410' title='bbox 1167 1731 1355 1764; x_wconf 82' lang='lat' dir='ltr'>excedentes</span> <span class='ocrx_word' id='word_1_411' title='bbox 1375 1743 1473 1776; x_wconf 87' lang='lat' dir='ltr'>poena</span> <span class='ocrx_word' id='word_1_412' title='bbox 1496 1730 1641 1765; x_wconf 81' lang='lat' dir='ltr'>cohibeat</span> <span class='ocrx_word' id='word_1_413' title='bbox 1662 1743 1678 1765; x_wconf 91' lang='lat' dir='ltr'>a</span> <span class='ocrx_word' id='word_1_414' title='bbox 1699 1744 1773 1777; x_wconf 92' lang='lat' dir='ltr'>pec-</span> 
     </span>
     <span class='ocr_line' id='line_1_86' title="bbox 1028 1778 1773 1828; baseline 0.004 -17"><span class='ocrx_word' id='word_1_415' title='bbox 1028 1786 1107 1812; x_wconf 87' lang='lat' dir='ltr'>cato.</span> <span class='ocrx_word' id='word_1_416' title='bbox 1127 1778 1166 1812; x_wconf 90' lang='lat' dir='ltr'>Et</span> <span class='ocrx_word' id='word_1_417' title='bbox 1188 1779 1259 1825; x_wconf 84' lang='lat' dir='ltr'>quia</span> <span class='ocrx_word' id='word_1_418' title='bbox 1283 1779 1461 1814; x_wconf 83' lang='lat' dir='ltr'>huiusmodi</span> <span class='ocrx_word' id='word_1_419' title='bbox 1481 1779 1633 1814; x_wconf 83' lang='lat' dir='ltr'>maleficia</span> <span class='ocrx_word' id='word_1_420' title='bbox 1656 1780 1773 1828; x_wconf 76' lang='lat' dir='ltr'>absquo</span> 
     </span>
     <span class='ocr_line' id='line_1_87' title="bbox 1027 1828 1773 1877; baseline 0.004 -16"><span class='ocrx_word' id='word_1_421' title='bbox 1027 1828 1226 1863; x_wconf 88' lang='lat' dir='ltr'>conniventia</span> <span class='ocrx_word' id='word_1_422' title='bbox 1263 1837 1361 1863; x_wconf 85' lang='lat' dir='ltr'>vestra</span> <span class='ocrx_word' id='word_1_423' title='bbox 1398 1829 1464 1864; x_wconf 84' lang='lat' dir='ltr'>fieri</span> <span class='ocrx_word' id='word_1_424' title='bbox 1501 1839 1685 1877; x_wconf 77' lang='lat' dir='ltr'>nequeunt,</span> <span class='ocrx_word' id='word_1_425' title='bbox 1726 1831 1773 1865; x_wconf 77' lang='lat' dir='ltr'>vel</span> 
     </span>
     <span class='ocr_line' id='line_1_88' title="bbox 1027 1878 1773 1926; baseline 0.003 -15"><span class='ocrx_word' id='word_1_426' title='bbox 1027 1889 1169 1922; x_wconf 77' lang='lat' dir='ltr'>assensu,</span> <span class='ocrx_word' id='word_1_427' title='bbox 1191 1890 1226 1912; x_wconf 87' lang='lat' dir='ltr'>ac</span> <span class='ocrx_word' id='word_1_428' title='bbox 1254 1891 1309 1925; x_wconf 90' lang='lat' dir='ltr'>per</span> <span class='ocrx_word' id='word_1_429' title='bbox 1336 1878 1395 1913; x_wconf 86' lang='lat' dir='ltr'>hoc</span> <span class='ocrx_word' id='word_1_430' title='bbox 1417 1879 1500 1926; x_wconf 88' lang='lat' dir='ltr'>apud</span> <span class='ocrx_word' id='word_1_431' title='bbox 1530 1879 1631 1914; x_wconf 89' lang='lat' dir='ltr'>Deum</span> <span class='ocrx_word' id='word_1_432' title='bbox 1659 1890 1689 1915; x_wconf 86' lang='lat' dir='ltr'>et</span> <span class='ocrx_word' id='word_1_433' title='bbox 1712 1880 1773 1914; x_wconf 84' lang='lat' dir='ltr'>lio-</span> 
     </span>
     <span class='ocr_line' id='line_1_89' title="bbox 1028 1928 1772 1974; baseline 0.005 -14"><span class='ocrx_word' id='word_1_434' title='bbox 1028 1928 1126 1961; x_wconf 87' lang='lat' dir='ltr'>mines</span> <span class='ocrx_word' id='word_1_435' title='bbox 1165 1940 1227 1962; x_wconf 89' lang='lat' dir='ltr'>non</span> <span class='ocrx_word' id='word_1_436' title='bbox 1263 1928 1392 1974; x_wconf 76' lang='lat' dir='ltr'>potestis</span> <span class='ocrx_word' id='word_1_437' title='bbox 1427 1929 1622 1974; x_wconf 85' lang='lat' dir='ltr'>excusabiles</span> <span class='ocrx_word' id='word_1_438' title='bbox 1661 1931 1772 1965; x_wconf 88' lang='lat' dir='ltr'>merito</span> 
     </span>
     <span class='ocr_line' id='line_1_90' title="bbox 1027 1977 1773 2024; baseline 0.005 -14"><span class='ocrx_word' id='word_1_439' title='bbox 1027 1977 1180 2023; x_wconf 84' lang='lat' dir='ltr'>reputari·,</span> <span class='ocrx_word' id='word_1_440' title='bbox 1209 1980 1420 2024; x_wconf 82' lang='lat' dir='ltr'>praesentium</span> <span class='ocrx_word' id='word_1_441' title='bbox 1449 1980 1635 2013; x_wconf 89' lang='lat' dir='ltr'>anctoritate</span> <span class='ocrx_word' id='word_1_442' title='bbox 1662 1981 1773 2014; x_wconf 82' lang='lat' dir='ltr'>statui-</span> 
     </span>
     <span class='ocr_line' id='line_1_91' title="bbox 1028 2027 1772 2075; baseline 0.005 -15"><span class='ocrx_word' id='word_1_443' title='bbox 1028 2039 1109 2067; x_wconf 82' lang='lat' dir='ltr'>mus,</span> <span class='ocrx_word' id='word_1_444' title='bbox 1132 2034 1165 2061; x_wconf 88' lang='lat' dir='ltr'>nt</span> <span class='ocrx_word' id='word_1_445' title='bbox 1187 2027 1218 2060; x_wconf 90' lang='lat' dir='ltr'>in</span> <span class='ocrx_word' id='word_1_446' title='bbox 1241 2039 1442 2075; x_wconf 87' lang='lat' dir='ltr'>quocumque</span> <span class='ocrx_word' id='word_1_447' title='bbox 1470 2028 1612 2063; x_wconf 89' lang='lat' dir='ltr'>locorum</span> <span class='ocrx_word' id='word_1_448' title='bbox 1639 2029 1678 2064; x_wconf 89' lang='lat' dir='ltr'>de</span> <span class='ocrx_word' id='word_1_449' title='bbox 1700 2042 1772 2064; x_wconf 72' lang='lat' dir='ltr'>cae&lt;</span> 
     </span>
     <span class='ocr_line' id='line_1_92' title="bbox 1027 2076 1773 2120; baseline 0.005 -11"><span class='ocrx_word' id='word_1_450' title='bbox 1027 2083 1092 2110; x_wconf 87' lang='lat' dir='ltr'>tero</span> <span class='ocrx_word' id='word_1_451' title='bbox 1122 2076 1191 2110; x_wconf 85' lang='lat' dir='ltr'>talia</span> <span class='ocrx_word' id='word_1_452' title='bbox 1214 2077 1381 2112; x_wconf 87' lang='lat' dir='ltr'>commissa</span> <span class='ocrx_word' id='word_1_453' title='bbox 1410 2077 1536 2120; x_wconf 81' lang='lat' dir='ltr'>suerint,</span> <span class='ocrx_word' id='word_1_454' title='bbox 1559 2086 1661 2114; x_wconf 81' lang='lat' dir='ltr'>terrae</span> <span class='ocrx_word' id='word_1_455' title='bbox 1683 2091 1773 2113; x_wconf 86' lang='lat' dir='ltr'>com-</span> 
     </span>
     <span class='ocr_line' id='line_1_93' title="bbox 1027 2125 1771 2167; baseline 0.005 -8"><span class='ocrx_word' id='word_1_456' title='bbox 1027 2125 1181 2166; x_wconf 87' lang='lat' dir='ltr'>munitas,</span> <span class='ocrx_word' id='word_1_457' title='bbox 1225 2125 1271 2159; x_wconf 82' lang='lat' dir='ltr'>vel</span> <span class='ocrx_word' id='word_1_458' title='bbox 1313 2126 1372 2160; x_wconf 90' lang='lat' dir='ltr'>loci</span> <span class='ocrx_word' id='word_1_459' title='bbox 1408 2126 1575 2167; x_wconf 86' lang='lat' dir='ltr'>dominus,</span> <span class='ocrx_word' id='word_1_460' title='bbox 1618 2128 1647 2162; x_wconf 92' lang='lat' dir='ltr'>in</span> <span class='ocrx_word' id='word_1_461' title='bbox 1682 2130 1771 2163; x_wconf 76' lang='lat' dir='ltr'>cuins</span> 
     </span>
     <span class='ocr_line' id='line_1_94' title="bbox 1026 2175 1772 2216; baseline 0.003 -7"><span class='ocrx_word' id='word_1_462' title='bbox 1026 2175 1182 2210; x_wconf 90' lang='lat' dir='ltr'>territorio</span> <span class='ocrx_word' id='word_1_463' title='bbox 1204 2176 1440 2210; x_wconf 75' lang='lat' dir='ltr'>comminentur</span> <span class='ocrx_word' id='word_1_464' title='bbox 1454 2189 1501 2216; x_wconf 85' lang='lat' dir='ltr'>ea,</span> <span class='ocrx_word' id='word_1_465' title='bbox 1524 2177 1561 2210; x_wconf 88' lang='lat' dir='ltr'>de</span> <span class='ocrx_word' id='word_1_466' title='bbox 1578 2177 1668 2211; x_wconf 84' lang='lat' dir='ltr'>bonis</span> <span class='ocrx_word' id='word_1_467' title='bbox 1689 2190 1772 2211; x_wconf 71' lang='lat' dir='ltr'>‹eoni-</span> 
     </span>
     <span class='ocr_line' id='line_1_95' title="bbox 1027 2225 1771 2264; baseline 0.004 -6"><span class='ocrx_word' id='word_1_468' title='bbox 1027 2225 1198 2264; x_wconf 78' lang='lat' dir='ltr'>munitatis,</span> <span class='ocrx_word' id='word_1_469' title='bbox 1213 2237 1266 2258; x_wconf 87' lang='lat' dir='ltr'>sen</span> <span class='ocrx_word' id='word_1_470' title='bbox 1284 2225 1340 2259; x_wconf 87' lang='lat' dir='ltr'>loci</span> <span class='ocrx_word' id='word_1_471' title='bbox 1356 2225 1495 2260; x_wconf 79' lang='lat' dir='ltr'>eiusdem</span> <span class='ocrx_word' id='word_1_472' title='bbox 1514 2234 1654 2260; x_wconf 79' lang='lat' dir='ltr'>teneatur</span> <span class='ocrx_word' id='word_1_473' title='bbox 1670 2228 1771 2262; x_wconf 85' lang='lat' dir='ltr'>modis</span> 
     </span>
     <span class='ocr_line' id='line_1_96' title="bbox 1026 2273 1770 2321; baseline 0.007 -14"><span class='ocrx_word' id='word_1_474' title='bbox 1026 2273 1172 2308; x_wconf 76' lang='lat' dir='ltr'>omnibus</span> <span class='ocrx_word' id='word_1_475' title='bbox 1198 2276 1375 2308; x_wconf 65' lang='lat' dir='ltr'>emendare.</span> <span class='ocrx_word' id='word_1_476' title='bbox 1404 2274 1466 2316; x_wconf 84' lang='lat' dir='ltr'>Qui</span> <span class='ocrx_word' id='word_1_477' title='bbox 1495 2285 1597 2309; x_wconf 74' lang='lat' dir='ltr'>autern</span> <span class='ocrx_word' id='word_1_478' title='bbox 1628 2276 1742 2311; x_wconf 81' lang='lat' dir='ltr'>furtum</span> <span class='ocrx_word' id='word_1_479' title='bbox 1761 2304 1770 2321; x_wconf 65' lang='lat'><strong>7</strong></span> 
     </span>
    </p>
   </div>
   <div class='ocr_carea' id='block_1_43' title="bbox 1026 2372 1772 2667">
    <p class='ocr_par' dir='ltr' id='par_1_45' title="bbox 1026 2372 1772 2667">
     <span class='ocr_line' id='line_1_97' title="bbox 1028 2372 1770 2419; baseline 0.005 -14"><span class='ocrx_word' id='word_1_480' title='bbox 1028 2373 1167 2406; x_wconf 77' lang='lat' dir='ltr'>restituat</span> <span class='ocrx_word' id='word_1_481' title='bbox 1200 2372 1360 2417; x_wconf 81' lang='lat' dir='ltr'>absolute,</span> <span class='ocrx_word' id='word_1_482' title='bbox 1390 2373 1472 2406; x_wconf 78' lang='lat' dir='ltr'>nullu</span> <span class='ocrx_word' id='word_1_483' title='bbox 1513 2376 1770 2419; x_wconf 69' lang='lat' dir='ltr'>compensatione</span> 
     </span>
     <span class='ocr_line' id='line_1_98' title="bbox 1026 2421 1770 2471; baseline 0.004 -16"><span class='ocrx_word' id='word_1_484' title='bbox 1026 2421 1083 2455; x_wconf 87' lang='lat' dir='ltr'>sibi</span> <span class='ocrx_word' id='word_1_485' title='bbox 1112 2424 1266 2468; x_wconf 80' lang='lat' dir='ltr'>praestita,</span> <span class='ocrx_word' id='word_1_486' title='bbox 1285 2422 1329 2456; x_wconf 80' lang='lat' dir='ltr'>vel</span> <span class='ocrx_word' id='word_1_487' title='bbox 1349 2422 1549 2467; x_wconf 67' lang='lat' dir='ltr'>praestanda,</span> <span class='ocrx_word' id='word_1_488' title='bbox 1572 2423 1625 2457; x_wconf 81' lang='lat' dir='ltr'>sed</span> <span class='ocrx_word' id='word_1_489' title='bbox 1648 2434 1770 2471; x_wconf 75' lang='lat' dir='ltr'>emptor</span> 
     </span>
     <span class='ocr_line' id='line_1_99' title="bbox 1026 2470 1772 2507; baseline 0.003 -3"><span class='ocrx_word' id='word_1_490' title='bbox 1026 2470 1175 2505; x_wconf 80' lang='lat' dir='ltr'>adversus</span> <span class='ocrx_word' id='word_1_491' title='bbox 1203 2471 1393 2505; x_wconf 77' lang='lat' dir='ltr'>venditorem</span> <span class='ocrx_word' id='word_1_492' title='bbox 1422 2484 1510 2505; x_wconf 74' lang='lat' dir='ltr'>snam</span> <span class='ocrx_word' id='word_1_493' title='bbox 1536 2472 1641 2506; x_wconf 72' lang='lat' dir='ltr'>lialwat</span> <span class='ocrx_word' id='word_1_494' title='bbox 1671 2476 1772 2507; x_wconf 73' lang='lat' dir='ltr'>actio-</span> 
     </span>
     <span class='ocr_line' id='line_1_100' title="bbox 1028 2522 1484 2563; baseline -0.007 -10"><span class='ocrx_word' id='word_1_495' title='bbox 1028 2532 1115 2557; x_wconf 79' lang='lat' dir='ltr'>nem.</span> <span class='ocrx_word' id='word_1_496' title='bbox 1153 2527 1268 2554; x_wconf 73' lang='lat' dir='ltr'>statuto</span> <span class='ocrx_word' id='word_1_497' title='bbox 1307 2522 1484 2563; x_wconf 62' lang='lat' dir='ltr'>contratjio,</span> 
     </span>
     <span class='ocr_line' id='line_1_101' title="bbox 1028 2569 1766 2609; baseline 0.008 -7"><span class='ocrx_word' id='word_1_498' title='bbox 1028 2578 1142 2609; x_wconf 86' lang='lat' dir='ltr'>inento,</span> <span class='ocrx_word' id='word_1_499' title='bbox 1169 2581 1224 2604; x_wconf 85' lang='lat' dir='ltr'>scu</span> <span class='ocrx_word' id='word_1_500' title='bbox 1255 2569 1398 2604; x_wconf 79' lang='lat' dir='ltr'>firmitate</span> <span class='ocrx_word' id='word_1_501' title='bbox 1432 2575 1487 2604; x_wconf 78' lang='lat' dir='ltr'>alta</span> <span class='ocrx_word' id='word_1_502' title='bbox 1518 2573 1581 2605; x_wconf 81' lang='lat' dir='ltr'>non’</span> <span class='ocrx_word' id='word_1_503' title='bbox 1610 2572 1766 2608; x_wconf 64' lang='lat' dir='ltr'>obstante.</span> 
     </span>
     <span class='ocr_line' id='line_1_102' title="bbox 1028 2617 1770 2667; baseline 0.005 -13"><span class='ocrx_word' id='word_1_504' title='bbox 1028 2617 1067 2654; x_wconf 88' lang='lat' dir='ltr'>Ut</span> <span class='ocrx_word' id='word_1_505' title='bbox 1090 2627 1192 2653; x_wconf 82' lang='lat' dir='ltr'>autem</span> <span class='ocrx_word' id='word_1_506' title='bbox 1221 2621 1391 2667; x_wconf 80' lang='lat' dir='ltr'>praemissa</span> <span class='ocrx_word' id='word_1_507' title='bbox 1417 2621 1523 2655; x_wconf 83' lang='lat' dir='ltr'>omnia</span> <span class='ocrx_word' id='word_1_508' title='bbox 1551 2621 1770 2658; x_wconf 76' lang='lat' dir='ltr'>inviolabiliter</span> 
     </span>
    </p>
   </div>
   <div class='ocr_carea' id='block_1_44' title="bbox 1530 2522 1771 2557">
    <p class='ocr_par' dir='ltr' id='par_1_46' title="bbox 1530 2522 1771 2557">
     <span class='ocr_line' id='line_1_103' title="bbox 1530 2522 1771 2557; baseline 0.004 -4"><span class='ocrx_word' id='word_1_509' title='bbox 1530 2522 1648 2555; x_wconf 58' lang='lat' dir='ltr'>lirinum</span> <span class='ocrx_word' id='word_1_510' title='bbox 1685 2525 1771 2557; x_wconf 70' lang='lat' dir='ltr'>inru-</span> 
     </span>
    </p>
   </div>
   <div class='ocr_carea' id='block_1_45' title="bbox 1798 241 1980 267">
    <p class='ocr_par' dir='ltr' id='par_1_47' title="bbox 1798 241 1980 267">
     <span class='ocr_line' id='line_1_104' title="bbox 1798 241 1980 267; baseline -0.005 0"><span class='ocrx_word' id='word_1_511' title='bbox 1798 241 1845 267; x_wconf 63' lang='lat' dir='ltr'>An.</span> <span class='ocrx_word' id='word_1_512' title='bbox 1864 241 1892 267; x_wconf 89' lang='lat' dir='ltr'>C.</span> <span class='ocrx_word' id='word_1_513' title='bbox 1915 241 1980 267; x_wconf 65' lang='lat'>¹235</span> 
     </span>
    </p>
   </div>
   <div class='ocr_carea' id='block_1_46' title="bbox 1819 1790 1938 1812">
    <p class='ocr_par' dir='ltr' id='par_1_48' title="bbox 1819 1790 1938 1812">
     <span class='ocr_line' id='line_1_105' title="bbox 1819 1790 1938 1812; baseline -0.008 0"><span class='ocrx_word' id='word_1_514' title='bbox 1819 1790 1938 1812; x_wconf 70' lang='lat' dir='ltr'>Decretum.</span> 
     </span>
    </p>
   </div>
  </div>
 </body>
</html>
