2129 3223
39 250 90 278 Διι.
104 251 133 278 C.
154 250 222 278 1268

69 456 187 479 clausulae.

868 252 951 275 cum
958 253 1014 276 ENS
1036 253 1068 276 tv
1091 254 1137 276 ΡΙ).

236 305 398 352 potestatis
426 306 456 340 in
484 304 624 340 Ecclesia
653 305 809 352 praedicta
832 306 982 355 deinceps

234 355 327 390 annis
352 354 486 401 singulis
507 354 738 390 celebrandam.

282 404 366 439 Nulli
409 415 484 450 ergo
514 404 643 439 omnino
682 404 845 440 hominum
893 405 982 440 liceat

234 452 314 488 lianc
342 453 486 500 paginam
521 461 643 488 nostrae
670 454 904 489 constitutionis
927 455 981 489 in-

234 502 380 548 fringere,
403 501 450 537 vel
472 502 500 537 ei
528 514 604 537 ausu
629 504 792 539 temerario
814 504 979 538 contraire.

232 551 266 585 Si
290 551 361 599 quis
393 560 497 586 autem
539 552 597 586 hoc
630 560 780 588 attentare
816 565 981 600 praesum-

234 601 342 645 pserit,
371 600 616 646 indignationem
660 602 885 648 omnipotentis
924 602 978 637 Dei

231 661 268 684 ac
294 649 454 685 beatorum
472 649 556 685 Petri
579 658 610 685 et
638 650 726 685 Pauli
764 652 978 699 apostolorum

232 710 302 734 eius
328 711 362 734 se
390 707 510 734 noverit
533 711 745 734 incursurum.

280 747 395 784 Datum
418 747 549 783 Viterbii
574 749 666 783 nonis
699 749 841 790 ianuarii,
873 751 980 797 ponti-

231 798 342 832 ficatus
364 798 460 833 nostri
484 809 567 832 anno
594 798 697 833 tertio.

273 857 336 888 Dat.
357 858 405 888 die
427 858 445 887 5
462 858 588 889 ianuarii
612 859 697 896 1268,
714 859 815 898 pontis.
833 869 877 889 an.
894 869 934 890 ιιι.

535 1009 678 1044 XXVIII.

227 1090 385 1124 Sententia
410 1091 443 1123 in
473 1091 696 1128 Conradinum,
728 1093 782 1136 qui
814 1093 850 1125 ob
877 1098 978 1135 spreta

275 1139 445 1183 apostolica
465 1141 581 1173 ηιοηίια
605 1142 692 1185 requi
705 1140 981 1185 Hierosolymitcmi

275 1189 394 1222 iuribus
413 1189 556 1234 privatur
583 1191 640 1232 (1).

495 1266 709 1298 SUMMARIUM

228 1333 254 1361 1.
272 1331 309 1363 Ut
330 1331 493 1363 Romanum
512 1332 653 1363 affectarit
675 1334 842 1373 imperium:
860 1352 899 1359 —
924 1336 978 1365 Re-

267 1377 346 1414 gium
366 1385 472 1407 nomen
497 1376 629 1407 Siculum
657 1379 820 1417 occuparit:
843 1396 881 1401 —
900 1379 976 1409 Tur-

266 1420 343 1451 barit
359 1420 511 1451 Ecclesiae
528 1431 640 1461 pacem,
655 1422 891 1462 etc.—Imperia
909 1434 979 1464 apo-

265 1464 368 1495 stolica
391 1465 514 1495 solemni
537 1466 594 1496 ritu
618 1466 675 1505 ipsi
694 1467 768 1496 data.
791 1484 829 1490 —
846 1468 872 1498 2.
896 1468 977 1499 Veti-

267 1514 326 1539 tum
352 1508 453 1540 Italiae
475 1510 656 1549 proceribus,
682 1520 719 1541 ne
738 1511 830 1542 ullum
855 1522 921 1543 cum
944 1523 978 1543 eo

265 1553 369 1584 foedus
402 1555 519 1591 inirent,
546 1554 602 1584 sub
634 1555 721 1586 certis
752 1557 865 1595 poenis.
889 1574 929 1580 —
951 1558 977 1588 3.

264 1597 346 1628 Aliae
368 1598 497 1628 indictae
519 1598 646 1637 singulis
674 1600 830 1630 ordinibus
857 1610 977 1641 poenae.

263 1658 304 1665 —
317 1642 346 1673 4.
369 1643 409 1673 Ac
427 1643 573 1673 sententia
591 1642 768 1674 denunciata
789 1647 976 1684 postmodum

265 1691 366 1717 contra
384 1687 598 1717 inobedientes.
620 1704 660 1710 —
677 1688 704 1718 5.
727 1688 794 1719 Dies
812 1689 978 1720 Conradino

265 1740 280 1760 a
296 1729 439 1762 Pontifice
457 1732 576 1767 indicta,
595 1736 626 1761 ut
645 1742 676 1761 se
692 1732 760 1762 Sedi
779 1734 878 1772 Apost.
896 1745 979 1774 prae-

267 1779 404 1805 sentaret.
416 1792 454 1798 —
469 1776 496 1806 6.
514 1775 627 1806 Vetitus
644 1777 672 1805 in
688 1776 799 1806 ltaliam
814 1778 978 1816 ingressus,

266 1819 324 1850 nisi
351 1819 423 1850 sorte
451 1821 537 1850 vellet
565 1830 596 1850 se
623 1822 717 1851 eidem
742 1822 810 1852 Sedi
834 1832 976 1862 praesen-

266 1869 338 1901 tare;
352 1881 391 1887 —
406 1865 432 1894 7.
447 1863 504 1894 Sed
523 1874 588 1895 cum
609 1864 759 1896 Pontificis
776 1867 897 1906 imperia
917 1869 978 1897 vlo-

267 1908 343 1945 larit,
362 1910 535 1948 praesertim
560 1914 689 1939 armatus
708 1909 850 1941 Veronam
875 1912 976 1949 ingre-

266 1953 368 1990 dIens,
401 1970 440 1975 —
471 1952 748 1983 Excommunicatus
783 1955 978 1985 denunciatur

266 2006 332 2026 cum
351 1997 415 2027 suis
432 2006 447 2027 a
464 1994 620 2027 Clemente.
635 2015 674 2020 —
689 1998 715 2028 8.
743 1997 846 2029 Iussus
867 1999 976 2030 Verona

266 2046 354 2081 atque
370 2040 452 2071 ltalia
475 2041 637 2079 discedere,
657 2058 697 2064 —-
716 2041 908 2082 Regnumque
928 2043 976 2074 Si-

267 2086 353 2115 ciliae
379 2094 436 2114 non
459 2084 595 2115 affectare
623 2085 678 2115 sub
704 2095 795 2125 poena
825 2088 977 2118 amittendi

268 2130 350 2168 regni
372 2128 638 2168 Hierosolymitani.
664 2147 704 2152 —
727 2131 754 2160 9.
776 2130 891 2162 Poenae
913 2133 977 2163 eius

268 2173 433 2203 fautoribus
465 2174 632 2204 intentatae.
659 2191 698 2196 --
726 2175 771 2205 10.
794 2174 1000 2206 Conradinus·

268 2218 349 2248 iussa
371 2217 467 2247 omnia
492 2222 585 2256 apost.
609 2219 832 2256 transgreditur.
855 2237 894 2242 —
920 2221 975 2250 Pa-

268 2262 346 2301 piam
365 2270 431 2291 cum
448 2262 567 2291 armatis
583 2262 704 2291 accedit.
719 2279 757 2285 -
774 2264 820 2293 11.
838 2264 978 2302 Desigitur

268 2305 462 2336 anathemate.
483 2322 523 2328 —
540 2305 631 2343 Regni
650 2305 904 2346 llierosotymitani
928 2311 976 2340 iu-

268 2350 352 2380 ribus
383 2350 506 2380 exuitur.
533 2366 572 2372 -—
599 2350 646 2380 102.
670 2349 837 2382 Postulatur
858 2352 977 2383 iudicio:

268 2411 308 2417 -
328 2394 362 2425 Ni
381 2400 490 2434 pareat,
510 2395 675 2425 declaratur
696 2396 731 2425 ad
752 2405 836 2426 omne
854 2406 977 2435 regnum

269 2439 420 2469 inhabilis.
445 2456 486 2462 —
515 2438 631 2469 Eisdem
655 2440 757 2478 poenis
780 2440 979 2471 suhiiciuntur

270 2482 335 2512 eius
364 2482 502 2513 fautores.
533 2500 571 2505 -
603 2483 646 2513 13.
675 2483 758 2520 Loca,
780 2494 855 2523 quae
883 2484 978 2516 favent

269 2526 445 2564 Conradino,
463 2528 597 2558 censuris
614 2537 767 2566 percussa.
783 2544 822 2550 -—
836 2528 895 2558 Hae
911 2539 978 2560 vero

271 2572 433 2602 sententiae
452 2581 465 2601 a
485 2572 547 2602 solo
565 2571 704 2601 Pontitice
727 2572 940 2603 dissolvendae.

266 2627 306 2664 (t)
322 2628 362 2655 Ex
378 2628 516 2664 Raynaldo
535 2636 596 2655 ann.
620 2628 698 2660 ¹268,
715 2628 731 2662 S
747 2628 772 2654 [ι.

310 2672 384 2702 ΒυΗ.
409 2671 484 2700 Rom.
512 2673 566 2700 vot.
586 2672 634 2700 llt.
800 2672 855 2702 100

1657 250 1726 281 793

1002 318 1003 330 ι
1023 312 1146 340 clemens
1160 313 1300 348 episeopus
1324 321 1419 343 servus
1434 322 1574 345 servorum
1591 316 1648 350 Det,
1668 318 1701 347 ad
1717 325 1774 347 cer·

1066 360 1214 391 titudinem
1229 363 1423 398 praesentium.
1443 366 1473 393 ot
1490 366 1648 395 memoriam
1664 365 1775 396 futuro-

1067 417 1139 439 rum.

1791 261 1838 286 Αιι.
1858 260 1887 288 C.
1906 262 1970 288 t-2sr3

1071 485 1086 525 5
1110 483 1141 516 1.
1164 481 1291 517 Dudum
1314 483 1352 518 ad
1376 484 1575 531 Apostolicae
1592 486 1686 522 Sedis
1707 500 1773 535 per·
1799 496 1821 518 υ·
1857 496 1968 532 “sm-*nun

1024 529 1083 565 lato
1105 531 1258 577 notitiam,
1286 533 1370 579 quod
1410 533 1612 571 Conradinus
1631 564 1638 577 ‚
1674 549 1772 584 nepos
1785 527 1887 578 :aff-³¹¹¹
1905 534 1967 555 ’ψ’

1022 580 1181 627 quondam
1200 580 1352 617 Friderici
1373 583 1445 617 olim
1469 583 1684 620 Romanorum
1709 587 1771 622 im—

1023 630 1185 676 peratoris,
1208 631 1402 667 inconsultae
1422 633 1515 668 nimis
1536 642 1566 669 et
1589 636 1771 672 temerariae

1022 679 1204 715 ambitionis
1224 680 1335 727 spiritu
1359 682 1547 724 concitatus,
1570 696 1632 718 non
1667 686 1770 720 solum

1021 728 1058 763 ad
1081 728 1289 764 obtinendum
1319 730 1495 766 Romanum
1519 732 1691 768 conabatur
1718 735 1772 769 im-

1023 778 1155 823 perium,
1177 779 1231 814 sed
1254 779 1314 814 sibi
1341 791 1473 826 regnum
1496 780 1623 817 Siciliae
1659 782 1771 818 intitu-
1792 792 1876 820 Regma*
1892 800 1967 815 numen

1022 826 1085 862 lare
1107 839 1169 862 non
1193 828 1322 868 veritus,
1349 829 1409 864 sub
1426 829 1568 866 eiusdem
1604 832 1691 877 regni
1731 835 1770 867 ti-
1783 823 1873 882 {ffissfssm
1903 832 1967 845 ‘¹⁰³'

1023 876 1087 910 tulo
1138 876 1197 911 sibi
1240 889 1355 912 nomen
1393 880 1512 924 regium
1548 879 1768 915 adscribebat:

1021 924 1170 972 quodque
1197 938 1269 961 cum
1292 927 1452 975 aliquibus
1483 928 1619 964 inimicis
1658 930 1770 965 Eccle-

1020 975 1083 1008 siae
1110 975 1304 1010 diversarum
1327 976 1433 1011 ltaliae
1461 979 1594 1024 partium
1622 979 1771 1015 scelestas
1796 985 1891 1022 Tur-barn
1928 987 1969 1007 ¹20-

1022 1022 1121 1058 iniens
1140 1023 1288 1059 sactiones
1310 1037 1394 1067 suas,
1422 1038 1478 1073 per
1499 1027 1640 1062 civitates
1661 1028 1769 1063 etloca
1784 1017 1863 1069 {iffi-mo
1879 1024 1952 1044 “⁴⁰³''

1023 1072 1101 1107 varia
1127 1073 1187 1108 sub
1215 1075 1382 1120 praemissa
1405 1075 1627 1117 intitulatione,
1651 1079 1770 1125 typario

1021 1123 1123 1167 regiae
1150 1123 1319 1158 maiestatis
1342 1124 1513 1171 impressas
1536 1125 1654 1160 litteras
1680 1127 1773 1161 desti-

1021 1171 1136 1215 nando‚
1159 1171 1284 1207 turbare
1313 1185 1420 1219 pacem
1467 1174 1711 1210 ecclesiasticam
1734 1188 1770 1211 ae

1021 1220 1172 1266 populum
1195 1233 1394 1257 commovere
1422 1223 1451 1257 in
1475 1232 1632 1265 nostrum,
1667 1232 1698 1259 et
1722 1225 1772 1272 ip-

1022 1269 1086 1303 sius
1112 1269 1273 1305 Ecclesiae
1294 1283 1330 1305 ac
1364 1271 1541 1307 charissimi
1575 1274 1605 1307 in
1644 1272 1771 1309 Christo

1021 1318 1075 1352 filii
1099 1320 1196 1353 nostri
1224 1318 1328 1354 Caroli
1366 1321 1446 1367 regis
1479 1321 1606 1357 Siciliae
1640 1322 1771 1359 illustris

1019 1368 1190 1403 discrimen
1213 1377 1243 1403 et
1265 1370 1493 1416 praeiudicium
1516 1371 1685 1413 nitebatur3
1713 1385 1771 1407 nos

1022 1417 1051 1450 in
1085 1416 1163 1452 festo
1184 1417 1399 1452 Dedicationis
1421 1418 1568 1455 basilicae
1601 1420 1765 1456 beatorum
1797 1427 1887 1453 moeri*
1915 1436 1967 1456 aro<

1019 1466 1233 1513 apostolorum
1266 1467 1349 1501 Petri
1374 1476 1404 1502 et
1428 1468 1530 1509 Pauli,
1570 1459 1967 1517 pontificatus{}?„¹*⁰.321⁵⁰.1'1'1“¹

1021 1516 1116 1550 nostri
1145 1528 1226 1550 anno
1248 1516 1400 1559 secundo,
1426 1518 1456 1552 in
1490 1517 1549 1553 hac
1578 1519 1686 1554 maiori
1707 1519 1771 1555 Ec-

1020 1565 1112 1600 clesia
1149 1564 1349 1605 Viterbiensi,
1387 1576 1551 1612 praesente
1578 1576 1653 1603 tunc
1687 1569 1771 1604 mul·

1021 1614 1152 1649 titudine
1179 1616 1303 1661 copiosa
1322 1615 1472 1655 fidelium,
1495 1617 1532 1651 de
1557 1617 1683 1652 fratrum
1713 1631 1772 1654 no-

1019 1671 1155 1698 strorum
1178 1664 1320 1704 consitio,
1343 1665 1444 1699 eidem
1470 1664 1650 1700 Conradino
1665 1667 1771 1702 distri-

1020 1720 1068 1747 cte
1094 1713 1323 1760 praecepimus.
1346 1722 1377 1747 nt
1404 1726 1419 1747 a
1441 1716 1620 1759 praemissis
1645 1717 1770 1762 penitus

1020 1761 1203 1802 abstineret,
1217 1763 1388 1797 districtius
1402 1763 1590 1808 inhibentes,
1604 1776 1643 1799 ne
1655 1766 1769 1800 similia

1021 1811 1153 1845 ulterius
1180 1821 1407 1858 praesumeret,
1445 1822 1499 1847 aut
1531 1813 1769 1861 quomodolibet

1022 1869 1197 1908 usurparet.
1227 1860 1453 1896 prohibuimus
1485 1863 1577 1897 etiarn
1613 1864 1770 1898 universis

1020 1918 1050 1943 et
1071 1910 1212 1955 singulis,
1236 1922 1274 1944 ne
1295 1911 1453 1956 praedicto
1479 1910 1661 1947 Conradino
1687 1913 1769 1948 sicut

1022 1959 1085 2004 regi
1108 1959 1233 1993 Siciliae
1256 1959 1442 2001 scriberent,
1470 1973 1528 1995 nec
1554 1961 1593 1996 ab
1621 1962 1688 2008 ipso
1717 1962 1770 1996 lit-

1020 2016 1103 2042 teras
1130 2007 1213 2042 vetut
1234 2021 1250 2043 a
1285 2021 1368 2055 rege,
1400 2017 1453 2043 aut
1488 2010 1546 2045 sub
1587 2012 1770 2057 praemissis

1021 2057 1240 2097 intitulatione,
1268 2057 1524 2093 denominatione
1550 2073 1605 2094 seu
1635 2060 1770 2107 impres·

1020 2107 1106 2141 sione
1128 2107 1315 2154 reciperent,
1339 2120 1416 2142 neve
1439 2109 1468 2142 in
1496 2120 1581 2148 enm,
1611 2120 1641 2144 ut
1666 2110 1696 2143 in
1724 2109 1769 2144 Si-

1019 2155 1107 2190 ciliae
1135 2168 1239 2202 regem
1264 2157 1473 2198 intenderent,
1499 2170 1554 2192 nec
1577 2170 1647 2192 eum
1674 2160 1769 2194 armis

1022 2205 1066 2239 vet
1088 2205 1157 2239 sine
1178 2206 1284 2245 armis,
1313 2205 1392 2240 sacto
1415 2206 1461 2240 vel
1491 2206 1596 2246 verbo,
1622 2216 1673 2241 aut
1693 2220 1768 2255 quo-

1021 2253 1189 2288 modolibet
1216 2254 1253 2288 ad
1278 2255 1468 2289 turbandum
1502 2255 1662 2290 Ecclesiae
1702 2257 1769 2291 Ro-

1020 2315 1129 2337 manae
1152 2314 1261 2349 pacem
1284 2304 1329 2338 vel
1353 2312 1460 2338 contra
1489 2305 1681 2351 praedictum
1718 2318 1769 2341 re—

1019 2364 1088 2397 gem
1125 2351 1250 2386 Siciliae
1284 2361 1477 2399 praestarent
1520 2354 1547 2388 ei
1591 2355 1766 2397 auxilium,

1020 2406 1186 2440 consilium
1210 2405 1256 2440 vel
1284 2405 1430 2441 favorem.

1068 2458 1141 2505 §2
1170 2458 1354 2504 Specialiter
1387 2460 1632 2503 marchionibus,
1669 2462 1767 2497 comi-
1789 2465 1879 2487 “0¹³¹‘'OE
1892 2467 1965 2489 ¹¹³1⁵'“=

1021 2512 1115 2552 tibus,
1142 2512 1326 2553 baronibus,
1354 2514 1554 2549 comitatibus
1576 2523 1606 2549 et
1639 2516 1761 2552 univer·
1780 2498 1914 2549 3333.ssssss
1938 2505 1965 2550 iiii

1020 2565 1165 2600 sitatibus
1191 2575 1375 2605 castrorum,
1399 2567 1543 2602 villarum
1566 2576 1596 2603 et
1611 2557 1964 2616 quorum-llidsssi'i'ss'ss'glssz

1019 2630 1154 2657 cumque
1177 2618 1316 2655 locorum
1340 2619 1443 2657 Italiae
1471 2621 1688 2667 prohibuimus
1711 2636 1765 2658 ex-
1780 2620 1821 2639 '¹³⁵‘
