2129 3223
847 232 878 254 m
885 231 946 254 uEx
970 229 1182 253 ncntucanuat

1679 218 1748 250 855

249 289 405 324 XXXVIII.
439 287 667 332 Inquisitornm
698 286 874 319 haereticae
901 286 1002 329 pravi·
1048 284 1082 316 X.
1107 283 1313 316 Confirmatio
1344 283 1471 323 regulae
1499 282 1529 315 S
1554 282 1719 324 Augustini
1742 293 1798 326 pro

338 339 409 371 tatis
433 338 566 370 facultas
595 336 775 369 absolvendi
810 347 826 368 a
861 334 1004 367 censuris

338 386 559 420 ecclesiasticis
571 386 747 417 confratres
763 384 1003 417 societatistlru-

339 436 587 476 cesignatorum,
625 445 682 478 pro
716 439 841 467 sanctae
870 433 1003 476 inquisi-

337 485 432 518 tionis
460 484 616 528 pracsidio
651 484 830 522 institutae,
866 489 897 515 et
923 493 1003 515 non-

339 535 427 567 nulla
448 534 570 567 indulta
591 533 635 566 eis
656 532 864 568 concedendi,
883 531 956 564 585.

251 582 383 616 XXXIX.
417 582 579 616 Sententia
608 580 949 615 excommunicationis
975 580 1004 611 in

340 632 518 671 Ezelinum,
541 631 617 665 586.

251 682 310 714 XL.
334 681 430 723 Leges
456 681 486 713 in
507 680 686 713 haereticos
715 689 893 721 corumqu«¹
922 688 1007 710 com-

341 730 439 773 plices
460 730 557 769 latae,
572 729 655 763 «588.

252 780 326 812 XLI.
358 779 523 821 Privilegia
557 778 780 811 conceduntur
814 775 1008 819 inquisitori-

343 828 420 867 bus,
444 828 519 861 590.

252 877 340 909 XLII.
369 875 586 909 Confirmatur
609 875 765 908 sententia
792 873 1008 907 cxconnnunb

342 925 474 958 cationis
505 926 567 958 lata
592 925 631 957 ab
659 924 901 967 archiepiscopo
927 923 1007 955 Can-

341 974 477 1007 tuarien.
508 979 538 1006 et
566 973 663 1006 totius
692 972 822 1013 Angliac
850 971 1008 1015 episcopis

341 1029 452 1056 contra
486 1023 710 1066 perturbantes
746 1022 814 1053 iura
856 1020 1009 1053 Ecclesia-

342 1083 429 1111 rum,
452 1072 526 1106 591.

484 1160 716 1194 ALEXANDER
740 1160 786 1192 IX.

258 1256 280 1288 I.
309 1255 475 1288 Praesules
509 1253 672 1286 christiani
707 1253 793 1285 orbis
826 1253 863 1285 de
897 1252 1010 1295 adepto

350 1304 537 1348 pontificatu
559 1302 711 1336 certiores
732 1302 815 1341 facit,
838 1301 911 1334 593.

258 1355 294 1387 II.
325 1353 491 1386 Revocatio
529 1352 742 1395 quarumdam
773 1351 949 1382 litterarum
982 1356 1009 1382 et

348 1401 523 1434 sententiae
552 1400 591 1432 ab
612 1399 796 1432 Innocentio
816 1399 899 1442 Papa
921 1399 954 1431 lx*
972 1400 1013 1431 la-

349 1457 397 1484 tae
417 1451 566 1483 adversus
585 1449 762 1489 religiosos,
785 1448 859 1481 594.

260 1501 309 1534 III.
339 1499 526 1533 hnmanitas
550 1498 589 1530 ab
615 1498 702 1529 onmi
727 1497 905 1533 exactione,
928 1497 1012 1529 datio

348 1553 404 1581 etc.
442 1548 474 1579 in
507 1546 657 1579 dominiis
677 1545 876 1589 Apostolicae
904 1544 1010 1583 Sedis,

347 1607 497 1630 concessa
527 1595 737 1628 Ianuensibus
762 1595 799 1627 ab
828 1595 1012 1627 Innocentio

348 1647 434 1689 Papa
453 1645 489 1678 IV
509 1644 734 1684 confirmatur,
756 1643 830 1678 595.

260 1695 307 1728 IV.
326 1694 453 1737 Rigensi
469 1693 628 1726 Ecclesiae
650 1693 859 1736 metropolica
879 1693 1014 1735 dignitas

349 1743 562 1776 confirmatur
583 1743 613 1774 in
634 1742 774 1782 Limina,
803 1742 877 1775 596.

262 1793 294 1825 V.
322 1792 509 1825 Lithuaniae
537 1792 603 1833 regi
628 1791 792 1831 concedit,
823 1796 856 1824 nt
882 1802 1013 1834 praesu-

349 1842 411 1874 lem
433 1841 626 1874 catholicum
649 1846 755 1873 evocet
776 1841 813 1873 ad
836 1840 921 1880 regia
948 1840 1013 1873 tilio

349 1895 537 1923 ornamenta
558 1890 764 1929 conferenda,
787 1889 860 1922 597.

262 1941 309 1973 vl.
333 1940 422 1978 Quod
449 1940 488 1972 de
513 1945 638 1973 caetero
667 1940 697 1972 in
726 1939 962 1971 cathedralibus
986 1944 1014 1971 et

351 1989 420 2021 aliis
447 1989 597 2021 Ecclesiis
621 1988 730 2021 nullus
763 1988 795 2020 in
821 1988 1013 2020 canonicum

350 2037 526 2081 recipiatur
545 2038 628 2071 ultra
653 2047 826 2070 numerum
848 2037 1016 2069 canonico-

352 2096 424 2118 rum
445 2092 647 2125 consuetnm,
674 2086 942 2129 expet-tatimrum
969 2085 1017 2117 lit-

352 2135 428 2167 teris
447 2135 578 2168 minime
600 2135 862 2177 suffragantibus,
885 2134 958 2167 598.

264 2183 325 2217 VII.
336 2183 503 2217 Revocatio
516 2184 713 2217 indultorum
726 2195 784 2216 con
791 2184 910 2217 serendi
921 2194 1017 2227 quae-

355 2244 494 2276 cumque
514 2233 668 2266 beneficia
690 2245 762 2266 rum
780 2233 969 2269 vacaverint,
988 2238 1018 2265 et

354 2282 619 2326 expectativarnm
642 2283 678 2315 ad
701 2283 810 2315 cadem
833 2283 926 2315 otiam
949 2287 1015 2325 post

354 2332 499 2374 adeptam
526 2332 772 2375 possessitnwni,
795 2332 869 2364 590.

266 2381 340 2414 VIII.
364 2380 452 2419 Quod
470 2381 507 2413 ad
527 2380 684 2413 Ecclesias
706 2381 842 2424 promoti
866 2381 945 2413 infra
966 2391 1017 2413 sex

357 2440 483 2462 menses
503 2440 620 2461 munus
647 2429 897 2461 consecrationis
917 2429 1018 2460 susci-

358 2489 431 2521 pere
452 2483 633 2518 teneantur,
660 2478 734 2511 600.

266 2528 316 2561 lx.
339 2527 545 2561 Confirmatio
562 2527 776 2560 Universitatis
796 2527 896 2559 Stadii
922 2537 1018 2567 gene-

354 2578 429 2610 ralis
454 2577 484 2608 in
512 2576 635 2608 civitate
655 2575 872 2609 Salainantina
900 2575 1015 2609 eres-ti,

358 2625 416 2659 604
426 2653 432 2657 .

1133 333 1245 366 ordine
1268 334 1400 365 fratrum
1422 337 1452 364 et
1473 331 1609 364 militum
1635 332 1800 375 hospitalis

1135 383 1345 425 chrosorum
1368 381 1472 424 Sancti
1492 380 1595 413 Lazari
1618 379 1798 424 Hierosoly-

1137 431 1263 470 mitani,
1286 430 1360 463 otte.

1048 479 1096 512 Xl.
1119 479 1279 518 Quaedam
1309 479 1492 512 parisiensis
1513 479 1727 512 Universitatis
1742 484 1802 512 sta-

1135 533 1203 561 tuta
1231 534 1340 562 contra
1370 530 1481 561 fratres
1501 528 1650 561 ordinum
1683 528 1800 561 Mendi-

1135 578 1274 611 cantium
1298 578 1422 622 probat,
1445 578 1600 610 nonnulla
1620 582 1796 621 temperat,

1137 632 1261 660 caetera
1282 627 1450 667 rescindit,
1474 626 1548 660 60⁴2.

1139 676 1229 715 Quod
1259 681 1369 708 contra
1391 676 1539 708 Francia*¹
1568 686 1687 717 regem,
1717 676 1800 709 eius-

1136 736 1198 768 que
1228 725 1259 757 in
1288 736 1385 767 regno
1411 736 1612 757 successores
1637 736 1653 757 a
1674 725 1801 757 nemine

1138 784 1292 806 censurae
1332 774 1486 817 publicari
1523 774 1643 817 possint
1683 774 1802 817 absque

1138 823 1226 856 Sedis
1260 823 1459 866 Apostolicac
1493 823 1621 856 licentia
1649 823 1800 867 speciali,

1150 922 1357 955 Confirmatio
1379 922 1568 955 concordiae
1590 922 1672 954 inter
1692 922 1803 954 fratres

1138 970 1365 1003 Carthusianos
1399 971 1493 1003 initae
1523 981 1579 1014 pro
1607 971 1690 1003 bono
1719 971 1802 1011 regi-

1141 1020 1226 1052 mine
1246 1020 1343 1053 totius
1363 1020 1495 1059 ordinis,
1518 1019 1593 1054 608.

1153 1069 1388 1102 Declarationes
1414 1069 1629 1112 quorumdam
1655 1069 1805 1101 articulo-

1141 1128 1212 1150 rum
1246 1123 1472 1151 contentorum
1508 1117 1538 1149 in
1577 1117 1804 1150 constitutione

1140 1167 1315 1200 Innocentii
1346 1168 1393 1207 IV,
1431 1178 1519 1200 num.
1554 1167 1658 1199 XXVII
1693 1172 1804 1199 contra

1142 1216 1335 1255 haereticos,
1363 1227 1444 1259 quae
1466 1215 1582 1257 legitur
1610 1226 1718 1258 supra,
1747 1215 1799 1247 sol.

1141 1264 1216 1301 552,
1239 1266 1290 1298 Act
1313 1265 1528 1308 ertit-pamla,
1551 1263 1625 1297 6¹11.

1185 1313 1372 1356 Sequuntur
1395 1313 1475 1346 aliae
1502 1313 1731 1345 declarationes
1751 1323 1804 1344 su-

1143 1372 1199 1404 per
1219 1362 1382 1394 nonnullis
1401 1362 1523 1398 dubiis,
1546 1361 1620 1394 6114.

1143 1410 1350 1443 Confirmatio
1378 1411 1536 1442 bonorum
1570 1410 1732 1448 omnium,
1770 1420 1805 1441 ac

1143 1458 1382 1501 privilegiorum
1417 1457 1580 1492 concessio
1615 1458 1806 1490 monasterio

1142 1506 1172 1538 S.
1197 1507 1342 1540 Matthaei
1363 1508 1401 1540 de
1428 1508 1563 1540 slastello
1591 1507 1712 1539 ordinis
1732 1506 1805 1539 Cas-

1143 1556 1289 1596 sinensis‚
1312 1556 1386 1590 613.

1152 1605 1315 1638 Fratribus
1335 1605 1456 1638 ordinis
1472 1604 1683 1637 Eremitarum
1701 1604 1806 1636 Sancti

1143 1654 1309 1697 Augustini
1331 1655 1451 1687 diversa
1467 1654 1600 1686 vestium
1622 1653 1744 1696 species
1759 1664 1806 1685 as-

1143 1703 1286 1745 signatur
1306 1704 1389 1736 iuxta
1410 1703 1549 1736 diversos
1570 1704 1802 1746 professorum,

1144 1762 1372 1785 conversorum
1394 1758 1423 1785 et
1448 1752 1638 1784 novitiorum
1669 1751 1803 1790 gradus,

1056 1849 1143 1882 XVII.
1167 1850 1373 1883 Confirmatio
1401 1855 1589 1882 statutorum
1617 1849 1647 1880 in
1668 1848 1806 1891 capitulo

1143 1900 1285 1941 generali
1315 1899 1435 1932 ordinis
1455 1900 1485 1930 S.
1510 1897 1676 1938 Augustini
1705 1896 1805 1928 edito-

1146 1958 1217 1980 rum
1239 1959 1297 1991 pro
1319 1953 1404 1980 recto
1424 1947 1579 1989 gubernio
1600 1945 1695 1977 totius
1721 1944 1805 1976 ordi-

1147 1997 1206 2036 nis,
1228 1997 1302 2030 646.

1058 2047 1159 2079 XVIII.
1190 2046 1356 2079 Revocatio
1387 2044 1623 2089 privilegiorum
1649 2049 1677 2075 et
1705 2042 1807 2074 indul-

1147 2102 1252 2128 torum
1278 2094 1536 2138 quilmscumque
1564 2092 1707 2135 personis
1731 2101 1807 2122 con-

1147 2155 1328 2177 cessorum:
1352 2143 1483 2181 scilicet,
1506 2141 1590 2184 quod
1620 2151 1675 2183 per
1694 2140 1807 2172 Sedem

1147 2193 1358 2237 Apostolicam
1389 2190 1659 2224 excommunicari
1689 2189 1735 2220 vel
1764 2189 1809 2220 in-

1148 2243 1257 2276 terdici
1285 2253 1346 2274 non
1369 2241 1499 2284 possint,
1522 2239 1595 2272 6¹18.

1161 2291 1354 2335 Approbatio
1382 2295 1413 2322 ut
1435 2289 1584 2321 mulieres
1612 2287 1672 2319 iam
1694 2286 1808 2329 prosti-

1150 2347 1250 2376 tutae,
1286 2346 1315 2372 et
1344 2340 1381 2371 ad
1412 2338 1578 2370 meliorem
1605 2336 1727 2377 frugem
1758 2345 1807 2367 re-

1149 2401 1254 2422 versae
1270 2389 1470 2421 collocentur
1489 2386 1520 2418 in
1537 2385 1643 2427 aliquo
1665 2385 1735 2416 loco
1751 2383 1809 2416 suI,

1151 2439 1258 2481 regula
1278 2437 1413 2470 alicuius
1433 2435 1565 2473 ordinis,
1588 2433 1661 2466 619.

1061 2489 1123 2521 XX.
1147 2486 1348 2520 tlanonizatio
1369 2485 1401 2517 B.
1425 2484 1533 2516 Clarae
1554 2484 1592 2516 de
1614 2482 1737 2515 civitate
1753 2482 1809 2514 As·-

1150 2531 1226 2570 sisii,
1244 2530 1364 2563 ordinis
1385 2528 1571 2561 monialium
1589 2527 1695 2560 Sancti
1716 2526 1812 2559 Fran-

1150 2575 1236 2614 cisci,
1254 2575 1385 2616 eiusque
1405 2572 1575 2616 adscriptio
1592 2572 1622 2604 in
1644 2571 1810 2613 cathalogo

1149 2620 1336 2652 Sanctarum
1357 2617 1521 2659 Virginum
1542 2627 1615 2649 cunt
1639 2615 1811 2649 festivitatis

1049 677 1111 709 XII.

1050 922 1126 955 xlll.

1052 1069 1125 1101 XIV.

1054 1410 1114 1442 XV.

1056 1604 1128 1636 XVI.

1060 2293 1136 2326 XIX.
