2129 3223
160 243 210 270 An.
229 243 255 270 C.
276 245 344 272 ¹9¹8

188 798 306 819 (clausulae,

408 240 478 272 556

961 251 1058 273 ovim
1066 251 1146 273 titum
1176 251 1336 273 ROMANUM

357 301 647 348 Tesubusjdomino
662 302 855 338 Herimanno
868 304 1108 352 archiepiscopo
1149 304 1292 351 AEquum
1316 313 1363 338 est
1385 312 1501 346 autem,
1531 312 1563 340 ut
1596 316 1676 352 quos
1696 304 1739 353 adr
1758 305 1898 351 regimen

357 350 573 393 Cantuarien.,
591 351 725 387 Ernesto
739 352 884 400 Helyen„
897 352 1014 389 Ioanne
1031 353 1109 388 Hor·
1149 361 1179 387 et
1200 352 1334 388 salutem
1359 354 1465 401 populi
1489 354 1528 388 ab
1541 354 1602 389 alto
1615 354 1810 400 dispensatio
1831 366 1900 390 coe-

357 401 480 439 wicen.,
495 409 525 436 et
538 400 703 436 Willelmo
716 401 917 438 Londonien.
934 403 1107 450 episcopis,
1150 401 1235 436 lestis
1260 402 1372 448 elegit,
1400 403 1580 450 Apostolica
1610 402 1711 438 Sedes
1732 403 1898 438 affectione

355 448 528 484 Guillelmo
565 450 630 485 filio
668 450 751 486 Petri
792 452 917 487 comitis
952 452 1107 495 Ess'exini,

355 499 470 534 comite
509 499 673 535 Willelmo
715 501 929 546 maresciallo,
968 501 1107 536 Roberto

354 548 470 583 comite
509 548 717 597 Leycestriae.
749 550 864 586 Datum
894 563 949 598 per
977 563 1106 586 manum

355 596 463 632 Sisi-idi
492 599 659 645 praepositi
687 599 902 641 Beverlacen„
939 608 969 634 et
1002 600 1108 635 archi-

354 646 478 682 diaconi
501 647 638 683 Wellen.
663 649 744 695 apud
762 649 934 690 Wesden„
957 649 1104 696 vigesima

353 696 462 744 quinta
474 696 525 732 die
538 698 653 738 martii,
669 710 752 733 anno
769 699 855 745 regni
869 698 965 734 nostri
981 699 1103 746 quinto.

402 744 487 781 Nulli
509 759 585 793 ergo
599 747 729 782 omniuo
741 748 906 783 hominum
920 748 1012 782 liceat
1027 748 1107 783 hanc

355 795 500 842 paginam
524 805 648 830 nostrae
669 797 919 832 confirmationis
938 805 969 832 et
989 797 1108 832 cousti-

353 845 486 879 tutionis
508 844 680 892 infringere
711 846 758 881 vel
784 847 811 881 ei
834 859 913 881 ausu
940 847 1106 881 temerario

353 894 519 929 contraire.
558 894 592 929 Si
626 894 699 941 quis
730 905 834 930 autem
865 896 924 931 hoc
954 903 1106 931 attentare

354 944 613 990 praesumpserit,
639 943 886 990 indignationem
904 945 1106 992 omnipoten-

352 993 394 1027 tis
409 992 478 1031 Dei,
501 1005 535 1027 ae
559 992 722 1028 beatorum
732 993 817 1029 Petri
830 1002 860 1029 et
874 993 963 1029 Pauli
979 1002 1106 1042 aposto-

352 1040 454 1077 lorum
481 1042 551 1077 eius
572 1054 606 1077 se
631 1043 753 1077 noverit
780 1043 993 1079 incursurum.

402 1090 473 1126 Dat.
499 1090 666 1136 Laterani,
694 1092 786 1127 tertio
824 1105 924 1128 nonas
956 1092 1104 1134 ianuarii,

354 1139 554 1187 pontificatus
576 1141 674 1176 nostri
699 1153 782 1177 anno
804 1142 956 1177 secundo.

382 1199 444 1231 Dat.
466 1201 513 1231 die
531 1201 550 1231 3
568 1201 695 1232 ianuarii
712 1202 798 1241 1218,
818 1204 919 1244 pontif.
939 1213 1015 1234 anno
1038 1213 1067 1235 11.

683 1348 771 1383 xix.

351 1424 566 1468 Portuyalliae
586 1435 658 1461 rem,
685 1425 806 1469 eiusque
832 1425 972 1458 haeredes
998 1433 1024 1458 ει
1052 1437 1102 1459 re-

396 1485 491 1517 gnum
512 1474 567 1506 sub
589 1474 783 1517 Apostoli'cae
803 1474 892 1508 Sedis
916 1476 1102 1518 protectione

397 1523 618 1567 ειιεεῷίιιηιιιν,
640 1534 709 1556 cum
730 1523 880 1556 solutione
901 1535 1004 1556 census
1019 1525 1100 1558 dua-

397 1583 465 1604 rum
487 1583 666 1605 marcarum
681 1574 754 1606 auri
774 1572 903 1616 sinyulis
925 1574 1015 1606 annis
1037 1575 1098 1615 (J).

621 1650 836 1682 St'MMARIL'M

347 1717 527 1747 Aldesonsus
543 1726 593 1747 rex
610 1717 646 1746 de
665 1716 794 1746 Ecclesia
814 1716 897 1746 Rom.
914 1718 1023 1755 optime
1040 1728 1098 1748 me-

386 1762 472 1791 ritus.
495 1778 525 1784 -
548 1761 608 1791 Sub
628 1761 807 1800 protectione
827 1761 855 1791 S.
874 1762 907 1790 A.
926 1763 1097 1801 suscipitur,

386 1804 473 1844 eique
491 1814 615 1842 regnum
635 1806 838 1836 confirmatur.
855 1822 894 1828 —·
910 1805 1023 1836 Census
1042 1817 1096 1836 au—

386 1859 464 1879 nuus
487 1850 582 1879 eidem
607 1849 674 1879 sedi
705 1850 926 1887 persolvendus.
951 1868 988 1873 —-
1012 1850 1098 1881 Clau-

386 1893 479 1923 sulae.

345 1959 477 1988 Honorius
500 1960 642 1995 episeopus
669 1967 766 1989 servus
784 1967 924 1989 servorum
947 1961 1002 1994 Dei,
1034 1962 1097 1990 cha-

1149 451 1269 486 sincera
1291 451 1410 497 diligat,
1425 462 1456 488 et
1473 453 1503 487 in
1522 452 1612 487 iustis
1634 453 1899 500 postulationibus

1148 500 1272 535 studeat
1301 501 1468 537 efficaciter
1494 501 1653 536 exaudire.
1682 501 1820 537 Proinde
1842 514 1899 537 nos

1148 550 1345 585 attendentes
1367 562 1532 597 personam
1555 558 1641 585 tuam
1669 550 1833 598 prudentia
1847 563 1899 585 or-

1150 607 1265 643 natam,
1293 599 1410 635 iustitia
1438 599 1621 646 praeditam,
1648 609 1742 646 atque
1763 600 1801 634 ad
1834 613 1898 647 po—

1150 647 1215 694 puli
1244 649 1384 695 regimen
1413 648 1570 688 idoneam,
1592 660 1660 683 eam
1683 649 1719 683 ad
1739 649 1898 696 exemplar

1149 696 1249 732 felicis
1287 698 1513 733 recordationis
1552 698 1721 732 Alexandri
1756 707 1786 732 et
1822 698 1898 733 Cle-

1148 747 1263 782 mentis
1291 747 1568 793 praedecessorum
1598 755 1776 782 nostrorum
1812 747 1898 782 Pon-

1149 795 1266 831 tificum
1294 796 1511 832 Romanorum
1539 796 1598 831 sub
1636 796 1716 831 beati
1752 795 1834 830 Petri
1868 805 1897 831 et

1148 853 1252 880 nostra
1277 846 1469 892 protectione.
1488 846 1694 892 suscipimus,
1716 853 1747 880 et
1764 857 1896 891 regnum

1148 893 1358 940 Portugalliae
1384 907 1455 930 cum
1485 895 1663 941 integritate
1690 894 1820 929 honoris
1841 907 1898 929 re-

1147 943 1199 989 gni
1227 952 1257 978 et
1283 943 1447 990 dignitate,
1470 956 1550 991 quae
1571 944 1607 978 ad
1637 956 1729 990 reges
1750 944 1897 990 pertinet,

1148 1004 1269 1027 necnon
1291 1001 1322 1027 et
1343 993 1448 1028 omnia
1475 993 1558 1033 loca,
1586 1005 1666 1040 quae
1687 1005 1761 1028 cum
1782 992 1898 1027 auxilio

1147 1041 1290 1076 caelestis
1305 1043 1421 1088 gratiae
1442 1042 1481 1078 de
1500 1042 1731 1077 Saracenorum
1749 1041 1897 1076 manibus

1147 1091 1320 1138 eripueris,
1353 1093 1385 1126 in
1412 1092 1530 1139 quibus
1562 1092 1611 1126 ius
1642 1091 1700 1126 sibi
1729 1103 1791 1126 non
1820 1103 1897 1138 pos-

1146 1148 1222 1174 sunt
1263 1140 1424 1176 christiani
1475 1141 1634 1188 principes
1680 1140 1895 1186 circumpositi

1146 1189 1330 1228 vendicare,
1358 1189 1561 1225 excellentiae
1583 1198 1653 1224 tuae
1676 1190 1895 1234 concedimus,

1145 1246 1176 1273 et
1196 1239 1380 1274 auctoritate
1401 1239 1571 1286 apostolica
1593 1240 1827 1274 confirmamus.
1854 1237 1897 1274 Ut

1145 1296 1249 1322 autem
1273 1287 1309 1322 ad
1345 1289 1542 1324 devotionem
1571 1297 1602 1323 et
1634 1288 1826 1336 obsequium
1856 1287 1893 1323 B.

1145 1336 1230 1372 Petri
1266 1337 1481 1384 apostolorum
1516 1338 1754 1385 principis,‘et
1788 1348 1896 1372 sacro-

1143 1395 1269 1421 sanctae
1297 1386 1459 1423 Romanae
1487 1387 1648 1422 Ecclesiae
1678 1387 1895 1422 vehementius

1143 1435 1343 1480 accendaris,
1372 1437 1447 1472 haec
1476 1437 1543 1484 ipsa
1573 1436 1717 1483 praefatis
1742 1435 1894 1471 haeredi—

1144 1484 1203 1519 bus
1238 1485 1298 1519 tuis
1336 1486 1487 1521 duximus
1519 1486 1740 1524 concedenda,
1776 1497 1894 1532 eosque

1142 1546 1237 1579 super
1264 1534 1313 1577 iis,
1335 1547 1417 1582 quae
1442 1547 1591 1570 concessa
1614 1544 1700 1573 sunt,
1728 1535 1795 1569 Deo
1821 1545 1894 1580 pro-

1143 1583 1230 1629 pitio,
1255 1595 1310 1629 pro
1338 1585 1478 1619 iniuncto
1507 1584 1598 1618 nobis
1624 1585 1818 1632 apostolatus
1843 1583 1893 1618 of—

1141 1632 1211 1667 ficio
1234 1631 1452 1668 defendemus.
1476 1633 1543 1668 Tua
1560 1633 1664 1680 itaque
1681 1633 1830 1671 intererit,
1850 1633 1891 1667 titi

1141 1681 1347 1727 charissime,
1383 1683 1420 1716 ita
1457 1683 1537 1717 circa
1567 1683 1720 1719 honorem
1747 1691 1776 1718 et
1797 1682 1892 1717 obse-

1140 1731 1252 1776 quium
1275 1733 1385 1767 matris
1408 1741 1476 1766 tuae
1498 1741 1714 1768 sacrosanctae
1729 1732 1891 1767 Romanae

1139 1779 1300 1815 Ecclesiae
1327 1781 1478 1816 humilem
1509 1789 1540 1815 et
1567 1781 1713 1817 devotum
1740 1782 1888 1822 existere,
1928 1784 1937 1790 ⁵

1139 1837 1169 1863 et
1191 1830 1236 1864 sic
1265 1839 1293 1865 te
1317 1830 1420 1876 ipsum
1445 1830 1474 1864 in
1498 1830 1566 1865 eius
1587 1829 1889 1878 opportunitatibus,

1139 1886 1169 1913 et
1192 1877 1362 1914 dilatandis
1389 1879 1576 1915 christianae
1600 1880 1672 1915 fidei
1695 1879 1812 1914 finibus
1832 1892 1889 1914 ex-

1139 1939 1256 1972 ercere,
1280 1936 1312 1962 ut
1335 1928 1374 1962 de
1397 1937 1457 1963 tam
1480 1928 1594 1965 devoto
1615 1938 1646 1964 et
1666 1929 1803 1976 glorioso
1825 1929 1888 1964 filio

1913 250 1963 277 An.
1982 249 2010 276 C.
2025 249 2096 277 ¹2¹8

1925 557 1967 578 Sub
1981 558 2097 584 protectio-

1913 595 1940 610 ne
1954 588 1974 609 S.
1990 589 2014 609 Δ.
2030 589 2096 609 susc!-

1913 621 1976 646 μῐιιιτ,
1986 621 2048 647 eique
2062 624 2093 640 re-

1913 656 1974 676 gnum
2015 650 2089 670 contir-

1913 684 1987 701 matur.

1138 1976 1238 2010 Sedes
1263 1977 1444 2024 Apostolica
1480 1979 1669 2024 gratuletur,
1704 1986 1734 2013 et
1761 1979 1790 2012 in
1817 1978 1887 2013 eius

1137 2037 1244 2061 amore
1283 2026 1435 2073 quiescat.
1479 2027 1528 2061 Ad
1569 2027 1721 2062 indicium
1759 2036 1884 2067 autem,
1912 2036 2083 2074 yensusaxiquus

1136 2074 1222 2121 quod
1259 2076 1487 2123 praescriptum
1522 2088 1653 2124 regnum
1688 2077 1771 2111 beati
1801 2077 1883 2112 Petri
1899 2068 2082 2124 ,ἵζ”,ἱᾟηῃάξξω

1138 2124 1215 2158 iuris
1242 2125 1368 2168 existat,
1408 2138 1465 2172 pro
1502 2127 1663 2174 amplioris
1695 2127 1884 2161 reverentiae

1136 2182 1322 2219 argumento
1348 2175 1455 2209 statuit
1482 2174 1612 2210 illustris
1634 2175 1804 2210 memoriae
1830 2187 1883 2210 rex

1136 2222 1320 2269 Alphonsus
1346 2235 1422 2258 avus
1456 2231 1530 2260 tuus
1560 2225 1638 2259 duas
1664 2236 1785 2259 marcas
1816 2226 1882 2259 auri

1135 2272 1226 2306 annis
1259 2272 1393 2318 singulis
1426 2274 1517 2308 nobis
1551 2273 1728 2321 nostrisque
1754 2286 1883 2309 sucees‘

390 2008 499 2037 tissima
515 2009 543 2037 in
561 2009 671 2038 Christo
680 2009 736 2038 titio
755 2009 899 2038 Aldefonso
917 2009 1024 2039 illustri
1036 2010 1095 2039 Por·

389 2057 541 2093 tugauensi
560 2058 629 2093 regi,
654 2058 766 2094 eiusque
785 2058 946 2086 haeredibus
961 2059 988 2087 in
1003 2065 1095 2094 perpe·

389 2109 480 2139 tunm,
500 2106 620 2135 salutem
635 2108 665 2136 et
678 2107 856 2142 apostolicam
871 2107 1095 2136 benedictionem.

393 2169 568 2204 Manifestis
600 2169 764 2216 probatum
802 2178 849 2204 est
882 2170 1093 2216 argumentis,

156 2218 429 2266 Afflefonsusrexquod
457 2231 513 2266 per
545 2219 677 2253 sudores
710 2218 841 2254 bellicos
867 2226 897 2253 et
924 2220 1093 2254 certamina

148 2256 173 2275 de
187 2255 283 2277 Recte-iu
293 2256 331 2277 lio·

148 2292 209 2306 mm
252 2289 330 2314 opum,
345 2268 489 2303 militaria
520 2268 718 2303 inimicorum
755 2268 914 2303 christiani
955 2268 1094 2303 nominis

147 2319 241 2337 mviii-n.

345 2317 520 2364 intrepidus
545 2317 726 2364 extirpator,
750 2325 780 2353 et
807 2326 998 2366 propagator
1018 2317 1094 2352 dili-

343 2378 421 2412 gens
436 2366 508 2401 fidei
523 2366 729 2410 christianae,
757 2367 841 2402 sicut
868 2367 970 2402 bonus
996 2367 1092 2405 filius,

343 2424 374 2450 et
397 2416 544 2463 princeps
577 2415 753 2451 catholicus
782 2416 969 2451 multimoda
998 2416 1092 2451 obse-

343 2466 415 2511 quia
449 2466 540 2500 matri
577 2472 649 2500 tuae
687 2473 902 2501 sacrosanctae
932 2465 1092 2501 Ecclesiae

343 2513 537 2560 impendisti,
558 2513 691 2560 dignum
714 2515 864 2550 memoria
894 2527 1028 2559 nomen,
1062 2522 1091 2549 et

343 2564 522 2609 exemplum
539 2564 693 2598 imitabile
708 2564 841 2610 posteris
857 2563 1088 2611 derelinquens.

378 2628 418 2662 (t)
436 2626 472 2652 Ex
491 2628 594 2661 Regest.
615 2628 696 2654 Vatic.

1134 2321 1259 2355 soribus
1283 2322 1514 2368 persolvendas.
1543 2323 1645 2364 Quem
1671 2323 1781 2370 utique
1811 2335 1882 2358 cen·

1133 2382 1204 2404 sum
1228 2370 1265 2404 ad
1289 2370 1454 2406 utilitatem
1478 2380 1626 2417 nostram,
1652 2380 1683 2406 et
1710 2384 1881 2407 successo-

1135 2431 1203 2453 rum
1228 2429 1405 2455 nostrorum
1429 2420 1620 2456 Brattharen.
1644 2420 1880 2469 archiepiscopo

1132 2469 1184 2514 qui
1209 2480 1264 2514 pro
1287 2479 1428 2516 tempore
1452 2470 1552 2510 suerit,
1576 2479 1607 2505 tu
1630 2479 1658 2504 et
1680 2482 1880 2506 successores

1134 2518 1175 2551 tui
1203 2518 1352 2553 curabitis
1378 2519 1546 2565 assignare.

1182 2566 1387 2602 Decernimus
1409 2580 1495 2613 ergo,
1519 2576 1550 2601 ut
1573 2567 1649 2602 nulli
1677 2568 1805 2604 omnino
1827 2569 1880 2604 lio-

1132 2616 1253 2649 miuum
1283 2616 1372 2651 liceat
1407 2629 1570 2662 personam
1606 2625 1688 2651 tuam
1717 2626 1767 2652 aut
1799 2618 1878 2654 hae-
