2129 3223
47 232 96 260 An.
114 233 141 260 C.
161 235 228 261 1225

54 2151 96 2174 Rex
107 2152 221 2175 Insultatum
235 2154 336 2190 8⁰¹8OE
359 2153 397 2187 de

42 2189 79 2204 cua
96 2184 160 2206 donat
180 2183 225 2206 Ro-

41 2219 115 2236 mnae
152 2214 226 2237 Eceie-
237 2204 315 2239 tario
337 2202 524 2250 pertinebat‚
547 2200 733 2247 nullumque
756 2201 795 2236 de
823 2202 888 2247 ipsa
915 2214 983 2236 ser-

42 2246 94 2271 siae,
113 2247 146 2267 cul
169 2247 225 2268 iurat

43 2275 158 2303 homagium
203 2280 226 2299 ot

43 2312 131 2358 :nntium
171 2313 225 2329 een·
236 2301 527 2338 etth-revocabililer
541 2299 706 2341 tradidisti,
729 2299 886 2346 recipiens
901 2313 984 2335 eam-

55 2343 94 2358 um:

873 240 1037 263 HONORlUS
1060 241 1096 262 ΙΙΙ
1120 241 1167 263 ΡΡ.

242 292 365 327 tueritis
391 292 553 331 interesse,
580 291 643 327 duo
667 302 801 328 restrum
822 306 855 329 ea
877 294 991 330 nihilo—

241 340 347 376 minus
372 349 577 387 exequantur.

290 389 403 425 Datum
426 388 583 431 Laterani,
606 391 699 425 nonis
725 392 846 437 aprilis,
886 393 991 439 ponti-

241 439 351 474 ficatus
373 439 470 474 nostri
497 451 579 474 anno
607 440 751 486 septimo.

258 499 318 529 Dat.
346 500 393 530 die
415 500 433 530 5
449 500 551 539 aprilis
572 500 656 536 1223,
675 502 803 538 pontific.
828 511 902 532 anno
923 513 969 533 vu.

558 667 668 701 thtt.

239 743 419 777 lnsularmn
434 755 489 776 rex
503 755 571 777 cum
593 745 732 778 omnibus
756 747 841 778 rebus
857 754 882 778 et
902 747 988 780 bonis

285 793 348 826 suis
363 793 509 836 recipitur
524 793 578 826 sub
598 796 782 838 protectione
804 796 892 829 Sedis
909 797 989 840 Apo-

242 850 244 852 ·
285 843 408 876 stolicae
427 853 495 875 cum
521 854 627 876 annua
653 845 847 888 responsione
873 846 982 878 duode-

285 892 342 924 cim
368 892 567 925 marcharum
588 893 804 937 sterlingorum
828 896 889 936 (i).

505 969 720 1000 SUMMARIUM

235 1034 293 1065 Rex
307 1034 475 1066 insularum
492 1045 544 1065 sua
562 1036 649 1065 donat
668 1035 814 1065 Romanae
828 1036 987 1075 Ecclesiae,

275 1079 321 1109 cui
341 1079 417 1110 iurat
446 1080 617 1117 homagium
647 1084 674 1109 et
697 1089 826 1110 annuum
855 1090 986 1111 censum:

272 1139 312 1145 —
337 1121 409 1153 Eum
434 1123 538 1162 recipit
564 1122 696 1153 Pontifex
726 1124 781 1153 sub
802 1134 853 1154 sua
885 1129 984 1163 prote-

274 1167 379 1196 ctione.
401 1184 440 1189 —
461 1166 628 1196 clausulae,

233 1242 364 1271 nonni-ius
382 1242 523 1279 opiscopus
553 1249 648 1271 servus
679 1250 819 1272 servorum
847 1244 902 1277 Dei.
924 1245 987 1273 cha-

246 1279 250 1285 ’
279 1291 388 1321 rtss'tmo
407 1291 435 1320 in
450 1291 558 1320 Christo
583 1291 639 1320 filio
658 1292 803 1328 neginaldo
834 1294 893 1329 regi
912 1293 985 1323 lusu·

279 1340 370 1370 larum
388 1340 504 1373 illustri.
526 1340 644 1369 satutem
664 1342 693 1369 et
711 1341 889 1376 apostoticam
909 1343 985 1371 bene-

279 1389 436 1419 dictionem.

284 1461 454 1508 Promptae
481 1460 571 1501 fidei,
598 1468 628 1494 et
658 1472 773 1508 pronae
809 1461 986 1496 devotionis

234 1511 377 1550 affectus,
399 1522 492 1558 quem
511 1521 585 1556 erga
607 1509 783 1545 Romanam
811 1509 983 1545 Ecclesiam

234 1560 345 1596 studes
370 1560 401 1594 in
433 1559 548 1595 effectu
577 1558 777 1594 laudabiliter
811 1560 984 1601 exhibere,

233 1610 329 1657 digne
355 1617 511 1653 meretur,
543 1616 577 1644 ut
604 1621 769 1656 personam
803 1618 885 1643 tuam
917 1611 985 1644 sin—

234 1672 304 1695 cera
326 1658 544 1694 benevolentia
575 1658 834 1705 complectentes⁷
858 1668 886 1693 te
908 1671 983 1706 spe-

234 1709 303 1744 ciali
331 1707 425 1744 Sedis
447 1707 648 1755 Apostolicae
681 1708 776 1752 gratia
811 1720 984 1755 prosequa-

235 1770 323 1799 mur,
355 1757 418 1792 tuis
452 1756 741 1804 supplicationibus
775 1757 984 1791 favorabiliter

233 1807 413 1843 annuendo.
441 1807 533 1842 Sicut
559 1806 641 1840 enim
670 1807 871 1840 transmissae
893 1806 983 1841 nobis

234 1865 306 1892 tuae
326 1856 446 1891 litterae
468 1862 695 1904 protestantur,
718 1855 884 1899 bonorum,
903 1868 983 1903 quae

234 1907 316 1942 fiunt
341 1906 372 1941 in
399 1905 538 1940 Ecclesia
560 1904 714 1944 Romana,
733 1905 887 1952 particeps
914 1917 983 1941 esse

234 1957 394 2004 cupiens,
431 1954 471 1989 ad
507 1954 755 1989 exhortationem
797 1955 983 1990 venerabilis

235 2005 338 2041 fratris
368 2004 466 2039 nostri
495 2003 719 2038 Nortwicensis
740 2004 880 2051 episcopi
909 2013 982 2039 tnnc

235 2054 337 2096 electi,
359 2061 390 2089 et
412 2052 612 2100 Apostolicae
635 2052 727 2087 Sedis
748 2053 853 2100 legati,
876 2054 903 2088 ei
927 2054 982 2089 Ec-

234 2104 348 2140 clesiae
374 2103 536 2138 Romanae
567 2102 706 2145 nomine,
727 2115 762 2137 ac
788 2111 909 2147 nostro,
933 2104 983 2137 in-

419 2153 508 2195 Man,
535 2162 614 2199 quac
635 2152 671 2186 ad
696 2159 726 2186 te
748 2153 816 2187 iure
838 2153 983 2187 haeredi-

236 2253 348 2288 vitium
363 2252 463 2287 facere
484 2250 650 2289 tenebaris,
669 2251 792 2285 donasti
814 2251 984 2286 liberaliter

237 2351 307 2386 dem
334 2351 466 2386 insulam
486 2349 524 2384 ab
542 2348 682 2383 Ecclesia
704 2348 843 2383 Romana
866 2350 897 2383 in
921 2349 984 2384 feu-

237 2400 313 2436 dum
331 2407 361 2434 et
380 2411 436 2447 pro
457 2411 493 2434 ea
512 2397 604 2432 nobis
624 2397 779 2432 fidelitatis
794 2405 825 2432 et
845 2397 983 2444 homagii

237 2449 391 2485 exhibens
418 2449 640 2483 iuramentum.
664 2446 712 2480 Ad
737 2447 984 2493 recognitionem

237 2509 366 2546 quoque
393 2497 526 2533 dominii
554 2496 714 2531 Ecclesiae
745 2495 923 2537 Romanae,
952 2505 983 2531 tu

239 2556 269 2582 et
289 2547 440 2583 haeredes
460 2547 507 2582 tui
529 2545 689 2581 annuatim
713 2544 879 2580 duodecim
903 2556 985 2581 mar-

275 2617 313 2651 (t)
330 2616 367 2642 Ex
385 2616 488 2650 Regest.
508 2615 592 2641 Vatic.

1663 234 1732 266 587

1031 307 1083 329 cas
1110 296 1332 341 sterlingorum
1363 298 1393 331 in
1421 298 1534 343 Anglia
1561 297 1645 344 apud
1670 311 1781 333 mona-

1030 344 1160 378 sterium
1184 345 1223 378 de
1246 344 1359 380 Furnis
1387 347 1416 380 iu
1445 347 1523 381 festo
1546 347 1780 383 purificationis

1030 393 1145 428 Beatae
1168 394 1306 440 Virginis
1337 395 1529 442 persolvetis.
1557 397 1647 439 Quae
1674 398 1778 433 omnia

1030 442 1136 477 iurasti
1157 451 1186 478 te
1209 443 1344 478 fideliter
1365 454 1573 481 servaturum.
1598 446 1662 481 Nos
1685 447 1779 493 igitur

1030 491 1181 527 habentes
1208 493 1284 528 haec
1312 502 1375 528 rata
1398 502 1427 529 et
1448 503 1546 541 grata,
1568 496 1632 531 tuis
1654 496 1778 543 suppli·
1792 497 1974 548 Ροξῗξωᾞζῇι]

1029 540 1207 576 cationibus
1236 542 1388 582 inclinati,
1416 556 1583 591 personam
1610 553 1641 580 et
1663 553 1776 580 terram
1792 545 1943 585 proiecimus>

1029 598 1113 624 tuam
1151 602 1221 625 cum
1259 592 1425 636 omuibus,
1452 606 1533 640 quae
1564 594 1594 628 in
1627 606 1778 641 praesen-

1029 639 1141 674 tiarum
1166 641 1393 675 rationabiliter
1416 642 1572 688 possides,
1598 651 1652 678 aut
1674 644 1703 677 in
1727 644 1779 678 f'u-

1029 696 1134 723 turum
1173 689 1262 724 iustis
1299 690 1401 725 modis
1438 701 1614 736 praestante
1642 693 1778 727 Domino

1029 739 1146 784 poteris
1178 738 1329 785 adipisci,
1356 740 1417 774 sub
1440 740 1520 775 beati
1550 741 1632 776 Petri
1661 750 1692 776 et
1719 755 1778 777 no-

1799 245 1847 270 Ani
1867 244 1884 271 C
1911 245 1978 272 ¹223·

1029 795 1090 821 stra
1111 789 1303 834 protectione
1325 790 1528 836 suscipimus,
1552 799 1582 825 et
1605 792 1778 838 praesentis

1028 837 1136 880 scripti
1161 839 1334 884 patrocinio
1357 840 1604 875 communimus.

1076 886 1159 920 Nulli
1198 899 1273 933 ergo
1314 889 1444 923 omnino
1481 889 1646 924 hominum
1686 890 1775 925 liceat

1028 934 1109 970 hanc
1133 936 1276 982 paginam
1300 944 1424 972 nostrae
1447 939 1648 983 protectionis
1672 940 1778 975 infrin-

1027 996 1112 1030 gere,
1137 985 1181 1019 vcl
1206 985 1233 1020 ei
1256 998 1334 1020 ausu
1358 988 1525 1022 temerario
1552 989 1720 1023 contraire.
1743 990 1775 1024 Si

1027 1033 1099 1080 quis
1120 1042 1224 1068 autem
1254 1035 1314 1069 lioc
1335 1043 1489 1071 attentare
1518 1040 1776 1084 praesumpserit.

1029 1082 1277 1128 indignationem
1305 1086 1530 1130 omnipotentis
1553 1086 1622 1130 Dei,
1649 1100 1685 1122 ac
1704 1088 1777 1122 bea-

1027 1138 1130 1165 torum
1150 1131 1232 1167 Petri
1255 1140 1284 1167 et
1306 1132 1396 1168 Pauli
1418 1135 1632 1181 apostolorum
1656 1137 1725 1171 eius
1744 1150 1776 1171 se

1027 1188 1147 1214 noverit
1171 1193 1382 1216 incursurum.

1076 1229 1190 1264 Datum
1211 1230 1368 1275 Laterani,
1383 1231 1505 1266 decimo
1521 1233 1669 1269 kalendas
1688 1236 1775 1274 iunii,

1029 1278 1230 1324 pontificatus
1251 1281 1347 1314 nostri
1371 1293 1454 1315 anno
1479 1284 1626 1328 septimo.

1046 1338 1106 1368 Dat.
1124 1340 1170 1368 die
1189 1340 1227 1368 23
1251 1341 1316 1369 maii
1346 1341 1426 1374 1923,
1452 1343 1580 1380 pontific,
1614 1354 1689 1374 anno
1707 1354 1755 1375 vu.

1823 900 1939 922 clausulae.

1346 1489 1455 1526 LXlV.

1026 1562 1181 1594 Conressio
1204 1564 1301 1594 decem
1325 1570 1351 1595 et
1366 1571 1473 1608 septem
1491 1565 1642 1598 librarum
1658 1569 1777 1600 usualis

1076 1618 1210 1644 monetae
1243 1612 1392 1655 hospitali
1428 1614 1539 1647 Sancti
1572 1616 1710 1659 Spiritus
1745 1619 1777 1650 in

1073 1660 1176 1693 Samia
1198 1662 1233 1693 cle
1258 1661 1336 1694 Urbe
1349 1673 1408 1706 pro
1424 1674 1595 1707 pauperum
1611 1665 1775 1708 alimonia,

1073 1720 1108 1740 (ιο
1146 1710 1295 1743 institutio
1334 1713 1537 1755 processionis
1581 1714 1778 1748 sanctissimi·

1074 1758 1249 1792 &aleatoris
1293 1761 1326 1793 in
1368 1761 1415 1793 die
1461 1761 1612 1796 stationis
1644 1765 1775 1797 eiusdem

1076 1807 1226 1841 Ecclesiae
1264 1820 1332 1843 cuin
1370 1810 1634 1855 indulyentiarum
1667 1815 1777 1857 elarqi‘-

1073 1857 1153 1890 tione
1179 1859 1235 1899 (l).

1172 1925 1265 1966 (Vide
1289 1926 1320 1957 in
1348 1927 1522 1961 Innocentio
1552 1930 1627 1971 Ill).

1292 1993 1507 2026 SUMMARIUM

1022 2048 1189 2080 Exordium.
1214 2069 1249 2073 —
1269 2051 1392 2081 liidictio
1410 2052 1549 2083 stationis
1572 2055 1606 2084 ad
1626 2055 1653 2084 S.
1678 2055 1774 2093 Spiri-

1063 2097 1122 2122 tum
1148 2095 1175 2123 in
1195 2094 1290 2125 Saxia.
1308 2112 1346 2117 —
1364 2095 1535 2126 Encomium
1556 2096 1776 2136 Hospitalis.—

1062 2137 1205 2168 lndicitur
1237 2149 1354 2179 quoque
1377 2141 1519 2170 solemnis
1552 2143 1713 2180 processio.
1737 2161 1775 2166 —

1062 2182 1220 2213 Concessio
1236 2185 1262 2213 ei
1282 2183 1354 2214 facta
1375 2185 1410 2214 ab
1433 2185 1561 2216 Honorio
1579 2186 1666 2226 Papa.
1681 2204 1721 2210 —
1736 2188 1774 2217 De

1062 2226 1248 2258 observantia
1269 2229 1357 2259 huius
1380 2230 1491 2260 statuti.

1022 2291 1151 2320 Honorius
1167 2293 1308 2329 episcopus
1327 2302 1423 2324 servus
1435 2302 1576 2325 servorum
1594 2296 1650 2330 Dei,
1667 2298 1775 2327 dilectis

1066 2339 1132 2368 filiis
1164 2342 1278 2375 rectori,
1310 2345 1338 2372 et
1354 2343 1492 2373 fratribus
1515 2345 1665 2382 Hospitalis
1683 2348 1776 2378 sancti

1067 2389 1187 2424 Spiritus
1206 2391 1233 2419 in
1249 2391 1339 2425 saxia.
1361 2393 1477 2422 salutem
1496 2395 1526 2423 et
1539 2395 1718 2430 apostolicam
1728 2396 1773 2424 be-

1072 2439 1262 2469 nedictionem.

1073 2498 1121 2533 Ad
1144 2499 1436 2535 commemorandas
1459 2508 1585 2548 nuptias
1612 2503 1773 2545 salutares,
1818 2511 1936 2534 Exordium-

1024 2560 1104 2596 quae
1128 2550 1158 2582 in
1180 2549 1385 2584 conversione
1415 2551 1589 2596 peccatoris
1616 2553 1774 2588 moraliter

1061 2615 1099 2647 (t)
1119 2614 1156 2640 Ex
1173 2614 1276 2649 Regest.
1292 2615 1374 2642 vatic.
