2129 3223
34 246 85 278 Αιι.
103 247 133 276 C.
150 249 217 276 ¹¹⁹9

829 247 1040 270 INNOCENncs
1064 248 1099 270 111
1123 248 1171 269 PP.

231 304 424 352 recognovit.
447 315 519 338 cum
538 314 595 349 pro
613 302 809 337 absolutione
827 314 885 337 sua
902 314 978 336 nun-

232 354 309 389 tium
336 353 374 388 ad
404 351 520 387 Sedem
549 351 761 398 Apostolicam
789 351 975 386 destinavit:

230 411 262 438 et
293 414 365 437 cum
398 400 523 436 tandem
560 412 614 447 per
652 399 813 446 delegatos
854 408 978 436 nostros

231 459 337 487 contra
359 450 490 485 formam
521 449 658 484 mandati
693 449 790 484 nostri
815 457 885 496 post
907 450 977 484 ele-

230 500 365 536 ctionem
380 511 469 535 suam
488 510 522 533 se
540 499 613 533 fecit
626 498 756 533 absolvi.
779 498 872 533 Unde
895 506 977 546 patet

229 549 315 596 quod
343 549 435 583 fuerit
455 547 747 583 excommunicatus
769 547 898 582 electus.
928 548 978 582 Vi-

229 599 321 633 detur
343 610 469 645 quoque
491 597 595 631 forsan
618 596 777 643 aliquibus
795 597 878 643 quod
903 609 976 631 non-

229 647 304 682 dum
339 648 379 681 sit
404 647 444 682 ab
479 646 817 681 excommunicationis
852 646 977 681 vinculo

229 696 411 739 absolutus,
445 707 517 730 cum
544 694 704 741 quondam
731 694 880 729 Sutrinus
909 696 977 742 epi-

229 757 346 792 scopus
367 745 398 779 in
421 744 618 779 absolutione
640 744 737 791 ipsius
761 744 892 778 formam
913 756 975 779 non

229 795 395 829 servaverit
421 793 480 828 sibi
510 793 631 836 datam,
664 806 736 828 cum
773 794 872 828 forma
907 793 976 828 data

228 843 331 879 eidem
364 843 458 878 fuerit
490 842 590 885 haec,
617 850 652 876 ut
688 855 742 889 pro
775 842 976 877 absolutione

229 893 416 929 venerabilis
448 891 551 926 fratris
572 891 668 925 nostri
700 891 888 926 Salernitani
919 904 977 926 ar-

228 941 437 990 chiepiscopi,
461 953 555 987 quem
578 948 649 975 aute
671 940 900 975 absolutionem
926 941 977 988 ip-

227 991 296 1026 sius
320 990 549 1026 mandabamus
576 989 615 1024 ab
641 990 798 1035 ergastulo
824 1002 899 1024 suae
922 1002 977 1024 ca—

228 1040 379 1087 ptivitatis
400 1039 533 1083 absolvi,
559 1038 587 1073 ei
615 1038 754 1073 laborem
780 1039 899 1074 itineris
924 1052 976 1074 re-

227 1089 335 1124 niendi
357 1089 394 1124 ad
417 1088 534 1124 Sedem
561 1087 776 1135 Apostolicam
813 1088 975 1132 relaxaret,

227 1145 259 1173 et
298 1137 499 1185 postmodum
539 1145 666 1183 recepto
699 1137 738 1171 ab
778 1149 815 1170 eo
852 1137 976 1183 publice

226 1187 405 1222 secundum
427 1187 559 1221 formam
588 1185 749 1220 Ecclesiae
772 1187 949 1220 iuramento
965 1214 972 1224 ,

227 1236 311 1283 quod
338 1248 436 1283 super
462 1236 511 1272 iis.
540 1247 596 1283 pro
619 1234 737 1281 quibus
758 1235 976 1269 excommuni-

226 1292 315 1320 catus
352 1285 464 1325 fuerat,
505 1283 652 1319 mandato
688 1291 794 1318 nostro
830 1293 976 1330 pareret.

228 1346 346 1369 munus
373 1334 401 1370 ei
434 1333 644 1368 absolutionis
671 1332 882 1380 impenderet:
919 1333 975 1367 sed

227 1384 297 1431 ipse
331 1383 473 1418 nondum
496 1382 733 1429 archiepiscopo
760 1381 916 1425 absoluto,
947 1390 977 1416 et

229 1432 318 1467 nullo
343 1432 384 1467 ab
409 1444 447 1466 eo
474 1432 654 1466 iuramento
688 1438 826 1477 recepto,
854 1443 917 1465 non
945 1430 975 1464 in

227 1481 366 1528 publico,
391 1480 455 1516 vsed
486 1480 568 1515 clam
606 1481 708 1526 ipsum
743 1480 905 1514 absolvere
939 1479 977 1514 de

229 1530 310 1566 facto
343 1530 556 1574 solummodo,
583 1530 654 1576 quia
676 1529 715 1563 de
744 1530 809 1563 iure
832 1541 894 1563 nou
919 1541 978 1575 po-

228 1580 305 1624 tuit,
340 1587 389 1615 est
424 1588 577 1616 conatus;
612 1585 741 1625 propter
778 1590 874 1624 quem
910 1578 978 1612 eius

228 1641 408 1673 excessum,
441 1641 514 1663 cum
537 1629 641 1675 ipsum
671 1627 796 1662 rediens
823 1639 979 1672 recogno-

229 1679 319 1723 verit,
345 1678 384 1713 ab
405 1679 591 1725 episcopatu
619 1684 772 1711 remotus.
804 1677 833 1710 iu
869 1688 979 1710 mona-

230 1728 325 1763 sterio
347 1727 429 1762 diem
461 1726 572 1761 clausit
593 1734 780 1760 extremum.
814 1725 978 1759 Praeterea

230 1789 302 1812 cum
330 1782 389 1811 nos
415 1775 630 1810 Marcualdum
654 1783 683 1809 et
710 1786 821 1809 omnes
843 1774 979 1808 fautores

231 1826 332 1873 ipsius
353 1834 414 1860 tam
437 1825 637 1859 theutonicos
664 1836 759 1870 quam
783 1823 896 1857 latinos
924 1835 980 1857 ex-

231 1874 530 1910 communicationis
555 1874 710 1908 sententia
737 1872 863 1918 saepius
886 1873 981 1907 inno-

232 1924 358 1968 demus,
384 1931 419 1958 et
451 1924 518 1970 ipse
551 1935 615 1957 non
649 1922 751 1957 solum
779 1922 900 1961 fautor,
926 1922 979 1956 sed

232 1980 344 2009 auctor
363 1972 539 2019 iniquitatis
560 1972 629 2006 eius
651 1972 775 2014 existat,
803 1979 885 2017 patet
909 1982 980 2005 eum

233 2020 570 2058 excommunicationis
603 2020 776 2055 sententiae
809 2019 980 2054 subiacere.

232 2072 399 2113 Praeterea
421 2082 495 2105 cum
522 2070 681 2105 notorium
704 2070 745 2104 sit
766 2069 870 2115 ipsum
905 2069 982 2103 iura-

233 2129 376 2156 mentum
404 2119 564 2154 fidelitatis
597 2131 694 2165 puero
725 2119 932 2166 praestitisse,
955 2126 983 2152 et

234 2183 320 2206 nunc
345 2181 479 2215 regnum
501 2167 733 2203 Theutonicum
768 2175 800 2202 et
830 2174 982 2214 quantum

236 2220 268 2255 in
299 2231 339 2254 eo
363 2226 411 2253 est
442 2218 612 2264 imperium
646 2228 835 2264 occupasse,
862 2224 983 2251 constat

235 2278 309 2304 eum
344 2268 473 2315 periurii
502 2279 571 2301 esse
606 2278 705 2300 reum.
739 2265 804 2300 Sed
838 2264 986 2300 obiicitur

236 2317 322 2366 qnod
342 2317 382 2360 si,
403 2314 670 2364 quemadmodum
697 2315 843 2361 superius
864 2323 911 2349 est
929 2326 986 2349 ex-

238 2378 382 2414 pressum
410 2367 622 2400 iuramentum
651 2363 729 2397 illud
758 2363 899 2399 illicitum
935 2375 986 2397 re-

238 2424 402 2464 putemuS,
434 2413 596 2461 quomodo
628 2412 764 2447 dicimus
790 2424 862 2447 eum
898 2424 985 2447 reum

239 2477 308 2501 esse
334 2464 481 2512 periurii,
512 2471 543 2497 et
563 2470 824 2508 transgressorem
848 2462 986 2509 praestiti

240 2513 410 2549 iuramenti
435 2512 521 2559 quod
545 2511 659 2546 dicitur
690 2522 754 2544 non
781 2511 989 2545 servandum?

242 2563 306 2599 Sed
332 2561 544 2609 respondetur
569 2560 655 2608 quod
682 2560 739 2594 etsi
774 2559 987 2594 iuramentum

246 2611 322 2646 illud
348 2611 494 2647 illicitum
516 2610 620 2651 suerit,
648 2621 710 2644 non
738 2616 841 2643 tamen
876 2608 987 2643 licebat

1650 242 1710 272 171

1018 301 1057 334 ab
1091 313 1128 335 eo
1162 303 1335 337 temeritate
1373 304 1498 350 propria
1533 304 1663 340 resilire.
1704 305 1767 340 Sed

1019 358 1157 384 nostram
1173 351 1262 397 prius
1283 351 1443 387 debuisset
1465 353 1631 388 consulere
1652 353 1768 389 volun-

1019 406 1125 443 tatem,
1167 399 1204 433 ad
1239 401 1421 446 exemplum
1456 401 1540 437 illius
1578 403 1767 443 iuramenti,

1017 448 1102 495 quod
1131 448 1185 482 lilii
1207 448 1302 483 Israel
1324 448 1510 485 Gabaonitis
1539 452 1767 498 praestiterant,

1018 497 1104 544 quod
1128 497 1198 532 licet
1221 497 1315 532 fuerit
1331 510 1386 544 per
1408 500 1550 534 fraudem
1573 509 1766 548 surreptum,

1019 558 1081 581 non
1104 554 1207 581 tamen
1237 559 1293 580 sua
1320 548 1493 583 temeritate
1521 550 1700 584 resilierunt
1728 550 1766 584 ab

1018 607 1067 637 eo,
1090 595 1144 630 sed
1166 595 1341 630 Dominum
1362 597 1527 631 consulere
1548 598 1764 634 decreverunt.

1020 644 1183 679 Praeterea
1206 656 1278 678 cum
1312 657 1407 680 omne
1429 646 1513 692 quod
1544 656 1651 682 contra
1682 660 1767 683 con-

1018 694 1183 728 scientiam
1197 693 1248 733 sit,
1264 693 1408 729 aedificet
1429 694 1467 729 ad
1489 695 1678 740 gehennam,
1693 698 1765 744 quia

1018 742 1193 778 secundum
1222 742 1427 790 Apostolum:
1456 744 1560 779 Omne
1586 745 1670 791 quod
1702 758 1765 780 non

1017 800 1064 826 est
1090 804 1128 827 ex
1162 791 1223 826 fide
1255 800 1419 838 peccatum
1442 800 1506 833 est;
1532 801 1563 827 et
1590 794 1672 829 idem
1694 794 1767 829 Phi—

1019 841 1123 887 lippus
1153 853 1249 887 super
1282 842 1343 876 hoc
1373 842 1499 888 negotio
1530 842 1632 877 taliter
1657 856 1692 879 se
1718 856 1767 878 ex-

1018 898 1129 933 cuset,
1169 889 1253 936 quod
1292 902 1425 937 regnum
1458 891 1548 925 aliter
1586 892 1767 928 nullatenus

1017 940 1209 986 accepisset,
1236 940 1295 973 nisi
1325 949 1430 975 nosset
1459 940 1545 986 quod
1567 941 1645 976 illud
1673 942 1767 977 inra—

1017 988 1092 1022 dere
1121 988 1172 1022 alii
1200 987 1428 1034 disponebant,
1454 997 1537 1034 patet
1559 1002 1632 1026 eum
1660 991 1767 1025 credi-

1017 1037 1100 1072 disse
1120 1038 1332 1072 iuramentum
1350 1038 1426 1072 illud
1445 1038 1542 1073 fuisse
1564 1039 1765 1080 servandum,

1017 1094 1098 1121 etex
1110 1097 1147 1120 eo
1158 1086 1243 1132 quod
1257 1087 1342 1120 venit
1357 1087 1458 1122 taliter
1472 1095 1582 1122 contra
1594 1088 1684 1132 illud,
1698 1090 1766 1124 eius

1017 1147 1087 1170 esse
1102 1135 1327 1169 conscientiam
1344 1135 1551 1171 vulneratam.
1566 1136 1620 1172 Sic
1634 1149 1708 1184 ergo
1726 1139 1767 1172 vi-

1017 1184 1110 1219 detur
1135 1184 1219 1230 quod
1248 1184 1329 1218 licite
1357 1197 1415 1219 nos
1439 1186 1714 1221 excommunicato
1736 1196 1765 1221 et

1018 1234 1145 1279 periuro
1155 1232 1327 1267 debeamus
1339 1245 1511 1281 opponere,
1525 1244 1555 1269 et
1569 1236 1637 1270 eius
1651 1237 1765 1271 conati-

1019 1282 1078 1316 bus
1099 1281 1236 1316 obviare.
1251 1281 1352 1323 Quod
1376 1284 1403 1317 ei
1433 1296 1489 1318 nos
1521 1296 1683 1330 opponere
1710 1286 1766 1320 de·-

1018 1339 1085 1366 ceat
1119 1330 1285 1365 manifeste
1318 1332 1441 1366 videtur
1474 1345 1511 1367 ex
1541 1345 1578 1368 eo
1608 1335 1692 1381 quod
1726 1335 1767 1379 si,

1019 1388 1112 1427 prout
1133 1379 1208 1413 olim
1243 1381 1321 1426 patri
1354 1381 1450 1425 filius,
1472 1382 1516 1416 sic
1546 1395 1630 1417 nunc
1653 1384 1766 1418 imme-

1018 1430 1100 1464 diate
1133 1429 1331 1464 succederet,
1347 1430 1440 1464 frater
1479 1430 1581 1473 fratri,
1611 1432 1767 1468 videretur

1019 1479 1189 1524 imperium
1225 1478 1252 1511 ei
1282 1490 1344 1512 non
1372 1491 1409 1514 ex
1438 1480 1591 1515 electione
1612 1481 1767 1527 conferri,

1019 1528 1074 1562 sed
1097 1540 1134 1561 ex
1156 1528 1358 1562 successione
1384 1528 1504 1569 deberi,
1531 1538 1564 1564 et-
1584 1531 1631 1565 sic
1657 1530 1767 1566 effice-

1019 1584 1106 1611 retur
1128 1576 1371 1612 haereditarium
1394 1579 1479 1625 quod
1499 1578 1593 1613 debet
1616 1592 1684 1615 esse
1701 1593 1769 1625 gra-

1020 1626 1151 1660 tuitum:
1176 1627 1362 1672 praesertim
1389 1639 1461 1662 cum
1485 1640 1546 1662 non
1575 1629 1678 1664 solum
1705 1629 1768 1664 Fe-

1020 1675 1146 1710 dericus
1167 1675 1365 1710 substituerit
1387 1677 1444 1711 sibi
1467 1677 1579 1718 filium,
1606 1679 1661 1712 sed
1680 1679 1768 1714 Hen—

1021 1725 1106 1758 ricus
1120 1724 1212 1758 etiam
1233 1724 1332 1758 filium
1351 1725 1409 1760 sibi
1431 1726 1563 1760 voluerit
1585 1727 1766 1774 subrogare,

1021 1782 1051 1808 et
1083 1785 1138 1820 per
1165 1772 1225 1807 hoc
1258 1774 1362 1808 forsan
1390 1776 1421 1808 iu
1460 1784 1619 1822 posterum
1659 1777 1768 1812 abusio

1022 1822 1196 1856 traheretur
1223 1822 1254 1856 in
1283 1835 1386 1858 usum.
1415 1825 1509 1866 Quod
1537 1833 1641 1860 autem
1675 1839 1770 1871 expe-

1021 1872 1085 1906 diat.
1106 1883 1268 1918 opponere
1294 1885 1352 1907 nos
1371 1873 1522 1920 Philippo
1544 1875 1642 1921 liquet
1663 1877 1771 1910 omni-

1022 1921 1082 1955 bus
1104 1920 1279 1955 manifeste.
1304 1921 1386 1956 Cum
1415 1924 1499 1957 enim
1523 1933 1704 1970 persecutor
1731 1926 1769 1960 sit

1023 1978 1053 2004 et
1079 1970 1117 2004 de
1143 1982 1260 2016 genere
1281 1980 1520 2018 persecutorum
1548 1973 1644 2008 fuerit
1661 1975 1772 2009 oriun-

1023 2019 1095 2059 dus,
1119 2020 1164 2053 sic
1185 2031 1249 2054 non
1272 2032 1508 2067 opponeremus
1531 2035 1588 2057 nos
1619 2024 1661 2067 ei,
1684 2023 1772 2058 vide-

1024 2081 1132 2103 remur
1153 2077 1259 2103 contra
1280 2082 1338 2103 nos
1358 2082 1479 2105 armare
1508 2071 1664 2106 furentem
1687 2081 1716 2106 et
1743 2074 1770 2107 ei

1024 2118 1164 2164 gladium
1191 2119 1223 2152 in
1250 2119 1350 2165 capita
1373 2128 1476 2154 nostra
1500 2120 1584 2155 dare.
1614 2121 1771 2155 Henricus

1025 2166 1122 2210 enim,
1149 2167 1203 2213 qui
1233 2168 1353 2213 primus
1388 2169 1556 2215 imperium
1585 2170 1624 2203 de
1655 2182 1771 2215 genere

1783 252 1833 278 An.
1851 252 1879 278 C.
1897 252 1964 278 1¹99

1797 2190 1882 2211 Eminet
1918 2194 1966 2210 sce-

1026 2216 1085 2250 hoc
1118 2217 1250 2262 accepit,
1279 2218 1528 2262 persecutionem
1556 2219 1769 2264 gravissimam
1784 2221 1835 2241 'ffl-

1026 2266 1057 2299 in
1096 2264 1271 2299 Ecclesiam
1308 2267 1485 2310 suscitavit,
1512 2275 1543 2301 et
1577 2267 1677 2301 bonae
1704 2280 1772 2302 me-

1028 2314 1144 2348 moriae
1167 2313 1348 2348 paschalem
1368 2314 1498 2362 Papam,
1520 2317 1573 2362 qui
1592 2328 1666 2351 eum
1688 2329 1773 2351 coro·

1028 2363 1123 2402 navit,
1137 2374 1209 2396 cum
1222 2363 1392 2409 episcopis,
1414 2363 1628 2399 cardinalibus
1649 2373 1678 2399 et
1696 2366 1773 2400 mul·

1027 2412 1068 2446 tis
1089 2410 1252 2446 nobilibus
1268 2411 1484 2447 Romanorum
1508 2414 1611 2460 coepit
1633 2426 1687 2460 per
1709 2415 1774 2450 vio-

1028 2460 1156 2495 lentiam
1191 2468 1222 2495 et
1250 2460 1429 2507 perfidiam,
1455 2469 1485 2496 et
1512 2462 1632 2497 tamdiu
1668 2471 1774 2499 tenere

1029 2510 1239 2557 praesumpsit
1273 2509 1373 2545 donec
1408 2522 1464 2557 pro
1492 2510 1677 2547 liberatione
1711 2525 1773 2549 non

1030 2571 1103 2598 sua,
1130 2558 1184 2593 sed
1218 2570 1328 2594 eorum
1364 2560 1416 2606 qui
1451 2559 1574 2595 fuerant
1602 2562 1685 2608 capti
1717 2575 1776 2597 se-

1031 2620 1113 2649 cum,
1137 2620 1216 2654 quos
1240 2608 1417 2643 minabatur
1443 2609 1587 2646 mutilare
1615 2619 1774 2659 tyrannus,
