<?xml version="1.0" encoding="UTF-8"?>
<!DOCTYPE html PUBLIC "-//W3C//DTD XHTML 1.0 Transitional//EN"
    "http://www.w3.org/TR/xhtml1/DTD/xhtml1-transitional.dtd">
<html xmlns="http://www.w3.org/1999/xhtml" xml:lang="en" lang="en">
 <head>
  <title>
</title>
<meta http-equiv="Content-Type" content="text/html;charset=utf-8" />
  <meta name='ocr-system' content='tesseract 3.04.00' />
  <meta name='ocr-capabilities' content='ocr_page ocr_carea ocr_par ocr_line ocrx_word'/>
</head>
<body>
  <div class='ocr_page' id='page_1' title='image "./bullarumdiplomat03cath/bullarumdiplomat03cath_0472.png"; bbox 0 0 2129 3223; ppageno 0'>
   <div class='ocr_carea' id='block_1_1' title="bbox 100 263 282 291">
    <p class='ocr_par' dir='ltr' id='par_1_1' title="bbox 100 263 282 291">
     <span class='ocr_line' id='line_1_1' title="bbox 100 263 282 291; baseline 0.005 -1"><span class='ocrx_word' id='word_1_1' title='bbox 100 264 150 290; x_wconf 73' lang='lat' dir='ltr'><strong>An.</strong></span> <span class='ocrx_word' id='word_1_2' title='bbox 169 263 197 290; x_wconf 86' lang='lat' dir='ltr'><strong>C.</strong></span> <span class='ocrx_word' id='word_1_3' title='bbox 216 265 282 291; x_wconf 68' lang='lat'><strong>¹252</strong></span> 
     </span>
    </p>
   </div>
   <div class='ocr_carea' id='block_1_2' title="bbox 89 2082 272 2200">
    <p class='ocr_par' dir='ltr' id='par_1_2' title="bbox 89 2082 272 2200">
     <span class='ocr_line' id='line_1_2' title="bbox 109 2082 272 2109; baseline -0.012 -5"><span class='ocrx_word' id='word_1_4' title='bbox 109 2082 205 2109; x_wconf 60' lang='lat' dir='ltr'><strong>Cottnpsa</strong></span> <span class='ocrx_word' id='word_1_5' title='bbox 251 2083 272 2102; x_wconf 81' lang='lat' dir='ltr'><strong>tn</strong></span> 
     </span>
     <span class='ocr_line' id='line_1_3' title="bbox 102 2113 266 2134; baseline 0 -1"><span class='ocrx_word' id='word_1_6' title='bbox 102 2113 266 2134; x_wconf 52' lang='lat' dir='ltr'><strong>praemonstra-</strong></span> 
     </span>
     <span class='ocr_line' id='line_1_4' title="bbox 89 2144 272 2165; baseline 0 -1"><span class='ocrx_word' id='word_1_7' title='bbox 89 2145 184 2165; x_wconf 68' lang='lat' dir='ltr'><strong>tenuibus</strong></span> <span class='ocrx_word' id='word_1_8' title='bbox 207 2144 272 2165; x_wconf 77' lang='lat' dir='ltr'><strong>disct-</strong></span> 
     </span>
     <span class='ocr_line' id='line_1_5' title="bbox 89 2174 154 2200; baseline 0 -6"><span class='ocrx_word' id='word_1_9' title='bbox 89 2174 154 2200; x_wconf 55' lang='lat' dir='ltr'><strong>plina⁴</strong></span> 
     </span>
    </p>
   </div>
   <div class='ocr_carea' id='block_1_3' title="bbox 294 259 1046 650">
    <p class='ocr_par' dir='ltr' id='par_1_3' title="bbox 295 259 1046 551">
     <span class='ocr_line' id='line_1_6' title="bbox 349 259 418 289; baseline 0.072 -7"><span class='ocrx_word' id='word_1_10' title='bbox 349 259 418 289; x_wconf 64' lang='grc'><strong>,166</strong></span> 
     </span>
     <span class='ocr_line' id='line_1_7' title="bbox 296 317 1044 365; baseline -0.004 -9"><span class='ocrx_word' id='word_1_11' title='bbox 296 320 473 359; x_wconf 80' lang='lat' dir='ltr'><strong>sitantibus,</strong></span> <span class='ocrx_word' id='word_1_12' title='bbox 503 318 541 353; x_wconf 86' lang='lat' dir='ltr'><strong>de</strong></span> <span class='ocrx_word' id='word_1_13' title='bbox 563 317 789 365; x_wconf 83' lang='lat' dir='ltr'><strong>omnipotentis</strong></span> <span class='ocrx_word' id='word_1_14' title='bbox 828 318 885 353; x_wconf 86' lang='lat' dir='ltr'><strong>Dei</strong></span> <span class='ocrx_word' id='word_1_15' title='bbox 918 319 1044 354; x_wconf 87' lang='lat' dir='ltr'><strong>miseri-</strong></span> 
     </span>
     <span class='ocr_line' id='line_1_8' title="bbox 297 367 1046 415; baseline -0.003 -12"><span class='ocrx_word' id='word_1_16' title='bbox 297 369 441 411; x_wconf 81' lang='lat' dir='ltr'><strong>ricordia,</strong></span> <span class='ocrx_word' id='word_1_17' title='bbox 463 377 493 403; x_wconf 91' lang='lat' dir='ltr'><strong>et</strong></span> <span class='ocrx_word' id='word_1_18' title='bbox 518 368 678 402; x_wconf 89' lang='lat' dir='ltr'><strong>beatorum</strong></span> <span class='ocrx_word' id='word_1_19' title='bbox 707 367 790 403; x_wconf 89' lang='lat' dir='ltr'><strong>Petri</strong></span> <span class='ocrx_word' id='word_1_20' title='bbox 817 375 847 403; x_wconf 90' lang='lat' dir='ltr'><strong>et</strong></span> <span class='ocrx_word' id='word_1_21' title='bbox 870 367 1046 415; x_wconf 87' lang='lat' dir='ltr'><strong>Pauliapo-</strong></span> 
     </span>
     <span class='ocr_line' id='line_1_9' title="bbox 295 417 1042 457; baseline -0.001 -5"><span class='ocrx_word' id='word_1_22' title='bbox 295 419 447 453; x_wconf 82' lang='lat' dir='ltr'><strong>stolorum</strong></span> <span class='ocrx_word' id='word_1_23' title='bbox 475 418 544 452; x_wconf 89' lang='lat' dir='ltr'><strong>eius</strong></span> <span class='ocrx_word' id='word_1_24' title='bbox 571 417 753 453; x_wconf 85' lang='lat' dir='ltr'><strong>auctoritate</strong></span> <span class='ocrx_word' id='word_1_25' title='bbox 776 417 898 457; x_wconf 82' lang='lat' dir='ltr'><strong>confisi,</strong></span> <span class='ocrx_word' id='word_1_26' title='bbox 926 429 1042 451; x_wconf 89' lang='lat' dir='ltr'><strong>annum</strong></span> 
     </span>
     <span class='ocr_line' id='line_1_10' title="bbox 295 465 1044 513; baseline 0 -12"><span class='ocrx_word' id='word_1_27' title='bbox 295 479 394 501; x_wconf 89' lang='lat' dir='ltr'><strong>uuum</strong></span> <span class='ocrx_word' id='word_1_28' title='bbox 418 466 457 501; x_wconf 87' lang='lat' dir='ltr'><strong>de</strong></span> <span class='ocrx_word' id='word_1_29' title='bbox 479 466 618 501; x_wconf 86' lang='lat' dir='ltr'><strong>iniuncta</strong></span> <span class='ocrx_word' id='word_1_30' title='bbox 646 465 704 501; x_wconf 83' lang='lat' dir='ltr'><strong>sibi</strong></span> <span class='ocrx_word' id='word_1_31' title='bbox 727 466 915 513; x_wconf 85' lang='lat' dir='ltr'><strong>poenitentia</strong></span> <span class='ocrx_word' id='word_1_32' title='bbox 948 467 1044 501; x_wconf 87' lang='lat' dir='ltr'><strong>mise-</strong></span> 
     </span>
     <span class='ocr_line' id='line_1_11' title="bbox 295 515 668 551; baseline -0.003 -1"><span class='ocrx_word' id='word_1_33' title='bbox 295 516 459 551; x_wconf 82' lang='lat' dir='ltr'><strong>ricorditer</strong></span> <span class='ocrx_word' id='word_1_34' title='bbox 481 515 668 551; x_wconf 83' lang='lat' dir='ltr'>relaxamus.</span> 
     </span>
    </p>

    <p class='ocr_par' dir='ltr' id='par_1_4' title="bbox 294 564 1046 650">
     <span class='ocr_line' id='line_1_12' title="bbox 342 564 1046 613; baseline 0 -14"><span class='ocrx_word' id='word_1_35' title='bbox 342 565 457 600; x_wconf 84' lang='lat' dir='ltr'><strong>Datum</strong></span> <span class='ocrx_word' id='word_1_36' title='bbox 480 564 599 612; x_wconf 87' lang='lat' dir='ltr'><strong>Spoleti</strong></span> <span class='ocrx_word' id='word_1_37' title='bbox 623 565 713 599; x_wconf 86' lang='lat' dir='ltr'><strong>tertio</strong></span> <span class='ocrx_word' id='word_1_38' title='bbox 736 577 835 601; x_wconf 87' lang='lat' dir='ltr'><strong>nonas</strong></span> <span class='ocrx_word' id='word_1_39' title='bbox 856 564 946 606; x_wconf 80' lang='lat' dir='ltr'><strong>iunii,</strong></span> <span class='ocrx_word' id='word_1_40' title='bbox 970 577 1046 613; x_wconf 87' lang='lat' dir='ltr'><strong>pon·</strong></span> 
     </span>
     <span class='ocr_line' id='line_1_13' title="bbox 294 614 786 650; baseline 0 -1"><span class='ocrx_word' id='word_1_41' title='bbox 294 614 430 649; x_wconf 84' lang='lat' dir='ltr'><strong>tificatus</strong></span> <span class='ocrx_word' id='word_1_42' title='bbox 451 615 550 650; x_wconf 91' lang='lat' dir='ltr'><strong>nostri</strong></span> <span class='ocrx_word' id='word_1_43' title='bbox 577 626 661 649; x_wconf 82' lang='lat' dir='ltr'><strong>anuo</strong></span> <span class='ocrx_word' id='word_1_44' title='bbox 687 622 786 649; x_wconf 86' lang='lat' dir='ltr'><strong>sexto.</strong></span> 
     </span>
    </p>
   </div>
   <div class='ocr_carea' id='block_1_4' title="bbox 352 674 984 715">
    <p class='ocr_par' dir='ltr' id='par_1_5' title="bbox 352 674 984 715">
     <span class='ocr_line' id='line_1_14' title="bbox 352 674 984 715; baseline -0.002 -10"><span class='ocrx_word' id='word_1_45' title='bbox 352 674 413 705; x_wconf 83' lang='lat' dir='ltr'><strong>Dat.</strong></span> <span class='ocrx_word' id='word_1_46' title='bbox 432 674 479 706; x_wconf 84' lang='lat' dir='ltr'><strong>dio</strong></span> <span class='ocrx_word' id='word_1_47' title='bbox 501 674 520 705; x_wconf 82' lang='lat'><strong>3</strong></span> <span class='ocrx_word' id='word_1_48' title='bbox 537 675 610 706; x_wconf 91' lang='lat' dir='ltr'><strong>iunii</strong></span> <span class='ocrx_word' id='word_1_49' title='bbox 635 674 720 710; x_wconf 68' lang='lat'><strong>1232,</strong></span> <span class='ocrx_word' id='word_1_50' title='bbox 739 675 841 715; x_wconf 81' lang='lat' dir='ltr'><strong>pontif.</strong></span> <span class='ocrx_word' id='word_1_51' title='bbox 873 683 918 705; x_wconf 75' lang='lat' dir='ltr'><strong>an.</strong></span> <span class='ocrx_word' id='word_1_52' title='bbox 948 683 984 705; x_wconf 82' lang='lat' dir='ltr'><strong>Vt.</strong></span> 
     </span>
    </p>
   </div>
   <div class='ocr_carea' id='block_1_5' title="bbox 588 757 729 765">
    <p class='ocr_par' dir='ltr' id='par_1_6' title="bbox 588 757 729 765">
     <span class='ocr_line' id='line_1_15' title="bbox 588 757 729 765; baseline 0 0"><span class='ocrx_word' id='word_1_53' title='bbox 588 757 729 765; x_wconf 95' lang='lat' dir='ltr'><strong> </strong></span> 
     </span>
    </p>
   </div>
   <div class='ocr_carea' id='block_1_6' title="bbox 605 856 735 891">
    <p class='ocr_par' dir='ltr' id='par_1_7' title="bbox 605 856 735 891">
     <span class='ocr_line' id='line_1_16' title="bbox 605 856 735 891; baseline 0 0"><span class='ocrx_word' id='word_1_54' title='bbox 605 856 735 891; x_wconf 83' lang='lat' dir='ltr'>XXXII.</span> 
     </span>
    </p>
   </div>
   <div class='ocr_carea' id='block_1_7' title="bbox 292 932 1043 1031">
    <p class='ocr_par' dir='ltr' id='par_1_8' title="bbox 292 932 1043 1031">
     <span class='ocr_line' id='line_1_17' title="bbox 292 932 1043 967; baseline 0.003 -2"><span class='ocrx_word' id='word_1_55' title='bbox 292 932 642 966; x_wconf 69' lang='lat' dir='ltr'><strong>Prasmonstratensium</strong></span> <span class='ocrx_word' id='word_1_56' title='bbox 675 933 893 966; x_wconf 74' lang='lat' dir='ltr'><strong>canonicorum</strong></span> <span class='ocrx_word' id='word_1_57' title='bbox 927 934 1043 967; x_wconf 76' lang='lat' dir='ltr'><em>ordinis</em></span> 
     </span>
     <span class='ocr_line' id='line_1_18' title="bbox 531 987 791 1031; baseline 0.004 -12"><span class='ocrx_word' id='word_1_58' title='bbox 531 987 711 1031; x_wconf 81' lang='lat' dir='ltr'><em>reformatio</em></span> <span class='ocrx_word' id='word_1_59' title='bbox 734 989 791 1030; x_wconf 80' lang='lat' dir='ltr'><strong>(l).</strong></span> 
     </span>
    </p>
   </div>
   <div class='ocr_carea' id='block_1_8' title="bbox 556 1063 773 1094">
    <p class='ocr_par' dir='ltr' id='par_1_9' title="bbox 556 1063 773 1094">
     <span class='ocr_line' id='line_1_19' title="bbox 556 1063 773 1094; baseline 0 0"><span class='ocrx_word' id='word_1_60' title='bbox 556 1063 773 1094; x_wconf 80' lang='lat' dir='ltr'>SUMMARIUM</span> 
     </span>
    </p>
   </div>
   <div class='ocr_carea' id='block_1_9' title="bbox 289 1125 1044 1739">
    <p class='ocr_par' dir='ltr' id='par_1_10' title="bbox 289 1125 1044 1739">
     <span class='ocr_line' id='line_1_20' title="bbox 289 1125 1044 1166; baseline 0.003 -11"><span class='ocrx_word' id='word_1_61' title='bbox 289 1125 422 1165; x_wconf 83' lang='lat' dir='ltr'><strong>Cottapsa</strong></span> <span class='ocrx_word' id='word_1_62' title='bbox 435 1126 464 1156; x_wconf 92' lang='lat' dir='ltr'><strong>in</strong></span> <span class='ocrx_word' id='word_1_63' title='bbox 476 1125 818 1157; x_wconf 83' lang='lat' dir='ltr'><strong>Praemonstratensibus</strong></span> <span class='ocrx_word' id='word_1_64' title='bbox 832 1126 1044 1166; x_wconf 82' lang='lat' dir='ltr'><strong>disciplina.—</strong></span> 
     </span>
     <span class='ocr_line' id='line_1_21' title="bbox 329 1169 1042 1202; baseline 0.004 -3"><span class='ocrx_word' id='word_1_65' title='bbox 329 1169 367 1200; x_wconf 86' lang='lat' dir='ltr'><strong>De</strong></span> <span class='ocrx_word' id='word_1_66' title='bbox 387 1170 593 1201; x_wconf 83' lang='lat' dir='ltr'><strong>definitoribus</strong></span> <span class='ocrx_word' id='word_1_67' title='bbox 613 1175 641 1200; x_wconf 86' lang='lat' dir='ltr'><strong>et</strong></span> <span class='ocrx_word' id='word_1_68' title='bbox 661 1169 871 1200; x_wconf 62' lang='lat' dir='ltr'><strong>visitatoribus</strong></span> <span class='ocrx_word' id='word_1_69' title='bbox 886 1170 1042 1202; x_wconf 77' lang='lat' dir='ltr'><strong>—Eorum</strong></span> 
     </span>
     <span class='ocr_line' id='line_1_22' title="bbox 328 1214 1043 1254; baseline 0.001 -9"><span class='ocrx_word' id='word_1_70' title='bbox 328 1218 375 1245; x_wconf 84' lang='lat' dir='ltr'><strong>ius</strong></span> <span class='ocrx_word' id='word_1_71' title='bbox 392 1216 421 1245; x_wconf 92' lang='lat' dir='ltr'><strong>in</strong></span> <span class='ocrx_word' id='word_1_72' title='bbox 438 1216 595 1254; x_wconf 84' lang='lat' dir='ltr'>puniendis</span> <span class='ocrx_word' id='word_1_73' title='bbox 615 1214 730 1245; x_wconf 78' lang='lat' dir='ltr'><strong>abbatis</strong></span> <span class='ocrx_word' id='word_1_74' title='bbox 744 1215 892 1252; x_wconf 84' lang='lat' dir='ltr'><strong>generalis</strong></span> <span class='ocrx_word' id='word_1_75' title='bbox 913 1217 1043 1246; x_wconf 83' lang='lat' dir='ltr'><strong>excessi-</strong></span> 
     </span>
     <span class='ocr_line' id='line_1_23' title="bbox 328 1258 1041 1291; baseline 0 0"><span class='ocrx_word' id='word_1_76' title='bbox 328 1260 441 1291; x_wconf 77' lang='lat' dir='ltr'><strong>but.-</strong></span> <span class='ocrx_word' id='word_1_77' title='bbox 463 1260 501 1290; x_wconf 90' lang='lat' dir='ltr'><strong>De</strong></span> <span class='ocrx_word' id='word_1_78' title='bbox 529 1259 604 1290; x_wconf 82' lang='lat' dir='ltr'><strong>cibis</strong></span> <span class='ocrx_word' id='word_1_79' title='bbox 619 1276 658 1282; x_wconf 96' lang='lat'><strong>—</strong></span> <span class='ocrx_word' id='word_1_80' title='bbox 679 1259 713 1289; x_wconf 82' lang='lat' dir='ltr'><strong>Et</strong></span> <span class='ocrx_word' id='word_1_81' title='bbox 731 1258 971 1289; x_wconf 71' lang='lat' dir='ltr'><strong>vestibus—De</strong></span> <span class='ocrx_word' id='word_1_82' title='bbox 987 1261 1041 1291; x_wconf 90' lang='lat' dir='ltr'><strong>vita</strong></span> 
     </span>
     <span class='ocr_line' id='line_1_24' title="bbox 327 1303 1041 1343; baseline 0.001 -9"><span class='ocrx_word' id='word_1_83' title='bbox 327 1305 477 1335; x_wconf 89' lang='lat' dir='ltr'><strong>communi</strong></span> <span class='ocrx_word' id='word_1_84' title='bbox 499 1320 539 1327; x_wconf 98' lang='lat'>—</span> <span class='ocrx_word' id='word_1_85' title='bbox 568 1303 602 1334; x_wconf 90' lang='lat' dir='ltr'><strong>Et</strong></span> <span class='ocrx_word' id='word_1_86' title='bbox 625 1307 813 1343; x_wconf 85' lang='lat' dir='ltr'><strong>paupertate:</strong></span> <span class='ocrx_word' id='word_1_87' title='bbox 847 1319 887 1326; x_wconf 52' lang='grc' dir='ltr'><strong>-ν</strong></span> <span class='ocrx_word' id='word_1_88' title='bbox 920 1303 1041 1343; x_wconf 84' lang='lat' dir='ltr'><strong>Equita-</strong></span> 
     </span>
     <span class='ocr_line' id='line_1_25' title="bbox 328 1347 1042 1387; baseline 0.001 -10"><span class='ocrx_word' id='word_1_89' title='bbox 328 1349 412 1379; x_wconf 86' lang='lat' dir='ltr'><strong>turis:</strong></span> <span class='ocrx_word' id='word_1_90' title='bbox 434 1365 473 1372; x_wconf 89' lang='lat'><strong>-—</strong></span> <span class='ocrx_word' id='word_1_91' title='bbox 494 1347 710 1386; x_wconf 86' lang='lat' dir='ltr'><strong>Hospitalitate‚</strong></span> <span class='ocrx_word' id='word_1_92' title='bbox 732 1352 761 1378; x_wconf 89' lang='lat' dir='ltr'><strong>et</strong></span> <span class='ocrx_word' id='word_1_93' title='bbox 778 1347 984 1387; x_wconf 79' lang='lat' dir='ltr'><strong>eleemosynis:</strong></span> <span class='ocrx_word' id='word_1_94' title='bbox 1005 1365 1042 1373; x_wconf 85' lang='lat'>—</span> 
     </span>
     <span class='ocr_line' id='line_1_26' title="bbox 327 1390 1040 1424; baseline -0.003 0"><span class='ocrx_word' id='word_1_95' title='bbox 327 1390 367 1424; x_wconf 85' lang='lat' dir='ltr'><strong>De</strong></span> <span class='ocrx_word' id='word_1_96' title='bbox 378 1402 434 1422; x_wconf 89' lang='lat' dir='ltr'><strong>nou</strong></span> <span class='ocrx_word' id='word_1_97' title='bbox 455 1392 619 1423; x_wconf 77' lang='lat' dir='ltr'>alienandis</span> <span class='ocrx_word' id='word_1_98' title='bbox 639 1391 724 1422; x_wconf 83' lang='lat' dir='ltr'><strong>bonis</strong></span> <span class='ocrx_word' id='word_1_99' title='bbox 744 1391 903 1422; x_wconf 88' lang='lat' dir='ltr'>mobilibus</span> <span class='ocrx_word' id='word_1_100' title='bbox 921 1392 963 1422; x_wconf 88' lang='lat' dir='ltr'><strong>vel</strong></span> <span class='ocrx_word' id='word_1_101' title='bbox 983 1394 1040 1422; x_wconf 89' lang='lat' dir='ltr'><strong>im-</strong></span> 
     </span>
     <span class='ocr_line' id='line_1_27' title="bbox 329 1435 1043 1475; baseline 0.001 -10"><span class='ocrx_word' id='word_1_102' title='bbox 329 1435 506 1466; x_wconf 74' lang='lat' dir='ltr'>mobilibus:</span> <span class='ocrx_word' id='word_1_103' title='bbox 520 1452 560 1460; x_wconf 90' lang='lat'>-</span> <span class='ocrx_word' id='word_1_104' title='bbox 578 1435 616 1466; x_wconf 91' lang='lat' dir='ltr'><strong>De</strong></span> <span class='ocrx_word' id='word_1_105' title='bbox 639 1435 819 1475; x_wconf 89' lang='lat' dir='ltr'><strong>recipiendis</strong></span> <span class='ocrx_word' id='word_1_106' title='bbox 833 1436 861 1466; x_wconf 91' lang='lat' dir='ltr'><strong>in</strong></span> <span class='ocrx_word' id='word_1_107' title='bbox 875 1437 1043 1466; x_wconf 85' lang='lat' dir='ltr'><strong>ordine:—</strong></span> 
     </span>
     <span class='ocr_line' id='line_1_28' title="bbox 327 1477 1041 1518; baseline 0.004 -10"><span class='ocrx_word' id='word_1_108' title='bbox 327 1477 479 1518; x_wconf 82' lang='lat' dir='ltr'><strong>Colloquio</strong></span> <span class='ocrx_word' id='word_1_109' title='bbox 495 1489 561 1509; x_wconf 93' lang='lat' dir='ltr'><strong>cum</strong></span> <span class='ocrx_word' id='word_1_110' title='bbox 583 1479 745 1515; x_wconf 90' lang='lat' dir='ltr'><strong>sororibus,</strong></span> <span class='ocrx_word' id='word_1_111' title='bbox 764 1480 806 1510; x_wconf 89' lang='lat' dir='ltr'><strong>vel</strong></span> <span class='ocrx_word' id='word_1_112' title='bbox 824 1480 891 1510; x_wconf 88' lang='lat' dir='ltr'><strong>aliis</strong></span> <span class='ocrx_word' id='word_1_113' title='bbox 905 1482 1041 1511; x_wconf 90' lang='lat' dir='ltr'><strong>mulieri—</strong></span> 
     </span>
     <span class='ocr_line' id='line_1_29' title="bbox 326 1522 1042 1555; baseline 0.004 -3"><span class='ocrx_word' id='word_1_114' title='bbox 326 1522 394 1553; x_wconf 87' lang='lat' dir='ltr'>bus:</span> <span class='ocrx_word' id='word_1_115' title='bbox 411 1539 450 1546; x_wconf 97' lang='lat'><strong>—</strong></span> <span class='ocrx_word' id='word_1_116' title='bbox 469 1523 590 1553; x_wconf 77' lang='lat' dir='ltr'><strong>Ratione</strong></span> <span class='ocrx_word' id='word_1_117' title='bbox 609 1524 644 1553; x_wconf 89' lang='lat' dir='ltr'><strong>de</strong></span> <span class='ocrx_word' id='word_1_118' title='bbox 656 1523 964 1554; x_wconf 76' lang='lat' dir='ltr'><strong>administrationibus</strong></span> <span class='ocrx_word' id='word_1_119' title='bbox 977 1526 1042 1555; x_wconf 87' lang='lat' dir='ltr'><strong>red-</strong></span> 
     </span>
     <span class='ocr_line' id='line_1_30' title="bbox 327 1567 1042 1598; baseline 0 -1"><span class='ocrx_word' id='word_1_120' title='bbox 327 1568 434 1598; x_wconf 85' lang='lat' dir='ltr'><strong>denda:</strong></span> <span class='ocrx_word' id='word_1_121' title='bbox 456 1584 495 1590; x_wconf 94' lang='lat'><strong>—</strong></span> <span class='ocrx_word' id='word_1_122' title='bbox 528 1567 733 1597; x_wconf 77' lang='lat' dir='ltr'><strong>Uniformitate</strong></span> <span class='ocrx_word' id='word_1_123' title='bbox 766 1567 795 1597; x_wconf 92' lang='lat' dir='ltr'><strong>in</strong></span> <span class='ocrx_word' id='word_1_124' title='bbox 832 1568 981 1598; x_wconf 88' lang='lat' dir='ltr'><strong>omnibus:</strong></span> <span class='ocrx_word' id='word_1_125' title='bbox 1003 1585 1042 1592; x_wconf 89' lang='lat'><strong>·-</strong></span> 
     </span>
     <span class='ocr_line' id='line_1_31' title="bbox 330 1610 1040 1649; baseline 0.003 -8"><span class='ocrx_word' id='word_1_126' title='bbox 330 1610 462 1647; x_wconf 81' lang='lat' dir='ltr'><strong>Silent10‚</strong></span> <span class='ocrx_word' id='word_1_127' title='bbox 478 1615 507 1641; x_wconf 89' lang='lat' dir='ltr'><strong>et</strong></span> <span class='ocrx_word' id='word_1_128' title='bbox 527 1610 881 1649; x_wconf 77' lang='lat' dir='ltr'><strong>regularibusinstitutis.</strong></span> <span class='ocrx_word' id='word_1_129' title='bbox 896 1628 934 1635; x_wconf 82' lang='lat'><em>-</em></span> <span class='ocrx_word' id='word_1_130' title='bbox 952 1611 1040 1643; x_wconf 90' lang='lat' dir='ltr'><strong>Com-</strong></span> 
     </span>
     <span class='ocr_line' id='line_1_32' title="bbox 329 1655 1041 1696; baseline 0.003 -11"><span class='ocrx_word' id='word_1_131' title='bbox 329 1656 431 1685; x_wconf 88' lang='lat' dir='ltr'><strong>missio</strong></span> <span class='ocrx_word' id='word_1_132' title='bbox 455 1656 596 1694; x_wconf 87' lang='lat' dir='ltr'><strong>delegatis</strong></span> <span class='ocrx_word' id='word_1_133' title='bbox 618 1655 741 1695; x_wconf 86' lang='lat' dir='ltr'><strong>apostol.</strong></span> <span class='ocrx_word' id='word_1_134' title='bbox 761 1664 851 1696; x_wconf 88' lang='lat' dir='ltr'><strong>super</strong></span> <span class='ocrx_word' id='word_1_135' title='bbox 870 1657 1041 1687; x_wconf 88' lang='lat' dir='ltr'><strong>huiusmodi</strong></span> 
     </span>
     <span class='ocr_line' id='line_1_33' title="bbox 327 1699 762 1739; baseline 0 -9"><span class='ocrx_word' id='word_1_136' title='bbox 327 1700 536 1730; x_wconf 78' lang='lat' dir='ltr'><strong>reformatione</strong></span> <span class='ocrx_word' id='word_1_137' title='bbox 563 1699 762 1739; x_wconf 85' lang='lat' dir='ltr'><strong>adimplenda.</strong></span> 
     </span>
    </p>
   </div>
   <div class='ocr_carea' id='block_1_10' title="bbox 288 1765 1042 1996">
    <p class='ocr_par' dir='ltr' id='par_1_11' title="bbox 288 1765 1042 1996">
     <span class='ocr_line' id='line_1_34' title="bbox 288 1765 1042 1802; baseline 0 -6"><span class='ocrx_word' id='word_1_138' title='bbox 288 1765 433 1802; x_wconf 77' lang='lat' dir='ltr'><strong>Gregorius</strong></span> <span class='ocrx_word' id='word_1_139' title='bbox 445 1767 587 1802; x_wconf 77' lang='lat' dir='ltr'><strong>opiscopus</strong></span> <span class='ocrx_word' id='word_1_140' title='bbox 599 1773 695 1795; x_wconf 81' lang='lat' dir='ltr'><strong>servus</strong></span> <span class='ocrx_word' id='word_1_141' title='bbox 709 1772 847 1795; x_wconf 79' lang='lat' dir='ltr'><strong>sorvorum</strong></span> <span class='ocrx_word' id='word_1_142' title='bbox 856 1766 911 1799; x_wconf 83' lang='lat' dir='ltr'><strong>Det.</strong></span> <span class='ocrx_word' id='word_1_143' title='bbox 932 1767 1042 1796; x_wconf 79' lang='lat' dir='ltr'><strong>dilectis</strong></span> 
     </span>
     <span class='ocr_line' id='line_1_35' title="bbox 332 1814 1040 1851; baseline 0.001 -8"><span class='ocrx_word' id='word_1_144' title='bbox 332 1815 398 1844; x_wconf 78' lang='lat' dir='ltr'><strong>filiis</strong></span> <span class='ocrx_word' id='word_1_145' title='bbox 417 1815 510 1844; x_wconf 76' lang='lat' dir='ltr'><strong>sancti</strong></span> <span class='ocrx_word' id='word_1_146' title='bbox 527 1814 614 1844; x_wconf 76' lang='lat' dir='ltr'><strong>Alexti</strong></span> <span class='ocrx_word' id='word_1_147' title='bbox 632 1815 665 1843; x_wconf 85' lang='lat' dir='ltr'><strong>de</strong></span> <span class='ocrx_word' id='word_1_148' title='bbox 683 1815 761 1848; x_wconf 77' lang='lat' dir='ltr'><strong>Urbe,</strong></span> <span class='ocrx_word' id='word_1_149' title='bbox 782 1815 811 1843; x_wconf 83' lang='lat' dir='ltr'><strong>et</strong></span> <span class='ocrx_word' id='word_1_150' title='bbox 829 1815 861 1844; x_wconf 81' lang='lat' dir='ltr'><strong>dc</strong></span> <span class='ocrx_word' id='word_1_151' title='bbox 880 1815 1040 1851; x_wconf 76' lang='lat' dir='ltr'><strong>antuergia.</strong></span> 
     </span>
     <span class='ocr_line' id='line_1_36' title="bbox 333 1863 1040 1899; baseline 0 -6"><span class='ocrx_word' id='word_1_152' title='bbox 333 1865 363 1893; x_wconf 85' lang='lat' dir='ltr'><strong>ot</strong></span> <span class='ocrx_word' id='word_1_153' title='bbox 381 1865 413 1893; x_wconf 81' lang='lat' dir='ltr'><strong>de</strong></span> <span class='ocrx_word' id='word_1_154' title='bbox 432 1863 597 1899; x_wconf 80' lang='lat' dir='ltr'><strong>Midelburgo</strong></span> <span class='ocrx_word' id='word_1_155' title='bbox 622 1863 768 1892; x_wconf 80' lang='lat' dir='ltr'><strong>abbatibus</strong></span> <span class='ocrx_word' id='word_1_156' title='bbox 793 1864 1040 1894; x_wconf 81' lang='lat' dir='ltr'><strong>Praomoustraten.</strong></span> 
     </span>
     <span class='ocr_line' id='line_1_37' title="bbox 333 1912 1039 1948; baseline 0 -6"><span class='ocrx_word' id='word_1_157' title='bbox 333 1912 437 1942; x_wconf 64' lang='lat' dir='ltr'><strong>ordinis</strong></span> <span class='ocrx_word' id='word_1_158' title='bbox 455 1912 620 1946; x_wconf 67' lang='lat' dir='ltr'><strong>Traiectam,</strong></span> <span class='ocrx_word' id='word_1_159' title='bbox 640 1913 671 1941; x_wconf 85' lang='lat' dir='ltr'><strong>ot</strong></span> <span class='ocrx_word' id='word_1_160' title='bbox 696 1912 865 1941; x_wconf 73' lang='lat' dir='ltr'><strong>cameracen.</strong></span> <span class='ocrx_word' id='word_1_161' title='bbox 894 1913 1039 1948; x_wconf 74' lang='lat' dir='ltr'><strong>dioecesis.</strong></span> 
     </span>
     <span class='ocr_line' id='line_1_38' title="bbox 333 1961 940 1996; baseline 0.002 -6"><span class='ocrx_word' id='word_1_162' title='bbox 333 1961 452 1990; x_wconf 76' lang='lat' dir='ltr'><strong>salutem</strong></span> <span class='ocrx_word' id='word_1_163' title='bbox 471 1962 499 1990; x_wconf 85' lang='lat' dir='ltr'><strong>et</strong></span> <span class='ocrx_word' id='word_1_164' title='bbox 517 1961 697 1996; x_wconf 74' lang='lat' dir='ltr'><strong>apostoticam</strong></span> <span class='ocrx_word' id='word_1_165' title='bbox 715 1962 940 1991; x_wconf 74' lang='lat' dir='ltr'><strong>benedictionem.</strong></span> 
     </span>
    </p>
   </div>
   <div class='ocr_carea' id='block_1_11' title="bbox 285 2027 1042 2615">
    <p class='ocr_par' dir='ltr' id='par_1_12' title="bbox 285 2027 1042 2615">
     <span class='ocr_line' id='line_1_39' title="bbox 338 2027 1041 2075; baseline 0.001 -14"><span class='ocrx_word' id='word_1_166' title='bbox 338 2027 537 2068; x_wconf 81' lang='lat' dir='ltr'><strong>Audivimus,</strong></span> <span class='ocrx_word' id='word_1_167' title='bbox 560 2036 590 2061; x_wconf 89' lang='lat' dir='ltr'><strong>et</strong></span> <span class='ocrx_word' id='word_1_168' title='bbox 608 2027 771 2063; x_wconf 81' lang='lat' dir='ltr'><strong>audientes</strong></span> <span class='ocrx_word' id='word_1_169' title='bbox 794 2040 855 2063; x_wconf 93' lang='lat' dir='ltr'><strong>non</strong></span> <span class='ocrx_word' id='word_1_170' title='bbox 881 2028 1041 2075; x_wconf 86' lang='lat' dir='ltr'><strong>potuimus</strong></span> 
     </span>
     <span class='ocr_line' id='line_1_40' title="bbox 289 2076 1039 2123; baseline -0.001 -12"><span class='ocrx_word' id='word_1_171' title='bbox 289 2088 350 2111; x_wconf 91' lang='lat' dir='ltr'><strong>non</strong></span> <span class='ocrx_word' id='word_1_172' title='bbox 375 2076 492 2118; x_wconf 84' lang='lat' dir='ltr'><strong>dolere,</strong></span> <span class='ocrx_word' id='word_1_173' title='bbox 520 2076 604 2123; x_wconf 89' lang='lat' dir='ltr'><strong>quod</strong></span> <span class='ocrx_word' id='word_1_174' title='bbox 632 2076 716 2111; x_wconf 89' lang='lat' dir='ltr'><strong>illam</strong></span> <span class='ocrx_word' id='word_1_175' title='bbox 753 2077 874 2111; x_wconf 83' lang='lat' dir='ltr'><strong>vineam</strong></span> <span class='ocrx_word' id='word_1_176' title='bbox 910 2076 1039 2112; x_wconf 86' lang='lat' dir='ltr'><strong>Domini</strong></span> 
     </span>
     <span class='ocr_line' id='line_1_41' title="bbox 287 2125 1040 2173; baseline 0 -13"><span class='ocrx_word' id='word_1_177' title='bbox 287 2125 439 2166; x_wconf 77' lang='lat' dir='ltr'><strong>Sabaoth,</strong></span> <span class='ocrx_word' id='word_1_178' title='bbox 472 2137 553 2172; x_wconf 90' lang='lat' dir='ltr'><strong>quae</strong></span> <span class='ocrx_word' id='word_1_179' title='bbox 586 2138 601 2160; x_wconf 90' lang='lat' dir='ltr'><strong>a</strong></span> <span class='ocrx_word' id='word_1_180' title='bbox 636 2127 711 2160; x_wconf 90' lang='lat' dir='ltr'><strong>mari</strong></span> <span class='ocrx_word' id='word_1_181' title='bbox 749 2138 848 2173; x_wconf 89' lang='lat' dir='ltr'><strong>usque</strong></span> <span class='ocrx_word' id='word_1_182' title='bbox 880 2126 919 2160; x_wconf 87' lang='lat' dir='ltr'><strong>ad</strong></span> <span class='ocrx_word' id='word_1_183' title='bbox 956 2137 1040 2160; x_wconf 85' lang='lat' dir='ltr'><strong>mare</strong></span> 
     </span>
     <span class='ocr_line' id='line_1_42' title="bbox 288 2174 1041 2221; baseline 0 -11"><span class='ocrx_word' id='word_1_184' title='bbox 288 2175 432 2221; x_wconf 84' lang='lat' dir='ltr'><strong>palmites</strong></span> <span class='ocrx_word' id='word_1_185' title='bbox 459 2187 534 2209; x_wconf 88' lang='lat' dir='ltr'><strong>suos</strong></span> <span class='ocrx_word' id='word_1_186' title='bbox 560 2175 712 2219; x_wconf 86' lang='lat' dir='ltr'><strong>extendit,</strong></span> <span class='ocrx_word' id='word_1_187' title='bbox 749 2175 828 2210; x_wconf 87' lang='lat' dir='ltr'><strong>adeo</strong></span> <span class='ocrx_word' id='word_1_188' title='bbox 868 2174 918 2209; x_wconf 92' lang='lat' dir='ltr'><strong>ille</strong></span> <span class='ocrx_word' id='word_1_189' title='bbox 954 2174 1041 2210; x_wconf 87' lang='lat' dir='ltr'><strong>ferus</strong></span> 
     </span>
     <span class='ocr_line' id='line_1_43' title="bbox 286 2223 1042 2271; baseline 0 -12"><span class='ocrx_word' id='word_1_190' title='bbox 286 2224 453 2271; x_wconf 76' lang='lat' dir='ltr'><strong>singularis</strong></span> <span class='ocrx_word' id='word_1_191' title='bbox 467 2225 533 2259; x_wconf 89' lang='lat' dir='ltr'><strong>suis</strong></span> <span class='ocrx_word' id='word_1_192' title='bbox 555 2233 602 2259; x_wconf 88' lang='lat' dir='ltr'><strong>est</strong></span> <span class='ocrx_word' id='word_1_193' title='bbox 624 2224 785 2259; x_wconf 81' lang='lat' dir='ltr'><strong>venenatis</strong></span> <span class='ocrx_word' id='word_1_194' title='bbox 808 2223 967 2258; x_wconf 83' lang='lat' dir='ltr'><strong>morsibus</strong></span> <span class='ocrx_word' id='word_1_195' title='bbox 989 2224 1042 2259; x_wconf 89' lang='lat' dir='ltr'><strong>de-</strong></span> 
     </span>
     <span class='ocr_line' id='line_1_44' title="bbox 287 2273 1041 2320; baseline 0.001 -13"><span class='ocrx_word' id='word_1_196' title='bbox 287 2275 426 2312; x_wconf 82' lang='lat' dir='ltr'><strong>molitus,</strong></span> <span class='ocrx_word' id='word_1_197' title='bbox 453 2273 538 2320; x_wconf 89' lang='lat' dir='ltr'><strong>quod</strong></span> <span class='ocrx_word' id='word_1_198' title='bbox 569 2285 627 2307; x_wconf 91' lang='lat' dir='ltr'><strong>nec</strong></span> <span class='ocrx_word' id='word_1_199' title='bbox 660 2285 772 2307; x_wconf 87' lang='lat' dir='ltr'><strong>canum</strong></span> <span class='ocrx_word' id='word_1_200' title='bbox 811 2273 946 2311; x_wconf 85' lang='lat' dir='ltr'><strong>latratu,</strong></span> <span class='ocrx_word' id='word_1_201' title='bbox 984 2286 1041 2308; x_wconf 89' lang='lat' dir='ltr'><strong>nec</strong></span> 
     </span>
     <span class='ocr_line' id='line_1_45' title="bbox 285 2322 1040 2369; baseline 0.003 -14"><span class='ocrx_word' id='word_1_202' title='bbox 285 2322 494 2368; x_wconf 84' lang='lat' dir='ltr'><strong>speculatoris</strong></span> <span class='ocrx_word' id='word_1_203' title='bbox 521 2322 663 2357; x_wconf 76' lang='lat' dir='ltr'><strong>custodia</strong></span> <span class='ocrx_word' id='word_1_204' title='bbox 688 2322 845 2369; x_wconf 80' lang='lat' dir='ltr'><strong>vigilantis</strong></span> <span class='ocrx_word' id='word_1_205' title='bbox 867 2330 1040 2368; x_wconf 89' lang='lat' dir='ltr'><strong>potuerunt</strong></span> 
     </span>
     <span class='ocr_line' id='line_1_46' title="bbox 286 2370 1041 2418; baseline 0.003 -14"><span class='ocrx_word' id='word_1_206' title='bbox 286 2370 440 2406; x_wconf 85' lang='lat' dir='ltr'><strong>hactenus</strong></span> <span class='ocrx_word' id='word_1_207' title='bbox 462 2371 561 2418; x_wconf 89' lang='lat' dir='ltr'><strong>ipsius</strong></span> <span class='ocrx_word' id='word_1_208' title='bbox 592 2371 697 2417; x_wconf 87' lang='lat' dir='ltr'><strong>spuria</strong></span> <span class='ocrx_word' id='word_1_209' title='bbox 733 2371 914 2406; x_wconf 86' lang='lat' dir='ltr'><strong>vitulamina</strong></span> <span class='ocrx_word' id='word_1_210' title='bbox 958 2371 1041 2406; x_wconf 87' lang='lat' dir='ltr'><strong>radi-</strong></span> 
     </span>
     <span class='ocr_line' id='line_1_47' title="bbox 287 2420 1040 2467; baseline 0.003 -14"><span class='ocrx_word' id='word_1_211' title='bbox 287 2420 368 2455; x_wconf 88' lang='lat' dir='ltr'><strong>citus</strong></span> <span class='ocrx_word' id='word_1_212' title='bbox 407 2420 566 2466; x_wconf 84' lang='lat' dir='ltr'><strong>extirpari.</strong></span> <span class='ocrx_word' id='word_1_213' title='bbox 604 2420 699 2459; x_wconf 75' lang='lat' dir='ltr'><strong>Ecce.</strong></span> <span class='ocrx_word' id='word_1_214' title='bbox 735 2420 819 2467; x_wconf 92' lang='lat' dir='ltr'><strong>quod</strong></span> <span class='ocrx_word' id='word_1_215' title='bbox 858 2420 926 2455; x_wconf 90' lang='lat' dir='ltr'><strong>Deo</strong></span> <span class='ocrx_word' id='word_1_216' title='bbox 961 2428 1040 2455; x_wconf 85' lang='lat' dir='ltr'><strong>testo</strong></span> 
     </span>
     <span class='ocr_line' id='line_1_48' title="bbox 286 2468 1041 2509; baseline 0.003 -7"><span class='ocrx_word' id='word_1_217' title='bbox 286 2468 421 2504; x_wconf 80' lang='lat' dir='ltr'><strong>libenter</strong></span> <span class='ocrx_word' id='word_1_218' title='bbox 447 2469 603 2504; x_wconf 83' lang='lat' dir='ltr'><strong>subticere</strong></span> <span class='ocrx_word' id='word_1_219' title='bbox 631 2469 794 2509; x_wconf 52' lang='lat' dir='ltr'><strong>vellemus</strong></span> <span class='ocrx_word' id='word_1_220' title='bbox 834 2469 950 2504; x_wconf 85' lang='lat' dir='ltr'><strong>doloris</strong></span> <span class='ocrx_word' id='word_1_221' title='bbox 987 2482 1041 2504; x_wconf 91' lang='lat' dir='ltr'><strong>ve-</strong></span> 
     </span>
     <span class='ocr_line' id='line_1_49' title="bbox 286 2517 1041 2565; baseline 0.004 -14"><span class='ocrx_word' id='word_1_222' title='bbox 286 2517 444 2552; x_wconf 87' lang='lat' dir='ltr'><strong>hementia</strong></span> <span class='ocrx_word' id='word_1_223' title='bbox 468 2518 574 2553; x_wconf 88' lang='lat' dir='ltr'><strong>dicere</strong></span> <span class='ocrx_word' id='word_1_224' title='bbox 599 2530 656 2553; x_wconf 88' lang='lat' dir='ltr'><strong>nos</strong></span> <span class='ocrx_word' id='word_1_225' title='bbox 678 2517 855 2565; x_wconf 85' lang='lat' dir='ltr'><strong>compellit:</strong></span> <span class='ocrx_word' id='word_1_226' title='bbox 895 2517 1041 2554; x_wconf 86' lang='lat' dir='ltr'><strong>videlicet</strong></span> 
     </span>
     <span class='ocr_line' id='line_1_50' title="bbox 287 2566 1040 2615; baseline 0.004 -15"><span class='ocrx_word' id='word_1_227' title='bbox 287 2566 368 2612; x_wconf 87' lang='lat' dir='ltr'><strong>quod</strong></span> <span class='ocrx_word' id='word_1_228' title='bbox 398 2566 518 2601; x_wconf 89' lang='lat' dir='ltr'><strong>dudum</strong></span> <span class='ocrx_word' id='word_1_229' title='bbox 552 2567 673 2603; x_wconf 90' lang='lat' dir='ltr'><strong>novella</strong></span> <span class='ocrx_word' id='word_1_230' title='bbox 695 2567 846 2615; x_wconf 85' lang='lat' dir='ltr'><strong>plantatio</strong></span> <span class='ocrx_word' id='word_1_231' title='bbox 864 2566 1040 2603; x_wconf 54' lang='lat' dir='ltr'><strong>praemon-2</strong></span> 
     </span>
    </p>
   </div>
   <div class='ocr_carea' id='block_1_12' title="bbox 324 2634 651 2671">
    <p class='ocr_par' dir='ltr' id='par_1_13' title="bbox 324 2634 651 2671">
     <span class='ocr_line' id='line_1_51' title="bbox 324 2634 651 2671; baseline 0.009 -11"><span class='ocrx_word' id='word_1_232' title='bbox 324 2634 364 2669; x_wconf 87' lang='lat'><strong>(¹)</strong></span> <span class='ocrx_word' id='word_1_233' title='bbox 383 2634 421 2662; x_wconf 84' lang='lat' dir='ltr'><strong>Ex</strong></span> <span class='ocrx_word' id='word_1_234' title='bbox 438 2636 543 2671; x_wconf 85' lang='lat' dir='ltr'><strong>Regest.</strong></span> <span class='ocrx_word' id='word_1_235' title='bbox 566 2637 651 2663; x_wconf 87' lang='lat' dir='ltr'><strong>Vatic.</strong></span> 
     </span>
    </p>
   </div>
   <div class='ocr_carea' id='block_1_13' title="bbox 882 263 1259 287">
    <p class='ocr_par' dir='ltr' id='par_1_14' title="bbox 882 263 1259 287">
     <span class='ocr_line' id='line_1_52' title="bbox 882 263 1259 287; baseline -0.003 0"><span class='ocrx_word' id='word_1_236' title='bbox 882 264 1068 287; x_wconf 73' lang='lat' dir='ltr'><strong>uULLARtUM</strong></span> <span class='ocrx_word' id='word_1_237' title='bbox 1095 263 1259 287; x_wconf 75' lang='lat' dir='ltr'><strong>ROMANUM</strong></span> 
     </span>
    </p>
   </div>
   <div class='ocr_carea' id='block_1_14' title="bbox 1081 317 1840 2664">
    <p class='ocr_par' dir='ltr' id='par_1_15' title="bbox 1081 317 1840 2664">
     <span class='ocr_line' id='line_1_53' title="bbox 1085 317 1840 364; baseline 0 -12"><span class='ocrx_word' id='word_1_238' title='bbox 1085 318 1250 352; x_wconf 86' lang='lat' dir='ltr'><strong>stratensis</strong></span> <span class='ocrx_word' id='word_1_239' title='bbox 1288 317 1407 352; x_wconf 83' lang='lat' dir='ltr'><strong>ordinis</strong></span> <span class='ocrx_word' id='word_1_240' title='bbox 1429 345 1436 357; x_wconf 78' lang='lat'><strong>,</strong></span> <span class='ocrx_word' id='word_1_241' title='bbox 1481 329 1561 364; x_wconf 90' lang='lat' dir='ltr'><strong>quae</strong></span> <span class='ocrx_word' id='word_1_242' title='bbox 1609 317 1639 352; x_wconf 89' lang='lat' dir='ltr'><strong>in</strong></span> <span class='ocrx_word' id='word_1_243' title='bbox 1679 317 1840 353; x_wconf 85' lang='lat' dir='ltr'><strong>universas</strong></span> 
     </span>
     <span class='ocr_line' id='line_1_54' title="bbox 1087 366 1833 414; baseline 0 -13"><span class='ocrx_word' id='word_1_244' title='bbox 1087 366 1196 401; x_wconf 87' lang='lat' dir='ltr'><strong>mundi</strong></span> <span class='ocrx_word' id='word_1_245' title='bbox 1225 375 1327 414; x_wconf 87' lang='lat' dir='ltr'><strong>partes</strong></span> <span class='ocrx_word' id='word_1_246' title='bbox 1352 367 1440 414; x_wconf 89' lang='lat' dir='ltr'><strong>quasi</strong></span> <span class='ocrx_word' id='word_1_247' title='bbox 1466 366 1566 402; x_wconf 89' lang='lat' dir='ltr'><strong>forma</strong></span> <span class='ocrx_word' id='word_1_248' title='bbox 1588 366 1773 413; x_wconf 86' lang='lat' dir='ltr'><strong>disciplinae</strong></span> <span class='ocrx_word' id='word_1_249' title='bbox 1790 379 1833 401; x_wconf 83' lang='lat' dir='ltr'><strong>re—</strong></span> 
     </span>
     <span class='ocr_line' id='line_1_55' title="bbox 1085 415 1838 463; baseline -0.001 -13"><span class='ocrx_word' id='word_1_250' title='bbox 1085 416 1201 462; x_wconf 82' lang='lat' dir='ltr'><strong>gularis</strong></span> <span class='ocrx_word' id='word_1_251' title='bbox 1222 423 1427 451; x_wconf 89' lang='lat' dir='ltr'><strong>consueverat</strong></span> <span class='ocrx_word' id='word_1_252' title='bbox 1447 415 1604 460; x_wconf 88' lang='lat' dir='ltr'><strong>derivari,</strong></span> <span class='ocrx_word' id='word_1_253' title='bbox 1641 416 1748 463; x_wconf 86' lang='lat' dir='ltr'><strong>iniquo</strong></span> <span class='ocrx_word' id='word_1_254' title='bbox 1781 417 1838 449; x_wconf 85' lang='lat' dir='ltr'><strong>lio-</strong></span> 
     </span>
     <span class='ocr_line' id='line_1_56' title="bbox 1086 465 1838 512; baseline -0.003 -12"><span class='ocrx_word' id='word_1_255' title='bbox 1086 465 1170 500; x_wconf 89' lang='lat' dir='ltr'><strong>mine</strong></span> <span class='ocrx_word' id='word_1_256' title='bbox 1192 465 1463 512; x_wconf 85' lang='lat' dir='ltr'><strong>superseminante</strong></span> <span class='ocrx_word' id='word_1_257' title='bbox 1492 465 1624 507; x_wconf 79' lang='lat' dir='ltr'><strong>zizania,</strong></span> <span class='ocrx_word' id='word_1_258' title='bbox 1651 466 1740 512; x_wconf 85' lang='lat' dir='ltr'><strong>quasi</strong></span> <span class='ocrx_word' id='word_1_259' title='bbox 1763 477 1838 499; x_wconf 87' lang='lat' dir='ltr'><strong>sen-</strong></span> 
     </span>
     <span class='ocr_line' id='line_1_57' title="bbox 1086 514 1835 550; baseline 0.001 -2"><span class='ocrx_word' id='word_1_260' title='bbox 1086 515 1148 549; x_wconf 88' lang='lat' dir='ltr'><strong>tina</strong></span> <span class='ocrx_word' id='word_1_261' title='bbox 1177 514 1253 549; x_wconf 78' lang='lat' dir='ltr'><strong>facta</strong></span> <span class='ocrx_word' id='word_1_262' title='bbox 1276 514 1394 550; x_wconf 91' lang='lat' dir='ltr'><strong>dicitur</strong></span> <span class='ocrx_word' id='word_1_263' title='bbox 1430 514 1588 549; x_wconf 90' lang='lat' dir='ltr'><strong>vitiorum.</strong></span> <span class='ocrx_word' id='word_1_264' title='bbox 1618 514 1701 549; x_wconf 84' lang='lat' dir='ltr'><strong>Proh</strong></span> <span class='ocrx_word' id='word_1_265' title='bbox 1729 514 1835 549; x_wconf 80' lang='lat' dir='ltr'><strong>dolor!</strong></span> 
     </span>
     <span class='ocr_line' id='line_1_58' title="bbox 1087 563 1836 610; baseline -0.001 -12"><span class='ocrx_word' id='word_1_266' title='bbox 1087 563 1139 598; x_wconf 92' lang='lat' dir='ltr'><strong>ubi</strong></span> <span class='ocrx_word' id='word_1_267' title='bbox 1182 571 1229 599; x_wconf 90' lang='lat' dir='ltr'><strong>est</strong></span> <span class='ocrx_word' id='word_1_268' title='bbox 1274 563 1326 598; x_wconf 86' lang='lat' dir='ltr'><strong>illa</strong></span> <span class='ocrx_word' id='word_1_269' title='bbox 1368 563 1529 610; x_wconf 81' lang='lat' dir='ltr'><strong>religionis</strong></span> <span class='ocrx_word' id='word_1_270' title='bbox 1568 563 1716 599; x_wconf 85' lang='lat' dir='ltr'><strong>honestas</strong></span> <span class='ocrx_word' id='word_1_271' title='bbox 1735 590 1744 605; x_wconf 86' lang='lat'>‚</span> <span class='ocrx_word' id='word_1_272' title='bbox 1786 563 1836 598; x_wconf 89' lang='lat' dir='ltr'><strong>di·-</strong></span> 
     </span>
     <span class='ocr_line' id='line_1_59' title="bbox 1085 612 1837 659; baseline -0.001 -11"><span class='ocrx_word' id='word_1_273' title='bbox 1085 612 1253 648; x_wconf 88' lang='lat' dir='ltr'><strong>scretionis</strong></span> <span class='ocrx_word' id='word_1_274' title='bbox 1279 613 1388 654; x_wconf 77' lang='lat' dir='ltr'><strong>virtus,</strong></span> <span class='ocrx_word' id='word_1_275' title='bbox 1408 612 1525 659; x_wconf 85' lang='lat' dir='ltr'><strong>puritas</strong></span> <span class='ocrx_word' id='word_1_276' title='bbox 1546 612 1696 652; x_wconf 85' lang='lat' dir='ltr'><strong>veritatis,</strong></span> <span class='ocrx_word' id='word_1_277' title='bbox 1722 620 1753 647; x_wconf 89' lang='lat' dir='ltr'><strong>et</strong></span> <span class='ocrx_word' id='word_1_278' title='bbox 1789 620 1837 647; x_wconf 87' lang='lat' dir='ltr'><strong>ta·-</strong></span> 
     </span>
     <span class='ocr_line' id='line_1_60' title="bbox 1085 661 1836 709; baseline 0 -13"><span class='ocrx_word' id='word_1_279' title='bbox 1085 661 1158 697; x_wconf 88' lang='lat' dir='ltr'><strong>laris</strong></span> <span class='ocrx_word' id='word_1_280' title='bbox 1184 661 1297 709; x_wconf 89' lang='lat' dir='ltr'><strong>loseph</strong></span> <span class='ocrx_word' id='word_1_281' title='bbox 1320 662 1426 696; x_wconf 89' lang='lat' dir='ltr'><strong>tunica</strong></span> <span class='ocrx_word' id='word_1_282' title='bbox 1446 661 1537 696; x_wconf 81' lang='lat' dir='ltr'><strong>haedi</strong></span> <span class='ocrx_word' id='word_1_283' title='bbox 1560 662 1713 707; x_wconf 82' lang='lat' dir='ltr'><strong>sanguine</strong></span> <span class='ocrx_word' id='word_1_284' title='bbox 1735 673 1750 696; x_wconf 92' lang='lat' dir='ltr'><strong>a</strong></span> <span class='ocrx_word' id='word_1_285' title='bbox 1774 661 1836 696; x_wconf 82' lang='lat' dir='ltr'><strong>fra-</strong></span> 
     </span>
     <span class='ocr_line' id='line_1_61' title="bbox 1086 710 1836 757; baseline 0 -11"><span class='ocrx_word' id='word_1_286' title='bbox 1086 711 1185 746; x_wconf 91' lang='lat' dir='ltr'><strong>tribus</strong></span> <span class='ocrx_word' id='word_1_287' title='bbox 1220 710 1331 746; x_wconf 88' lang='lat' dir='ltr'><strong>vestris</strong></span> <span class='ocrx_word' id='word_1_288' title='bbox 1360 711 1491 745; x_wconf 90' lang='lat' dir='ltr'><strong>minime</strong></span> <span class='ocrx_word' id='word_1_289' title='bbox 1529 718 1715 751; x_wconf 81' lang='lat' dir='ltr'><strong>cruentata,</strong></span> <span class='ocrx_word' id='word_1_290' title='bbox 1752 722 1836 757; x_wconf 88' lang='lat' dir='ltr'><strong>quae</strong></span> 
     </span>
     <span class='ocr_line' id='line_1_62' title="bbox 1085 759 1834 807; baseline -0.001 -12"><span class='ocrx_word' id='word_1_291' title='bbox 1085 759 1260 795; x_wconf 86' lang='lat' dir='ltr'><strong>clarislate</strong></span> <span class='ocrx_word' id='word_1_292' title='bbox 1297 759 1395 795; x_wconf 86' lang='lat' dir='ltr'><strong>titulis</strong></span> <span class='ocrx_word' id='word_1_293' title='bbox 1433 759 1472 795; x_wconf 90' lang='lat' dir='ltr'><strong>de</strong></span> <span class='ocrx_word' id='word_1_294' title='bbox 1510 759 1653 807; x_wconf 84' lang='lat' dir='ltr'><strong>personis</strong></span> <span class='ocrx_word' id='word_1_295' title='bbox 1691 760 1834 795; x_wconf 84' lang='lat' dir='ltr'><strong>eiusdem</strong></span> 
     </span>
     <span class='ocr_line' id='line_1_63' title="bbox 1085 808 1836 857; baseline -0.001 -13"><span class='ocrx_word' id='word_1_296' title='bbox 1085 809 1205 844; x_wconf 86' lang='lat' dir='ltr'><strong>ordinis</strong></span> <span class='ocrx_word' id='word_1_297' title='bbox 1226 808 1369 844; x_wconf 89' lang='lat' dir='ltr'><strong>solebant</strong></span> <span class='ocrx_word' id='word_1_298' title='bbox 1384 809 1536 844; x_wconf 89' lang='lat' dir='ltr'><strong>hacteuus</strong></span> <span class='ocrx_word' id='word_1_299' title='bbox 1554 809 1753 857; x_wconf 80' lang='lat' dir='ltr'><strong>praedicari?</strong></span> <span class='ocrx_word' id='word_1_300' title='bbox 1772 809 1836 844; x_wconf 82' lang='lat' dir='ltr'><strong>Mu-</strong></span> 
     </span>
     <span class='ocr_line' id='line_1_64' title="bbox 1085 857 1833 906; baseline 0.001 -14"><span class='ocrx_word' id='word_1_301' title='bbox 1085 865 1168 894; x_wconf 83' lang='lat' dir='ltr'><strong>tatus</strong></span> <span class='ocrx_word' id='word_1_302' title='bbox 1193 866 1241 893; x_wconf 91' lang='lat' dir='ltr'><strong>est</strong></span> <span class='ocrx_word' id='word_1_303' title='bbox 1267 857 1353 893; x_wconf 91' lang='lat' dir='ltr'><strong>color</strong></span> <span class='ocrx_word' id='word_1_304' title='bbox 1374 859 1525 906; x_wconf 84' lang='lat' dir='ltr'><strong>optimus,</strong></span> <span class='ocrx_word' id='word_1_305' title='bbox 1556 858 1663 893; x_wconf 87' lang='lat' dir='ltr'><strong>vinum</strong></span> <span class='ocrx_word' id='word_1_306' title='bbox 1701 859 1833 893; x_wconf 88' lang='lat' dir='ltr'><strong>mixtum</strong></span> 
     </span>
     <span class='ocr_line' id='line_1_65' title="bbox 1084 907 1836 954; baseline 0 -12"><span class='ocrx_word' id='word_1_307' title='bbox 1084 917 1131 942; x_wconf 90' lang='lat' dir='ltr'><strong>est</strong></span> <span class='ocrx_word' id='word_1_308' title='bbox 1156 919 1247 954; x_wconf 84' lang='lat' dir='ltr'><strong>aqua,</strong></span> <span class='ocrx_word' id='word_1_309' title='bbox 1281 916 1311 942; x_wconf 88' lang='lat' dir='ltr'><strong>et</strong></span> <span class='ocrx_word' id='word_1_310' title='bbox 1347 915 1512 954; x_wconf 84' lang='lat' dir='ltr'><strong>argentum</strong></span> <span class='ocrx_word' id='word_1_311' title='bbox 1549 908 1579 942; x_wconf 93' lang='lat' dir='ltr'><strong>in</strong></span> <span class='ocrx_word' id='word_1_312' title='bbox 1611 907 1744 943; x_wconf 86' lang='lat' dir='ltr'><strong>scoriam</strong></span> <span class='ocrx_word' id='word_1_313' title='bbox 1788 915 1836 942; x_wconf 88' lang='lat' dir='ltr'><strong>est</strong></span> 
     </span>
     <span class='ocr_line' id='line_1_66' title="bbox 1085 957 1835 1003; baseline 0 -12"><span class='ocrx_word' id='word_1_314' title='bbox 1085 969 1291 997; x_wconf 84' lang='lat' dir='ltr'><strong>conversum,</strong></span> <span class='ocrx_word' id='word_1_315' title='bbox 1330 957 1475 1003; x_wconf 84' lang='lat' dir='ltr'><strong>quinimo</strong></span> <span class='ocrx_word' id='word_1_316' title='bbox 1496 969 1640 992; x_wconf 90' lang='lat' dir='ltr'><strong>veremur</strong></span> <span class='ocrx_word' id='word_1_317' title='bbox 1659 969 1697 992; x_wconf 92' lang='lat' dir='ltr'><strong>ne</strong></span> <span class='ocrx_word' id='word_1_318' title='bbox 1732 957 1835 992; x_wconf 87' lang='lat' dir='ltr'><strong>simu-</strong></span> 
     </span>
     <span class='ocr_line' id='line_1_67' title="bbox 1085 1005 1834 1053; baseline 0 -12"><span class='ocrx_word' id='word_1_319' title='bbox 1085 1006 1210 1041; x_wconf 86' lang='lat' dir='ltr'><strong>lationis</strong></span> <span class='ocrx_word' id='word_1_320' title='bbox 1231 1005 1358 1046; x_wconf 90' lang='lat' dir='ltr'><strong>amictu‚</strong></span> <span class='ocrx_word' id='word_1_321' title='bbox 1385 1013 1415 1040; x_wconf 89' lang='lat' dir='ltr'><strong>et</strong></span> <span class='ocrx_word' id='word_1_322' title='bbox 1443 1007 1631 1053; x_wconf 87' lang='lat' dir='ltr'><strong>perizomate</strong></span> <span class='ocrx_word' id='word_1_323' title='bbox 1668 1006 1834 1051; x_wconf 82' lang='lat' dir='ltr'><strong>foliorum,</strong></span> 
     </span>
     <span class='ocr_line' id='line_1_68' title="bbox 1085 1054 1836 1103; baseline 0.001 -13"><span class='ocrx_word' id='word_1_324' title='bbox 1085 1067 1164 1103; x_wconf 90' lang='lat' dir='ltr'><strong>quae</strong></span> <span class='ocrx_word' id='word_1_325' title='bbox 1187 1055 1225 1090; x_wconf 87' lang='lat' dir='ltr'><strong>ad</strong></span> <span class='ocrx_word' id='word_1_326' title='bbox 1248 1054 1407 1090; x_wconf 88' lang='lat' dir='ltr'><strong>modicum</strong></span> <span class='ocrx_word' id='word_1_327' title='bbox 1431 1055 1507 1090; x_wconf 91' lang='lat' dir='ltr'><strong>solis</strong></span> <span class='ocrx_word' id='word_1_328' title='bbox 1529 1055 1649 1090; x_wconf 87' lang='lat' dir='ltr'><strong>radium</strong></span> <span class='ocrx_word' id='word_1_329' title='bbox 1677 1055 1836 1091; x_wconf 87' lang='lat' dir='ltr'><strong>desiccan-</strong></span> 
     </span>
     <span class='ocr_line' id='line_1_69' title="bbox 1085 1103 1835 1151; baseline 0.001 -12"><span class='ocrx_word' id='word_1_330' title='bbox 1085 1113 1146 1149; x_wconf 85' lang='lat' dir='ltr'><strong>tur,</strong></span> <span class='ocrx_word' id='word_1_331' title='bbox 1170 1103 1319 1151; x_wconf 91' lang='lat' dir='ltr'><strong>pudenda</strong></span> <span class='ocrx_word' id='word_1_332' title='bbox 1341 1104 1523 1148; x_wconf 77' lang='lat' dir='ltr'><strong>velaverint,</strong></span> <span class='ocrx_word' id='word_1_333' title='bbox 1546 1116 1626 1151; x_wconf 88' lang='lat' dir='ltr'><strong>quae</strong></span> <span class='ocrx_word' id='word_1_334' title='bbox 1648 1113 1733 1146; x_wconf 87' lang='lat' dir='ltr'><strong>sunt,</strong></span> <span class='ocrx_word' id='word_1_335' title='bbox 1756 1117 1835 1140; x_wconf 90' lang='lat' dir='ltr'><strong>con-</strong></span> 
     </span>
     <span class='ocr_line' id='line_1_70' title="bbox 1084 1153 1833 1200; baseline 0.001 -13"><span class='ocrx_word' id='word_1_336' title='bbox 1084 1161 1211 1200; x_wconf 84' lang='lat' dir='ltr'><strong>sumpto</strong></span> <span class='ocrx_word' id='word_1_337' title='bbox 1234 1161 1456 1189; x_wconf 83' lang='lat' dir='ltr'><strong>momentaneo</strong></span> <span class='ocrx_word' id='word_1_338' title='bbox 1479 1153 1645 1195; x_wconf 81' lang='lat' dir='ltr'><strong>velamine,</strong></span> <span class='ocrx_word' id='word_1_339' title='bbox 1664 1153 1833 1189; x_wconf 87' lang='lat' dir='ltr'><strong>denudata.</strong></span> 
     </span>
     <span class='ocr_line' id='line_1_71' title="bbox 1084 1202 1836 1250; baseline 0 -13"><span class='ocrx_word' id='word_1_340' title='bbox 1084 1202 1205 1237; x_wconf 88' lang='lat' dir='ltr'><strong>Omnes</strong></span> <span class='ocrx_word' id='word_1_341' title='bbox 1215 1202 1345 1250; x_wconf 86' lang='lat' dir='ltr'><strong>quidem</strong></span> <span class='ocrx_word' id='word_1_342' title='bbox 1360 1202 1597 1238; x_wconf 81' lang='lat' dir='ltr'><strong>declinaverunt</strong></span> <span class='ocrx_word' id='word_1_343' title='bbox 1610 1215 1626 1238; x_wconf 88' lang='lat' dir='ltr'><strong>a</strong></span> <span class='ocrx_word' id='word_1_344' title='bbox 1637 1203 1836 1250; x_wconf 81' lang='lat' dir='ltr'><strong>regularibus</strong></span> 
     </span>
     <span class='ocr_line' id='line_1_72' title="bbox 1084 1251 1834 1299; baseline 0.003 -14"><span class='ocrx_word' id='word_1_345' title='bbox 1084 1252 1271 1299; x_wconf 63' lang='lat' dir='ltr'><strong>disciplinisg</strong></span> <span class='ocrx_word' id='word_1_346' title='bbox 1300 1251 1418 1287; x_wconf 91' lang='lat' dir='ltr'><strong>subditi</strong></span> <span class='ocrx_word' id='word_1_347' title='bbox 1440 1252 1584 1287; x_wconf 88' lang='lat' dir='ltr'><strong>videlicet</strong></span> <span class='ocrx_word' id='word_1_348' title='bbox 1618 1260 1649 1288; x_wconf 92' lang='lat' dir='ltr'><strong>et</strong></span> <span class='ocrx_word' id='word_1_349' title='bbox 1684 1252 1834 1298; x_wconf 87' lang='lat' dir='ltr'><strong>praelati,</strong></span> 
     </span>
     <span class='ocr_line' id='line_1_73' title="bbox 1084 1301 1835 1348; baseline 0.001 -13"><span class='ocrx_word' id='word_1_350' title='bbox 1084 1313 1260 1348; x_wconf 88' lang='lat' dir='ltr'><strong>omnesque</strong></span> <span class='ocrx_word' id='word_1_351' title='bbox 1279 1301 1374 1336; x_wconf 91' lang='lat' dir='ltr'><strong>simul</strong></span> <span class='ocrx_word' id='word_1_352' title='bbox 1401 1301 1529 1337; x_wconf 87' lang='lat' dir='ltr'><strong>inutiles</strong></span> <span class='ocrx_word' id='word_1_353' title='bbox 1554 1310 1628 1336; x_wconf 90' lang='lat' dir='ltr'><strong>suut</strong></span> <span class='ocrx_word' id='word_1_354' title='bbox 1649 1301 1748 1337; x_wconf 77' lang='lat' dir='ltr'><strong>effecti</strong></span> <span class='ocrx_word' id='word_1_355' title='bbox 1769 1329 1777 1343; x_wconf 84' lang='lat'><strong>‚</strong></span> <span class='ocrx_word' id='word_1_356' title='bbox 1794 1302 1835 1336; x_wconf 83' lang='lat' dir='ltr'><strong>ita</strong></span> 
     </span>
     <span class='ocr_line' id='line_1_74' title="bbox 1084 1350 1834 1398; baseline 0 -13"><span class='ocrx_word' id='word_1_357' title='bbox 1084 1350 1167 1397; x_wconf 88' lang='lat' dir='ltr'><strong>quod</strong></span> <span class='ocrx_word' id='word_1_358' title='bbox 1191 1350 1239 1385; x_wconf 85' lang='lat' dir='ltr'><strong>vix</strong></span> <span class='ocrx_word' id='word_1_359' title='bbox 1268 1350 1445 1386; x_wconf 87' lang='lat' dir='ltr'><strong>inveniatur</strong></span> <span class='ocrx_word' id='word_1_360' title='bbox 1466 1351 1495 1385; x_wconf 90' lang='lat' dir='ltr'><strong>in</strong></span> <span class='ocrx_word' id='word_1_361' title='bbox 1518 1352 1585 1391; x_wconf 77' lang='lat' dir='ltr'><strong>eis,</strong></span> <span class='ocrx_word' id='word_1_362' title='bbox 1620 1351 1674 1398; x_wconf 91' lang='lat' dir='ltr'><strong>qui</strong></span> <span class='ocrx_word' id='word_1_363' title='bbox 1715 1350 1834 1385; x_wconf 90' lang='lat' dir='ltr'><strong>bonum</strong></span> 
     </span>
     <span class='ocr_line' id='line_1_75' title="bbox 1085 1399 1835 1447; baseline 0.003 -14"><span class='ocrx_word' id='word_1_364' title='bbox 1085 1400 1186 1442; x_wconf 80' lang='lat' dir='ltr'><strong>saciat,</strong></span> <span class='ocrx_word' id='word_1_365' title='bbox 1201 1407 1232 1434; x_wconf 90' lang='lat' dir='ltr'><strong>et</strong></span> <span class='ocrx_word' id='word_1_366' title='bbox 1253 1399 1338 1445; x_wconf 90' lang='lat' dir='ltr'><strong>quod</strong></span> <span class='ocrx_word' id='word_1_367' title='bbox 1362 1412 1455 1434; x_wconf 90' lang='lat' dir='ltr'><strong>omne</strong></span> <span class='ocrx_word' id='word_1_368' title='bbox 1473 1408 1563 1447; x_wconf 86' lang='lat' dir='ltr'><strong>caput</strong></span> <span class='ocrx_word' id='word_1_369' title='bbox 1581 1401 1621 1434; x_wconf 86' lang='lat' dir='ltr'><strong>sit</strong></span> <span class='ocrx_word' id='word_1_370' title='bbox 1635 1400 1835 1446; x_wconf 80' lang='lat' dir='ltr'><strong>languidum,</strong></span> 
     </span>
     <span class='ocr_line' id='line_1_76' title="bbox 1083 1449 1835 1497; baseline 0.001 -14"><span class='ocrx_word' id='word_1_371' title='bbox 1083 1456 1114 1483; x_wconf 87' lang='lat' dir='ltr'><strong>et</strong></span> <span class='ocrx_word' id='word_1_372' title='bbox 1134 1460 1228 1483; x_wconf 89' lang='lat' dir='ltr'><strong>omne</strong></span> <span class='ocrx_word' id='word_1_373' title='bbox 1250 1460 1305 1483; x_wconf 90' lang='lat' dir='ltr'><strong>cor</strong></span> <span class='ocrx_word' id='word_1_374' title='bbox 1331 1461 1489 1490; x_wconf 81' lang='lat' dir='ltr'><strong>moerens,</strong></span> <span class='ocrx_word' id='word_1_375' title='bbox 1515 1457 1544 1484; x_wconf 92' lang='lat' dir='ltr'><strong>et</strong></span> <span class='ocrx_word' id='word_1_376' title='bbox 1574 1461 1590 1483; x_wconf 85' lang='lat' dir='ltr'><strong>a</strong></span> <span class='ocrx_word' id='word_1_377' title='bbox 1613 1449 1716 1496; x_wconf 90' lang='lat' dir='ltr'><strong>planta</strong></span> <span class='ocrx_word' id='word_1_378' title='bbox 1745 1449 1835 1497; x_wconf 82' lang='lat' dir='ltr'><strong>pedis</strong></span> 
     </span>
     <span class='ocr_line' id='line_1_77' title="bbox 1085 1496 1833 1544; baseline 0.003 -12"><span class='ocrx_word' id='word_1_379' title='bbox 1085 1509 1184 1544; x_wconf 88' lang='lat' dir='ltr'><strong>usque</strong></span> <span class='ocrx_word' id='word_1_380' title='bbox 1210 1496 1250 1532; x_wconf 88' lang='lat' dir='ltr'><strong>ad</strong></span> <span class='ocrx_word' id='word_1_381' title='bbox 1277 1498 1426 1532; x_wconf 89' lang='lat' dir='ltr'><strong>verticem</strong></span> <span class='ocrx_word' id='word_1_382' title='bbox 1470 1499 1501 1533; x_wconf 90' lang='lat' dir='ltr'><strong>in</strong></span> <span class='ocrx_word' id='word_1_383' title='bbox 1538 1498 1583 1533; x_wconf 92' lang='lat' dir='ltr'><strong>eis</strong></span> <span class='ocrx_word' id='word_1_384' title='bbox 1617 1499 1735 1533; x_wconf 81' lang='lat' dir='ltr'><strong>sanitas</strong></span> <span class='ocrx_word' id='word_1_385' title='bbox 1769 1510 1833 1534; x_wconf 91' lang='lat' dir='ltr'><strong>non</strong></span> 
     </span>
     <span class='ocr_line' id='line_1_78' title="bbox 1083 1546 1834 1594; baseline 0.003 -14"><span class='ocrx_word' id='word_1_386' title='bbox 1083 1547 1206 1581; x_wconf 82' lang='lat' dir='ltr'><strong>existat.</strong></span> <span class='ocrx_word' id='word_1_387' title='bbox 1231 1546 1319 1581; x_wconf 85' lang='lat' dir='ltr'><strong>Licet</strong></span> <span class='ocrx_word' id='word_1_388' title='bbox 1341 1547 1436 1592; x_wconf 81' lang='lat' dir='ltr'><strong>igitur</strong></span> <span class='ocrx_word' id='word_1_389' title='bbox 1464 1547 1551 1594; x_wconf 80' lang='lat' dir='ltr'><strong>plaga</strong></span> <span class='ocrx_word' id='word_1_390' title='bbox 1582 1547 1765 1582; x_wconf 87' lang='lat' dir='ltr'><strong>huiusmodi</strong></span> <span class='ocrx_word' id='word_1_391' title='bbox 1787 1546 1834 1582; x_wconf 78' lang='lat' dir='ltr'><strong>fa-</strong></span> 
     </span>
     <span class='ocr_line' id='line_1_79' title="bbox 1083 1595 1835 1644; baseline 0 -13"><span class='ocrx_word' id='word_1_392' title='bbox 1083 1605 1131 1631; x_wconf 89' lang='lat' dir='ltr'><strong>cta</strong></span> <span class='ocrx_word' id='word_1_393' title='bbox 1154 1607 1235 1642; x_wconf 90' lang='lat' dir='ltr'><strong>pene</strong></span> <span class='ocrx_word' id='word_1_394' title='bbox 1257 1595 1463 1643; x_wconf 86' lang='lat' dir='ltr'><strong>desperabilis</strong></span> <span class='ocrx_word' id='word_1_395' title='bbox 1488 1596 1640 1640; x_wconf 89' lang='lat' dir='ltr'><strong>videatur,</strong></span> <span class='ocrx_word' id='word_1_396' title='bbox 1674 1596 1748 1644; x_wconf 87' lang='lat' dir='ltr'><strong>quia</strong></span> <span class='ocrx_word' id='word_1_397' title='bbox 1787 1604 1835 1631; x_wconf 89' lang='lat' dir='ltr'><strong>ta·-</strong></span> 
     </span>
     <span class='ocr_line' id='line_1_80' title="bbox 1084 1644 1834 1687; baseline 0.001 -8"><span class='ocrx_word' id='word_1_398' title='bbox 1084 1657 1154 1679; x_wconf 90' lang='lat' dir='ltr'><strong>men</strong></span> <span class='ocrx_word' id='word_1_399' title='bbox 1178 1656 1239 1679; x_wconf 90' lang='lat' dir='ltr'><strong>uon</strong></span> <span class='ocrx_word' id='word_1_400' title='bbox 1267 1653 1316 1680; x_wconf 89' lang='lat' dir='ltr'><strong>est</strong></span> <span class='ocrx_word' id='word_1_401' title='bbox 1337 1644 1512 1680; x_wconf 86' lang='lat' dir='ltr'><strong>abbreviata</strong></span> <span class='ocrx_word' id='word_1_402' title='bbox 1547 1657 1659 1680; x_wconf 90' lang='lat' dir='ltr'><strong>manus</strong></span> <span class='ocrx_word' id='word_1_403' title='bbox 1692 1645 1834 1687; x_wconf 80' lang='lat' dir='ltr'><strong>Domini,</strong></span> 
     </span>
     <span class='ocr_line' id='line_1_81' title="bbox 1081 1694 1835 1741; baseline 0.003 -13"><span class='ocrx_word' id='word_1_404' title='bbox 1081 1702 1118 1728; x_wconf 63' lang='lat' dir='ltr'><strong>&#39;ut</strong></span> <span class='ocrx_word' id='word_1_405' title='bbox 1143 1694 1261 1728; x_wconf 87' lang='lat' dir='ltr'><strong>salvare</strong></span> <span class='ocrx_word' id='word_1_406' title='bbox 1288 1706 1351 1729; x_wconf 90' lang='lat' dir='ltr'><strong>non</strong></span> <span class='ocrx_word' id='word_1_407' title='bbox 1383 1694 1481 1741; x_wconf 87' lang='lat' dir='ltr'><strong>possit</strong></span> <span class='ocrx_word' id='word_1_408' title='bbox 1536 1694 1761 1740; x_wconf 86' lang='lat' dir='ltr'><strong>compatientes</strong></span> <span class='ocrx_word' id='word_1_409' title='bbox 1795 1707 1835 1730; x_wconf 79' lang='lat' dir='ltr'><strong>ex</strong></span> 
     </span>
     <span class='ocr_line' id='line_1_82' title="bbox 1084 1742 1833 1792; baseline 0.004 -16"><span class='ocrx_word' id='word_1_410' title='bbox 1084 1742 1195 1777; x_wconf 88' lang='lat' dir='ltr'><strong>intimo</strong></span> <span class='ocrx_word' id='word_1_411' title='bbox 1216 1743 1321 1778; x_wconf 90' lang='lat' dir='ltr'><strong>cordis</strong></span> <span class='ocrx_word' id='word_1_412' title='bbox 1353 1755 1449 1790; x_wconf 88' lang='lat' dir='ltr'><strong>super</strong></span> <span class='ocrx_word' id='word_1_413' title='bbox 1488 1743 1676 1778; x_wconf 82' lang='lat' dir='ltr'><strong>contritione</strong></span> <span class='ocrx_word' id='word_1_414' title='bbox 1707 1743 1833 1792; x_wconf 90' lang='lat' dir='ltr'><strong>Ioseph;</strong></span> 
     </span>
     <span class='ocr_line' id='line_1_83' title="bbox 1083 1791 1833 1834; baseline 0.004 -8"><span class='ocrx_word' id='word_1_415' title='bbox 1083 1791 1236 1826; x_wconf 84' lang='lat' dir='ltr'><strong>curationi</strong></span> <span class='ocrx_word' id='word_1_416' title='bbox 1259 1792 1328 1827; x_wconf 86' lang='lat' dir='ltr'><strong>eius</strong></span> <span class='ocrx_word' id='word_1_417' title='bbox 1355 1804 1394 1826; x_wconf 85' lang='lat' dir='ltr'><strong>ex</strong></span> <span class='ocrx_word' id='word_1_418' title='bbox 1420 1792 1528 1827; x_wconf 88' lang='lat' dir='ltr'><strong>auimo</strong></span> <span class='ocrx_word' id='word_1_419' title='bbox 1564 1793 1761 1834; x_wconf 82' lang='lat' dir='ltr'><strong>insistentes,</strong></span> <span class='ocrx_word' id='word_1_420' title='bbox 1795 1793 1833 1829; x_wconf 90' lang='lat' dir='ltr'><strong>ad</strong></span> 
     </span>
     <span class='ocr_line' id='line_1_84' title="bbox 1085 1841 1835 1878; baseline 0.003 -3"><span class='ocrx_word' id='word_1_421' title='bbox 1085 1841 1338 1876; x_wconf 76' lang='lat' dir='ltr'><strong>reformationem</strong></span> <span class='ocrx_word' id='word_1_422' title='bbox 1362 1841 1505 1876; x_wconf 89' lang='lat' dir='ltr'><strong>eiusdem</strong></span> <span class='ocrx_word' id='word_1_423' title='bbox 1529 1842 1649 1877; x_wconf 87' lang='lat' dir='ltr'><strong>ordinis</strong></span> <span class='ocrx_word' id='word_1_424' title='bbox 1675 1850 1706 1877; x_wconf 90' lang='lat' dir='ltr'><strong>et</strong></span> <span class='ocrx_word' id='word_1_425' title='bbox 1727 1841 1835 1878; x_wconf 85' lang='lat' dir='ltr'><strong>obser-</strong></span> 
     </span>
     <span class='ocr_line' id='line_1_85' title="bbox 1085 1890 1833 1936; baseline 0.004 -12"><span class='ocrx_word' id='word_1_426' title='bbox 1085 1890 1217 1925; x_wconf 89' lang='lat' dir='ltr'><strong>vantiam</strong></span> <span class='ocrx_word' id='word_1_427' title='bbox 1242 1891 1414 1936; x_wconf 83' lang='lat' dir='ltr'><strong>regularem</strong></span> <span class='ocrx_word' id='word_1_428' title='bbox 1438 1891 1477 1925; x_wconf 85' lang='lat' dir='ltr'><strong>de</strong></span> <span class='ocrx_word' id='word_1_429' title='bbox 1499 1890 1628 1926; x_wconf 86' lang='lat' dir='ltr'><strong>fratrum</strong></span> <span class='ocrx_word' id='word_1_430' title='bbox 1652 1898 1833 1927; x_wconf 90' lang='lat' dir='ltr'><strong>nostrorum</strong></span> 
     </span>
     <span class='ocr_line' id='line_1_86' title="bbox 1083 1939 1833 1981; baseline 0.004 -8"><span class='ocrx_word' id='word_1_431' title='bbox 1083 1939 1217 1973; x_wconf 73' lang='lat' dir='ltr'><strong>consilio</strong></span> <span class='ocrx_word' id='word_1_432' title='bbox 1247 1939 1399 1974; x_wconf 86' lang='lat' dir='ltr'><strong>duximus</strong></span> <span class='ocrx_word' id='word_1_433' title='bbox 1438 1940 1653 1981; x_wconf 63' lang='lat' dir='ltr'><strong>statuendum</strong></span> <span class='ocrx_word' id='word_1_434' title='bbox 1692 1948 1727 1975; x_wconf 89' lang='lat' dir='ltr'><strong>ut</strong></span> <span class='ocrx_word' id='word_1_435' title='bbox 1760 1953 1833 1977; x_wconf 91' lang='lat' dir='ltr'><strong>cum</strong></span> 
     </span>
     <span class='ocr_line' id='line_1_87' title="bbox 1084 1988 1834 2035; baseline 0.005 -13"><span class='ocrx_word' id='word_1_436' title='bbox 1084 2000 1139 2035; x_wconf 88' lang='lat' dir='ltr'><strong>per</strong></span> <span class='ocrx_word' id='word_1_437' title='bbox 1161 1988 1313 2023; x_wconf 87' lang='lat' dir='ltr'><strong>incuriam</strong></span> <span class='ocrx_word' id='word_1_438' title='bbox 1341 2001 1395 2023; x_wconf 91' lang='lat' dir='ltr'><strong>seu</strong></span> <span class='ocrx_word' id='word_1_439' title='bbox 1420 1989 1643 2035; x_wconf 81' lang='lat' dir='ltr'><strong>negligentiam</strong></span> <span class='ocrx_word' id='word_1_440' title='bbox 1683 1989 1834 2026; x_wconf 87' lang='lat' dir='ltr'><strong>diffinito-</strong></span> 
     </span>
     <span class='ocr_line' id='line_1_88' title="bbox 1083 2037 1834 2085; baseline 0.007 -14"><span class='ocrx_word' id='word_1_441' title='bbox 1083 2049 1151 2071; x_wconf 87' lang='lat' dir='ltr'><strong>rum</strong></span> <span class='ocrx_word' id='word_1_442' title='bbox 1174 2046 1205 2071; x_wconf 89' lang='lat' dir='ltr'><strong>et</strong></span> <span class='ocrx_word' id='word_1_443' title='bbox 1219 2037 1413 2072; x_wconf 90' lang='lat' dir='ltr'><strong>visitatorum</strong></span> <span class='ocrx_word' id='word_1_444' title='bbox 1431 2039 1529 2085; x_wconf 81' lang='lat' dir='ltr'><strong>ipsius</strong></span> <span class='ocrx_word' id='word_1_445' title='bbox 1543 2038 1664 2074; x_wconf 87' lang='lat' dir='ltr'><strong>ordinis</strong></span> <span class='ocrx_word' id='word_1_446' title='bbox 1685 2051 1834 2076; x_wconf 81' lang='lat' dir='ltr'><strong>excessus</strong></span> 
     </span>
     <span class='ocr_line' id='line_1_89' title="bbox 1082 2086 1835 2137; baseline 0.007 -18"><span class='ocrx_word' id='word_1_447' title='bbox 1082 2086 1306 2121; x_wconf 84' lang='lat' dir='ltr'><strong>excedentium</strong></span> <span class='ocrx_word' id='word_1_448' title='bbox 1335 2095 1516 2122; x_wconf 86' lang='lat' dir='ltr'><strong>remaneant</strong></span> <span class='ocrx_word' id='word_1_449' title='bbox 1543 2088 1721 2131; x_wconf 82' lang='lat' dir='ltr'><strong>incorrecti,</strong></span> <span class='ocrx_word' id='word_1_450' title='bbox 1760 2101 1835 2137; x_wconf 90' lang='lat' dir='ltr'><strong>quo-</strong></span> 
     </span>
     <span class='ocr_line' id='line_1_90' title="bbox 1082 2134 1834 2183; baseline 0.005 -14"><span class='ocrx_word' id='word_1_451' title='bbox 1082 2134 1158 2169; x_wconf 89' lang='lat' dir='ltr'><strong>libet</strong></span> <span class='ocrx_word' id='word_1_452' title='bbox 1179 2147 1262 2170; x_wconf 89' lang='lat' dir='ltr'><strong>anno</strong></span> <span class='ocrx_word' id='word_1_453' title='bbox 1287 2136 1318 2170; x_wconf 91' lang='lat' dir='ltr'><strong>in</strong></span> <span class='ocrx_word' id='word_1_454' title='bbox 1341 2136 1478 2181; x_wconf 79' lang='lat' dir='ltr'><strong>generali</strong></span> <span class='ocrx_word' id='word_1_455' title='bbox 1514 2137 1652 2183; x_wconf 87' lang='lat' dir='ltr'><strong>capitulo</strong></span> <span class='ocrx_word' id='word_1_456' title='bbox 1681 2137 1834 2173; x_wconf 83' lang='lat' dir='ltr'><strong>diffinito-</strong></span> 
     </span>
     <span class='ocr_line' id='line_1_91' title="bbox 1083 2185 1833 2233; baseline 0.005 -15"><span class='ocrx_word' id='word_1_457' title='bbox 1083 2195 1132 2218; x_wconf 90' lang='lat' dir='ltr'><strong>res</strong></span> <span class='ocrx_word' id='word_1_458' title='bbox 1164 2193 1194 2218; x_wconf 90' lang='lat' dir='ltr'><strong>et</strong></span> <span class='ocrx_word' id='word_1_459' title='bbox 1231 2185 1407 2220; x_wconf 88' lang='lat' dir='ltr'><strong>visitatores</strong></span> <span class='ocrx_word' id='word_1_460' title='bbox 1438 2186 1608 2233; x_wconf 88' lang='lat' dir='ltr'><strong>supradicti</strong></span> <span class='ocrx_word' id='word_1_461' title='bbox 1647 2194 1833 2229; x_wconf 84' lang='lat' dir='ltr'><strong>mutentur,</strong></span> 
     </span>
     <span class='ocr_line' id='line_1_92' title="bbox 1083 2233 1833 2284; baseline 0.008 -18"><span class='ocrx_word' id='word_1_462' title='bbox 1083 2233 1182 2272; x_wconf 76' lang='lat' dir='ltr'><strong>novis.</strong></span> <span class='ocrx_word' id='word_1_463' title='bbox 1210 2234 1263 2280; x_wconf 89' lang='lat' dir='ltr'><strong>qui</strong></span> <span class='ocrx_word' id='word_1_464' title='bbox 1286 2235 1438 2280; x_wconf 81' lang='lat' dir='ltr'><strong>religione</strong></span> <span class='ocrx_word' id='word_1_465' title='bbox 1460 2247 1495 2269; x_wconf 90' lang='lat' dir='ltr'><strong>ac</strong></span> <span class='ocrx_word' id='word_1_466' title='bbox 1523 2235 1711 2271; x_wconf 85' lang='lat' dir='ltr'><strong>discretione</strong></span> <span class='ocrx_word' id='word_1_467' title='bbox 1742 2248 1833 2284; x_wconf 88' lang='lat' dir='ltr'><strong>prae-</strong></span> 
     </span>
     <span class='ocr_line' id='line_1_93' title="bbox 1083 2281 1831 2332; baseline 0.007 -17"><span class='ocrx_word' id='word_1_468' title='bbox 1083 2281 1233 2326; x_wconf 89' lang='lat' dir='ltr'><strong>mineant,</strong></span> <span class='ocrx_word' id='word_1_469' title='bbox 1262 2283 1420 2318; x_wconf 87' lang='lat' dir='ltr'><strong>veteribus</strong></span> <span class='ocrx_word' id='word_1_470' title='bbox 1441 2283 1629 2331; x_wconf 82' lang='lat' dir='ltr'><strong>subrogatis,</strong></span> <span class='ocrx_word' id='word_1_471' title='bbox 1664 2285 1704 2320; x_wconf 88' lang='lat' dir='ltr'><strong>ita</strong></span> <span class='ocrx_word' id='word_1_472' title='bbox 1746 2286 1831 2332; x_wconf 86' lang='lat' dir='ltr'><strong>quod</strong></span> 
     </span>
     <span class='ocr_line' id='line_1_94' title="bbox 1081 2331 1831 2379; baseline 0.007 -15"><span class='ocrx_word' id='word_1_473' title='bbox 1081 2331 1257 2367; x_wconf 86' lang='lat' dir='ltr'><strong>visitatores</strong></span> <span class='ocrx_word' id='word_1_474' title='bbox 1285 2333 1342 2379; x_wconf 88' lang='lat' dir='ltr'><strong>ipsi</strong></span> <span class='ocrx_word' id='word_1_475' title='bbox 1366 2333 1405 2367; x_wconf 90' lang='lat' dir='ltr'><strong>de</strong></span> <span class='ocrx_word' id='word_1_476' title='bbox 1429 2345 1489 2368; x_wconf 90' lang='lat' dir='ltr'><strong>una</strong></span> <span class='ocrx_word' id='word_1_477' title='bbox 1522 2334 1649 2369; x_wconf 66' lang='lat' dir='ltr'><strong>circat-ia</strong></span> <span class='ocrx_word' id='word_1_478' title='bbox 1672 2333 1710 2368; x_wconf 84' lang='lat' dir='ltr'><strong>ad</strong></span> <span class='ocrx_word' id='word_1_479' title='bbox 1740 2335 1831 2369; x_wconf 83' lang='lat' dir='ltr'><strong>aliam</strong></span> 
     </span>
     <span class='ocr_line' id='line_1_95' title="bbox 1081 2380 1834 2427; baseline 0.005 -13"><span class='ocrx_word' id='word_1_480' title='bbox 1081 2380 1241 2415; x_wconf 72' lang='lat' dir='ltr'><strong>circat-iam</strong></span> <span class='ocrx_word' id='word_1_481' title='bbox 1274 2390 1487 2427; x_wconf 80' lang='lat' dir='ltr'><strong>assumantur,</strong></span> <span class='ocrx_word' id='word_1_482' title='bbox 1507 2382 1557 2418; x_wconf 89' lang='lat' dir='ltr'><strong>illa</strong></span> <span class='ocrx_word' id='word_1_483' title='bbox 1579 2382 1726 2418; x_wconf 87' lang='lat' dir='ltr'><strong>cauthela</strong></span> <span class='ocrx_word' id='word_1_484' title='bbox 1747 2383 1834 2418; x_wconf 87' lang='lat' dir='ltr'><strong>adhi-</strong></span> 
     </span>
     <span class='ocr_line' id='line_1_96' title="bbox 1084 2428 1831 2479; baseline 0.007 -17"><span class='ocrx_word' id='word_1_485' title='bbox 1084 2428 1159 2473; x_wconf 87' lang='lat' dir='ltr'><strong>bita,</strong></span> <span class='ocrx_word' id='word_1_486' title='bbox 1187 2438 1221 2463; x_wconf 95' lang='lat' dir='ltr'><strong>ut</strong></span> <span class='ocrx_word' id='word_1_487' title='bbox 1249 2431 1407 2466; x_wconf 82' lang='lat' dir='ltr'><strong>nesciatur</strong></span> <span class='ocrx_word' id='word_1_488' title='bbox 1442 2443 1458 2466; x_wconf 91' lang='lat' dir='ltr'><strong>a</strong></span> <span class='ocrx_word' id='word_1_489' title='bbox 1481 2443 1545 2479; x_wconf 92' lang='lat' dir='ltr'><strong>quo</strong></span> <span class='ocrx_word' id='word_1_490' title='bbox 1588 2431 1760 2467; x_wconf 90' lang='lat' dir='ltr'><strong>visitandus</strong></span> <span class='ocrx_word' id='word_1_491' title='bbox 1799 2433 1831 2467; x_wconf 90' lang='lat' dir='ltr'><strong>in</strong></span> 
     </span>
     <span class='ocr_line' id='line_1_97' title="bbox 1081 2479 1832 2524; baseline 0.007 -13"><span class='ocrx_word' id='word_1_492' title='bbox 1081 2479 1225 2524; x_wconf 89' lang='lat' dir='ltr'><strong>sequenti</strong></span> <span class='ocrx_word' id='word_1_493' title='bbox 1253 2491 1336 2514; x_wconf 89' lang='lat' dir='ltr'><strong>anno</strong></span> <span class='ocrx_word' id='word_1_494' title='bbox 1357 2480 1469 2515; x_wconf 85' lang='lat' dir='ltr'><strong>debeat</strong></span> <span class='ocrx_word' id='word_1_495' title='bbox 1505 2480 1632 2515; x_wconf 91' lang='lat' dir='ltr'><strong>visitari:</strong></span> <span class='ocrx_word' id='word_1_496' title='bbox 1656 2481 1730 2516; x_wconf 90' lang='lat' dir='ltr'><strong>dicti</strong></span> <span class='ocrx_word' id='word_1_497' title='bbox 1766 2493 1832 2517; x_wconf 90' lang='lat' dir='ltr'><strong>au-</strong></span> 
     </span>
     <span class='ocr_line' id='line_1_98' title="bbox 1082 2528 1830 2566; baseline 0.007 -6"><span class='ocrx_word' id='word_1_498' title='bbox 1082 2535 1143 2561; x_wconf 89' lang='lat' dir='ltr'><strong>tem</strong></span> <span class='ocrx_word' id='word_1_499' title='bbox 1173 2528 1348 2563; x_wconf 86' lang='lat' dir='ltr'><strong>visitatores</strong></span> <span class='ocrx_word' id='word_1_500' title='bbox 1369 2529 1407 2564; x_wconf 90' lang='lat' dir='ltr'><strong>ad</strong></span> <span class='ocrx_word' id='word_1_501' title='bbox 1435 2529 1607 2564; x_wconf 88' lang='lat' dir='ltr'><strong>Ecclesiam</strong></span> <span class='ocrx_word' id='word_1_502' title='bbox 1645 2530 1830 2566; x_wconf 88' lang='lat' dir='ltr'><strong>visitandam</strong></span> 
     </span>
     <span class='ocr_line' id='line_1_99' title="bbox 1082 2577 1831 2627; baseline 0.007 -17"><span class='ocrx_word' id='word_1_503' title='bbox 1082 2577 1289 2623; x_wconf 82' lang='lat' dir='ltr'><strong>personaliter</strong></span> <span class='ocrx_word' id='word_1_504' title='bbox 1309 2578 1514 2622; x_wconf 87' lang='lat' dir='ltr'><strong>accedentes,</strong></span> <span class='ocrx_word' id='word_1_505' title='bbox 1535 2586 1566 2613; x_wconf 91' lang='lat' dir='ltr'><strong>et</strong></span> <span class='ocrx_word' id='word_1_506' title='bbox 1587 2577 1739 2614; x_wconf 91' lang='lat' dir='ltr'><strong>habentes</strong></span> <span class='ocrx_word' id='word_1_507' title='bbox 1757 2592 1831 2627; x_wconf 84' lang='lat' dir='ltr'><strong>prae</strong></span> 
     </span>
     <span class='ocr_line' id='line_1_100' title="bbox 1081 2625 1830 2664; baseline 0.007 -5"><span class='ocrx_word' id='word_1_508' title='bbox 1081 2625 1182 2660; x_wconf 85' lang='lat' dir='ltr'><strong>oculis</strong></span> <span class='ocrx_word' id='word_1_509' title='bbox 1203 2626 1305 2661; x_wconf 88' lang='lat' dir='ltr'><strong>solum</strong></span> <span class='ocrx_word' id='word_1_510' title='bbox 1330 2626 1434 2661; x_wconf 81' lang='lat' dir='ltr'><strong>Deum</strong></span> <span class='ocrx_word' id='word_1_511' title='bbox 1470 2638 1532 2662; x_wconf 88' lang='lat' dir='ltr'><strong>non</strong></span> <span class='ocrx_word' id='word_1_512' title='bbox 1571 2629 1751 2663; x_wconf 89' lang='lat' dir='ltr'><strong>summatim</strong></span> <span class='ocrx_word' id='word_1_513' title='bbox 1799 2637 1830 2664; x_wconf 91' lang='lat' dir='ltr'><strong>et</strong></span> 
     </span>
    </p>
   </div>
   <div class='ocr_carea' id='block_1_15' title="bbox 1854 261 2039 288">
    <p class='ocr_par' dir='ltr' id='par_1_16' title="bbox 1854 261 2039 288">
     <span class='ocr_line' id='line_1_101' title="bbox 1854 261 2039 288; baseline -0.005 0"><span class='ocrx_word' id='word_1_514' title='bbox 1854 261 1894 288; x_wconf 82' lang='lat' dir='ltr'><strong>An</strong></span> <span class='ocrx_word' id='word_1_515' title='bbox 1921 261 1950 287; x_wconf 90' lang='lat' dir='ltr'><strong>C.</strong></span> <span class='ocrx_word' id='word_1_516' title='bbox 1970 261 2039 288; x_wconf 71' lang='lat'><strong>1252</strong></span> 
     </span>
    </p>
   </div>
   <div class='ocr_carea' id='block_1_16' title="bbox 1860 1997 2032 2020">
    <p class='ocr_par' dir='ltr' id='par_1_17' title="bbox 1860 1997 2032 2020">
     <span class='ocr_line' id='line_1_102' title="bbox 1860 1997 2032 2020; baseline 0 -1"><span class='ocrx_word' id='word_1_517' title='bbox 1860 1997 1890 2020; x_wconf 80' lang='lat' dir='ltr'><strong>Do</strong></span> <span class='ocrx_word' id='word_1_518' title='bbox 1912 1998 2032 2020; x_wconf 74' lang='lat' dir='ltr'><strong>definitori-</strong></span> 
     </span>
    </p>
   </div>
   <div class='ocr_carea' id='block_1_17' title="bbox 1847 2027 2032 2050">
    <p class='ocr_par' dir='ltr' id='par_1_18' title="bbox 1847 2027 2032 2050">
     <span class='ocr_line' id='line_1_103' title="bbox 1847 2027 2032 2050; baseline -0.005 0"><span class='ocrx_word' id='word_1_519' title='bbox 1847 2027 1886 2050; x_wconf 78' lang='lat' dir='ltr'><strong>tm·</strong></span> <span class='ocrx_word' id='word_1_520' title='bbox 1906 2031 1928 2049; x_wconf 82' lang='lat' dir='ltr'><strong>ot</strong></span> <span class='ocrx_word' id='word_1_521' title='bbox 1955 2029 2032 2049; x_wconf 65' lang='lat' dir='ltr'><strong>‹tuttu-</strong></span> 
     </span>
    </p>
   </div>
   <div class='ocr_carea' id='block_1_18' title="bbox 1848 2058 1936 2081">
    <p class='ocr_par' dir='ltr' id='par_1_19' title="bbox 1848 2058 1936 2081">
     <span class='ocr_line' id='line_1_104' title="bbox 1848 2058 1936 2081; baseline -0.011 -1"><span class='ocrx_word' id='word_1_522' title='bbox 1848 2058 1936 2081; x_wconf 70' lang='lat' dir='ltr'><strong>toribus.</strong></span> 
     </span>
    </p>
   </div>
   <div class='ocr_carea' id='block_1_19' title="bbox 2105 0 2129 3223">
    <p class='ocr_par' dir='ltr' id='par_1_20' title="bbox 2105 0 2129 3223">
     <span class='ocr_line' id='line_1_105' title="bbox 2105 0 2129 3223; baseline 0 0"><span class='ocrx_word' id='word_1_523' title='bbox 2105 0 2129 3223; x_wconf 95' lang='lat' dir='ltr'><strong> </strong></span> 
     </span>
    </p>
   </div>
  </div>
 </body>
</html>
