2129 3223
46 251 98 279 An.
116 253 142 278 C.
162 252 226 279 t267

69 665 98 687 Do
124 671 187 689 erute
212 666 231 685 in

51 696 149 717 vestibus.

65 949 92 969 ne
102 949 232 976 equitaturis.

69 1295 97 1317 De
109 1296 236 1317 abstinentia

54 1331 75 1348 et
83 1328 173 1348 ieiuniin.

871 249 1014 274 CLEMENS
1041 250 1073 272 lv
1096 249 1143 272 ΡΙ).

244 305 445 353 ubicumque,
474 305 537 340 sive
561 305 590 339 in
615 306 735 346 itincre,
759 305 823 340 sive
850 306 879 339 in
903 316 988 351 pere—

243 356 383 401 gratione
414 355 545 399 fuerint,
574 363 719 401 poterunt
746 356 845 389 iacere
879 354 987 389 fratres

245 406 274 438 in
303 404 416 440 talibus
443 404 542 448 lectis,
564 404 673 451 quales
698 405 744 439 eis
766 404 879 439 suerint
898 415 987 451 prae-

245 454 355 501 parati,
377 454 418 489 ita
446 461 549 488 tamen
577 453 660 501 quod
684 454 807 488 tunicas
840 466 901 488 non
932 453 988 488 de-

247 511 372 551 ponant.
408 503 547 538 Cervical
571 515 643 537 vero
674 516 744 537 cum
781 503 916 545 cossino,
950 503 986 538 ad

246 553 506 588 sustentationem
534 553 656 599 capitis,
686 553 905 599 permittantur
926 553 988 587 ha—

247 602 331 637 bere.
358 601 391 636 In
415 602 522 649 cappis
549 610 579 636 et
611 602 745 649 caputiis
767 602 894 636 fratrum
932 603 989 636 im-

249 660 404 698 ponantur
424 652 523 697 signa,
542 651 686 686 videlieet
707 663 781 686 crux
800 652 828 685 in
853 659 989 698 pectore,

247 701 339 735 cuius
365 701 543 741 brachium,
569 701 652 748 quod
681 700 763 735 vadit
791 701 820 734 in
849 701 989 746 lonsum

247 750 288 784 sit
319 749 357 784 de
385 762 488 797 panno
521 750 635 791 rubeo,
663 749 739 784 illud
767 759 869 784 autem
905 751 988 797 quod

248 799 330 834 vadit
352 799 381 833 in
407 808 629 839 transversum,
651 800 691 833 sit
708 799 843 834 caerulei
866 800 989 834 coloris.

247 847 467 884 Calceamenta
494 849 627 883 habeant
650 849 754 884 clausa
781 857 811 883 et
837 849 990 893 ordinata,

248 898 288 932 ita
309 906 412 933 tamen
435 899 517 945 quod
540 910 642 947 genua
661 911 723 933 non
746 899 909 940 excedant,
931 899 990 933 nisi

248 947 310 982 sint
343 948 527 996 equitantes.
569 947 675 982 Liceat
714 948 860 983 fratribus
893 961 992 995 equos

247 997 415 1032 ascendere
456 1006 485 1031 et
516 997 708 1044 equitaturas
743 998 818 1031 tales
853 997 991 1041 habere,

248 1045 356 1093 quales
383 1047 518 1094 poterint
540 1055 569 1081 et
595 1046 655 1081 sibi
680 1046 811 1081 viderint
833 1046 992 1094 expedire,

248 1096 322 1131 dum
351 1096 443 1130 nimis
465 1096 619 1130 notabiles
647 1108 707 1130 non
736 1096 881 1130 existant.

553 1171 632 1205 Cn».
657 1174 689 1204 5.

298 1243 413 1278 Vinum
448 1242 637 1277 sumendum
671 1255 686 1277 a
722 1243 866 1278 fratribus
894 1243 994 1279 taliter

250 1300 453 1340 temperetur,
481 1300 514 1327 ut
540 1292 643 1327 sobrie
669 1292 751 1327 sumi
778 1292 884 1327 valeat.
913 1292 994 1327 leiu-

251 1350 325 1377 nent
345 1355 362 1377 a
391 1341 606 1389 propinquiori
628 1341 786 1376 dominica
813 1341 890 1376 festo
913 1342 993 1377 beati

251 1392 374 1427 Martini
403 1391 572 1439 hyemalis,
600 1403 697 1438 usque
727 1391 765 1425 ad
797 1391 993 1426 Nativitatem

252 1441 390 1479 Domini.
423 1449 490 1475 eta
525 1440 785 1487 quinquagesima
823 1453 922 1487 usque
956 1441 993 1475 ad

251 1490 382 1525 Pascha.
405 1490 536 1536 Insuper
556 1497 586 1524 et
604 1490 673 1524 aliis
694 1490 887 1536 temporibus
908 1491 994 1531 anni,

251 1540 336 1575 omni
363 1548 450 1574 sexta
484 1539 578 1579 seria,
606 1540 665 1573 nisi
705 1538 854 1573 festivitas
883 1552 993 1575 novem

251 1589 419 1624 lectionum
447 1589 667 1629 intervenerit,
696 1588 740 1623 vel
777 1596 919 1629 octavae3
955 1590 994 1624 ita

253 1647 367 1679 tamen,
399 1637 482 1685 quod
510 1651 526 1673 a
553 1637 811 1685 quinquagesima
835 1651 934 1686 usque
956 1639 993 1673 ad

251 1687 371 1722 Pascha
394 1688 425 1722 in
452 1687 524 1721 cibo
557 1687 817 1734 quadragesimali
845 1688 995 1729 ieiunent,

253 1746 282 1771 et
308 1737 367 1772 alia
403 1736 531 1777 ieiunia,
558 1748 638 1783 quae
671 1736 832 1770 consuevit
855 1736 995 1772 Ecclesia

252 1785 419 1820 celebrare.
447 1785 555 1821 Potest
586 1794 689 1820 tamen
715 1785 904 1832 quandoque
935 1787 995 1820 mi-

253 1835 350 1870 nister
368 1834 520 1870 ieiunium
543 1847 614 1870 cum
635 1834 824 1869 discretione
847 1835 994 1876 relax-,ire

253 1892 381 1932 propter
406 1892 537 1920 aetatem
567 1884 612 1918 vel
641 1884 735 1924 viam,
764 1885 809 1918 rel
831 1884 924 1919 aliam
948 1886 996 1920 iu-

252 1942 330 1969 stam
345 1946 485 1975 causam,
500 1933 547 1968 vel
561 1934 668 1974 etiam,
682 1933 827 1969 facultate
845 1934 995 1982 inspecta,

253 1991 464 2030 augmentare.
492 1983 650 2019 Carnibus
681 1983 762 2018 datis
793 1983 831 2018 ab
859 1983 919 2023 his,
942 1986 995 2031 qui

253 2032 328 2068 foris
349 2041 431 2074 sunt,
459 2033 506 2068 vel
527 2033 663 2080 sumptis
684 2032 723 2067 de
746 2033 880 2080 propriis
902 2034 998 2068 nutri-

255 2082 332 2117 turis
347 2082 394 2117 vel
413 2082 506 2117 etiam
521 2083 646 2129 emptis,
666 2083 747 2117 vesci
765 2083 854 2117 liceat
875 2091 994 2118 tantum

253 2131 419 2167 dominicis
439 2131 564 2175 diebus,
586 2144 601 2166 a
624 2132 743 2167 Pascha
767 2145 865 2179 usque
887 2133 924 2167 ad
944 2132 997 2167 do-

255 2181 400 2215 minicam
428 2182 683 2228 propinquiorem
712 2181 791 2216 festo
814 2182 849 2216 B.
873 2182 995 2217 Martini

254 2230 414 2279 hyemalis,
437 2239 467 2264 et
490 2243 506 2265 a
521 2230 618 2265 Natali
642 2243 743 2278 usque
765 2231 801 2265 ad
829 2239 997 2278 septuage-

254 2281 382 2321 simam,
401 2288 429 2315 et
452 2280 481 2314 in
504 2279 670 2314 Nativitate
688 2288 718 2314 et
740 2280 915 2327 Epiphania
931 2281 997 2315 Do-

256 2330 331 2364 mini
364 2338 395 2364 et
434 2329 464 2364 in
503 2329 695 2364 Ascensione
732 2329 859 2364 Domini
898 2339 927 2364 et
966 2330 995 2364 in

255 2379 481 2426 Assumptione
515 2387 545 2413 et
577 2378 799 2414 purificatione
821 2379 859 2413 B.
883 2379 997 2414 Mariae

256 2437 286 2463 et
321 2427 352 2462 in
387 2427 466 2463 festo
500 2428 651 2463 Omnium
688 2427 874 2463 Sanctorum
905 2436 935 2464 et
966 2429 995 2463 in

256 2477 487 2513 minutionibus
519 2486 549 2512 et
587 2477 827 2512 infirmitatibus.
861 2477 997 2513 Possunt

256 2534 358 2562 tamen
394 2527 525 2562 ministri
560 2538 632 2561 cum
661 2526 805 2561 fratribus
839 2527 925 2572 suis,
959 2527 997 2562 de

256 2576 403 2616 carnibus
429 2576 569 2616 edendis,
592 2584 678 2610 extra
701 2576 898 2611 refectorium
920 2584 951 2611 et
967 2577 995 2610 in

256 2626 315 2665 via,
342 2637 380 2660 ex
407 2625 484 2661 iusta
507 2634 537 2661 et
559 2625 731 2660 rationabili
751 2637 854 2667 causa,
870 2625 997 2674 dispeu-

1647 236 1715 269 789

1027 314 1111 343 sare,
1145 303 1297 349 liceatque
1324 302 1469 338 fratribus
1494 301 1647 349 sagimine
1673 301 1764 338 vesci.

1028 353 1072 388 Ac
1099 352 1239 398 insuper,
1260 352 1285 386 si
1313 352 1444 399 qualitas
1466 351 1615 398 temporis
1641 360 1671 387 et
1691 364 1766 388 mo-

1029 403 1234 438 nasteriorum
1257 402 1425 437 necessitas
1439 401 1471 436 id
1486 401 1657 447 exegerint.
1674 402 1766 439 etiam

1029 452 1058 486 in
1099 452 1167 499 ipso
1203 450 1365 486 refectorio
1398 450 1579 494 (Adventus
1600 458 1704 487 tamen
1737 461 1769 489 et

1029 501 1098 537 aliis
1130 514 1145 535 a
1175 501 1240 535 iure
1268 500 1430 547 prohibitis
1455 501 1651 548 temporibus
1676 513 1770 538 exco-

1030 552 1101 598 ptis)
1132 550 1279 586 carnibus
1304 549 1484 585 huiusmodi
1521 550 1602 586 vesci
1639 553 1767 598 possint.

1030 601 1134 636 Liceat
1154 600 1247 635 etiam
1276 600 1447 634 nutrituras
1467 611 1572 635 emere
1593 608 1623 635 et
1637 601 1769 637 nutrire.

1030 650 1109 685 Cum
1133 650 1257 684 veroin
1287 649 1398 683 itinere
1430 648 1493 684 sive
1521 650 1770 696 peregrinatione

1031 700 1162 739 suerint,
1188 700 1212 733 si
1250 698 1325 746 quid
1358 698 1403 732 eis
1429 698 1535 733 datum
1562 699 1671 740 fuerit,
1699 700 1771 736 inde

1032 750 1144 789 vivant,
1176 756 1206 782 et
1233 748 1392 783 residuum
1416 748 1446 782 in
1469 755 1532 782 tres
1557 756 1659 795 partes
1685 749 1771 784 divi-

1031 798 1115 834 dant.
1146 798 1263 832 Tamen
1299 798 1323 831 si
1351 797 1466 832 suerint
1492 797 1522 831 in
1557 798 1615 838 via,
1643 799 1770 846 profecti

1031 848 1069 883 ad
1105 847 1319 883 redimendum
1351 847 1510 894 captivos,
1545 848 1694 894 quicquid
1727 850 1773 884 eis

1032 897 1138 932 datum
1171 897 1279 940 fuerit,
1313 904 1411 931 totum
1447 895 1564 931 debent
1591 909 1707 943 ponere
1742 898 1771 932 in

1034 946 1247 993 redemptione
1276 947 1483 993 captivorum,
1510 954 1630 991 praeter
1655 959 1774 994 expen-

1033 1009 1092 1032 sas.
1116 996 1148 1030 ln
1171 995 1360 1035 civitatibus,
1384 996 1414 1030 in
1437 994 1518 1029 villis
1539 996 1605 1030 sive
1627 997 1773 1037 castellis.

1035 1046 1064 1080 iu
1092 1045 1207 1093 quibus
1230 1047 1372 1092 proprias
1394 1044 1505 1079 domos
1526 1044 1704 1086 habuerint,
1726 1047 1772 1081 ni-

1034 1095 1075 1129 hil
1103 1096 1232 1129 omnino
1258 1104 1344 1129 extra
1371 1094 1482 1129 domos
1508 1093 1586 1135 illas,
1614 1095 1673 1130 nisi
1696 1095 1774 1131 forte

1035 1145 1065 1179 in
1098 1144 1244 1179 domibus
1271 1143 1437 1190 religiosis,
1471 1143 1591 1179 etiamsi
1617 1157 1633 1179 a
1665 1146 1775 1192 quovis

1035 1202 1181 1241 rogentur
1199 1202 1228 1228 et
1248 1205 1320 1228 cum
1341 1193 1598 1240 archiepiscopis,
1619 1194 1778 1242 episcopis

1035 1252 1063 1278 et
1091 1242 1227 1289 regibus,
1249 1243 1273 1277 si
1295 1242 1413 1277 invitati
1442 1242 1566 1283 fuerint,
1593 1243 1775 1289 comedant,

1036 1292 1081 1327 vel
1108 1292 1226 1332 bibant,
1253 1292 1311 1326 nisi
1339 1291 1416 1327 sorte
1437 1304 1549 1339 aquam
1572 1292 1603 1327 in
1630 1293 1776 1329 domibus

1036 1342 1187 1385 honestis,
1203 1354 1259 1377 nec
1276 1348 1457 1387 pernoctare
1479 1350 1775 1387 praesumantextra

1035 1391 1214 1425 huiusmodi
1243 1390 1369 1430 domos,
1397 1391 1455 1425 nisi
1488 1390 1566 1426 forte
1600 1391 1776 1439 aliquorum

1036 1440 1150 1474 fuerint
1172 1448 1389 1486 magnatorum
1412 1440 1457 1475 vel
1481 1440 1688 1487 praelatorum
1708 1442 1778 1477 offi-

1036 1490 1092 1524 ciis
1119 1490 1268 1536 deputati.
1293 1489 1474 1536 ,Numquam
1508 1490 1537 1524 in
1569 1489 1705 1526 tabernis
1732 1492 1778 1527 vel

1035 1539 1065 1573 in
1093 1538 1275 1574 huiusmodi
1307 1538 1480 1574 inhonestis
1507 1539 1585 1574 locis
1619 1540 1778 1585 habitent,

1036 1588 1203 1623 comedant
1232 1588 1278 1623 vel
1316 1588 1436 1623 bibant.
1476 1589 1538 1630 Qui
1577 1598 1683 1625 autem
1718 1591 1778 1626 hoc

1036 1638 1293 1684 praesumpserit,
1321 1638 1404 1672 iuxta
1430 1637 1592 1673 arbitrium
1623 1639 1776 1678 ministri,

1037 1687 1143 1722 maiori
1166 1687 1214 1721 vel
1242 1687 1356 1722 minori
1379 1687 1533 1723 vindictae
1559 1688 1727 1723 subiaceat.

1338 1762 1418 1798 CAP.
1441 1766 1474 1797 4

1085 1835 1169 1870 Talis
1187 1835 1226 1869 sit
1246 1834 1381 1870 charitas
1402 1835 1482 1870 inter
1504 1836 1624 1881 fratres,
1646 1837 1778 1873 clericos
1799 1841 1881 1862 ⁰0ffl0·
1878 1847 1971 1863 ·'¹¹³¹¹¹[⁶

1791 1872 1867 1894 {ratres
1886 1873 1941 1894 chari
1945 1877 1974 1893 ta-

1036 1893 1066 1919 et
1092 1884 1198 1925 laicos,
1227 1892 1260 1919 ut
1282 1884 1394 1919 eodem
1421 1886 1524 1927 victu,
1552 1887 1676 1931 vestitu,
1702 1887 1820 1925 dor-«e.

1037 1934 1173 1977 mitorio,
1195 1934 1369 1975 refectorio,
1386 1942 1416 1969 et
1436 1913 1544 1970 eadein
1565 1948 1672 1972 mensa
1692 1945 1778 1973 utan-

1038 1992 1096 2018 tur.
1124 1983 1242 2018 Infirmi
1271 1995 1413 2018 seorsum
1436 1984 1594 2020 dormiant
1620 1993 1652 2021 et
1671 1998 1778 2023 come-

1036 2033 1119 2068 dant.
1137 2033 1185 2068 Ad
1207 2045 1342 2080 quorum
1361 2045 1468 2070 curam
1490 2034 1678 2080 habendam,
1699 2048 1778 2071 con·
1805 2042 1833 2063 ⁰⁹
1847 2042 1892 2062 'nfi
1885 2048 1972 2063 morum

1792 2079 1848 2096 cura,

1036 2095 1144 2118 versus
1165 2083 1277 2137 aliquis
1299 2082 1407 2124 laicus,
1433 2084 1498 2118 sive
1520 2084 1654 2120 clericus
1676 2085 1777 2132 depu-

1038 2140 1130 2176 tetur,
1163 2145 1288 2179 quiea
1321 2145 1401 2179 quae
1435 2134 1607 2169 necessaria
1639 2134 1776 2178 suerint,

1038 2182 1174 2229 inquirat
1195 2190 1225 2216 et
1250 2182 1418 2221 ministinjet
1447 2183 1528 2218 sicut
1557 2183 1649 2219 fuerit
1677 2184 1777 2218 mini—

1037 2231 1210 2266 strandum.
1235 2231 1421 2267 Moneantur
1449 2240 1551 2267 tamen
1580 2233 1717 2275 infirmi,
1743 2242 1775 2268 ut

1037 2281 1130 2319 lauta,
1151 2281 1214 2315 sive
1230 2281 1361 2315 nimium
1379 2290 1562 2329 sumptuosa
1585 2282 1700 2318 cibaria
1715 2295 1776 2317 non

1039 2330 1220 2377 requirant,
1256 2330 1420 2366 commoda
1457 2331 1559 2377 potius
1592 2339 1622 2366 et
1659 2331 1775 2367 salubri

1038 2379 1251 2414 moderatione
1278 2380 1426 2415 contenti.
1455 2379 1536 2415 Cura
1563 2379 1722 2427 hospitum
1748 2389 1917 2448 etpflqurittlssm
1952 2393 1972 2412 et

1039 2440 1211 2484 pauperum
1228 2436 1258 2463 et
1279 2429 1418 2464 omnium
1437 2430 1578 2464 euntium
1601 2437 1630 2464 et
1649 2430 1778 2465 redeun-

1039 2478 1127 2517 tium,
1152 2479 1207 2512 uni
1228 2479 1266 2513 de
1293 2478 1530 2514 discretioribus
1555 2486 1586 2513 et
1612 2479 1778 2528 benignio-

1038 2528 1122 2562 ribus
1140 2526 1288 2563 fratribus
1310 2528 1500 2574 iniungatur‚
1517 2528 1570 2575 qui
1584 2529 1690 2564 audiat
1711 2542 1776 2573 eos,

1038 2584 1068 2611 et
1090 2585 1121 2611 ut
1142 2577 1287 2623 expedire
1311 2577 1431 2616 viderit,
1453 2577 1610 2613 charitatis
1633 2579 1777 2615 solatium

1038 2626 1241 2661 administret.
1265 2626 1413 2673 Requirat
1437 2635 1538 2662 tamen
1557 2627 1596 2662 ab
1620 2627 1680 2664 illis
1700 2641 1779 2677 quos

1780 244 1831 271 An.
1848 243 1955 271 0196?

1796 805 1824 826 De
1839 805 1950 826 itineribus
