2129 3223
63 276 116 306 ln.
134 279 163 307 C.
183 278 249 307 ¹283

262 334 340 370 locis
361 335 480 382 liquido
500 347 555 382 per
578 335 679 381 ipsius
694 333 868 380 praedictas
890 334 1010 370 litteras

260 393 400 430 apparet,
430 384 541 419 horum
577 384 691 418 seriem
727 383 873 431 explicite
900 384 1009 419 conti-

259 441 380 468 nentes.

305 485 321 525 ἕ
344 484 375 517 3.
400 481 498 517 Porro
523 482 594 529 quia
624 481 752 527 longum
778 490 859 516 esset
889 482 1006 518 nedum

65 535 244 563 sunmtibumi-
257 542 383 566 exarare
414 543 468 577 per
495 530 635 576 singula.
671 541 781 565 verum
809 532 900 565 etiam
931 543 1007 566 snc-

255 579 355 614 cincta
379 580 530 615 relatione
548 579 758 626 perstringere
781 579 860 614 clara
882 580 1005 616 virtutis

254 626 377 664 divinae
405 629 566 676 prodigia,
593 638 675 676 quae
709 637 770 663 tam
793 629 822 662 in
847 630 1004 674 operatio-

251 676 347 713 nibus
381 678 574 722 sanctitatis,
612 689 706 724 quani
742 677 834 712 etiam
873 679 903 712 in
935 679 1003 714 aliis

251 726 449 762 mirabilibus
461 728 657 773 argumentis
673 726 895 773 probaverunt,
914 740 1002 762 eum-

250 775 321 810 dem
339 775 559 812 Confessorem
587 784 696 811 tenere
718 788 788 810 cum
812 778 927 811 sanctis
946 789 1000 812 so-

249 824 324 860 lium
351 825 469 871 gloriae
498 826 528 860 in
551 826 701 865 excelsis;
729 825 889 872 signanter
912 827 998 861 vobis

59 565 155 588 rualene
187 568 243 589 tmi-

59 598 135 624 witus.

246 882 318 909 ante
332 875 441 909 oculos
456 886 633 922 proponere
655 875 812 919 volumus,
832 875 996 911 recolenda

247 922 442 970 frequentius
465 932 494 958 et
519 924 735 959 vehementius
747 924 928 960 admiranda
947 925 995 960 illa

245 972 320 1007 satis
354 973 490 1008 iocunda
517 973 695 1008 dominicae
726 973 886 1008 Passionis
917 974 995 1009 insi-

243 1020 336 1067 gnia,
366 1034 447 1069 quae
482 1023 512 1056 in
547 1023 688 1058 eiusdem
709 1022 814 1057 Sancti
843 1035 992 1070 corpore.

243 1070 318 1105 dum
338 1070 442 1106 adhuc
456 1071 537 1106 vitali
561 1073 672 1118 spiritu
695 1072 862 1111 foveretur,
883 1084 994 1108 manus

242 1119 389 1155 coelestis
420 1121 612 1167 operationis
641 1122 807 1167 impressit.
836 1121 992 1157 Viderunt

241 1180 378 1217 namque
405 1170 488 1204 oculi
513 1169 645 1205 fideliter
675 1171 845 1211 intuentes,
870 1180 899 1205 et
922 1183 992 1206 cer-

239 1218 352 1253 tissimi
378 1219 639 1254 contrectantium
664 1219 750 1266 digiti
775 1220 990 1266 palpaverunt,

238 1267 323 1314 quod
339 1267 368 1302 in
387 1267 533 1303 manibus
546 1269 616 1303 eius
631 1276 660 1303 et
680 1269 825 1315 pedibus,
842 1282 988 1316 expressa

239 1315 380 1364 undique
401 1316 606 1352 similitudine
628 1318 801 1358 clavorum,
823 1319 862 1353 de
887 1319 989 1353 subie-

237 1373 286 1399 cto
308 1367 453 1413 propriae
476 1367 579 1401 carnis
605 1368 753 1411 excrevit,
777 1367 822 1402 vel
850 1367 889 1402 de
919 1380 989 1402 ma-

237 1414 314 1449 teria
333 1426 430 1450 novae
449 1416 615 1450 creationis
637 1417 780 1456 accrevit;
803 1429 883 1464 qnae
905 1419 986 1463 eqni-

235 1463 307 1498 dem
326 1463 408 1499 idem
428 1464 565 1500 Sanctus
587 1465 729 1500 studiose
751 1466 789 1500 ab
811 1466 910 1500 oculis
930 1467 987 1501 lio-

233 1512 370 1558 minnm,
387 1525 522 1561 quorum
547 1513 719 1560 refugiebat
741 1515 886 1560 gloriam,
908 1514 983 1550 dum

233 1561 360 1607 viveret,
389 1562 613 1598 abscondebat.
650 1563 778 1598 Inventa
801 1575 845 1599 est
876 1573 985 1611 paten-

232 1610 296 1646 tius
317 1611 348 1646 in
379 1611 480 1659 ipsius
512 1612 652 1648 defuncti
680 1625 823 1660 corpore,
846 1625 907 1647 non
937 1615 984 1648 in-

231 1659 314 1694 flicta
337 1660 522 1696 humanitus
544 1674 602 1697 nec
624 1661 713 1703 facta,
739 1662 825 1709 plaga
844 1663 983 1698 vulneris

231 1709 378 1755 lateralis,
405 1711 494 1758 quasi
516 1711 641 1758 aliquod
666 1712 762 1746 instar
784 1711 887 1747 lateris
913 1711 983 1746 Sal-

230 1758 356 1800 vatoris,
383 1759 467 1806 quod
506 1760 730 1806 redemptionis
757 1769 787 1795 et
811 1773 982 1807 regenera-

230 1808 325 1843 tionis
359 1807 514 1844 humanae
551 1810 580 1844 in
622 1809 834 1856 Redemptore
874 1818 981 1845 nostro

231 1856 360 1903 protulit
380 1866 623 1899 sacramentum
639 1870 719 1905 qnae
733 1858 861 1906 quidem
879 1859 980 1906 plaga,

230 1906 312 1941 sicut
339 1906 492 1953 quosdam
527 1919 564 1942 ex
597 1907 744 1942 fratribus
765 1907 824 1942 sibi
849 1908 981 1943 familia—

231 1955 307 1989 riter
342 1955 587 1991 adhaerentibus
626 1956 721 1991 latere
757 1969 818 1992 non
857 1958 980 2004 potuit,

231 2011 359 2051 propter
398 2005 558 2040 defluxum
602 2006 763 2050 humoris,
797 2006 851 2041 diu
890 2016 979 2042 antea

199 2070 202 2073 *
230 2061 365 2088 viruerat
387 2066 416 2087 in
442 2062 573 2089 vivente.

278 2105 294 2146 5
320 2104 353 2137 4.
381 2102 466 2138 Haec
489 2103 585 2150 igitur
607 2104 685 2139 mira
700 2111 730 2139 et
752 2105 863 2140 decora
882 2118 979 2140 novae

35 2153 111 2208 lum}
134 2157 216 2207 ’θῖξῑιθ-
229 2151 508 2187 demonstrationis
524 2152 649 2192 indicia,
676 2165 808 2199 magnae
830 2154 980 2190 dicuntur

34 2189 102 2238 iffi
112 2190 216 2239 '25:12ss
229 2212 299 2236 esse
337 2201 513 2237 devotionis
554 2202 679 2237 divitiae
716 2202 913 2248 christianis,
948 2213 977 2239 et

35 2246 78 2267 ‘'⁰'‘
229 2250 473 2286 inaestimabiles
508 2250 670 2297 religionis
697 2251 824 2287 deliciae
853 2253 881 2287 in
911 2254 978 2300 spi-

229 2299 395 2335 ritualibus
408 2300 589 2335 communis
602 2299 762 2336 Ecclesiae
785 2301 977 2337 orthodoxae

228 2349 400 2390 thesauris;
434 2361 506 2384 cum
530 2361 569 2384 ex
599 2349 648 2384 his
670 2350 790 2385 sincera
814 2351 890 2386 fides
918 2363 977 2386 ac-

228 2398 335 2445 cipiat,
361 2398 445 2446 quod
468 2398 561 2433 etiarn
595 2397 637 2433 illi
674 2398 787 2434 fuerint
821 2401 976 2447 passionis

227 2445 343 2481 Christi
367 2447 435 2482 sine
468 2448 643 2483 extrinseco
671 2457 872 2494 persecutore
899 2461 976 2484 con-

228 2504 340 2541 sortes,
361 2497 414 2544 qui
440 2508 495 2544 pro
522 2497 593 2532 eius
614 2508 721 2532 amore
744 2509 868 2533 carnem
885 2511 974 2534 suam

229 2556 300 2579 cum
327 2544 409 2581 vitiis
442 2554 472 2581 et
501 2546 769 2593 concupiscentiis
801 2547 975 2583 voluntarie

229 2592 427 2641 crucifigunt.
454 2594 538 2631 Sane
549 2595 587 2631 de
606 2595 741 2642 praefato
754 2594 882 2637 Sancto,
898 2597 975 2632 haec

228 2642 346 2678 certius
373 2652 560 2687 asserentes,
595 2644 735 2680 indoctas
762 2644 891 2685 fabulas,
919 2658 974 2682 seu

866 277 1059 302 ALExANmzR
1094 277 1129 302 1v
1165 278 1215 303 1³1³.

1688 273 1759 307 627

1054 345 1149 369 vanae
1170 333 1402 371 adinventionis
1428 336 1633 375 deliramenta
1663 353 1725 377 non
1755 355 1806 379 se-

1051 383 1192 431 quimur,
1214 395 1287 419 cnm
1309 396 1342 418 ea
1363 385 1455 420 nobis
1478 386 1598 423 dudum
1621 398 1693 425 nota
1710 390 1804 428 fuerit

1051 432 1173 478 plenior
1194 431 1273 469 fides
1295 445 1413 478 rerum,
1436 436 1564 482 quando
1585 438 1727 477 videlicet
1747 454 1804 478 nos

1049 481 1080 516 in
1100 481 1276 518 minoribus
1304 484 1476 526 constituti,
1500 485 1703 524 Confessoris
1720 490 1802 525 eius-

1047 530 1118 565 dem
1154 531 1338 567 familiarem
1370 545 1407 568 ες
1431 545 1562 571 munere
1596 535 1703 574 divino
1726 552 1800 575 me—

1045 580 1167 615 ruimus
1189 580 1306 617 habere
1329 582 1483 624 notitiam,
1512 585 1638 631 praefati
1663 589 1799 634 praede-

1044 629 1179 664 cessoris
1201 630 1299 665 nostri
1326 630 1507 668 domesticis
1533 633 1695 682 obsequiis
1722 645 1797 674 tunc

1044 679 1194 724 temporis
1215 679 1404 716 insistendo.

1090 731 1106 771 g
1128 729 1159 762 5.
1183 727 1263 763 Cum
1291 730 1385 776 igitur
1412 739 1553 776 oporteat
1579 744 1687 768 cavere
1711 747 1793 781 pru-
1821 745 1930 770 trusum
1946 750 1992 771 aas.

1041 775 1162 822 denter,
1187 789 1224 812 ne
1247 785 1330 814 tanta
1350 779 1511 825 patrocinii
1531 782 1630 827 gratia
1653 783 1791 819 humano
1806 780 1992 830 {222';,„{²4²,„⁹‘“,2

1040 827 1147 871 generi
1182 827 1316 863 coelitus
1340 828 1370 862 in
1400 837 1574 865 meinorato
1601 830 1791 869 Confessore
1806 838 1860 865 Μ’
1877 817 1988 866 *Wlfflin-

1039 875 1165 920 collata,
1199 876 1230 910 iu
1255 889 1388 912 vacuum
1412 887 1607 925 assumatur,
1637 882 1792 918 universi-

1039 931 1132 959 tatem
1156 933 1289 961 vestram
1313 939 1473 973 rogamus,
1497 940 1686 976 monemus,
1717 931 1791 967 hor-

1037 982 1140 1009 tamur
1161 982 1289 1019 attente,
1304 988 1359 1022 per
1379 978 1549 1023 apostolica
1564 979 1653 1014 vobis
1675 982 1789 1028 scripta

1036 1023 1233 1064 mandantes,
1257 1035 1411 1072 quatenus
1432 1027 1576 1063 eiusdem
1589 1028 1790 1066 Confessoris

1036 1073 1177 1119 preciosa
1205 1076 1312 1109 merita
1336 1086 1366 1109 et
1385 1076 1609 1112 miraculorum
1633 1080 1788 1125 magnalia

1034 1130 1063 1156 et
1098 1122 1266 1158 salutarem
1297 1124 1482 1160 memoriam
1518 1125 1697 1162 celebritate
1730 1141 1787 1164 an-

1034 1183 1113 1211 nua,
1146 1172 1379 1219 praedicatione
1406 1173 1562 1221 frequenti
1590 1184 1620 1211 et
1655 1189 1786 1213 venera-

1033 1220 1116 1255 tione
1138 1230 1356 1263 recensentes,
1382 1223 1420 1257 ad
1450 1223 1550 1270 ipsius
1585 1224 1795 1271 devotionem]-

1031 1278 1062 1304 et
1097 1271 1214 1316 gratiae
1250 1271 1374 1306 divinae
1410 1273 1595 1308 memoriam
1640 1274 1789 1312 subditos·

1032 1326 1150 1354 vestros
1170 1319 1349 1355 celebribus
1368 1322 1495 1356 monitis
1509 1323 1664 1365 excitetis,
1689 1333 1783 1365 uteo,

1030 1379 1086 1414 pro
1115 1369 1262 1404 universo
1289 1370 1430 1405 fidelium
1454 1372 1593 1418 populo,
1621 1385 1656 1407 ac
1691 1386 1782 1421 prae-

1028 1417 1135 1452 sertim
1159 1430 1214 1463 pro
1237 1418 1304 1458 his,
1326 1420 1379 1466 qni
1407 1431 1441 1454 se
1472 1420 1704 1466 invocaverint,
1732 1422 1781 1459 di-

1028 1466 1131 1500 vinam
1167 1467 1412 1504 misericordiam
1444 1469 1642 1515 implorante,
1677 1484 1782 1507 mere-

1027 1523 1119 1550 antur
1144 1516 1317 1563 supplices,
1345 1518 1430 1565 quod
1465 1530 1597 1565 opernm
1622 1521 1781 1568 possibili·

1027 1572 1072 1598 tas
1094 1564 1236 1601 obtinere
1259 1578 1320 1601 non
1350 1575 1463 1615 potest,
1485 1568 1556 1603 eius
1579 1570 1780 1606 intercessio-

1026 1613 1120 1648 nibus
1142 1615 1319 1655 impetrare.

1073 1667 1088 1706 ἓ
1116 1664 1147 1697 6.
1176 1663 1277 1699 Nemo
1306 1665 1410 1712 itaque
1436 1666 1540 1701 eidem
1568 1666 1687 1703 Sancto
1713 1681 1777 1703 au-
1805 1674 1975 1699 mmmmm

1025 1711 1096 1746 deat
1120 1713 1160 1747 de
1187 1721 1310 1748 caetero
1343 1726 1411 1749 esse
1449 1716 1602 1751 molestus
1639 1717 1670 1751 in
1706 1730 1776 1753 cor-
1791 1708 1975 1763 ‚Jffl'iffintihiissssss

1025 1773 1101 1808 pore
1135 1774 1194 1797 suo
1228 1761 1345 1798 Christi
1387 1764 1585 1811 triumphalia
1630 1766 1775 1813 stigmata
1791 1767 1836 1789 ²³⁸⁰·

1024 1809 1221 1856 praeferenti.
1256 1810 1290 1846 Si
1317 1812 1388 1860 quis
1416 1812 1509 1859 igitur
1535 1814 1649 1858 spiritu
1674 1823 1775 1850 teme-

1025 1860 1122 1894 rariae
1161 1862 1426 1908 praesumptionis
1462 1863 1640 1905 insaniens,
1675 1864 1773 1900 divini

1023 1909 1164 1944 muneris
1190 1910 1328 1952 invidus,
1355 1912 1525 1958 apostolica
1549 1912 1681 1957 iudicia,
1716 1927 1775 1950 sa-

1023 1958 1157 2005 crilegus
1182 1959 1398 2006 impugnator,
1433 1962 1622 2008 praemissa,
1648 1963 1694 1998 vel
1716 1965 1774 2000 alia

1024 2007 1239 2053 prodigiorum
1276 2010 1381 2056 signa,
1415 2010 1532 2058 quibus
1567 2012 1597 2046 in
1631 2011 1773 2048 Ecclesia

1021 2055 1078 2091 Dei
1106 2059 1256 2093 sanctitas
1275 2058 1428 2106 praedicti
1451 2058 1650 2096 Confessoris
1663 2062 1772 2107 eluxit,

1022 2106 1183 2153 improbae
1210 2108 1468 2144 contradictionis
1493 2110 1651 2145 morsibus
1673 2112 1771 2147 obtre-

1021 2155 1133 2191 ctanda
1155 2156 1342 2202 crediderit,
1364 2158 1508 2193 volumus
1523 2167 1554 2194 et
1572 2160 1770 2204 mandamus,

1021 2213 1053 2240 nt
1093 2217 1165 2240 eum
1192 2218 1286 2241 sanae
1313 2208 1408 2242 menti
1438 2208 1581 2242 restituat
1615 2209 1770 2245 iudicialis

1019 2255 1169 2289 severitas
1201 2255 1400 2302 disciplinae:
1440 2258 1479 2291 ita
1514 2257 1598 2304 quod
1630 2258 1770 2294 districta

1022 2303 1138 2351 proprii
1185 2304 1313 2351 praelati
1351 2306 1554 2352 castigatione
1589 2316 1768 2347 correctus,

1018 2351 1075 2387 Dei
1098 2364 1192 2400 opera
1221 2352 1439 2400 blasphemare
1462 2355 1613 2399 dediscat,
1639 2364 1671 2391 et
1696 2356 1769 2392 fidei

1019 2401 1189 2437 catholicae
1212 2401 1331 2437 fructus
1352 2402 1391 2437 de
1415 2404 1465 2450 pia
1487 2404 1677 2439 mirabilium
1699 2404 1769 2440 Do·-

1017 2451 1095 2486 mini
1123 2449 1308 2486 credulitate
1344 2451 1513 2498 pullulans,
1547 2465 1608 2488 non
1636 2465 1765 2490 arescat.

1066 2499 1149 2534 Nulli
1176 2511 1251 2546 ergo
1277 2508 1329 2535 etc.

1066 2548 1179 2584 Datum
1207 2550 1387 2595 Anagniae,
1414 2559 1525 2597 quarto
1552 2551 1612 2587 kal.
1636 2564 1767 2589 novem-

1016 2597 1090 2638 bris,
1120 2598 1318 2645 pontificatus
1345 2600 1441 2634 nostri
1464 2612 1547 2636 anno
1578 2601 1690 2649 primo.

1052 2654 1112 2685 Dat.
1133 2655 1178 2686 die
1194 2655 1232 2686 29
1249 2655 1376 2686 octobris
1394 2656 1479 2696 1255,
1495 2657 1597 2698 pontif.
1614 2668 1690 2690 anno
1707 2669 1725 2691 1.

1827 285 1877 313 Au.
1891 283 1918 313 C.
1940 287 2005 315 12³⁸
