2129 3223
139 294 189 320 An.
211 293 240 320 C.
255 293 322 321 ¹208

385 284 456 318 216

383 348 498 384 Datum
538 348 699 395 Anagniae
726 356 838 396 quarto
877 346 947 382 idus
981 346 1082 385 iunii,

335 398 534 447 pontificatus
554 410 627 433 vero
646 397 767 433 domini
788 396 965 432 innocentii
978 393 1083 442 Papae

334 448 417 483 tertii
444 459 528 482 anno
556 447 736 483 undecimo.

374 508 434 539 Dat.
456 509 503 539 die
523 509 561 539 ⁴10
578 509 652 539 iunii
676 509 761 542 1208,
785 508 885 548 pontif.
909 516 984 536 anno
1008 515 1043 535 xi.

667 654 750 689 LIX.

337 732 568 764 Monumentum
590 729 757 761 consecrati
775 728 813 761 ab
834 726 1008 760 Innocentio
1036 725 1086 758 αἰ-

385 780 461 813 taris
489 780 521 812 in
547 778 734 812 monasterio
762 777 872 810 Fossae
895 777 1000 809 Aorno
1024 776 1084 816 (l).

603 850 819 882 SUMMARIUM

336 920 478 950 Altarium
494 919 678 949 consecratio
693 918 722 948 in
739 917 803 955 lege
819 916 919 946 veteri.
933 915 1087 945 —lstoria

375 964 540 995 consecrati
558 963 593 993 ab
612 962 782 992 Innocentio
800 961 911 991 altaris.
935 977 974 983 —
988 960 1089 990 ludul-

376 1009 502 1046 gentiam
523 1007 596 1037 illud
613 1007 660 1036 die
679 1005 881 1036 anniversaria
900 1003 1088 1034 visitantibus

375 1052 519 1084 concedit.
536 1068 576 1074 —
590 1050 797 1081 'Monasterium
815 1050 912 1089 ipsum
932 1048 986 1078 sub
1005 1048 1088 1078 Sedis

376 1096 561 1137 Apostolicae
580 1094 761 1134 protectione
780 1093 916 1132 suscipit.

335 1168 508 1198 Innocentius
526 1167 669 1203 episcopus
687 1172 783 1194 servus
802 1171 942 1194 servorum
966 1163 1020 1196 Dei.
1044 1163 1089 1191 ab·

381 1218 453 1251 bati.
470 1218 498 1246 et
517 1216 663 1246 conventui
682 1216 777 1244 Fossae
796 1215 892 1243 novae.

388 1284 421 1320 Si
456 1284 531 1319 olim
564 1284 595 1318 in
629 1283 726 1318 veteri
747 1281 951 1316 Testamento
984 1279 1090 1315 altaris

938 290 1121 314 brunnum!
1151 288 1310 311 Rouana!

1124 343 1255 382 invitati,
1283 341 1320 376 ad
1356 340 1579 375 monasterium
1603 339 1707 385 ipsum
1735 337 1871 372 descen—

1124 392 1242 431 dimus,
1265 391 1361 426 immo
1374 389 1480 425 verius
1501 387 1704 424 ascendimus
1726 386 1763 422 ad
1778 385 1872 421 Mon-

1124 450 1186 476 tem
1202 440 1325 480 Bethel,
1348 440 1378 474 in
1401 451 1464 487 quo
1485 439 1604 484 degunt
1626 437 1679 471 filii
1703 435 1871 484 propheta—

1126 504 1213 534 rum,
1236 491 1354 525 utinam
1372 489 1424 524 illo
1445 489 1516 534 igne
1534 487 1665 522 caelitus
1686 485 1870 520 inflammati

1125 541 1178 588 qui
1219 539 1393 575 secundum
1433 545 1632 585 praeceptum
1676 535 1870 571 dominicum

1125 603 1250 638 semper
1271 589 1364 624 debet
1392 589 1422 623 in
1442 587 1539 622 Altari
1561 586 1682 626 ardere,
1704 586 1872 632 ipsumque

1125 648 1357 675 sacrosanctum
1373 638 1477 672 Altare
1490 649 1562 670 cum
1582 635 1757 670 honorabili
1781 644 1870 669 coetu

1126 690 1347 737 episcoporum
1379 696 1409 722 et
1442 686 1670 725 cardinalium,
1706 684 1873 719 assistente

1127 739 1264 774 fidelium
1294 737 1492 772 multitudine
1513 735 1651 781 copiosa,
1672 741 1784 781 quarto
1809 733 1872 768 de-

1127 789 1209 824 cimo
1246 787 1393 822 kalendas
1429 785 1495 819 iulii
1527 784 1710 819 solemniter
1738 783 1873 830 propriis

1128 838 1274 873 manibus
1305 836 1575 873 consecravimus,
1612 834 1692 868 hanc
1723 841 1873 879 expeten-

1129 897 1173 922 tes
1200 895 1229 921 et
1257 893 1458 933 expectantes
1485 896 1502 919 a
1523 883 1650 918 Christo
1685 882 1872 921 mercedem,

1130 946 1162 971 ut
1183 937 1329 983 quotiens
1363 947 1458 982 super
1489 933 1564 968 illud
1589 933 1619 967 in
1649 932 1797 979 Mysterio
1823 944 1874 966 sa-

1129 986 1220 1021 lutari
1249 986 1359 1020 mortis
1387 985 1454 1019 eius
1480 982 1630 1018 memoria
1660 981 1875 1029 frequentabi-

1130 1045 1196 1079 tur,
1232 1036 1299 1083 ipse
1325 1035 1364 1069 sit
1399 1032 1495 1068 nostri
1525 1044 1647 1067 memor
1685 1031 1713 1066 in
1738 1031 1874 1071 bonum,

1131 1094 1163 1120 ut
1185 1097 1241 1132 per
1262 1096 1337 1120 snae
1360 1092 1469 1118 mortis
1493 1090 1658 1125 virtutem,
1679 1089 1710 1115 et
1731 1093 1748 1116 a
1775 1089 1875 1115 morte

1132 1134 1242 1181 culpae
1276 1146 1334 1169 nos
1367 1133 1479 1167 liberet
1517 1132 1546 1166 in
1583 1130 1755 1178 praesenti,
1794 1138 1824 1165 et
1859 1142 1874 1165 a

1132 1193 1231 1219 morte
1265 1184 1429 1230 gehenuae
1471 1194 1527 1216 nos
1559 1181 1671 1227 eripiat
1693 1181 1724 1214 in
1761 1179 1876 1224 futuro,

1132 1234 1256 1269 illorum
1287 1233 1346 1280 piis
1369 1231 1514 1280 precibus
1539 1238 1703 1274 exoratus,
1736 1230 1790 1278 qui
1823 1242 1878 1277 pro

1109 1283 1232 1319 1salute
1272 1284 1410 1317 vivorum
1447 1293 1483 1316 ac
1520 1280 1740 1315 defunctorum
1783 1292 1879 1327 super

157 1338 257 1359 mudum
272 1343 326 1357 ⁰⁰¹¹·
339 1334 535 1370 consecratio
561 1332 695 1368 celebris
733 1331 909 1366 habebatur
924 1357 932 1371 ,
972 1338 1090 1377 quanto
1133 1333 1236 1380 ipsum
1258 1332 1352 1367 altare
1380 1330 1596 1365 holocaustum
1619 1329 1645 1364 ei
1668 1329 1799 1364 offerent
1815 1341 1878 1364 me-

143 1370 234 1390 teri-atio
248 1370 267 1388 in
279 1368 326 1393 lego

143 1402 210 1421 vetetl

154 2376 244 2397 thuorin
256 2382 334 2399 cunse-

153 2412 204 2427 -tttli
224 2408 248 2427 ab
269 2405 335 2429 innu-

153 2442 223 2458 ceutio
239 2440 316 2460 altatis.

340 1384 439 1430 magis
465 1395 550 1418 nunc
578 1383 609 1417 in
638 1393 720 1416 novo
741 1380 835 1415 debet
860 1380 1012 1414 solemnis
1033 1379 1092 1413 ha·

341 1433 426 1474 beri,
444 1445 516 1467 cum
534 1444 596 1467 non
613 1431 718 1466 minus
734 1431 814 1464 inter
836 1428 912 1464 illud
942 1437 973 1462 et
994 1428 1090 1468 istud,

340 1494 434 1529 quam
459 1482 539 1516 inter
560 1481 663 1516 lucem
692 1487 723 1514 et
751 1478 907 1518 umbram,
933 1477 1027 1512 distet
1045 1477 1091 1512 al-

341 1541 418 1566 tare.
441 1531 476 1565 In
506 1531 557 1565 illo
578 1542 654 1565 sane
680 1529 821 1564 carnales
843 1535 873 1563 et
895 1527 1091 1562 irrationales

342 1581 462 1616 hostiae
489 1579 724 1619 mactabantur,
753 1578 783 1613 in
822 1577 881 1613 isto
913 1589 986 1611 vero
1014 1576 1089 1611 illud

343 1631 471 1665 unicum
491 1638 521 1664 et
544 1629 700 1664 vivificum
722 1628 943 1662 holocaustum
965 1638 1091 1673 semper

342 1680 482 1721 offertur,
509 1679 593 1726 quod
621 1690 678 1726 pro
710 1676 930 1724 redemptione
962 1675 1089 1710 humani

343 1730 468 1776 generis
493 1728 591 1764 semel
624 1728 655 1762 in
683 1727 744 1762 Ara
775 1726 889 1761 Crucis
919 1725 1018 1760 extitit
1046 1726 1092 1759 vi-

344 1780 520 1820 ctimatum,
542 1777 688 1813 videlicet
709 1776 903 1822 Unigenitus
919 1774 977 1809 Dei
992 1774 1092 1809 Filius

344 1828 432 1864 Iesus
453 1827 613 1868 Christus,
636 1827 719 1862 idem
748 1826 815 1873 ipse
837 1825 1040 1864 sacrificium,
1062 1833 1091 1858 et

343 1878 513 1922 sacerdos,
549 1878 601 1925 qui
637 1885 666 1910 et
702 1876 835 1923 pretium
876 1887 909 1909 se
936 1874 1022 1908 dedit
1062 1874 1090 1907 in

344 1927 460 1969 Cruce,
489 1935 521 1962 ut
545 1926 695 1967 moriens,
723 1924 833 1959 fideles
859 1936 933 1959 suos
954 1936 970 1958 a
993 1932 1091 1957 morte

346 1977 525 2020 redimeret,
547 1975 653 2010 cibum
683 1987 716 2009 se
739 1974 850 2009 tribuit
877 1974 905 2008 in
934 1973 1035 2013 altari,
1058 1981 1091 2007 ut

345 2027 454 2062 vivens
475 2026 585 2061 fideles
605 2037 681 2060 suos
707 2024 767 2058 alat
789 2023 826 2059 ad
850 2023 955 2063 vitam,
983 2023 1093 2056 incor-

347 2088 463 2124 porans
483 2075 542 2111 sibi
564 2074 633 2110 eius
647 2074 788 2116 edentes,
804 2081 837 2107 ut
861 2084 915 2119 per
932 2072 988 2106 hoc
1008 2072 1091 2119 quod

345 2126 465 2172 accepit
499 2126 567 2173 ipse
602 2123 642 2159 de
683 2131 807 2162 nostro,
851 2131 881 2156 et
919 2122 1094 2168 accipimus

347 2175 405 2222 ipsi
432 2175 471 2210 de
497 2187 568 2216 suo,
596 2174 626 2208 in
663 2185 758 2207 unum
786 2183 920 2218 corpuS,
948 2179 1094 2217 caputet

346 2225 487 2260 membra
523 2222 730 2259 insolubiliter
757 2222 913 2265 uniamur,
940 2221 1008 2267 ipso
1043 2233 1094 2255 ro-

347 2282 451 2320 gante,
479 2282 513 2309 ut
546 2285 657 2308 omnes
691 2272 721 2306 iu
745 2272 825 2318 ipso,
852 2271 932 2305 sicut
961 2271 1027 2317 ipse
1064 2270 1092 2304 in

347 2324 440 2359 Patre
462 2336 498 2359 ac
521 2323 612 2358 Pater
632 2323 662 2356 in
686 2322 766 2369 ipso,
793 2321 855 2355 sint
878 2331 989 2355 unum.
1012 2319 1092 2354 Cum

348 2386 426 2421 ergo
449 2385 596 2420 magnum
624 2380 655 2406 et
680 2370 813 2406 arduum
847 2370 887 2405 sit
921 2381 1096 2404 sacramen-

351 2431 416 2458 tum
439 2423 574 2462 Altaris,
610 2422 719 2468 utique
746 2421 838 2467 longe
873 2419 974 2454 maius
1001 2431 1094 2466 quam

350 2485 412 2508 non
442 2472 601 2520 possimus
626 2471 746 2514 ordiri,
774 2470 812 2505 ad
847 2471 1094 2505 consecrandum

351 2523 381 2557 in
403 2522 593 2557 monasterio
615 2528 716 2555 vestro
738 2531 854 2554 novum
878 2519 984 2559 altare,
1011 2517 1095 2565 quod

351 2572 380 2605 in
418 2584 494 2607 nova
527 2571 652 2606 basilica
688 2569 842 2612 erexistis,
869 2580 884 2603 a
914 2568 1002 2603 vobis
1023 2580 1094 2602 cum

352 2620 447 2655 multa
469 2620 710 2667 supplicationis
732 2619 891 2658 instantia,
915 2618 1097 2653 multotiens

386 2686 425 2720 (t)
442 2686 479 2711 Ex
500 2685 599 2717 Batuz„
618 2685 661 2711 lib.
683 2693 720 2716 xi,
741 2685 822 2718 Epist,
844 2684 901 2709 l2't.

1131 1382 1297 1417 dullatum.
1307 1381 1349 1416 Ut
1359 1381 1451 1427 igitur
1463 1380 1562 1427 ipsius
1572 1379 1676 1414 altaris
1684 1379 1877 1414 consecratio

1133 1431 1308 1467 veneranda
1335 1430 1468 1476 singulis
1494 1429 1584 1464 annis
1619 1429 1761 1463 devotius
1793 1428 1877 1464 cele-

1132 1481 1251 1522 bretur,
1274 1481 1427 1515 universis
1445 1479 1498 1527 qui
1521 1479 1558 1513 ad
1575 1478 1786 1513 celebritatem
1805 1490 1878 1513 con-

1110 1531 1317 1568 lsecrationis
1350 1531 1450 1577 ipsius
1483 1528 1561 1563 infra
1595 1527 1777 1574 quindecim
1808 1527 1878 1563 dies

1132 1579 1242 1614 devote
1264 1579 1479 1618 convenerint,
1501 1577 1540 1612 de
1562 1578 1710 1612 iniunctis
1731 1577 1790 1612 sibi
1808 1589 1879 1624 poe-

1132 1629 1273 1664 nitentiis
1297 1641 1351 1676 pro
1374 1627 1510 1675 peccatis
1531 1627 1757 1673 indulgentiam
1786 1627 1879 1661 unius

1132 1679 1203 1713 anui
1226 1678 1444 1721 concedimus,
1466 1677 1505 1711 de
1528 1677 1610 1711 illius
1633 1677 1747 1724 pietate
1767 1677 1877 1711 confisi

1133 1729 1184 1775 qui
1208 1737 1254 1763 est
1278 1727 1420 1762 remissio
1438 1735 1647 1773 peccatorum.
1665 1726 1753 1760 Licet
1774 1734 1876 1761 autem

1133 1778 1357 1812 monasterium
1380 1785 1519 1811 vestrum
1537 1777 1615 1810 iuris
1630 1785 1660 1810 et
1678 1776 1878 1823 proprietatis

1132 1828 1171 1861 sit
1194 1827 1287 1861 Sedis
1314 1827 1515 1874 Apostolicae
1541 1826 1694 1874 speciale,
1724 1825 1796 1872 quia
1823 1833 1876 1860 ta—

1132 1889 1204 1910 meu
1239 1889 1275 1911 ex
1297 1876 1357 1911 hoc
1390 1876 1466 1910 iuris
1493 1883 1524 1910 et
1547 1875 1747 1922 proprietatis
1778 1875 1877 1922 ipsius

1132 1926 1218 1973 quasi
1246 1926 1413 1973 specialius
1446 1932 1490 1959 est
1525 1925 1684 1965 effectum,
1712 1937 1769 1959 nos
1800 1924 1875 1959 illud

1133 1976 1192 2010 sub
1211 1975 1339 2022 speciali
1357 1987 1442 2014 cura,
1462 1982 1492 2009 et
1509 1974 1673 2022 principali
1687 1974 1779 2009 tutela
1797 1975 1876 2009 beati

1133 2024 1216 2059 Petri
1235 2025 1428 2072 suscipimus
1442 2036 1513 2058 cum
1529 2025 1675 2059 omnibus
1691 2025 1784 2059 relius
1799 2037 1877 2071 quas

1134 2074 1164 2108 in
1200 2075 1448 2121 praesentiarum
1479 2074 1560 2108 iusto
1592 2074 1684 2108 titulo
1719 2073 1876 2120 possidet,

1133 2131 1185 2158 aut
1213 2124 1242 2158 in
1265 2123 1404 2158 futurum
1435 2124 1524 2158 iustis
1546 2123 1646 2158 modis
1675 2124 1786 2171 poterit
1807 2123 1877 2158 adi-

1136 2173 1225 2220 pisci,
1253 2181 1284 2207 ut
1307 2173 1480 2209 secundum
1510 2172 1668 2219 privilegia
1692 2172 1878 2219 praedeces-

1134 2234 1240 2257 sorum
1277 2231 1456 2258 nostrorum
1484 2235 1519 2257 ac
1548 2231 1651 2257 nostra
1677 2234 1804 2269 semper
1825 2235 1878 2256 eas

1135 2272 1202 2306 siue
1216 2272 1462 2307 contradictione
1478 2273 1646 2319 possideat,
1659 2272 1800 2317 gaudeus
1814 2271 1879 2305 uhi-

1135 2333 1196 2368 que
1224 2322 1395 2369 privilegiis
1426 2331 1456 2358 et
1491 2321 1695 2367 indulgentiis
1727 2321 1878 2355 universis

1136 2378 1197 2405 tam
1220 2372 1431 2417 generalibus,
1453 2384 1546 2419 quam
1574 2371 1666 2406 etiam
1688 2370 1878 2416 specialibus

1136 2432 1152 2455 a
1173 2420 1255 2455 Sede
1271 2421 1450 2468 Apostolica
1466 2421 1647 2469 impetratis.
1668 2418 1812 2454 Cunctos
1827 2421 1879 2466 igi-

1137 2477 1186 2504 tur
1213 2470 1312 2518 ipsius
1334 2472 1400 2506 iura
1427 2479 1587 2506 servantes
1614 2469 1784 2517 apostolica
1822 2470 1880 2504 be-

1137 2519 1274 2555 nedictio
1295 2528 1514 2568 prosequatur,
1533 2532 1649 2567 eosque
1669 2519 1773 2554 divina
1787 2519 1881 2554 Maie-

1137 2577 1210 2613 stas,
1233 2579 1262 2605 et
1285 2570 1430 2604 iustificet
1452 2570 1482 2604 in
1506 2569 1659 2617 praesenti
1677 2578 1707 2604 et
1728 2568 1879 2615 glorificet

1138 2618 1167 2652 in
1191 2619 1306 2654 futuro.
1333 2620 1525 2655 Turbatores
1550 2628 1652 2654 autem
1675 2619 1786 2666 ipsius,
1820 2619 1879 2654 nisi

1137 2670 1319 2705 couuuouiti
1354 2669 1556 2716 resipuerint,
1595 2681 1663 2703 reos
1703 2681 1735 2704 se
1775 2668 1880 2703 divino

1885 281 1934 307 An.
1952 279 1984 306 C:
1999 279 2066 306 ¹208

1908 1381 2060 1409 lndutgenunm

1891 1413 1941 1434 illud
1956 1414 1989 1434 diu
2011 1415 2075 1434 anni-

1890 1445 1985 1465 versari:
2022 1445 2075 1465 vist-

1891 1475 1982 1496 rantibus
1998 1479 2075 1496 couce-

1891 1507 1928 1527 dit.

1906 1976 2054 1998 Monosterium

1893 2009 1960 2035 ipsum
1979 2008 2016 2029 sub
2035 2008 2077 2028 Se-

1893 2041 1925 2061 dis
1940 2039 2075 2066 Apostolieae

1893 2071 2027 2098 protectione
2044 2075 2077 2089 su-

1893 2104 1955 2130 scipit

2092 313 2113 343 ς,
