2129 3223
50 238 101 266 An.
115 240 144 265 C.
166 239 232 265 ¹268

63 790 144 810 tentus
154 796 175 811 ιιι
191 789 232 810 Ita-

47 820 94 840 liam
109 821 230 846 ingressus,

47 852 87 871 nisi
101 850 156 871 forte
167 851 231 872 vellet

46 887 69 902 se
91 882 159 904 cidem
181 880 230 904 Sedt
247 884 253 889 “

0 940 4 941 ⁷
47 915 195 940 praesent-ro:

58 2541 98 2562 Sed
114 2548 160 2562 cum
176 2540 231 2562 Pon-

45 2573 109 2592 tineis
142 2573 230 2599 imperia

863 239 1008 264 CLEMENS
1035 240 1068 262 tv
1095 240 1143 263 1²1³.

247 292 349 339 ptorio
376 293 435 328 sibi
459 294 593 328 termino
614 294 854 339 assignavimus,
878 306 932 341 per
953 306 998 338 sc,

249 342 292 377 rel
308 354 364 390 per
387 351 622 389 procuratorem
644 343 791 378 idoneum
812 356 882 378 cnm
905 343 998 390 pleno

246 399 275 426 vt
301 391 467 427 sufficienti
493 392 652 434 mandato,
680 393 853 439 apostolico
874 405 907 427 se
928 405 996 427 con

244 440 364 488 spectui
399 449 634 488 praesentaret,
662 454 871 488 responsurus
904 454 998 488 super

245 489 412 536 praedictis
438 489 633 533 excessibus,
657 499 688 526 et
710 491 823 525 nostris
848 503 884 525 ac
913 492 998 525 eius-

244 539 314 573 dem
331 538 494 575 Ecclesiae
510 540 713 587 beneplacitis
727 541 900 587 pariturus,
923 539 996 575 alio-

244 588 318 635 quin
341 600 379 624 ex
393 596 481 633 tunc,
494 589 594 637 ipsius
608 601 668 624 non
686 589 829 624 obstante
844 590 996 627 absentia,

245 637 489 684 procederemus
510 638 636 685 gravius
657 647 765 673 contra
793 651 879 677 eum,
905 647 997 684 prout

246 686 424 722 videremus
437 688 626 734 expediens,
636 700 672 722 ac
685 688 800 722 iustitia
816 688 995 734 postularet.

293 739 309 779 ἕ
328 737 360 770 6.
385 735 421 770 Et
445 737 518 784 quia
539 737 682 772 eiusdem
705 735 877 771 Conradini
907 749 997 783 prae-

246 794 429 833 sumptuosa
463 786 641 830 temeritas,
672 785 895 833 fautorumque
922 798 997 819 suo-

247 847 316 868 rum
349 834 523 870 manifestis
556 836 682 870 indiciis
715 835 847 869 revelata
881 834 995 869 malitia

248 895 333 930 ipsos
359 883 466 923 nobis,
500 893 561 920 tam
589 897 626 920 ex
660 885 762 920 causis
795 885 995 931 praemissis,

245 945 339 981 quam
362 945 399 968 ex
426 933 493 968 aliis
515 934 553 968 de
578 934 753 969 turbatione
772 942 869 968 status
892 933 995 968 Italiae

245 981 420 1018 reddebant
455 983 618 1018 manifesta
656 984 775 1018 ratione
811 991 995 1030 suspectos;

244 1043 315 1075 nos,
336 1031 404 1066 de
398 1044 538 1079 ipsorum
563 1031 692 1067 fratrum
715 1031 902 1075 consilio,in
917 1031 996 1067 festo

243 1078 449 1116 Ascensionis
482 1080 668 1116 Dominicae
702 1089 858 1116 transacto
890 1082 996 1116 novis-

244 1129 336 1170 sime,
358 1129 389 1164 in
412 1129 471 1164 hac
495 1129 605 1165 eadem
629 1129 819 1165 viterbiensi
844 1130 995 1170 Ecclesia,

244 1178 447 1213 multitudine
484 1187 647 1221 praesente
685 1178 823 1213 fidelium
841 1206 850 1224 ,
892 1180 993 1214 eidem

243 1226 425 1262 Conradino
460 1227 636 1274 ingressum
673 1227 780 1262 Italiae
815 1229 996 1264 curavimus

243 1275 386 1311 inhibere
407 1276 596 1321 districtius,
611 1289 648 1312 eo
666 1285 770 1312 tamen
792 1277 890 1317 salio,
909 1278 993 1325 quod

243 1326 269 1360 si
303 1324 340 1360 ad
368 1334 506 1360 nostram
539 1327 745 1372 praesentiam
782 1325 859 1360 infra
887 1328 995 1362 termi-

243 1386 334 1418 num,
359 1386 453 1422 quem
482 1375 518 1409 ad
539 1375 607 1410 -hoc
634 1375 692 1410 sibi
721 1375 932 1415 duxeramus
961 1384 994 1410 ut

243 1424 468 1471 praemittitur,
496 1424 751 1471 praeficendum,
788 1404 995 1471 personaliter

242 1480 274 1507 et
297 1473 425 1519 pacifice
453 1474 560 1509 venire
588 1474 691 1514 vellet,
728 1474 883 1508 mandatis
916 1487 995 1521 apo-

243 1521 364 1557 stolicis
385 1522 563 1570 paritur3us
590 1531 621 1558 et
646 1535 742 1570 super
759 1522 818 1557 hoc
839 1535 895 1557 nos
911 1536 994 1578 prae-

242 1570 414 1606 certificare
436 1580 560 1607 curaret
580 1580 720 1619 tempore
739 1580 930 1627 opportuno,
953 1572 993 1608 iia

241 1619 445 1656 studeremus
472 1621 636 1668 providere
659 1622 796 1668 negotio,
826 1622 910 1668 quod
934 1621 992 1656 sibi

242 1682 374 1705 securus
401 1682 437 1705 ac
462 1671 576 1705 nostris
602 1680 633 1706 et
659 1670 822 1706 Ecclesiae
846 1671 994 1706 fidelibus

243 1731 305 1753 non
327 1727 494 1766 suspectus
513 1720 550 1754 ad
576 1720 690 1755 Sedem
713 1720 857 1754 eamdem
876 1728 994 1766 pateret

242 1779 400 1803 accessus.
423 1768 551 1810 Quodsi
571 1770 670 1814 aliter,
685 1778 792 1803 contra
812 1768 992 1803 mandatum

243 1825 384 1852 nostruin
408 1826 438 1852 et
463 1817 556 1853 Sedis
575 1819 686 1865 ipsius,
700 1817 922 1852 Lonibardiain
946 1818 991 1853 vel

242 1865 320 1901 alias
341 1874 447 1914 partes
487 1867 593 1902 ltaliae
625 1867 760 1908 intrare,
795 1876 847 1901 aut
875 1868 993 1913 capita-

243 1927 337 1952 neum
364 1925 418 1952 aut
444 1916 599 1959 militiam,
620 1929 676 1951 seu
698 1917 788 1951 aliam
811 1929 994 1963 quamcum-

243 1977 303 2013 que
334 1975 459 2012 gentem
483 1966 556 2000 illuc
578 1966 735 2001 destinare
762 1974 991 2013 praesumeret;

243 2027 302 2050 nos
328 2022 389 2050 tam
413 2015 516 2062 ipsum
543 2014 774 2054 Conradinum,
801 2027 894 2062 quam
923 2027 993 2049 om-

244 2075 300 2100 nes
321 2063 403 2109 illos,
425 2064 479 2111 qui
506 2076 580 2099 cum
601 2076 638 2099 eo
661 2065 803 2098 venerint
826 2064 928 2099 taliter
945 2064 990 2098 vel

243 2124 300 2159 pro
314 2113 396 2159 ipso,
417 2125 542 2148 necnon
564 2120 594 2148 et
608 2125 718 2147 omnes
733 2113 813 2152 illos,
835 2113 890 2160 qui
918 2125 990 2148 eum

244 2161 290 2197 vel
317 2163 479 2197 venientes
502 2173 557 2209 pro
583 2174 631 2204 eo,
660 2163 850 2209 reciperent,
875 2174 930 2197 seu
952 2162 990 2197 ad

243 2211 383 2259 ipsorum
405 2211 575 2246 adventum
600 2211 645 2245 vel
669 2212 834 2246 transitum
863 2212 909 2246 eis
937 2223 992 2258 per

242 2273 277 2297 se
300 2260 347 2296 vel
368 2273 425 2308 per
445 2259 540 2295 alium
564 2259 675 2295 darent
695 2261 864 2304 auxilium,
885 2261 991 2295 consi-

243 2309 319 2345 lium
342 2310 390 2346 vel
416 2309 551 2344 favorem
576 2308 738 2356 publicum
753 2309 800 2344 vel
819 2309 989 2349 occultum,

242 2371 280 2394 ex
302 2366 376 2394 tunc
397 2358 733 2394 excommunicationis
753 2358 908 2393 sententia
931 2358 990 2393 du-

242 2408 348 2443 ximus
369 2406 578 2442 innodandos.

291 2460 307 2500 ς
330 2461 362 2491 7.
388 2456 524 2493 Demum
549 2455 668 2490 veroin
691 2454 769 2490 festo
784 2455 990 2491 dedicationis

244 2505 390 2541 basilicae
426 2505 584 2552 Principis
604 2504 848 2550 Apostolorum,
871 2517 928 2552 pro
953 2517 989 2540 eo

219 2555 326 2602 ,quod
355 2554 439 2594 idem
466 2553 668 2589 Conradinus
695 2554 846 2601 praefatas
867 2563 990 2589 nostras

45 2603 136 2629 ''⁰¹³¹''
165 2603 464 2647 ⁹¹³0-1nhib1nones‚
507 2603 786 2645 comminationes,
819 2604 990 2639 sententias

1667 231 1735 264 795

1039 293 1283 337 contemnendo,
1299 306 1359 329 non
1375 294 1478 329 solnm
1497 306 1512 329 a
1538 294 1708 341 praedictis
1725 294 1785 329 sibi

1040 352 1100 377 tarn
1124 343 1318 387 solemniter,
1347 352 1406 378 tam
1425 343 1587 379 manifeste
1608 356 1644 379 ac
1669 345 1788 379 seriose

1040 391 1204 439 prohibitis
1233 392 1390 427 abstinere
1413 394 1616 440 contempsit,
1650 404 1685 427 se
1713 393 1789 428 filso

1038 453 1073 475 ac
1113 449 1229 476 temere
1262 441 1400 487 gerendo
1437 454 1491 487 pro
1531 454 1604 489 rege
1643 442 1790 486 Siciliae,

1038 490 1166 525 utendo·
1184 490 1304 537 sigillo,
1332 491 1540 526 intitulatione
1574 503 1610 526 ac
1637 490 1790 526 denomi-

1040 540 1164 574 natione
1184 540 1377 587 praemissis,
1392 549 1419 573 et
1437 553 1508 575 cum
1533 540 1790 587 persecutoribus

1040 588 1199 623 Ecclesiae
1238 600 1274 624 ac
1300 590 1383 634 regis
1403 588 1531 624 Siciliae
1556 590 1788 636 praedictorum

1037 650 1070 672 se
1094 638 1122 672 in
1147 638 1279 672 diversis
1307 638 1415 672 mundi
1440 639 1578 683 partibus
1606 640 1634 672 in
1662 651 1790 673 eorum-

1037 688 1108 721 ‹lern
1132 686 1292 722 Ecclesiae
1326 700 1361 721 ac
1389 689 1470 733 rogis
1504 688 1730 734 praeiudicium
1758 697 1789 722 et

1039 736 1158 782 pacifici
1186 744 1285 770 status
1309 736 1412 771 ltaliae
1439 736 1662 775 turbationem,
1697 738 1789 771 variis

1039 785 1227 820 factionibus
1249 786 1458 829 implicando,
1482 798 1587 820 rerum
1611 788 1704 820 etiam
1727 787 1788 820 Ve-

1038 847 1205 869 ronensem
1244 836 1401 869 civitatem
1425 847 1496 870 cum
1531 835 1654 875 militia,
1681 835 1788 880 elapso

1037 884 1158 918 dudum
1186 884 1286 919 dictae
1313 885 1473 919 citationis
1504 886 1650 922 termino,
1674 885 1788 919 intrare

1038 934 1259 980 praesumpsit,
1281 946 1314 968 se
1338 935 1414 968 ultra
1439 933 1515 968 velle
1538 934 1681 981 progredi
1705 946 1789 968 com-

1036 983 1176 1023 minans,
1199 992 1228 1017 et
1249 984 1286 1017 atl
1310 983 1396 1030 regni
1421 984 1564 1018 eiuslem
1594 984 1787 1017 invasionem

1037 1031 1201 1067 intendere
1233 1032 1330 1067 nimis
1367 1040 1627 1079 praesumptuose
1664 1032 1787 1077 procla-

1038 1093 1142 1124 mans,
1169 1082 1246 1116 alias
1271 1089 1378 1116 contra
1405 1081 1625 1123 inhibitiones,
1653 1082 1786 1115 commi-

1038 1130 1180 1165 nationes
1207 1138 1236 1165 et
1263 1131 1433 1166 sententias
1464 1131 1638 1174 praedictas
1666 1138 1785 1165 temere

1035 1179 1203 1219 veniendo,
1226 1191 1283 1214 nos
1305 1180 1343 1213 de
1366 1179 1494 1214 fratrum
1510 1179 1695 1214 eorumdem
1714 1191 1784 1213 con·

1035 1229 1104 1262 silio
1126 1228 1342 1263 Conradiuum
1368 1229 1514 1262 eumdem
1540 1229 1570 1262 in
1592 1229 1648 1262 bac
1674 1229 1782 1262 eailem

1803 237 1895 264 Amc

1801 303 1831 318 5Ρί
1838 298 1860 317 lit
1856 304 1872 317 vn
1894 304 1929 317 M'tt
1945 302 1972 317 uti

1820 336 1838 348 Ι
1853 336 1905 349 'titul
1917 336 1987 350 Ιῐ),[0·

1802 359 1844 379 dici
1839 364 1862 378 ns

1914 238 1982 265 12le

1812 1231 1923 1251 Excutimur
1935 1240 1953 1248 il·
1964 1237 1983 1248 ν

1798 1266 1831 1281 tus
1844 1263 1982 1282 ilextittl«.·=:ltss’

1037 1276 1175 1311 Ecclesia
1199 1277 1459 1312 denunciavimus
1478 1279 1568 1311 latam
1587 1279 1616 1312 in
1636 1289 1708 1311 eum
1730 1290 1784 1324 per
1813 1298 1843 1311 ψη
1860 1298 1902 1311 ω
1918 1297 1929 1310 ι
1945 1291 1983 1310 ςα-

1037 1338 1110 1366 nos,
1147 1334 1179 1360 ut
1202 1327 1422 1373 praemittitur,
1449 1327 1784 1361 excommunicationis

1035 1376 1222 1410 sententiam
1251 1376 1431 1415 incurrisse,
1454 1376 1493 1410 de
1516 1388 1596 1411 noro
1624 1376 1785 1410 nibilomi-

1037 1436 1096 1458 nus
1123 1437 1159 1458 ex
1192 1424 1309 1459 eisdem
1342 1426 1444 1459 causis
1470 1425 1785 1460 excommunicantes

1035 1473 1197 1517 eumdem,
1224 1486 1259 1508 ae
1286 1486 1398 1508 omnes
1424 1482 1453 1508 et
1474 1474 1636 1521 singulos,
1669 1475 1693 1509 si
1730 1474 1786 1521 qui

1034 1523 1071 1557 ad
1097 1522 1318 1569 praestandum
1342 1523 1370 1556 ei
1393 1526 1490 1569 super
1517 1523 1697 1570 praemissis
1724 1523 1786 1558 iin-

1036 1573 1121 1617 perio
1143 1572 1208 1606 sire
1231 1584 1326 1619 regno
1348 1573 1512 1612 auxilium,
1534 1573 1701 1606 consilium
1739 1573 1786 1608 vel

1034 1620 1170 1656 favorem
1195 1622 1319 1656 vinculo
1342 1622 1508 1657 iuramenti
1538 1621 1784 1663 adstrinxerunt,

1034 1670 1258 1705 denuntiantes
1292 1670 1468 1705 iuramento
1503 1671 1683 1705 huiusmodi
1720 1683 1784 1706 non

1036 1720 1146 1758 teneri,
1170 1727 1201 1753 et
1222 1719 1261 1753 ab
1287 1719 1505 1753 observatione
1533 1721 1632 1766 ipsius
1653 1732 1707 1754 eos
1735 1721 1784 1754 ni-

1036 1768 1205 1803 bilominus
1231 1768 1439 1803 absolventes.
1461 1768 1503 1803 Et
1522 1770 1545 1802 si
1563 1769 1666 1804 forsan
1683 1769 1712 1803 in
1729 1769 1785 1804 hu-

1036 1817 1171 1851 iusmodi
1201 1818 1353 1864 propositi
1385 1830 1441 1852 seu
1474 1817 1672 1865 obligationis
1708 1831 1783 1866 pro-

1034 1867 1196 1901 secutione
1228 1868 1442 1914 persisterent,
1477 1879 1531 1902 cos
1564 1880 1602 1902 ex
1628 1877 1704 1902 tunc
1726 1881 1783 1903 ex·-

1034 1917 1331 1951 communicationis
1361 1917 1516 1952 sententia
1549 1916 1699 1953 duximus
1734 1918 1782 1952 in-

1033 1965 1209 2000 nodanilos.

1081 2017 1097 2057 ἕ
1119 2016 1150 2049 8.
1174 2014 1346 2048 Memorato
1371 2014 1501 2061 iusuper
1527 2013 1709 2051 Conradino
1724 2027 1782 2050 ex-

1034 2075 1140 2109 presse
1163 2076 1197 2098 ac
1224 2064 1364 2098 districte
1383 2063 1613 2104 mandavimus
1646 2073 1679 2099 ut
1701 2065 1779 2099 infra

1034 2124 1188 2152 mensem,
1210 2125 1247 2147 ex
1269 2121 1344 2148 tunc
1370 2112 1632 2160 computandum,
1655 2114 1694 2147 de
1715 2113 1780 2148 Ve--

1033 2173 1107 2197 rona
1129 2170 1160 2197 et
1187 2170 1248 2196 tota
1276 2162 1362 2196 ltalia
1388 2174 1461 2197 cum
1489 2163 1574 2196 omni
1603 2175 1659 2197 sua
1685 2171 1781 2208 gente

1032 2211 1161 2245 omnino
1191 2211 1382 2255 discederet,
1409 2224 1468 2246 nec
1495 2211 1534 2246 de
1568 2211 1699 2257 imperio
1734 2213 1781 2246 rel

1032 2259 1129 2300 ltalia,
1148 2268 1179 2294 et
1196 2260 1374 2306 specialiter
1395 2260 1435 2295 de
1456 2272 1553 2306 regno
1569 2260 1709 2301 Siciliae,
1727 2268 1782 2295 aut

1031 2309 1134 2356 aliqua
1162 2318 1248 2355 parte
1275 2310 1375 2356 ipsius
1401 2310 1455 2352 (in
1488 2321 1551 2356 quo
1577 2321 1663 2349 euin,
1696 2310 1781 2344 sicut

1032 2369 1086 2404 per
1119 2358 1306 2393 sententiam
1340 2358 1440 2392 felicis
1467 2357 1694 2392 recordationis
1719 2357 1779 2394 In-

1032 2407 1166 2442 nocentii
1181 2407 1431 2454 praedecessoris
1453 2407 1550 2440 nostri
1580 2407 1610 2440 in
1630 2407 1778 2442 eumdem

1030 2468 1121 2490 arum
1144 2456 1242 2503 ipsius
1263 2456 1355 2490 latam
1374 2456 1403 2489 in
1420 2456 1552 2490 concilio
1572 2455 1778 2501 Lugilunensi

1030 2505 1193 2539 evidenter
1217 2513 1356 2546 eonstat;
1383 2513 1413 2540 et
1436 2516 1493 2539 nos
1514 2504 1605 2539 etiam
1630 2513 1705 2539 tunc
1723 2505 1778 2540 de-

1031 2553 1216 2588 claravimus
1237 2562 1360 2600 aperte,
1394 2553 1444 2588 ius
1475 2553 1602 2600 aliquod
1633 2566 1693 2588 non
1721 2554 1778 2588 lia-

1031 2602 1122 2647 bere)
1145 2615 1179 2638 se
1195 2602 1233 2637 de
1252 2611 1375 2638 caetero
1397 2615 1452 2650 per
1473 2615 1519 2644 se,
1547 2602 1594 2638 vel
1609 2615 1666 2650 per
1678 2603 1776 2639 aliurn

1798 1326 1876 1343 mffnle,

1803 2018 1875 2039 lusus
1887 2019 1977 2040 Verona.

1794 2053 1856 2076 atqu]
1870 2049 1929 2069 ltilia
1951 2051 1963 2068 ,ἷι

1794 2086 1829 2102 ια
1839 2082 1890 2102 pra·
