2129 3223
24 902 27 905 .
61 885 108 908 tm.

60 237 118 265 Ἀιι.
138 236 156 264 C
186 236 251 264 ¹216

265 289 381 324 Mariae
408 288 447 323 dc
475 285 648 328 Sabucclo,
672 284 804 319 Sanctae
832 284 947 319 Mariae
973 283 1010 318 de

263 337 411 382 Toralbo,
429 336 562 370 Sanctae
584 334 700 370 Mariae
723 333 762 368 dc
778 332 917 373 Tanede,
934 333 1011 368 San-

264 387 304 422 cti
331 385 415 421 Petri
438 385 477 419 de
499 384 675 429 Tricinglo,
698 382 804 417 Sancti
827 382 958 422 Nicolai‚
981 390 1008 417 et

262 435 397 471 Sanctae
416 433 534 469 Mariae
556 433 586 467 in
607 432 694 467 Solio
716 444 788 466 cum
813 431 1009 477 pertiuentiis

261 495 382 528 earum,
400 482 434 518 S.
457 481 576 517 Nicolai
596 481 634 516 de
652 480 774 519 Talasa,
793 480 826 515 S.
846 480 1008 515 Michaelis

262 533 293 567 in
327 531 483 571 Ferucisi,
517 531 622 566 Sancti
649 529 777 575 Georgii
815 529 843 563 in
878 529 1006 569 Ticillo,

261 581 365 616 Sancti
395 580 478 615 Petri
508 580 547 615 de
581 579 765 617 Simbrano,
787 578 894 613 Sancti
923 578 1005 612 Petri

259 631 291 665 in
313 630 446 674 Nurclii,
468 629 501 664 S.
525 628 643 664 Nicolai
667 628 705 662 de
727 627 880 673 Ugulsuli,
898 626 1004 661 Sancti

259 679 408 714 lobannis
435 687 464 713 et
493 678 599 713 Sancti
614 677 723 712 Heliae
742 676 780 710 de
801 676 895 710 Sitin.
916 675 1006 711 Prac-

75 731 244 774 seffl‘ssssflflm·
259 737 340 763 terea
364 736 484 774 patrum
505 736 682 762 nostrorum
707 726 813 760 beatae
836 726 1005 759 memoriae

63 767 115 784 Μ’
156 769 243 791 ’ΜΨ
260 777 376 813 Urbani
402 785 433 811 et
465 776 594 817 Calixti‚
622 776 780 811 dictorum
814 773 1001 812 Clementis,

62 795 148 816 abbates
169 798 243 816 caete-

63 826 91 846 '³⁸
119 830 155 852 '³²'
178 824 287 861 ⁰⁶⁶³‘et
314 827 486 862 lnnocentii
511 825 724 860 Romanorum
743 823 932 858 Pontilicum
957 836 1004 858 vc-

62 856 144 876 ‘tenuem
178 861 346 923 Wu'stigia
372 875 624 922 subsequentes,
653 882 787 908 vestrum
816 872 1001 907 coenobium

254 925 384 960 caeteris
408 937 462 972 per
484 924 689 959 Occidentem
713 922 872 958 caenobiis
888 922 1003 969 praefe-

254 973 418 1009 ferendum
449 974 638 1012 asserimus,
670 980 699 1007 et
736 981 797 1006 tam
827 979 872 1015 te,
907 983 1000 1018 quarn

253 1035 454 1058 successores
482 1031 552 1058 tuos
578 1023 608 1057 in
637 1021 722 1056 omni
750 1028 905 1055 conventu
934 1020 1001 1067 epi-

252 1083 433 1120 scoporum,
456 1084 511 1106 seu
536 1072 714 1119 principum
737 1069 920 1116 superiores
940 1081 1000 1103 om-

253 1121 345 1156 nibus
367 1120 533 1156 abbatibus
554 1120 743 1159 consedere,
774 1126 867 1165 atquc
895 1119 926 1152 in
950 1119 1000 1153 iu-

251 1170 342 1206 diciis
363 1170 500 1218 priorem
523 1170 653 1205 caeteris
676 1168 766 1204 vestri
789 1168 907 1202 ordinis
923 1168 1000 1202 iuris

91 1256 97 1262 ,
250 1219 436 1255 sententiam
457 1219 597 1267 proferre
615 1219 785 1254 sancimus.
802 1217 901 1252 Usum
925 1229 1000 1264 quo-

69 1271 156 1298 ⁸¹¹¹¹⁰¹⁵⁷
194 1274 236 1294 Μ·
251 1280 315 1316 que
353 1280 578 1315 compagorum
595 1296 602 1308 ,
646 1268 875 1302 chirotecarum
892 1294 901 1304 ,
943 1274 999 1300 tu-

56 1306 163 1355 {2⁸:315ss
177 1307 236 1354 ''offan-¹
250 1318 350 1362 nicae,
375 1317 561 1353 dalmaticae
586 1329 622 1352 ac
649 1316 769 1358 mitrae,
792 1316 909 1362 virgam
937 1327 999 1361 pa-

55 1365 118 1386 “ffl‘
250 1366 396 1402 storalem
431 1374 462 1401 et
488 1365 707 1414 quotidianum
742 1377 833 1399 usum
870 1364 997 1404 annuli,

250 1425 311 1451 tam
338 1415 406 1455 tibi,
432 1416 474 1450 fili
496 1416 612 1459 abbas,
640 1426 735 1462 quam
758 1412 999 1449 successoribus

250 1465 312 1500 tuis
352 1465 535 1500 auctoritate
573 1463 741 1511 apostolica
785 1462 995 1508 indulgemus.

248 1515 332 1550 Saue
357 1522 420 1549 tam
447 1515 478 1549 in
506 1515 576 1562 ipso
599 1512 768 1548 venerabili
795 1511 996 1551 monasterio,

247 1575 342 1611 quam
369 1563 401 1597 in
424 1563 512 1598 cellis
541 1563 610 1598 eius
636 1561 806 1597 cuiuslibet
837 1560 998 1595 Ecclesiae

247 1613 432 1660 episcopum
466 1613 511 1647 vel
552 1611 746 1647 sacerdotem
778 1619 900 1657 praeter
929 1609 998 1644 Ro-

249 1673 376 1697 manum
404 1661 590 1696 Pontificem
627 1661 778 1695 ditionem
801 1658 996 1707 quamlibet,

247 1719 301 1746 aut
333 1710 647 1751 excommunicandi,
683 1717 735 1744 aut
771 1708 996 1748 interdicendi,

247 1767 341 1808 atque
370 1759 410 1796 ad
449 1759 603 1807 synodum
641 1757 829 1805 provocandi
865 1769 997 1804 praesu-

65 1813 234 1850 ”⁰¹‚²³⁵¹0¹¹¹¹¹¹¹⁸
248 1820 335 1844 merc
348 1808 564 1856 prohibemus.
587 1808 668 1842 Itaut
691 1807 748 1842 nisi
768 1807 806 1841 ab
821 1806 932 1841 abbate
951 1807 996 1840 vel

53 1845 145 1898 lffiiii'
161 1845 235 1904 ⁰322]
249 1858 353 1906 priore
374 1857 435 1893 loci
459 1857 553 1892 suerit
568 1857 728 1893 invitatus.
751 1868 809 1891 nec
831 1857 997 1891 missarum

26 1912 28 1914 ’
53 1907 234 1959 fflssmff‘lwfflm
248 1907 400 1943 solemnia
427 1906 503 1941 inibi
538 1905 650 1941 audeat
677 1905 846 1941 celebrare.
874 1904 998 1940 Liceat-

248 1968 310 2003 que
337 1956 438 2003 ipsius
465 1955 664 1998 monasterii,
691 1963 721 1989 et
747 1953 899 1989 cellarum
930 1954 998 1989 eius

248 2004 396 2040 fratribus
421 2004 571 2045 clericos,
604 2004 835 2051 cuiuscumque
858 2003 997 2044 ordinis,

249 2055 295 2090 vel
330 2054 427 2089 laicos
453 2053 492 2088 de
523 2065 724 2100 quocumque
764 2054 947 2099 episcopatu
981 2064 999 2087 e

248 2102 375 2138 saeculo
403 2103 561 2149 fugientes
582 2101 708 2144 liberos,
724 2100 935 2143 etabsotutos,
960 2101 997 2135 ad

249 2152 489 2188 conversionem
523 2151 686 2186 venientes
719 2150 839 2197 absque
867 2151 999 2185 alicuius

250 2201 502 2236 contradictione
534 2200 705 2247 suscipere.
739 2199 844 2235 Liceat
870 2212 999 2247 quoque

67 2254 170 2292 Mantua
195 2256 236 2291 ‚³¹3³
250 2249 371 2298 absque
391 2249 562 2286 cuiuslibet
580 2249 751 2284 saecularis
777 2249 824 2283 vel
847 2249 999 2284 ecclesia-

55 2288 153 2345 ἶὲἔξῗω
169 2293 237 2314 ''w'‘
250 2299 346 2335 sticae
368 2298 531 2346 potestatis
546 2297 734 2332 inhibitione
755 2297 914 2333 subiectos
936 2311 1001 2333 mo-

251 2348 396 2384 nasteriis
414 2348 481 2384 suis
495 2356 558 2382 tam
574 2347 755 2387 monachos,
771 2358 865 2393 quam
887 2348 1001 2382 sancti-

251 2396 404 2432 moniales
429 2396 582 2432 foeminas
606 2394 755 2430 iudicare.
779 2395 885 2430 Liceat
907 2396 1000 2430 etiam

252 2445 400 2482 fratribus
422 2457 478 2493 per
504 2444 599 2481 cellas
621 2444 651 2479 in
674 2444 854 2479 civitatibus
881 2446 1000 2480 consti-

253 2502 335 2531 tutas
346 2495 388 2531 ad
410 2495 515 2530 divina
537 2493 636 2529 officia
652 2493 917 2540 quandocumque
952 2507 1002 2528 vo-

253 2543 366 2578 luerint
383 2543 473 2591 signa
487 2542 626 2590 pulsare,
647 2542 800 2590 populum
814 2542 871 2577 Dei
885 2550 948 2578 tam
970 2555 1000 2577 in

254 2594 356 2639 ipsum
382 2592 593 2632 coenobium,
624 2604 718 2638 quam
755 2591 786 2625 in
814 2591 908 2627 cellas
933 2594 1001 2627 eius

880 229 1044 253 floxoums
1066 230 1101 252 ΙΙΙ
1126 230 1172 252 Pr.

1683 223 1751 255 307

1052 283 1090 318 ad
1118 284 1176 318 Dei
1201 284 1328 319 verbum
1351 285 1546 320 audiendum
1569 287 1704 333 ingredi,
1735 287 1802 322 nul-

1051 332 1100 367 lus
1126 334 1308 380 episcopus,
1336 342 1467 381 excepto
1497 347 1552 382 pro
1575 337 1736 372 communi
1751 344 1799 371 to==

1051 382 1112 417 tius
1161 382 1295 417 civitatis
1347 384 1392 417 vel
1432 384 1598 430 parochiae
1620 385 1797 422 interdicto.

1051 430 1226 478 prohibeat.
1241 430 1386 466 Chrisma
1406 444 1487 476 vero,
1502 432 1617 468 Oleum
1638 444 1796 473 sanctum.

1049 480 1303 515 consecrationes
1325 480 1466 515 altarium
1505 494 1558 516 seu
1582 483 1795 523 basilicarum,

1049 528 1263 564 ordinationes
1296 530 1545 571 monachorum,
1583 544 1637 566 seu
1665 533 1796 568 clerico-

1048 590 1118 613 rum
1133 605 1141 621 ,
1163 590 1180 613 a
1200 590 1403 625 quocumque
1436 580 1609 615 malueritis
1642 582 1795 617 catholico

1047 627 1209 674 accipiatis
1238 627 1399 674 episcopo.
1429 628 1625 675 Baptismum
1649 642 1737 672 vero,
1765 640 1792 666 et

1047 676 1241 711 infirmorum
1266 676 1458 712 visitationes
1481 679 1510 711 in
1534 679 1659 725 oppidis
1685 682 1794 715 vestris

1045 733 1099 760 aut
1121 725 1202 760 villis
1223 726 1260 760 ad
1286 738 1338 760 vos
1362 728 1593 771 pertinentibus
1616 728 1709 774 pleno
1725 730 1792 764 iure

1046 787 1100 821 per
1122 775 1252 810 clericos
1269 783 1389 810 vestros
1403 776 1512 822 agetis.
1529 777 1576 810 Ad
1601 786 1789 824 perpetuum
1847 814 1852 818 ,

1044 824 1135 858 etiam
1162 824 1334 869 hospitium
1367 825 1435 864 tibi,
1467 825 1508 859 fili
1531 825 1637 867 abbas,
1666 828 1791 874 tuisque
1806 814 1890 865 1413thss
1907 822 1988 873 'ssss'fl‘','},“‚]

1043 873 1283 909 successoribus
1298 872 1425 908 Palladii
1440 874 1551 910 cellam
1573 877 1790 918 concedimus,
1807 878 1854 895 “⁰¹²¹

1045 933 1079 958 ut
1105 923 1144 958 de
1178 931 1278 958 vestra
1313 922 1375 958 illic
1402 924 1662 971 congregatione,
1695 939 1790 974 quem

1044 972 1204 1007 volueritis
1229 972 1390 1006 ordinetis:
1419 985 1514 1020 quem
1540 974 1565 1008 si
1590 975 1668 1010 forte
1690 988 1791 1010 roma-

1043 1034 1118 1056 num
1154 1022 1184 1055 in
1213 1021 1356 1056 abbatem
1393 1034 1576 1068 promovere
1614 1024 1790 1070 placuerit,

1042 1072 1127 1106 omni
1155 1079 1258 1105 tamen
1282 1078 1441 1117 tamquam
1466 1080 1584 1107 vestrae
1610 1084 1789 1120 congrega-

1042 1121 1136 1155 tionis
1157 1119 1347 1155 monachum
1378 1119 1439 1154 sub
1461 1129 1560 1156 vestra
1588 1121 1789 1158 decernimus

1041 1169 1248 1216 dispositione
1271 1168 1455 1216 persistere:
1480 1170 1637 1205 redditum
1659 1184 1788 1220 quoque

1041 1220 1094 1265 qui
1117 1218 1156 1252 ab
1189 1217 1376 1252 officialibus
1404 1219 1518 1253 nostris
1543 1220 1626 1266 apud
1655 1220 1787 1263 Ostiam,

1042 1268 1088 1302 vel
1104 1267 1235 1302 Portum
1261 1267 1299 1301 de
1326 1267 1459 1302 navibus
1487 1268 1566 1314 exigi
1595 1269 1689 1310 solet,
1717 1272 1786 1305 navi

1042 1325 1183 1360 vestrae,
1218 1316 1243 1350 si
1278 1328 1338 1362 qua
1373 1328 1411 1350 eo
1444 1319 1579 1361 venerit,
1598 1318 1786 1355 relaxamus.

1040 1365 1189 1401 Obeunte
1211 1375 1285 1400 vero
1307 1373 1336 1399 te
1363 1377 1450 1400 nunc
1478 1366 1622 1401 eiusdem
1645 1368 1706 1403 loci
1731 1369 1788 1404 ab-
1815 1375 1915 1397 Abbfltem
1958 1377 1983 1397 ἀὲ

1040 1415 1122 1454 bate,
1156 1415 1205 1449 vel
1228 1422 1355 1449 tuorum
1377 1414 1519 1461 quolibet
1552 1429 1786 1459 successorum,
1802 1408 1881 1457 ἷζῖἷῗξξ
1902 1414 1984 1457 ἒῃζὲξῖ

1040 1464 1147 1498 nullus
1181 1463 1223 1498 ibi
1261 1463 1405 1510 qualibet
1431 1464 1645 1512 subreptionis
1673 1469 1788 1503 astutia
1803 1468 1849 1488 ‘¹⁰⁰¹
1865 1460 1944 1487 ⁵¹³¹¹¹³¹3

1039 1526 1094 1548 seu
1117 1513 1261 1548 violentia
1285 1521 1506 1560 praeponatur,
1528 1515 1586 1550 nisi
1609 1528 1704 1563 quem
1727 1517 1789 1551 fra-

1040 1571 1102 1597 tres
1124 1562 1284 1597 communi
1304 1574 1475 1603 consensu,
1500 1564 1545 1599 vel
1569 1563 1697 1600 fratrum
1717 1579 1789 1614 pars

1039 1612 1161 1647 consilii
1196 1612 1329 1646 sanioris
1356 1611 1394 1646 de
1435 1612 1568 1659 collegio
1599 1623 1703 1650 vestro
1739 1616 1788 1650 vel

1039 1662 1152 1701 alieno,
1166 1661 1191 1695 si
1207 1660 1322 1695 ibidem
1339 1660 1472 1695 idoneus
1484 1671 1628 1708 repertus
1641 1676 1703 1698 non
1719 1663 1788 1699 fue-

1040 1711 1088 1748 rit.
1105 1709 1282 1745 secundum
1296 1709 1353 1744 Dei
1367 1709 1523 1754 timorem,
1544 1719 1575 1746 et
1590 1712 1672 1747 beati
1683 1712 1788 1748 Bene-

1039 1759 1112 1794 dicti
1129 1759 1271 1805 regulam
1293 1758 1485 1803 providerint
1507 1760 1702 1806 eligendum.
1718 1762 1789 1798 Ele-

1038 1817 1107 1843 ctus
1129 1820 1201 1842 vero
1223 1807 1261 1843 ad
1284 1807 1464 1842 Romanum
1487 1808 1673 1846 Pontificem
1696 1811 1788 1846 bene-

1040 1857 1194 1892 dicendus
1231 1858 1369 1892 accedat.
1405 1856 1453 1892 Ad
1489 1858 1566 1894 haec
1599 1868 1660 1895 tam
1697 1873 1789 1908 prae-

1039 1907 1195 1950 sentium,
1217 1918 1313 1953 quam
1339 1907 1520 1942 futurorum
1555 1910 1718 1952 avaritiae,
1753 1922 1788 1944 ac

1039 1956 1199 2003 nequitiae
1210 1955 1372 1990 obviantes
1383 1968 1494 1992 omnes
1508 1959 1638 1993 omnino
1659 1959 1789 1993 seditio-

1040 2017 1096 2040 nes
1117 2017 1196 2052 quas
1218 2005 1301 2039 levas
1322 2005 1445 2049 dicunt,
1467 2018 1523 2041 seu
1548 2006 1788 2054 direptionesin

1039 2055 1271 2100 cuiuscumque
1284 2053 1407 2090 abbatis
1433 2064 1533 2090 morte
1557 2064 1612 2090 aut
1636 2056 1788 2092 electione

1040 2103 1106 2139 fieri
1117 2104 1302 2138 auctoritate
1311 2104 1482 2150 apostolica
1494 2105 1721 2140 interdicimus.
1735 2106 1790 2140 Se-

1041 2153 1198 2200 pulturam
1231 2164 1307 2187 sane
1345 2153 1402 2188 loci
1438 2154 1532 2188 vestri
1571 2162 1602 2188 et
1628 2153 1980 2205 monaste-Jffgffissffffw

1040 2203 1160 2236 riorum
1183 2209 1358 2236 vestrorum
1390 2201 1520 2237 liberam
1555 2205 1685 2238 omnino
1718 2191 1890 2238 esseiaoi¹¹eii2.¹

1040 2262 1228 2289 censemus,
1268 2258 1301 2284 ut
1338 2262 1449 2285 eorum
1483 2251 1538 2298 qui
1574 2252 1636 2287 illic
1662 2252 1787 2299 sepeliri

1041 2299 1298 2338 deliberaverint,
1320 2299 1478 2334 devotioni
1506 2307 1536 2334 et
1561 2309 1718 2336 extremae
1733 2313 1790 2335 vo-

1041 2348 1171 2390 luntati,
1207 2348 1267 2382 nisi
1306 2346 1386 2382 sorte
1418 2349 1704 2390 excommunicati,
1742 2350 1790 2384 vel

1043 2397 1198 2431 interdicti
1221 2397 1296 2434 sint,
1324 2396 1433 2431 nullus
1458 2396 1609 2436 obsistat,
1630 2401 1715 2433 salva
1736 2399 1791 2433 iu-

1041 2446 1124 2480 stitia
1151 2444 1273 2480 illarum
1291 2444 1506 2480 Ecclesiarum
1529 2457 1545 2481 a
1567 2447 1683 2494 quibus
1704 2459 1790 2482 mor-

1042 2504 1170 2529 tuorum
1206 2506 1337 2541 corpora
1371 2501 1585 2530 assumuntur.
1624 2496 1790 2532 Praeterea

1042 2556 1114 2579 cum
1140 2542 1227 2578 vobis
1249 2554 1311 2577 tam
1330 2545 1362 2578 in
1385 2545 1498 2591 capite,
1517 2555 1612 2591 quam
1639 2546 1671 2581 in
1693 2557 1790 2581 mem-

1043 2593 1108 2627 hris
1145 2593 1184 2626 ab
1222 2591 1403 2639 Apostolica
1441 2592 1524 2628 Sede
1561 2594 1601 2628 sit
1638 2607 1789 2631 concessa

1817 233 1865 259 An.
1887 233 1914 259 C.
1933 234 1998 260 12¹6

1820 783 1905 806 Palladit
1915 785 1953 805 cell
1960 792 1987 804 *im

1817 1184 1831 1203 A
1848 1184 1951 1203 nonnulli-¹
1966 1189 1983 1203 e-

1803 1216 1860 1235 ximit
1877 1215 1936 1234 vlam}
