2129 3223
834 254 1043 278 1NNOCENT1L'S
1071 256 1103 278 iv
1130 257 1178 279 νιν.
1660 252 1729 285 509
1794 264 1844 290 Α...
1857 265 1887 292 c.
1907 266 1972 293 tarsu

1030 311 1098 346 licis
1131 312 1357 349 recordationis
1389 314 1427 348 G.
1463 315 1564 363 Papae
1591 316 1776 365 praedeces·
1804 326 1973 349 Ta¹mud¹·b0¹·

1029 366 1110 401 soris
1144 367 1259 412 nostri,
1293 375 1354 402 tam
1391 369 1584 415 praedictum
1612 359 1974 417 abusionisssffssssllssd'w

1029 421 1156 465 librum,
1180 408 1274 468 quam
1296 422 1373 458 alios
1393 424 1544 472 quosdam
1571 438 1645 462 cum
1671 428 1774 464 omni-
1789 423 1851 443 ⁶¹⁰¹*

56 251 105 280 An.
123 252 150 279 C.
173 253 238 280 nh&

249 307 402 343 scelerum
426 308 615 354 Redemptor
638 315 742 343 noster
768 310 906 345 velamen
927 323 987 346 non

248 357 387 399 abstulit,
420 358 473 392 sed
502 358 531 391 in
554 359 716 399 caecitate,
738 371 817 406 quae
839 360 989 407 contingit

248 420 284 442 ex
312 415 411 453 parte,
445 407 474 441 in
506 407 598 442 lsrael
627 408 728 443 adhuc
757 421 882 444 manere
917 422 989 456 per-

58 558 181 583 ludaeorum
190 563 233 584 ini—

49 591 140 618 quttnes
147 592 231 615 multae.

51 1406 134 1428 {ratmua
169 1408 218 1428 libet

39 1439 122 1464 impius.

47 2195 111 2223 Quam
122 2197 148 2217 sit
164 2196 216 2217 tudi-

35 2233 103 2254 gnum,
126 2230 148 2248 ut
175 2233 216 2248 nu-

35 2259 99 2280 trices
126 2259 215 2279 habeant

34 2288 167 2310 christianas.

248 457 357 501 mittit,
393 464 484 504 prout
514 457 676 494 convenit,
713 470 773 492 non
808 459 987 501 attendens,

247 506 329 553 quod
363 518 398 541 ex
432 505 497 541 sola
525 507 739 542 misericordia
775 508 871 555 pietas
905 509 988 556 ipsos

246 556 410 591 christiana
441 564 576 602 receptet
609 565 638 590 et
665 556 925 593 cohabitationem
955 559 989 593 il-

245 605 346 641 lorum
379 605 528 640 sustineat
552 606 719 652 patienter,
748 606 798 641 illa
820 609 985 643 committit

244 656 394 699 enormia,
417 668 496 703 quae
518 656 638 703 stupori
661 656 862 692 audientibus
888 665 918 692 et
940 670 986 692 re-

245 705 416 740 ferentibus
437 713 509 740 sunt
528 704 658 740 horrori.
684 705 744 752 Ipsi
768 707 849 740 enim
875 706 984 753 ingrati

241 753 378 789 Domino
405 755 472 790 lesu
496 754 640 794 Christo,
667 755 718 802 qui
750 757 983 791 conversionem

241 816 350 839 eorum
377 817 414 839 ex
448 816 521 839 suae
556 804 802 851 longanimitatis
829 805 983 840 affluentia

242 854 392 900 patienter
417 862 577 902 expectat,
600 854 716 889 nullam
746 855 985 901 praetendentes

241 904 459 939 verecundiam
481 903 592 951 culpae
614 916 705 948 suae,
728 916 785 939 nec
808 913 984 940 reverentes

239 953 389 988 honorem
424 953 495 988 fidei
523 954 725 994 christianae,
758 955 898 998 omissis,
928 967 982 990 seu

238 1003 425 1050 contemptis
458 1003 527 1049 lege
561 1005 699 1038 mosaica
734 1011 763 1038 et
798 1004 982 1051 prophetis,

238 1052 390 1100 quasdam
409 1052 593 1088 traditiones
615 1065 740 1088 suorum
761 1054 919 1088 seniorum
940 1066 982 1089 se-

237 1110 389 1148 quuntur.
417 1102 522 1149 Super
543 1103 660 1150 quibus
687 1115 740 1137 eos
763 1103 792 1136 in
814 1103 982 1150 Evangelio

237 1151 394 1187 Dominus
434 1152 577 1199 obiurgat
618 1152 747 1187 dicens:
788 1131 919 1194 QuareD
928 1165 982 1188 vos

237 1201 489 1248 transgredimini
513 1202 693 1236 mandatum
717 1202 784 1241 Dei,
807 1211 836 1236 et
860 1203 980 1236 irritum

237 1250 354 1286 fecistis
377 1258 504 1298 propter
527 1251 707 1286 traditiones
729 1259 856 1291 vestraS,
880 1252 982 1286 homi-

237 1312 311 1335 num
338 1300 497 1336 doctrinas
517 1309 547 1336 et
574 1300 719 1336 mandata
746 1301 905 1336 docentes.

284 1349 357 1396 Sl.
383 1349 417 1384 In
454 1350 634 1385 huiusmodi
671 1363 805 1397 namque
838 1351 981 1386 traditio-

237 1398 329 1434 nibus
356 1402 456 1447 (quae
480 1400 521 1434 Τ
527 1400 612 1434 lmud
637 1400 780 1435 hebraice
799 1412 979 1447 nuncupan-

236 1456 300 1489 tur,
321 1457 350 1484 et
373 1461 506 1496 magnus
529 1450 606 1484 liber
620 1458 667 1485 est
692 1449 775 1496 apud
799 1461 864 1489 eos,
887 1461 980 1484 exee-

234 1497 312 1532 dens
347 1506 464 1534 textum
493 1498 614 1534 Bibliae
642 1500 671 1533 in
705 1499 914 1539 immensum,
948 1499 978 1534 in

233 1559 296 1593 quo
317 1556 390 1583 sunt
412 1548 623 1596 blasphemiae
650 1549 680 1583 in
702 1548 803 1583 Deum
827 1555 857 1583 et
885 1547 977 1583 Chri-

233 1606 314 1631 stum
341 1598 427 1639 eius,
464 1610 500 1633 ac
532 1598 662 1634 Beatam
688 1597 849 1645 Virginem
879 1598 979 1632 mani-

234 1649 322 1690 teste,
356 1647 546 1683 intricabiles
573 1647 706 1691 fabulae,
738 1647 907 1682 abusiones
929 1659 979 1682 er-

234 1708 357 1736 i·,oneae
383 1709 419 1732 ac
432 1697 582 1732 stultitiae
603 1697 776 1741 inauditae)
803 1697 885 1732 filios
903 1709 978 1732 suos

233 1746 345 1780 docent
370 1758 406 1781 ac
423 1746 577 1787 nutriunt,
599 1755 628 1781 et
646 1758 661 1780 a
685 1747 773 1791 legis,
795 1755 825 1781 et
840 1746 978 1793 prophe-

234 1803 332 1829 tarum
369 1795 511 1831 doctrina
550 1796 686 1830 reddunt
728 1796 812 1842 ipsos
853 1796 978 1842 penitus

232 1843 361 1879 alienos.
384 1844 534 1880 Verentes
552 1857 591 1879 ne
615 1846 754 1888 veritate,
776 1845 901 1892 quaein
920 1846 977 1880 eis-

232 1893 303 1928 dem
331 1893 400 1940 lege
439 1907 473 1929 ac
511 1895 673 1941 prophetis
699 1903 767 1935 est,
801 1894 975 1935 intellecta,

231 1951 336 1990 aperte
363 1943 402 1978 de
430 1943 590 1989 unigenito
609 1942 665 1979 Dei
693 1943 773 1979 Filio
795 1952 924 1979 venturo
944 1945 975 1979 in

232 2005 357 2028 carnem
397 1993 610 2028 testimonium
630 1994 823 2040 perhibente,
846 2006 976 2029 couver-

231 2050 336 2078 tantur
349 2042 386 2078 ad
405 2043 511 2083 fidem,
528 2050 558 2077 et
572 2042 611 2077 ad
622 2043 865 2091 Redemptorem
881 2057 974 2079 suum

231 2092 392 2128 humiliter
413 2100 617 2128 revertantur.

278 2142 299 2190 g
320 2146 353 2176 2.
379 2142 420 2177 Et
442 2142 492 2177 his
510 2154 571 2176 non
588 2142 738 2186 contenti,
759 2142 874 2178 faciunt
891 2143 975 2178 chri-

231 2192 345 2227 stianas
370 2191 506 2227 filiorum
528 2203 657 2226 suorum
685 2192 822 2227 nutrices
844 2193 873 2227 in
898 2205 975 2228 con-

230 2241 391 2277 tumeliam
418 2241 489 2277 fidei
528 2241 727 2282 christianae,
754 2254 824 2277 cum
858 2243 974 2290 quibus

231 2291 333 2338 turpia
359 2291 456 2326 multa
487 2291 698 2325 committunt
735 2291 866 2338 Propter
893 2305 973 2347 quae

230 2340 375 2376 fidelibus
395 2348 443 2376 est
476 2340 665 2381 vet-,endum
695 2353 733 2376 ne
759 2340 894 2376 divinam
924 2354 972 2376 in-

229 2390 439 2436 dignationem
469 2391 639 2433 incur·,tant
678 2389 752 2425 dum
779 2402 833 2425 eos
860 2404 974 2438 perpe—

231 2447 310 2474 trare
333 2440 493 2486 patiuntur
506 2440 648 2486 indigne,
669 2452 748 2486 quae
763 2438 834 2474 fidei
850 2448 973 2476 nostrae

230 2488 446 2524 confusionem
479 2489 641 2524 inducunt.

278 2538 298 2586 S
325 2542 356 2572 5.
384 2538 424 2573 Et
450 2538 520 2573 licet
542 2539 676 2574 dilectus
708 2538 791 2573 filius
818 2539 973 2575 cancella-

229 2587 294 2622 rius
332 2586 542 2630 Parisiensis,
582 2597 611 2623 et
650 2588 795 2623 doctores
828 2597 973 2635 regentes

230 2636 361 2671 Parisiis
389 2637 418 2671 in
442 2650 526 2673 sacra
554 2638 677 2685 pagina,
700 2638 738 2673 de
762 2637 906 2673 mandato
927 2638 972 2673 se-

1029 475 1087 509 hus
1107 476 1219 522 glossis
1245 477 1311 512 suis
1333 478 1479 525 perlectis
1503 479 1532 514 in
1554 488 1717 527 potestate,
1738 495 1774 518 ac

1028 530 1220 566 examinatos
1246 531 1283 565 ad
1311 531 1526 567 confusionem
1551 534 1699 580 perfidiae
1722 537 1773 572 iu·

1028 584 1190 629 daeorum,
1213 585 1340 632 publice
1363 598 1466 621 coram
1488 587 1572 622 clero
1593 597 1623 623 et
1643 591 1772 637 populo,

1029 638 1175 674 incendio
1201 640 1448 678 concremarint,
1484 650 1576 688 prout
1602 642 1632 677 in
1659 643 1774 680 litteris

1027 704 1135 727 eorum
1161 695 1377 740 perspeximus
1403 696 1571 740 contineri,
1593 697 1708 744 quibus
1740 707 1772 734 tu

1027 755 1184 794 tamquam
1201 749 1374 784 catholicus
1396 762 1461 789 rex,
1482 758 1513 784 et
1532 750 1677 798 princeps
1695 753 1772 787 cbri-

1025 803 1235 838 stianissimus
1259 803 1438 851 impendisti
1466 816 1561 852 super
1587 804 1646 840 hoc
1681 807 1772 842 auxi-

1025 855 1100 890 lium
1123 869 1311 904 congruum,
1338 866 1368 893 et
1390 858 1539 903 savorem,
1561 871 1618 906 pro
1635 872 1697 907 quo
1717 872 1773 896 re—

1024 910 1123 957 galem
1166 912 1382 946 excellentiam
1422 912 1526 959 dignis
1565 913 1594 947 in
1635 913 1772 949 Domino

1025 965 1169 1000 laudibus
1191 966 1461 1012 commendamus,
1492 979 1528 1002 ac
1552 967 1772 1015 prosequimur

1023 1019 1199 1055 actionibus
1221 1021 1402 1066 gratiarum.

1071 1073 1091 1121 g
1116 1076 1149 1107 4.
1177 1073 1257 1116 Quia
1286 1083 1390 1109 tamen
1417 1074 1558 1110 nondum
1583 1075 1769 1112 iudaeorum
1798 1095 1875 1122 negem
1891 1096 1969 1117 „dhor-

1785 1130 1840 1148 tatur
1855 1130 1877 1148 ut
1892 1129 1967 1154 impios

1784 1158 1905 1179 iudaeorum
1942 1158 1969 1179 li-

1022 1181 1124 1217 adhuc
1146 1182 1231 1217 dedit
1257 1183 1302 1218 eis
1324 1183 1442 1218 vexatio
1469 1183 1682 1226 intellectum,
1705 1187 1795 1221 cel·b
1799 1195 1833 1210 ¹⁰⁵
1879 1194 1967 1210 mmm

1783 1219 1858 1241 faciat:

1024 1127 1163 1174 ipsorum
1191 1128 1302 1163 abusio
1338 1129 1497 1176 prophana
1536 1130 1676 1177 quievit,
1711 1144 1771 1167 nec

1022 1235 1190 1270 situdinem
1224 1237 1337 1282 regiam
1374 1249 1531 1283 rogamus,
1564 1246 1595 1272 et
1616 1239 1770 1275 obsecra—

1022 1303 1093 1324 mus
1120 1290 1148 1324 in
1173 1290 1309 1325 Domino
1335 1290 1404 1326 lesu
1433 1290 1572 1333 Christo,
1596 1301 1628 1328 ut
1649 1294 1702 1341 qui
1720 1306 1772 1329 ex-

1021 1357 1129 1380 cessus
1160 1344 1342 1380 huiusmodi
1369 1344 1581 1386 detestabiles,
1613 1354 1643 1381 et
1669 1359 1770 1382 enor-

1022 1411 1098 1440 mes,
1120 1399 1307 1434 commissos
1322 1399 1584 1435 incontumeliam
1598 1400 1769 1446 Creatoris,

1020 1461 1050 1488 et
1078 1453 1222 1488 iniuriam
1251 1454 1391 1488 nominis
1424 1454 1595 1495 christiani,
1631 1455 1682 1503 pie
1714 1456 1770 1491 in-

1019 1507 1147 1555 caepisti
1179 1507 1377 1542 laudabiliter
1409 1509 1642 1556 prosequendo,
1675 1509 1769 1545 facias

1020 1561 1125 1596 debita
1146 1561 1310 1596 severitate
1338 1561 1476 1609 percelli.
1512 1561 1551 1597 Et
1583 1570 1645 1598 tam
1669 1576 1768 1611 prae-

1020 1615 1119 1650 dictos
1149 1615 1311 1650 abusionis
1345 1615 1458 1656 libros,
1495 1616 1678 1663 reprobatos
1713 1630 1768 1665 per

1019 1670 1162 1705 doctores
1180 1669 1320 1709 eosdem,
1342 1682 1436 1716 quam
1455 1670 1643 1717 generaliter
1657 1684 1768 1707 omnes

1018 1736 1088 1759 cum
1116 1724 1230 1770 glossis
1256 1724 1338 1764 suis,
1372 1725 1426 1771 qui
1454 1737 1509 1772 per
1537 1726 1623 1772 ipsos
1649 1727 1766 1761 exami-

1019 1778 1080 1812 nati
1108 1786 1137 1813 et
1164 1778 1318 1824 reprobati
1341 1778 1470 1820 fuerint,
1493 1778 1623 1815 mandes
1642 1792 1696 1827 per
1724 1789 1767 1816 to-

1017 1841 1084 1868 tum
1107 1844 1239 1878 regnum
1275 1840 1377 1873 tuum,
1412 1832 1604 1880 ubicumque
1631 1835 1763 1882 reperiri

1019 1894 1177 1934 poterunt,
1201 1887 1273 1934 igne
1299 1886 1443 1922 cremari.

1064 1942 1084 1988 ,ξ
1107 1944 1138 1976 5.
1161 1941 1311 1977 Firmiter
1333 1941 1504 1977 inhibendo
1526 1954 1565 1977 ne
1583 1942 1622 1978 de
1639 1951 1762 1980 caetero

1016 1997 1165 2040 nutrices,
1192 2009 1247 2031 seu
1274 1996 1445 2031 servientes
1469 1996 1602 2031 habeant
1623 1997 1763 2034 christia-

1017 2062 1091 2094 nos,
1120 2063 1158 2085 ne
1181 2051 1233 2085 filii
1254 2051 1370 2086 liberae
1392 2050 1464 2086 filiis
1489 2050 1681 2087 famulentur
1705 2066 1761 2088 an-

1015 2106 1114 2141 cillae.
1151 2106 1213 2141 Sed
1250 2115 1408 2153 tamquam
1440 2106 1520 2140 servi
1556 2106 1712 2153 reprobati
1745 2121 1760 2142 a

1015 2159 1162 2200 Domino,
1185 2160 1216 2194 in
1238 2161 1330 2195 cuius
1358 2167 1489 2194 mortem
1513 2160 1657 2207 nequiter
1683 2173 1760 2196 con-

1015 2213 1191 2259 spirarunt,
1226 2214 1333 2248 saltem
1369 2226 1424 2260 per
1458 2213 1602 2248 effectum
1639 2214 1759 2261 operis.

1014 2279 1121 2301 servos
1161 2280 1194 2302 se
1235 2277 1457 2313 recognoscant
1498 2266 1642 2308 illorum,
1681 2280 1761 2314 quos

1014 2320 1129 2355 Christi
1157 2333 1264 2364 mors,
1291 2329 1321 2356 et
1351 2322 1426 2356 istos
1461 2321 1590 2362 liberm,
1627 2329 1657 2356 et
1690 2321 1760 2356 illos

1014 2375 1175 2409 constituit
1201 2387 1269 2410 esse
1290 2387 1414 2410 servos:
1443 2383 1477 2409 ut
1502 2374 1632 2421 proinde
1655 2375 1760 2410 since-

1014 2428 1110 2463 ritatis
1133 2436 1204 2463 tuae
1237 2428 1339 2463 zelum
1374 2429 1532 2476 possimus
1557 2429 1588 2464 in
1621 2429 1759 2465 Domino

1013 2482 1118 2528 dignis
1140 2482 1286 2517 laudibus
1309 2483 1541 2518 commendare.

1062 2535 1130 2570 Dat.
1151 2536 1293 2572 Lateran.
1323 2537 1457 2584 septimo
1479 2537 1551 2572 idus
1575 2538 1659 2583 maii,
1681 2551 1760 2586 pon-

1013 2592 1145 2626 tificatus
1168 2591 1264 2626 nostri
1291 2603 1372 2626 anno
1400 2592 1511 2638 primo.

1075 2647 1135 2678 Dat.
1158 2648 1205 2678 die
1223 2649 1240 2679 9
1256 2649 1325 2678 maii
1344 2649 1429 2687 1244,
1451 2650 1554 2689 pontif.
1575 2660 1650 2681 anno
1673 2659 1691 2681 t.

1792 1956 1945 1985 Prnltibeatque

1777 1993 1803 2008 ue
1818 1988 1887 2008 iudaei
1902 1989 1960 2008 curn

1777 2019 1856 2038 suanos
1871 2018 1961 2038 habeant

1776 2050 1870 2069 nutrices
1881 2052 1900 2069 et
1916 2055 1960 2070 eer-

1776 2081 1867 2100 vientes.
