2129 3223
135 280 185 306 An.
199 279 228 306 C.
249 279 314 306 1267

130 1221 185 1242 flacc
196 1226 263 1250 nuque
271 1228 308 1250 pro

125 1251 223 1278 Polam,
249 1253 310 1274 aliiu-

126 1286 166 1308 que
181 1283 235 1310 apud
244 1282 309 1304 Deum

125 1314 277 1337 patrocinatur.

381 269 450 302 774
908 275 1098 299 eumanum

1124 275 1288 298 ROMANUM

1883 281 1933 308 An.
1952 280 1979 308 C.
2000 282 2067 310 1267
2117 285 2121 289 ”

329 335 489 384 quamcito
515 333 552 368 ad
576 332 700 372 locum,
730 331 761 365 in
786 343 850 378 quo
877 331 943 378 ipsa
964 329 1080 365 Sancta
1098 335 1105 358 t
1123 329 1225 364 fidelis
1246 330 1388 373 devotio,
1415 343 1476 366 non
1511 332 1629 368 clamor
1658 334 1770 375 arceri,
1791 336 1868 382 quin
1895 340 1970 363 P⁰¹0ni
1999 341 2068 364 Urba-

330 387 429 421 suerat
456 383 605 419 tumulata
632 381 782 421 defertur,
806 381 836 415 in
860 380 1015 427 integrum
1031 392 1101 430 su-¹

329 435 429 482 scepit
453 433 619 468 sanitatem
647 439 679 466 et
699 430 738 465 ad
756 430 805 464 illa
828 430 1004 465 restituitur
1019 430 1081 464 evi-
1099 475 1100 479 Ἰ

328 485 413 520 denti
450 481 623 522 miraculo,
662 480 777 528 quibu's
814 491 883 515 eam
922 478 1079 526 praedicta

329 535 501 582 privaverat
526 530 701 578 aegritudo.

375 582 396 630 g
420 585 474 617 18.
497 581 571 617 Fuit
597 581 689 616 etiam
717 578 845 627 quidam
873 577 997 615 nobilis,
1025 578 1077 624 qui

327 632 456 668 biennio
489 639 519 667 et
558 630 694 677 amplius
727 629 846 663 alecto
872 627 1078 673 aegritudinis

327 694 388 717 non
412 681 557 724 surrexit,
580 692 618 715 ex
639 691 676 714 eo
697 677 782 726 quod
807 677 938 724 paralysi
955 676 985 710 in
1005 676 1080 710 dex-

327 740 391 766 tera
419 731 559 777 corporis
581 737 645 764 erat
672 736 758 776 parte
787 738 970 772 percussuS,
997 737 1078 772 quae

326 781 462 827 tegmine
491 779 581 827 pellis
609 785 730 817 amoto,
764 776 856 824 plena
888 783 1078 809 remanserat

324 829 532 865 foraminibus
564 827 755 869 cancerosis,
784 833 812 859 et
835 836 906 859 cum
929 823 1075 858 effectum

325 878 494 915 cuiuslibet
517 877 691 913 medicinae
706 874 806 910 morbi
825 873 989 908 excederet
1011 885 1078 908 ma-

325 928 478 976 gnitudo,
517 927 555 962 ad
592 925 749 961 tumulum
790 925 894 970 ipsum
929 922 1077 958 manibus

325 978 498 1013 amicorum
527 983 683 1024 portatur,
712 973 764 1008 ubi
792 973 823 1006 in
850 972 1003 1019 lacrymas
1026 985 1077 1007 re-

324 1027 461 1070 solutus,
483 1026 648 1061 sanitatem
664 1023 702 1058 ad
726 1023 853 1070 plenum
875 1020 1000 1056 fletibus
1022 1022 1077 1055 im-

325 1084 438 1121 petrat,
465 1087 560 1123 quam
578 1074 604 1108 ei
628 1072 782 1108 medicina
799 1070 955 1110 conferre,
982 1071 1075 1105 etiam

326 1126 412 1173 periti
432 1124 544 1159 medici
572 1122 690 1165 studio,
717 1132 778 1155 non
801 1119 933 1154 valebat.

372 1174 393 1222 S
421 1176 477 1209 19.
513 1173 590 1208 Tam
625 1171 717 1205 variis
740 1170 845 1216 itaque
872 1168 991 1203 morbis
1014 1181 1075 1203 non

324 1223 488 1265 dissimile,
510 1222 566 1258 sed
589 1233 686 1256 unum
710 1227 836 1267 paratur
854 1218 1031 1253 antidotum
1047 1225 1077 1252 et

325 1273 501 1308 remedium
523 1270 700 1317 singulare,
734 1268 818 1315 quod
841 1279 879 1309 ex
900 1267 1076 1302 devotionis

325 1329 356 1356 et
391 1321 463 1357 fidei
491 1321 625 1368 puritate
651 1318 816 1353 conficitur
851 1316 887 1351 ad
920 1315 1075 1359 salutem,

324 1370 408 1418 quod
431 1369 610 1416 evangelica
637 1367 751 1403 mulier
773 1374 800 1400 et
824 1378 878 1400 rex
905 1365 967 1405 ille,
986 1366 1076 1400 cuius
1096 1393 1097 1398 ,

324 1420 496 1455 orationem
519 1418 639 1453 audivit
665 1425 695 1451 et
723 1416 889 1462 lacrymam
910 1414 986 1448 vidit
1007 1414 1076 1449 Do-

324 1469 443 1513 minus,
465 1469 496 1502 in
519 1467 586 1502 suis
607 1464 843 1500 infirmitatibus
857 1464 1075 1510 suntexperti,

323 1530 394 1553 cum
419 1516 497 1553 fides
517 1516 600 1551 illam
619 1514 793 1555 salvaverit,
807 1521 839 1548 et
862 1513 900 1547 ad
922 1524 1077 1558 augmen-

325 1575 391 1601 tum
414 1566 551 1609 dierum,
569 1564 628 1599 sibi
645 1564 776 1598 sanitate
793 1562 924 1600 indulta,
947 1574 1019 1596 cum
1037 1560 1077 1595 la-

324 1617 441 1664 crymis
463 1615 561 1650 oratio
595 1613 724 1648 alterius
751 1613 789 1646 sit
816 1611 963 1646 admissa.
992 1610 1075 1644 Hinc

324 1674 434 1711 regnat
453 1664 562 1703 virtus,
582 1663 689 1697 vitium
705 1662 809 1696 exulat
822 1668 863 1698 et,
878 1669 1076 1694 accrescente

324 1714 448 1751 merito,
471 1713 650 1747 eliminatur
672 1711 827 1757 impietas.
848 1709 910 1743 Sed
931 1709 983 1743 ubi
1008 1720 1077 1755 pro-

325 1763 425 1798 vincia
447 1761 597 1797 Poloniae
626 1761 719 1795 tantis
746 1759 912 1794 decoratur
934 1757 1076 1792 muneri-

325 1812 394 1852 bus,
416 1812 486 1847 eius
502 1810 629 1858 pretiosi
649 1809 790 1856 corporis
803 1808 899 1842 ditata
917 1807 1076 1847 thesauro,

325 1861 400 1909 quid
429 1860 513 1908 apud
547 1859 651 1894 Deum
680 1858 793 1893 favoris
814 1865 845 1892 et
871 1857 988 1902 gratiae
1017 1856 1076 1890 sibi

327 1910 468 1957 poscenti
505 1909 617 1956 poterit
639 1907 805 1953 denegari,
833 1919 870 1941 ex
902 1918 965 1953 quo
994 1905 1098 1951 apudg

326 1961 429 2007 ipsum
474 1959 543 1993 talis
574 1957 741 1992 advocatae
779 1956 890 1990 meruit
921 1947 1099 2004 praesidiof

326 2008 509 2044 confoveri?
523 2006 615 2049 Quod
643 2006 728 2041 enim
752 2005 891 2040 Polonos
914 2005 1000 2051 ipsos
1019 2016 1077 2038 suo
1097 2010 1099 2045 't

327 2058 502 2104 susceperit
537 2056 708 2103 patrocinio
736 2053 983 2102 promovendos,
1018 2053 1078 2087 hoc

328 2108 368 2142 sit
389 2107 434 2142 eis
462 2107 491 2140 in
514 2107 658 2151 siguum,
681 2104 766 2151 quod
794 2104 870 2150 ipsis
896 2102 1023 2149 reliquit
1047 2103 1077 2136 in
1098 2126 1099 2153 ἶ

330 2157 443 2203 pignus
464 2167 579 2202 corpus
602 2154 720 2201 ipsum,
748 2153 795 2187 sui
817 2152 959 2187 videlicet
981 2151 1078 2197 spiri-
1098 2179 1099 2206 ;

330 2213 380 2240 tus
403 2204 636 2243 indumentum,
653 2214 710 2237 nec
733 2211 835 2237 tamen
860 2213 914 2248 per
933 2201 991 2235 lioc
1010 2212 1079 2235 cre·
1098 2246 1099 2251 1

329 2254 421 2289 datur
446 2254 492 2288 sic
507 2266 575 2288 earn
598 2252 790 2287 polonorum
812 2263 880 2285 esse
904 2259 1079 2296 patronam,
1098 2258 1100 2290 ς’

330 2303 415 2350 quod
442 2303 574 2338 aliorum
600 2309 668 2336 rota
692 2300 830 2335 fidelium
858 2312 921 2334 non
952 2293 1101 2363 promo-1

332 2361 398 2387 vcat
430 2363 534 2387 coram
562 2351 650 2391 Deo,
683 2362 755 2384 cum
793 2350 823 2383 in
862 2349 958 2395 patria
994 2360 1101 2403 nuncg

333 2401 501 2448 perfectius
523 2400 645 2440 habeat,
680 2411 775 2446 quam
810 2397 970 2432 habuisset
1003 2397 1101 2444 dum]

333 2451 458 2490 viveret,
481 2457 512 2484 et
540 2457 614 2483 tunc
632 2457 733 2483 tamen
756 2447 902 2482 diffusam
918 2446 956 2481 ad
969 2458 1080 2481 omues
1100 2447 1101 2450 ’

332 2499 468 2533 obtinuit
487 2498 682 2533 charitatem.

382 2547 402 2594 S
427 2549 484 2583 20.
508 2547 571 2582 Sed
601 2547 674 2581 dum
701 2554 743 2581 tot
772 2545 954 2593 panduntur
980 2544 1081 2579 mira-

334 2596 416 2639 cula,
438 2596 641 2632 crebrescunt
663 2596 751 2641 signa
779 2604 809 2629 et
830 2594 981 2629 beneficia
1003 2606 1081 2628 cou-

336 2644 495 2680 seruntur:
522 2657 583 2680 non
613 2645 714 2692 potuit
743 2656 804 2679 non
831 2643 951 2679 fervere
973 2642 1081 2690 populi

1123 380 1153 414 in
1170 379 1281 414 mundi
1303 380 1445 416 notitiam
1463 381 1618 428 expeditis
1639 382 1809 418 adduceret
1829 384 1870 419 la-

1122 429 1181 463 biis
1211 429 1400 476 supradicta.
1440 429 1557 478 Sicque
1596 443 1650 466 vos
1686 439 1716 467 et
1749 433 1869 468 nobiles

1099 483 1101 490 '
1122 479 1175 512 viri
1201 478 1298 513 duces
1316 478 1459 514 eiusdem
1487 480 1666 527 provinciae
1687 481 1786 527 ipsius
1810 495 1868 530 po-

1122 527 1187 572 puli
1210 527 1402 563 clamoribus
1423 529 1640 564 vehementius
1662 531 1804 572 excitati,
1831 544 1869 567 ne

1119 576 1177 612 Dei
1194 577 1346 624 magnalia
1368 578 1610 623 supprimendo,
1626 578 1809 615 videremini
1825 581 1870 615 di-

1119 639 1181 672 gne
1195 627 1234 661 de
1250 627 1475 673 ingratitudine
1491 639 1583 673 posse
1595 629 1706 667 notari,
1720 641 1780 664 una
1794 642 1867 665 cum

1119 676 1241 711 dilectis
1267 676 1298 710 in
1326 676 1452 712 Christo
1477 676 1618 721 filiabus,
1652 677 1811 714 abbatissa
1837 688 1868 715 et

1119 734 1274 761 conventu
1293 726 1434 761 eiusdem
1456 725 1648 770 monasterii,
1671 727 1700 761 in
1717 739 1779 774 quo
1795 740 1867 764 cum

1119 775 1182 819 illa,
1204 787 1265 823 qua
1288 775 1394 810 decuit
1416 775 1665 816 honorificentia,
1692 784 1740 811 est
1763 789 1869 812 recon-

1118 825 1217 859 ditum
1244 837 1361 871 corpus
1393 825 1471 863 eius,
1507 824 1608 859 felicis
1642 825 1868 862 recordationis

1118 873 1246 908 Urbano
1273 873 1376 920 Papae
1406 872 1640 920 praedecessori
1671 883 1779 910 nostro
1801 887 1866 911 rem

1118 924 1150 958 in
1175 923 1356 970 praemissis
1371 931 1504 967 gestam,
1533 931 1625 969 prout
1651 924 1765 959 veritas
1787 932 1869 972 post-

1118 973 1247 1007 modum
1267 980 1313 1007 est
1335 980 1508 1018 comperta,
1529 972 1692 1008 curavistis
1711 985 1868 1019 exponere

1117 1022 1274 1065 seriatim,
1297 1021 1464 1056 devotione
1485 1021 1637 1069 supplici,
1665 1030 1696 1057 et
1720 1023 1868 1059 instantia

1118 1083 1181 1105 non
1204 1071 1334 1106 remissa
1355 1079 1508 1118 petentes,
1532 1080 1565 1106 ut
1585 1070 1734 1107 Sanctam
1755 1072 1867 1119 ipsam,

1117 1132 1211 1168 quam
1237 1120 1296 1154 vita
1322 1128 1352 1155 et
1378 1119 1528 1154 miracula
1548 1120 1710 1155 beatorum
1733 1121 1868 1168 collegio

1118 1169 1403 1216 pronunciaverant
1429 1177 1645 1215 aggregatam,
1675 1170 1755 1205 inter
1787 1182 1868 1205 san-

1117 1226 1185 1253 ctos
1205 1226 1347 1253 caeteros
1376 1218 1558 1253 celebritate
1584 1218 1697 1254 faceret
1727 1231 1868 1266 congrua

1118 1279 1269 1302 venerari.

1166 1317 1186 1364 g
1207 1318 1265 1351 21.
1288 1316 1328 1351 Et
1354 1316 1484 1364 quidem
1518 1316 1592 1352 licet
1626 1324 1744 1352 vestrae
1770 1317 1868 1352 devo-

1119 1366 1212 1400 tionis
1233 1366 1398 1401 sinceritas
1425 1366 1455 1400 in
1487 1366 1685 1412 porrectione
1707 1366 1868 1413 petitionis

1117 1415 1300 1450 huiusmodi
1324 1415 1355 1450 in
1378 1426 1427 1456 eo,
1453 1414 1538 1462 quod
1565 1415 1612 1450 sic
1638 1415 1867 1462 porrigebatur,

1117 1463 1405 1499 commendabilem
1444 1477 1478 1499 sc
1518 1464 1695 1511 praeberet,
1717 1466 1869 1511 ‚oportuit

1117 1521 1221 1548 tamen
1245 1525 1308 1547 non
1332 1513 1474 1560 precipiti
1502 1513 1712 1557 festinatione,
1738 1514 1792 1549 sed
1809 1514 1868 1550 de-

1117 1563 1200 1597 centi
1221 1561 1361 1597 adbibita
1384 1561 1556 1609 procedere
1581 1563 1743 1608 gravitate.
1772 1563 1867 1605 Quod

1118 1611 1202 1646 idem
1240 1610 1464 1658 praedecessor
1496 1610 1664 1657 diligenter
1689 1611 1867 1657 advertens,

1118 1673 1174 1707 per
1200 1659 1410 1695 venerabilem
1432 1660 1557 1694 fratrem
1579 1668 1721 1695 nostrum
1743 1660 1868 1696 Uratis-

1117 1710 1230 1744 lavien.
1271 1710 1480 1756 episcopum,
1513 1716 1544 1743 et
1576 1708 1727 1744 dilectum
1766 1709 1865 1745 filium

1117 1759 1243 1794 fratrem
1277 1757 1442 1793 Simonem
1477 1757 1613 1804 priorem
1641 1758 1866 1805 provincialem

1118 1808 1246 1842 fratrum
1262 1807 1519 1841 praedicatorum
1535 1806 1697 1852 Poloniae,
1718 1807 1868 1844 Boemiae

1120 1857 1233 1904 primo,
1254 1864 1290 1896 ,et
1317 1855 1500 1891 huiusmodi
1527 1856 1564 1890 ad
1587 1869 1642 1892 eos
1670 1857 1796 1904 negotio
1816 1869 1867 1893 re·

1120 1907 1218 1941 misso
1263 1905 1402 1940 secundo
1443 1905 1482 1940 de
1523 1906 1704 1952 praemissis
1751 1907 1867 1954 inquiri

1120 1955 1276 1990 mandavit
1301 1954 1486 2001 diligentius
1509 1955 1679 1991 veritatem.

1167 2005 1266 2051 §22-
1293 2003 1374 2038 Cum
1404 2004 1509 2050 itaque
1537 2016 1592 2051 per
1628 2004 1867 2052 inquisitionem

1120 2053 1221 2088 taliter
1245 2053 1355 2087 factam
1375 2060 1406 2087 et
1431 2053 1469 2088 ad
1483 2053 1696 2100 Apostolicam
1715 2054 1868 2101 peripsos

1119 2104 1301 2149 episcopum
1327 2109 1356 2136 et
1375 2102 1511 2148 priorem
1536 2103 1736 2149 postmodum
1750 2101 1867 2138 Sedem

1120 2152 1295 2193 remissam,
1317 2159 1348 2186 et
1375 2163 1414 2185 ex
1447 2151 1529 2186 fideli
1556 2151 1706 2187 relatione
1734 2163 1868 2186 venera—

1122 2201 1190 2235 bilis
1212 2200 1314 2235 fratris
1341 2200 1438 2235 nostri
1464 2200 1502 2234 N.
1530 2199 1775 2236 Tusculanensis
1799 2201 1868 2248 epi-

1119 2250 1224 2296 scopi,
1264 2250 1314 2284 cui
1356 2261 1413 2296 per
1449 2249 1552 2295 ipsum
1594 2250 1867 2296 praedecessorem

1121 2299 1219 2333 suerat
1259 2298 1449 2333 examinatio
1482 2298 1692 2345 inquisitionis
1725 2298 1866 2333 eiusdem

1120 2348 1301 2387 commissa,
1323 2347 1361 2381 ‹le
1389 2347 1488 2394 ipsius
1509 2347 1643 2382 Sanctae
1669 2348 1748 2382 vitae
1763 2347 1867 2382 since—

1121 2398 1211 2432 ritate
1233 2405 1263 2432 et
1285 2396 1602 2442 veritate-signorum
1622 2396 1794 2431 constiterit
1810 2397 1867 2430 evi-

1121 2445 1242 2486 denter,
1270 2457 1328 2480 nos
1351 2454 1421 2492 post
1443 2446 1575 2480 multam
1611 2444 1867 2480 deliberationem

1121 2507 1193 2529 cum
1222 2494 1369 2529 fratribus
1393 2495 1505 2528 uostris
1529 2494 1753 2541 praehabitam,
1776 2503 1869 2540 prout

1121 2544 1196 2578 tanti
1224 2544 1340 2590 negotii
1363 2552 1509 2590 exegerat
1540 2542 1740 2588 magnitudo,
1768 2543 1867 2590 ipsam

1121 2604 1201 2639 quae
1223 2601 1405 2638 contempto
1433 2592 1575 2639 obsequii
1598 2591 1646 2626 sui
1678 2591 1778 2635 fastu,
1811 2592 1869 2627 de·-

1121 2649 1228 2688 specta
1261 2642 1442 2688 magnificae
1480 2640 1594 2676 domus
1629 2641 1803 2676 reverentia
1837 2650 1870 2677 et

1882 379 1910 394 no
1926 372 1964 393 ΡΡ.
1983 374 2066 401 suppli-

1883 407 1939 429 cant,
1971 407 1993 425 ut
2020 410 2066 426 eam

1883 438 1976 456 sanctor.
2006 439 2067 457 eata-

1882 466 1930 491 1ogo
1957 466 2067 487 adscriba-

1882 499 1923 517 ret:

1892 1331 1933 1358 Qui
1947 1332 1974 1352 de
1988 1331 2021 1352 hin
2034 1337 2066 1352 m-

1881 1362 1935 1389 quirl
1950 1361 2063 1382 mandavit.

1888 2014 1985 2037 Clemens
1994 2017 2066 2044 itaque

1881 2052 1924 2069 rem
1939 2047 2030 2074 perficit.
