2129 3223
401 234 471 266 51⁹2

351 297 494 332 videlicet
522 295 600 329 vitae
628 293 788 337 meritum,
810 293 834 327 si
864 293 1014 327 miracula
1037 305 1097 327 non

350 347 465 381 fuerint
490 343 674 390 subsequta,
701 354 803 390 neque
832 342 993 383 miracula,
1020 342 1045 376 si
1063 354 1099 377 ea

351 397 428 430 vitae
455 393 604 429 meritum
628 404 688 427 non
713 392 884 438 processit,
912 404 984 426 cum
1008 390 1097 425 multi

349 443 462 478 dicturi
480 443 542 478 sint
563 442 594 476 in
614 441 664 476 die
686 440 754 476 illa:
784 440 931 483 Domine,
950 441 1097 479 Domine,

349 504 454 528 nonne
482 493 513 526 in
537 491 664 527 nomine
687 499 742 525 tuo
770 490 1041 538 prophetavimus,
1069 497 1098 524 et

349 543 378 577 in
416 542 543 576 nomine
582 549 636 575 tuo
668 539 815 575 demonia
850 539 1028 581 eiecimus,
1069 547 1098 573 et

348 592 479 626 virtutes
505 590 637 625 fecimus
660 589 691 624 in
719 589 846 624 nomine
881 597 936 624 tuo
965 589 1095 622 multas:

347 641 476 688 quibuS,
497 640 571 686 quia
583 651 645 674 non
660 639 745 674 novit
761 650 831 673 eos:
849 637 1001 673 discedite
1016 649 1032 672 a
1049 649 1098 672 me

347 689 481 737 operarii
509 689 697 735 iniquitatis,
723 688 895 731 Dominus,
918 695 1010 734 prout
1029 687 1097 733 ipse

347 747 478 774 testatur
505 739 536 772 in
559 737 742 784 Evangelio,
764 736 977 783 respondebit.
1007 735 1098 770 Unde

347 796 471 836 oportet
486 787 570 834 quod
589 786 803 835 approbentur
821 786 981 820 miraculis
993 797 1097 831 opera,

347 847 378 872 et
392 837 542 885 operibus
560 836 711 871 miracula
729 835 909 870 fulciantur.
929 834 1000 876 Quo
1017 835 1098 869 cii-ca

347 887 531 923 discretioni
561 894 695 925 vestrae,
722 885 761 919 de
788 896 850 931 qua
872 883 997 930 plenam
1024 883 1097 918 fidu-

347 937 427 971 ciam
466 936 660 975 obtinemus,
697 945 752 980 per
778 933 951 980 apostolica
983 933 1099 980 scripta

348 986 556 1028 mandamus,
588 992 746 1031 quatenus
785 982 824 1016 de
861 982 1012 1028 praedicti
1043 982 1098 1016 viri

347 1035 503 1082 praeclari,
526 1034 586 1068 vita
619 1041 649 1068 et
688 1031 926 1066 conversatione
965 1043 1001 1065 ac
1032 1043 1100 1066 me-

347 1085 417 1119 ritis
442 1096 459 1118 a
481 1084 558 1118 viris
584 1082 727 1117 honestis
761 1088 792 1115 et
819 1080 879 1115 fide
901 1080 1018 1125 dignis,
1045 1080 1098 1126 qui

165 1143 325 1179 tui-uisiiionem
347 1133 387 1169 de
410 1133 578 1180 praedictis
597 1131 713 1166 habent
736 1130 889 1169 notitiam,
918 1141 1041 1164 necnon
1070 1138 1101 1164 et

151 1174 334 1226 fifif‘ssgss‘ffib‘ssffujf
349 1183 520 1223 miraculis,
547 1193 627 1229 quae
654 1188 725 1227 post
747 1180 816 1213 eius
843 1178 962 1213 obitum
986 1177 1101 1213 subse-

151 1235 334 1271 “²¹¹¹,¹³e³¹¹⁰⁹ffl-
348 1240 422 1279 quta
445 1231 606 1275 dicuntur,
628 1242 664 1265 ac
683 1228 929 1263 circumstantiis
945 1228 1100 1263 universis

151 1272 220 1288 mm.
349 1281 579 1326 pertinentibus
601 1278 640 1314 ad
668 1286 836 1324 utrumque
860 1277 1027 1324 inquiratis
1049 1277 1101 1312 di-

348 1330 556 1376 ligentissime
584 1328 764 1371 veritatem,
798 1335 826 1360 et
861 1338 941 1373 quae
970 1327 1101 1361 invene-

348 1379 416 1414 ritis
448 1379 584 1414 fideliter
609 1376 790 1422 redigentes
824 1375 855 1410 in
885 1376 1031 1423 scriptis,
1066 1388 1100 1411 ea

349 1428 408 1462 sub
440 1428 551 1463 vestris
577 1426 688 1472 sigillis
714 1425 752 1460 ad
780 1433 917 1459 nostram
947 1436 1101 1471 praesen—

351 1478 424 1512 tiam
459 1475 689 1515 transmittatis,
727 1482 760 1508 ut
782 1486 837 1521 per
859 1482 992 1508 vestram
1021 1474 1101 1508 rela—

349 1528 467 1561 tionem
490 1525 647 1565 instructi,
674 1524 705 1558 in
728 1523 855 1569 negotio
883 1523 952 1569 ipso
974 1531 1102 1558 auctore

348 1574 487 1611 Domino
509 1574 730 1623 procedamus,
758 1580 849 1619 prout
871 1572 941 1612 ille,
974 1572 1027 1619 qui
1050 1572 1101 1607 dat

348 1624 497 1660 omnibus
535 1624 716 1666 affluenter,
755 1629 785 1656 et
821 1633 882 1655 non
911 1621 1102 1669 improperat

350 1673 452 1716 nobis,
465 1674 563 1709 adsui
583 1671 720 1708 nominis
742 1670 894 1706 honorem
919 1679 949 1706 et
970 1671 1101 1717 gloriam

350 1722 525 1770 inspirabit,
553 1722 638 1770 quod
665 1721 690 1756 si
725 1732 786 1754 non
822 1731 932 1754 omnes
954 1720 1002 1755 liis
1029 1732 1103 1754 exe—

349 1772 485 1819 quendis
508 1771 671 1821 potueritis
693 1770 856 1809 interesse,
879 1777 911 1803 tu
940 1781 987 1808 ea,
1010 1769 1104 1804 frater

350 1822 509 1869 episcope,
536 1834 608 1857 cum
631 1831 741 1855 eorum
777 1819 873 1853 altero
897 1818 1103 1853 nihilominus

350 1872 525 1918 exequaris.

399 1920 517 1955 Datum
538 1919 697 1958 Laterani,
719 1917 933 1952 sextodecimo
957 1917 1104 1951 kalendas

351 1969 512 2014 februarii,
536 1968 738 2016 pontificatus
761 1967 856 2001 nostri
881 1979 964 2001 anno
990 1965 1101 2013 primo.

380 2030 442 2061 Dat.
461 2031 509 2061 die
528 2032 562 2060 Π
584 2029 711 2061 ianuarii
732 2029 816 2065 1217,
836 2029 937 2068 pontit'.
957 2037 1032 2058 anno
1056 2038 1073 2057 1.

154 247 204 272 An.
223 246 252 272 C.
269 245 334 272 ¹2¹7

703 2175 756 2210 IV.

357 2249 557 2295 Confirmatio
578 2249 727 2281 bonorum
754 2248 889 2280 omnium
913 2258 949 2280 ac
972 2247 1105 2290 privile-

402 2300 524 2343 9iorum
552 2298 706 2331 Ecclesiae
736 2297 930 2330 Terracina».
958 2309 993 2329 ac
1014 2296 1105 2329 unio-

402 2349 450 2381 πίε
471 2359 539 2381 cum
557 2348 660 2381 eadem
683 2346 891 2380 Ecclesiarwn
915 2345 1105 2379 Privernatis

403 2405 430 2430 et
454 2397 578 2430 Setinae
595 2398 650 2440 (1).

624 2462 838 2495 sulimatum!

356 2523 521 2553 Exordium.
533 2540 571 2545 —
582 2523 745 2553 Ecclesiam
763 2524 837 2552 lianc
853 2521 908 2551 sub
926 2521 1105 2559 protectione

396 2566 479 2596 Sedis
498 2567 680 2606 Apostolicae
709 2567 842 2605 suscipit:
861 2582 899 2587 —
917 2564 1007 2604 Eique
1030 2564 1103 2594 bona

392 2629 431 2662 ti)
445 2628 482 2654 Ex
499 2629 610 2662 Ughelt„
630 2628 685 2655 Ital.
704 2628 774 2654 Satn.
793 2631 856 2653 tom.
875 2635 892 2651 i.

933 239 1069 261 BL'LLAR't
1076 239 1118 261 [M
1146 239 1308 261 ROMANL'M

1905 241 1946 267 An
1971 240 2000 267 C.
2021 240 2087 266 ¹2¹7

1179 292 1278 322 omnia
1302 292 1464 322 contii-mat:
1486 310 1525 315 —
1543 292 1686 323 Unionem
1706 302 1825 332 quoque
1839 292 1891 323 Ec-

1179 336 1340 365 clesiarum
1359 335 1521 367 Privernat.
1545 342 1573 367 et
1594 336 1722 367 Setinae.
1742 353 1781 360 ·—
1795 335 1892 367 Hono-

1180 381 1215 409 rii
1232 380 1285 409 PP.
1308 385 1335 409 et
1359 380 1386 410 S.
1403 380 1434 410 R.
1450 380 1480 410 E.
1500 382 1579 411 card.
1599 381 1844 420 subscriptiones.

1139 460 1270 488 Honorius
1285 460 1425 496 episeopus
1443 468 1538 490 servus
1553 468 1692 491 servorum
1707 461 1763 494 Dei.
1782 467 1892 491 venera·

1184 509 1233 538 bili
1251 508 1338 539 fratri
1350 509 1463 539 stmeont
1473 510 1659 540 'terracinensi
1673 510 1807 547 episeopo.
1821 510 1892 540 otus-

1184 566 1234 594 que
1258 558 1458 588 successoribus
1487 560 1610 588 canonice
1640 559 1830 593 instituendis.
1865 559 1893 588 in

1180 610 1350 645 perpetuum.

1189 690 1340 725 Hortatur
1355 701 1424 734 uos,
1449 699 1479 724 et
1498 690 1645 725 admonet
1660 701 1734 725 cura
1753 690 1889 737 suscepti
1937 700 2055 721 Exordium.

1140 752 1304 786 l'egllsslnls
1330 748 1382 773 elC.
1903 767 1906 770 .

1188 789 1377 836 Eapropter,
1402 788 1585 824 venerabilis
1608 789 1640 823 in
1658 787 1786 824 Christo
1798 788 1892 823 frater
1911 798 2090 833 socinianique

1140 839 1302 886 episcope,
1317 838 1381 873 tuis
1410 837 1501 872 iustis
1534 837 1798 884 postulationibus
1825 837 1892 873 cle·
1906 829 2091 886 {221¹J2'ffissffi

1140 897 1262 923 menter
1284 887 1473 931 annuimus,
1496 895 1526 921 et
1547 887 1806 922 Terracinensem
1828 886 1892 921 Ec·
1907 896 1945 912 ω
1961 891 2056 917 ’wiw-

1141 937 1282 978 clesiam,
1309 937 1361 972 cui
1383 944 1511 971 auctore
1533 936 1601 971 Deo
1623 947 1758 984 praeesse
1779 935 1893 983 digno-

1141 987 1257 1030 sceris,
1300 986 1338 1020 ad
1366 984 1526 1032 exemplar
1572 985 1671 1021 felicis
1723 997 1894 1021 memoriae

1141 1035 1312 1070 Alexandri
1340 1034 1389 1073 11,
1429 1033 1550 1069 Urbani
1575 1034 1620 1079 ll,
1659 1033 1823 1069 Paschalis
1854 1033 1894 1076 Π,

1141 1083 1254 1119 Calixti
1280 1084 1324 1126 ll,
1351 1084 1522 1118 Alexandri
1553 1084 1615 1122 ΙΙΙ,
1654 1083 1826 1119 Coelestini
1852 1082 1894 1117 111

1141 1143 1171 1169 et
1213 1133 1387 1169 Innocentii
1436 1132 1655 1168 Romanorum
1703 1132 1892 1167 Pontificum

1143 1183 1422 1231 praedecessorum
1452 1192 1631 1218 nostrorum
1654 1181 1714 1216 sub
1747 1181 1784 1216 B.
1807 1181 1892 1216 Petri

1141 1241 1172 1267 et
1199 1242 1304 1268 nostra
1327 1240 1522 1279 protectione
1536 1231 1741 1278 suscipimus,
1763 1239 1794 1266 et
1809 1242 1895 1278 prae-

1142 1282 1241 1317 sentis
1283 1282 1390 1328 scripti
1431 1280 1595 1328 privilegio
1634 1280 1892 1324 communimus,

1141 1339 1327 1372 statuentes,
1354 1339 1388 1365 ut
1422 1341 1638 1377 quascumque
1668 1329 1893 1375 possessiones,
1919 1332 1985 1384 ⁸1⁴1?
2038 1333 2094 1385 Ἢῡ

1142 1392 1364 1428 quaecumque
1376 1379 1458 1414 bona
1476 1379 1584 1415 eadem
1601 1378 1742 1414 Ecclesia
1757 1378 1788 1413 in
1804 1390 1895 1426 prae-
1909 1369 1980 1416 2¹22*
2013 1369 2052 1385 ⁶⁰¹¹
2081 1374 2093 1379 ”

1142 1430 1313 1465 sentiarum
1337 1429 1417 1464 iuste
1439 1437 1469 1464 et
1491 1429 1643 1463 canonice
1673 1427 1823 1474 possidet,
1841 1435 1894 1463 aut

1143 1479 1172 1513 in
1201 1479 1344 1514 futurum
1367 1478 1572 1513 concessione
1597 1477 1806 1521 Pontificum,
1833 1477 1894 1511 lar-

1143 1528 1261 1574 gitione
1297 1539 1404 1574 regum
1428 1526 1474 1561 vel
1503 1526 1702 1574 principum,
1737 1525 1895 1561 oblatione

1144 1577 1305 1617 fidelium,
1345 1589 1401 1612 seu
1440 1575 1508 1610 aliis
1543 1575 1634 1610 iustis
1662 1575 1764 1610 modis
1801 1587 1896 1623 prae-

1143 1635 1244 1662 stante
1271 1626 1408 1661 Domino
1426 1625 1539 1672 poterit
1560 1624 1706 1672 adipisci,
1734 1625 1823 1660 firma
1839 1623 1893 1658 tibi

1142 1676 1270 1723 tuisque
1297 1674 1550 1716 successoribus,
1578 1683 1609 1709 et
1630 1673 1744 1708 illibata
1772 1685 1896 1720 perma-

1145 1734 1250 1766 neant,
1284 1737 1301 1760 e
1330 1724 1448 1772 quibus
1474 1724 1551 1758 haec
1578 1723 1713 1771 propriis
1745 1722 1896 1758 duximus

1143 1774 1351 1821 exprimenda
1373 1773 1547 1808 vocabulis:
1576 1773 1676 1807 casale
1702 1772 1734 1806 in
1761 1772 1896 1818 integro,

1144 1824 1230 1871 quod
1257 1831 1385 1858 vocatur
1410 1823 1601 1857 Antisanum
1633 1833 1706 1856 cum
1733 1821 1895 1869 aquimolo

1144 1885 1214 1913 suo,
1241 1881 1272 1907 et
1292 1872 1461 1908 Teruuiam
1489 1884 1561 1906 cum
1581 1870 1748 1918 aquimolis
1768 1871 1844 1912 suis,
1866 1879 1896 1906 et

1145 1922 1228 1956 iuxta
1251 1921 1385 1956 fundum
1412 1920 1798 1965 Cardiculum,coloniam
1815 1932 1897 1968 quae

1146 1972 1245 2017 posita
1272 1980 1319 2006 est
1346 1971 1376 2005 iu
1383 1997 1482 2004 ......
1505 1970 1618 2011 casale,
1650 1968 1736 2017 quod
1768 1977 1897 2005 vocatur

1145 2020 1298 2060 Doransa,
1332 2020 1500 2061 coloniam,
1536 2031 1616 2067 quae
1641 2026 1772 2054 vocatur
1791 2017 1895 2055 Rose—

1145 2078 1225 2108 tum,
1260 2070 1418 2105 coloniam
1452 2081 1533 2116 quae
1567 2076 1695 2104 vocatur
1715 2068 1895 2112 Rossizam,

1145 2119 1247 2154 casale
1274 2119 1358 2165 quod
1386 2127 1516 2153 vocatur
1542 2117 1750 2153 Casamartin.
1784 2116 1896 2152 Casale

1145 2169 1229 2214 quod
1258 2177 1304 2203 est
1327 2168 1464 2215 positum
1488 2168 1520 2202 in
1543 2167 1661 2208 Silana,
1687 2167 1789 2202 casale
1809 2167 1893 2213 quod

1146 2227 1274 2252 vocatur
1279 2246 1334 2251 .....
1358 2217 1441 2264 sylva
1470 2229 1551 2264 quae
1578 2225 1705 2252 vocatur
1722 2215 1894 2261 Sigubara,

1146 2279 1174 2301 et
1207 2266 1406 2302 Leuciscuin.
1446 2266 1518 2301 Duo
1551 2265 1662 2301 casalia
1689 2265 1722 2299 in
1744 2263 1894 2313 Circeyo,

1146 2316 1278 2350 fundum
1292 2316 1375 2363 quod
1391 2324 1520 2351 vocatur
1531 2314 1681 2354 Pensum,
1694 2314 1796 2349 casale
1809 2314 1894 2360 quod

1147 2374 1273 2400 vocatur
1304 2367 1378 2405 Are,
1417 2365 1550 2400 fundum
1583 2364 1638 2412 qui
1662 2371 1788 2398 vocatur
1808 2362 1896 2398 Bela-

1147 2427 1226 2459 zam,
1239 2414 1480 2462 Propesiauum,
1497 2422 1619 2462 pratum
1636 2413 1795 2447 vineatum
1810 2412 1894 2447 iuxta

1146 2463 1318 2504 Balneum,
1362 2473 1393 2504 et
1427 2472 1596 2500 cannetum
1630 2474 1702 2497 cum
1737 2461 1894 2501 dracinia,

1147 2525 1249 2561 usque
1276 2514 1305 2549 in
1329 2522 1417 2561 porta
1439 2513 1545 2548 Sancti
1566 2510 1738 2551 Laurentii,
1761 2510 1893 2545 fundum

1146 2561 1341 2605 Casaricum,
1364 2564 1452 2598 vinea
1475 2562 1572 2608 posita
1600 2562 1629 2595 in
1652 2559 1827 2607 Cepollato,
1855 2560 1895 2594 vi-

1147 2624 1236 2646 neam
1273 2613 1361 2647 sitam
1399 2613 1427 2646 in
1465 2619 1550 2658 porta
1585 2610 1701 2644 Albini,
1738 2609 1894 2644 coloniam
