2129 3223
143 248 192 275 An.
211 247 241 274 C.
256 247 323 274 ¹225

152 1594 266 1621 Superiora
287 1601 322 1616 ra-

140 1626 231 1647 tionibus
248 1629 322 1647 etmo-

139 1658 188 1677 nitis
203 1659 269 1682 urget.

158 2289 278 2308 mmmm
301 2296 311 2308 a

145 2321 242 2340 rmnciae
279 2321 325 2346 epi-

145 2356 219 2377 ‹copos

387 237 457 269 410

338 300 457 336 bendae
482 307 690 339 reserventur,
717 307 747 333 et
775 299 900 332 interim
927 298 1029 333 donec
1054 297 1082 332 id

338 350 401 394 fiat,
422 356 638 395 competentes
677 348 708 382 in
749 348 793 383 eis
826 347 970 383 redditus
1003 348 1084 382 assi-

337 407 482 445 gnentur.
510 398 544 432 In
574 397 771 433 monasteriis
799 410 880 438 vero,
903 406 933 432 et
951 397 1083 433 caeteris

336 448 484 483 domibus
512 447 707 494 regularibus
739 459 774 482 ac
808 447 876 482 aliis
909 447 1084 494 collegiatis

337 495 644 538 Ecclesiis,‘necn0n
667 497 706 531 de
735 496 826 532 bonis
860 497 1083 544 episcoporum

335 547 511 582 secundum
540 547 701 582 facultates
722 559 796 582 suas
810 574 818 589 ,
854 547 1084 581 consumantur
1104 563 1105 574 t

335 597 412 632 certi
434 596 576 632 redditus
591 596 784 644 praebendas
805 604 988 643 aequantes,
1003 607 1084 642 quo-

336 658 406 681 rum
430 654 601 693 proventus
623 646 653 680 in
680 657 850 681 commune
872 645 1001 692 recepti,
1022 653 1082 679 tam

335 696 367 731 in
394 704 529 737 nostras,
551 708 646 744 quam
671 696 799 730 fratrum
826 703 1004 729 nostrornm
1027 706 1086 728 ne-

334 746 506 789 cessitates,
533 745 800 793 cappellanorum,
822 756 943 779 necnon
967 744 1086 778 cancel-

336 796 430 831 lariae
452 795 663 835 ostiariorum,
686 795 882 840 aliorumque
897 793 989 828 Sedis
1004 793 1084 840 Apo-

335 845 463 880 stolicae
485 844 665 879 officialium
698 851 931 883 convertantur,
969 851 1001 877 ut
1040 842 1086 877 sic

139 902 321 953 ai‘ll'ssulimffi
335 904 365 930 et
392 894 615 942 provideantur
630 894 744 928 nostris
763 894 791 926 in
810 893 868 928 vita
885 892 1084 932 necessariis,

138 963 234 988 spondet,

335 953 366 979 et
387 945 482 992 gratis
504 944 652 979 omnibus
673 943 779 978 omnia
802 955 857 989 pro
876 942 1086 989 quibuscum-

335 1007 397 1042 que
428 993 630 1028 venientibus
678 992 812 1039 negotiis
845 993 1084 1035 ministrentur,

335 1056 394 1079 nec
416 1043 466 1083 sit,
483 1044 535 1090 qui
552 1055 608 1090 per
620 1055 666 1088 se,
681 1043 727 1077 vel
742 1054 796 1089 per
808 1041 916 1082 alium,
935 1053 1084 1088 expresse

335 1095 380 1128 vel
403 1093 496 1128 tacite
517 1092 633 1140 aliquid
661 1093 778 1139 exigat,
800 1091 845 1126 vel
861 1092 952 1125 etiam
972 1099 1084 1138 sponte

334 1143 438 1178 oblata
465 1143 607 1189 recipiat,
634 1138 758 1189 praeter
801 1141 891 1175 villae
926 1140 1082 1176 redditum

334 1201 534 1232 consuetum.
557 1191 652 1233 Quod
667 1191 692 1226 si
715 1190 879 1225 Gieziacus
901 1198 1003 1225 tantae
1025 1202 1086 1225 cu-

334 1242 455 1290 piditati
470 1242 613 1276 animam
636 1240 765 1275 audebit
790 1252 961 1288 exponere,
983 1248 1085 1275 tantae

335 1304 455 1339 poenae
482 1291 618 1326 duritiae
640 1290 828 1329 subiacebit,
854 1289 939 1337 quod
963 1298 1085 1337 praeter

335 1337 479 1388 publicae
500 1340 709 1376 confessionis
722 1339 939 1387 opprobrium,
958 1338 1083 1385 culpam

336 1391 366 1425 in
383 1403 480 1438 poena
503 1399 681 1436 cognoscet.
697 1389 776 1431 Quis
792 1390 887 1435 igitur
905 1389 998 1423 frater
1011 1400 1083 1434 gra-

335 1441 406 1485 tiae,
421 1441 492 1488 quis
517 1439 693 1474 devotionis
715 1439 810 1482 lilius,
837 1440 909 1486 quis
930 1438 1038 1485 sponsi
1054 1446 1083 1472 et
1104 1453 1107 1459 ⁴

335 1502 471 1537 sponsae
498 1489 634 1524 dilectus
667 1488 704 1523 ad
739 1487 919 1522 huiusmodi
954 1487 1083 1522 fratrum

335 1539 498 1575 Ecclesiae
524 1538 689 1573 consilium
718 1545 748 1571 et
773 1537 925 1572 auxilium
949 1548 1011 1571 non
1033 1548 1085 1570 as-

336 1590 455 1636 surget?
476 1589 525 1623 An
548 1599 611 1622 non
640 1587 733 1627 licet,
772 1599 833 1622 non
871 1587 986 1630 decet,
1020 1597 1083 1620 non

337 1638 487 1686 expedit,
515 1646 547 1672 ut
568 1637 613 1671 sic
636 1637 715 1671 filiae
747 1636 886 1671 dextram
927 1636 1085 1683 porrigant

336 1689 374 1724 ad
402 1687 546 1723 subsidia
573 1686 692 1727 matris,
713 1698 795 1733 quae
826 1685 1085 1732 occupationibus

337 1738 443 1773 multis
459 1746 491 1773 et
517 1736 640 1782 magnis
661 1735 830 1770 involvitur
857 1746 912 1781 pro
944 1734 1084 1769 necessi-

335 1788 452 1822 tatibus
478 1785 631 1821 liliorum?
648 1784 760 1819 'Nonne
778 1785 815 1819 ad
832 1785 863 1818 id
883 1783 1086 1831 quamplures

335 1837 549 1872 Ecclesiarum
577 1835 714 1882 praelati,
729 1835 897 1880 magnique
918 1833 1085 1868 testimonii

336 1887 400 1921 veri
422 1895 566 1933 tempore
592 1884 748 1930 generalis
772 1883 897 1918 concilii
936 1896 991 1917 sua
1032 1882 1087 1916 da-

336 1934 427 1971 bant?
447 1935 560 1970 Nonne
582 1935 619 1968 ad
648 1933 678 1967 id
698 1941 763 1968 toto
786 1933 969 1967 videbantur
996 1931 1088 1966 desi-

337 1985 425 2020 derio
447 1984 600 2032 aspirare?
620 1982 710 2017 Tunc
733 1991 835 2017 tamen
865 1982 965 2017 Sedes
998 1982 1088 2028 Apo-

337 2035 446 2070 stolica
472 2033 606 2072 distulit,
629 2045 667 2066 ne
689 2032 847 2067 videretur
872 2031 910 2065 ad
934 2031 991 2066 hoc
1010 2042 1087 2065 con-

337 2085 444 2120 cilium
466 2094 623 2119 evocasse.
646 2081 692 2116 Ne
716 2082 812 2128 igitur
838 2090 899 2115 tam
932 2081 996 2128 pii,
1024 2088 1086 2114 tam

338 2135 438 2170 sancti
465 2132 615 2181 propositi
642 2131 872 2166 consummatio
900 2130 1088 2169 retardetur,

339 2197 394 2231 per
415 2184 498 2231 quod
521 2193 663 2218 crescere
689 2181 802 2227 poterit
839 2181 933 2214 decor
971 2179 1089 2214 Eccle-

339 2235 404 2269 siae
424 2233 494 2274 Dei,
516 2232 676 2278 multaque
707 2230 846 2265 subtrahi
875 2230 998 2263 occasio
1031 2227 1088 2263 de-

341 2283 493 2318 trahendi:
537 2281 772 2316 universitatem
813 2288 943 2314 vestram
979 2290 1089 2313 mone-

341 2346 423 2374 mus,
447 2344 594 2380 rogamus
615 2338 645 2365 et
670 2331 874 2365 exhortamur
895 2329 925 2363 in
952 2327 1089 2362 Domino

343 2395 398 2429 per
419 2382 589 2430 apostolica
611 2380 727 2427 scripta
768 2378 855 2414 vobis
883 2378 1088 2413 mandantes:

342 2442 498 2478 quatenus
519 2431 556 2466 ad
579 2431 796 2465 executionem
825 2427 1010 2474 provisionis
1035 2427 1090 2460 hu-

341 2482 490 2522 iusmodi,
519 2489 579 2515 tam
603 2481 632 2514 in
668 2477 898 2514 cathedralibus
927 2488 1021 2525 quam
1057 2476 1088 2510 in

342 2530 410 2566 aliis
424 2531 578 2575 ecclesii<,
602 2538 634 2564 ut
656 2529 774 2563 dictum
789 2536 849 2567 cst,
872 2526 1090 2575 impendentes

339 2580 387 2614 sic
413 2591 521 2627 opere,
536 2589 571 2614 ut
593 2590 722 2626 operam
742 2578 914 2621 efficacem,
933 2576 1019 2624 quod
1041 2575 1091 2610 in-

912 244 1100 267 BULLARIUM
1128 243 1289 266 ROMANUM

1103 300 1107 345 ζ
1125 297 1185 333 Dei
1207 309 1262 332 vos
1276 297 1370 332 decor
1382 297 1508 339 alliciat,
1526 305 1678 344 quantum
1702 294 1870 330 multorum

1127 347 1272 382 relevatio
1314 355 1452 389 moneat,
1490 355 1709 394 quantumque
1754 344 1872 380 utilitas

1125 396 1281 432 oeneralis
1303 397 1440 432 inducat.
1468 396 1636 432 Caeterum
1660 407 1732 430 cum
1759 393 1796 429 ad
1819 406 1872 428 re-

1104 424 1253 481 fevanda
1281 446 1490 482 Ecclesiaruin
1517 458 1612 481 onera
1637 455 1668 481 et
1693 444 1870 492 gravamina

1126 496 1349 544 praelatorum,
1386 505 1477 544 prout
1508 508 1700 544 possumus,
1729 493 1872 530 intenda—

1126 558 1208 591 mus,
1236 546 1274 581 de
1297 546 1484 593 praebendis
1511 545 1632 581 clericis
1655 545 1804 587 romanis,
1828 544 1871 578 vel

1126 595 1223 631 aliisa
1247 595 1329 631 Sede
1352 595 1533 643 Apostolica
1557 595 1716 630 concessis
1727 594 1872 629 duximus

1104 659 1106 670 ·
1127 646 1367 692 providendum
1390 653 1423 679 ut
1446 653 1610 692 postquam
1627 644 1742 679 fuerint
1758 655 1874 690 supra-

1126 695 1207 730 dicta
1229 696 1394 742 completa,
1431 707 1502 729 curn
1542 706 1596 730 eos
1630 705 1737 729 vacare
1771 692 1873 728 conti-

1125 745 1215 791 gerit,
1237 745 1274 780 ad
1302 744 1444 792 proprias
1479 744 1639 779 Ecclesias
1668 750 1872 781 revertantur,

1126 807 1165 829 ne
1191 796 1215 830 si
1250 795 1426 830 successive
1463 793 1664 829 conserantur
1692 792 1873 833 extraneis,

1125 845 1206 879 sicut
1227 843 1397 891 aliquando
1419 844 1593 884 consuevit,
1616 842 1687 878 filiis
1713 841 1874 877 Ecclesia-

1126 906 1208 938 rnm,
1231 895 1284 942 qui
1310 894 1368 929 nisi
1396 894 1547 928 continuo
1562 893 1688 928 servitio
1704 889 1874 932 resideant,

1128 944 1333 978 redderentur
1361 944 1499 986 inutiles,
1527 951 1557 977 et
1596 943 1755 979 voluntate
1794 953 1875 989 qno-

1126 993 1295 1028 dammodo
1318 993 1426 1028 fierent
1447 993 1575 1028 alienae.

1176 1042 1290 1078 Datum
1315 1043 1457 1078 Laterani
1493 1043 1602 1090 quinto
1635 1041 1784 1077 kalendas
1823 1040 1875 1075 fe—

1104 1120 1107 1150 ,
1127 1092 1255 1138 bruarii,
1285 1093 1484 1141 pontificatus
1505 1092 1604 1128 nostri
1625 1104 1708 1127 anno
1730 1102 1824 1126 nono.

1167 1154 1227 1184 Dat.
1243 1155 1290 1185 die
1313 1154 1350 1184 28
1372 1155 1496 1185 ianuarii
1511 1154 1598 1192 1225,
1619 1153 1721 1195 pontis.
1738 1163 1783 1184 an.
1800 1162 1836 1184 tx.

1426 1313 1570 1348 LXXVI.

1105 1390 1304 1423 tPublicatr‘o
1338 1401 1545 1434 processuum,
1582 1389 1776 1433 aliarumque
1802 1400 1876 1434 poe-

1177 1450 1289 1472 narum
1309 1440 1484 1473 constitutio
1498 1446 1604 1473 contra
1631 1439 1666 1471 S.
1689 1438 1728 1472 R.
1753 1438 1792 1472 E.
1811 1450 1877 1472 car-

1176 1490 1292 1522 dinales
1326 1490 1519 1529 invadentes,
1553 1500 1603 1522 seu
1630 1489 1778 1532 eosfllt'as
1798 1500 1876 1534 quo-

1174 1539 1334 1572 modolibet
1363 1539 1482 1572 iniuria
1508 1539 1671 1584 afficientes
1695 1539 1756 1580 (d).

1393 1611 1606 1642 SUMMARIUM

1126 1678 1313 1708 Prooemium.
1331 1695 1369 1701 —
1386 1678 1414 1708 S.
1430 1678 1463 1708 R.
1484 1678 1514 1708 E.
1531 1679 1695 1709 cardinales
1713 1680 1877 1719 percutien—

1169 1729 1228 1760 tes,
1257 1731 1418 1762 eorumque
1447 1724 1596 1760 fautores,
1626 1723 1790 1753 consiliarii
1820 1729 1875 1755 etc.

1166 1767 1263 1797 hanno
1275 1766 1464 1806 puniendi,ac
1475 1767 1618 1798 beneficio
1630 1769 1755 1799 testandi
1764 1769 1878 1808 privan-

1169 1816 1224 1842 tur.
1234 1828 1273 1834 -
1283 1811 1364 1841 Aliae
1376 1821 1496 1851 poenae.
1508 1829 1547 1834 —
1556 1811 1746 1843 Declarantur
1757 1823 1876 1845 excom-

1168 1856 1309 1885 municati
1332 1856 1398 1895 ipso
1421 1855 1506 1886 facto.
1526 1873 1564 1880 -
1586 1856 1879 1889 Poenitentiainiun-

1168 1901 1261 1938 genda
1283 1900 1539 1940 resipiscentibus.
1557 1917 1596 1923 --
1614 1900 1697 1932 Varia
1717 1911 1808 1942 poena
1825 1912 1876 1933 se-

1169 1946 1298 1975 cundum
1311 1946 1409 1975 delicti
1425 1945 1606 1985 qualitatem.
1619 1962 1658 1969 —
1669 1945 1763 1977 Poena
1777 1951 1877 1978 contra

1169 1990 1288 2019 eosdem
1307 1990 1473 2020 cardinales
1496 1991 1687 2021 occidentem.
1705 2007 1745 2014 —
1757 1991 1877 2028 Excom-

1168 2035 1356 2064 municantur
1368 2044 1485 2075 quoque
1501 2035 1616 2066 iudices
1636 2037 1689 2066 lias
1703 2045 1814 2076 poenas
1829 2037 1879 2066 de-

1169 2079 1374 2118 linquentibus
1397 2089 1454 2110 non
1472 2080 1647 2119 infligentes.

1129 2153 1261 2182 Honorius
1279 2155 1420 2192 episcopus
1449 2162 1543 2185 servus
1573 2162 1715 2185 servorum
1736 2155 1793 2189 nei,
1819 2155 1879 2185 uni-

1174 2205 1262 2232 versis
1279 2206 1440 2240 praesentes
1458 2205 1573 2234 litteras
1595 2205 1772 2241 inspecturis.
1804 2204 1877 2234 satu-

1175 2254 1232 2281 tem
1251 2255 1281 2283 et
1304 2254 1482 2290 apostoticam
1499 2255 1720 2284 benedictionem.

1180 2321 1305 2357 Summi
1330 2322 1522 2369 providentia
1550 2321 1706 2369 Principis
1732 2321 1885 2369 peculia--

1109 2383 1196 2442 ,rem
1240 2373 1410 2419 populum,
1449 2384 1543 2419 quem
1583 2370 1770 2418 praetulerat
1807 2371 1878 2406 aliis

1131 2422 1246 2468 gratiae
1265 2422 1434 2469 privilegio,
1454 2421 1600 2470 specialis
1620 2420 1742 2455 fovebat
1765 2433 1876 2456 manna

1132 2471 1383 2516 misericordiae,
1421 2483 1457 2506 ac
1493 2470 1604 2518 rigoris
1639 2470 1723 2517 virga
1751 2470 1884 2517 regebat

1131 2519 1294 2556 beneficiis
1314 2519 1447 2556 affluens
1481 2519 1653 2555 ultionibus
1675 2531 1736 2555 non
1759 2520 1878 2555 remis·

1132 2583 1202 2605 sus:
1231 2572 1350 2606 amicus
1379 2571 1472 2605 etiam
1507 2569 1627 2604 domini
1661 2568 1787 2617 Moyses
1819 2581 1877 2618 pro

342 2637 478 2675 terprcte
492 2628 572 2664 facto
587 2635 778 2663 monstretur
799 2634 951 2673 quantum
971 2625 1092 2661 Domus
1110 2636 1137 2677 323
1167 2638 1206 2672 (t)
1221 2637 1259 2664 Ex
1276 2637 1379 2673 Regest.
1401 2636 1484 2663 Vane,

1885 240 1936 267 An.
1953 238 1983 266 C.
1999 239 2065 266 ¹225
2110 255 2111 259 =

1915 2330 2050 2352 numium.
