2129 3223
397 268 465 301 5:26

345 333 437 373 sidet,
471 340 524 367 aut
552 331 581 364 in
609 330 748 364 futurum
776 327 977 363 concessione
997 326 1089 361 Pon-

345 382 482 424 tificum,
522 379 687 426 largitione
719 389 837 424 regum
884 376 930 411 vel
971 375 1089 423 princi—

345 444 431 479 pum,
458 429 616 466 oblatione
638 427 792 470 fidelium,
826 439 881 462 seu
907 426 977 461 aliis
999 425 1090 460 iustis

344 480 462 520 modis,
490 486 666 527 praestante
703 477 857 518 Domino,
886 475 997 524 poterit
1023 475 1090 510 adi-

343 530 440 578 pisci,
462 529 551 564 firma
574 528 680 569 robis,
703 527 875 574 vestrisque
897 524 1090 561 successori—

344 581 402 615 bus
415 587 446 614 et
466 578 582 614 illibata
606 585 816 624 permaneant.
835 576 870 611 In
885 575 999 622 quibus
1014 574 1090 609 haec

343 629 495 664 duximus
523 628 658 676 propriis
684 625 889 674 exprimenda
918 624 1088 660 vocabulis.

342 679 463 714 Locum
491 679 611 725 ipsum,
645 677 677 712 in
709 689 773 724 quo
803 674 937 723 praefata
964 686 1090 709 eremus

342 730 400 764 sita
422 736 488 768 est,
519 740 591 763 cum
615 726 762 762 omnibus
799 724 992 772 pertinentiis
1014 724 1088 758 suis.

342 778 514 813 Ecclesiam
537 777 671 825 Cryptae
693 775 810 810 Foeilis
837 787 906 809 cum
936 774 1092 820 pertinen-

342 829 393 863 tiis
419 828 494 863 suis.
525 826 698 862 Ecclesiam
729 825 836 860 Sancti
858 823 996 858 Bonifilii
1018 835 1088 857 cum

343 877 541 926 pertinentiis
562 877 641 911 suis.
665 874 840 910 Ecclesiam
863 874 901 908 de
923 873 1001 920 Ripa
1021 873 1090 907 Alta

341 940 414 963 cum
438 926 633 975 pertinentiis
654 925 735 969 suis,
762 936 834 959 cum
858 924 960 967 terris⁷
983 922 1090 970 pratis,

344 977 452 1017 vineis,
488 975 682 1018 nemoribus,
711 973 852 1020 usuagiis
885 980 915 1007 et
947 972 1089 1020 pascuis,

343 1029 372 1062 in
410 1026 528 1061 boscho
563 1034 592 1060 et
618 1025 728 1072 plano,
764 1023 795 1057 in
836 1023 927 1070 aquis
957 1030 987 1057 et
1021 1034 1091 1056 mo—

343 1075 490 1120 lendinis,
523 1074 580 1110 viis
601 1083 632 1109 et
653 1073 786 1117 semitis,
809 1081 839 1107 et
857 1072 1004 1107 omnibus
1022 1071 1091 1106 aliis

343 1125 539 1160 libertatibus
577 1132 608 1159 et
634 1121 889 1158 immunitatibus
915 1122 991 1156 suis.

390 1175 411 1223 S
436 1177 470 1209 4.
498 1173 581 1210 Sane
603 1173 759 1208 novalium
788 1180 984 1211 vestrorum,
1011 1182 1090 1217 quae

158 1235 242 1257 smus
257 1237 328 1256 eximit
342 1224 479 1272 propriis
513 1223 660 1259 manibus
687 1230 739 1257 aut
764 1220 945 1268 sumptibus
977 1220 1090 1264 colitis,

145 1274 156 1287 ²
172 1268 266 1288 ⁶²⁰¹m³''
342 1274 381 1310 de
403 1274 519 1322 quibus
540 1273 657 1320 aliquis
678 1273 832 1307 hactenus
854 1282 916 1305 non
941 1269 1090 1317 percepit,

342 1324 408 1359 sive
426 1323 466 1359 de
488 1332 662 1358 vestrorum
678 1320 858 1356 animalium
878 1319 1090 1363 nutrimentis,

344 1373 452 1408 nullus
473 1385 489 1408 a
523 1372 613 1407 vohis
638 1371 778 1406 decimas
812 1370 938 1417 exigere
969 1370 1014 1404 vel
1037 1381 1090 1404 ex—

344 1432 490 1470 torquere
513 1429 702 1469 praesumat.

391 1473 412 1520 S
439 1474 471 1507 5.
493 1471 603 1506 Liceat
624 1482 751 1518 quoque
773 1469 873 1510 vobis,
900 1468 1030 1503 clericos
1045 1467 1090 1502 vel

146 1530 330 1582 „i2„i{i³”⁰i}{i‡
344 1522 455 1563 laicos,
490 1521 606 1556 liberos
637 1529 667 1555 et
700 1519 876 1563 absolutos,
914 1531 930 1553 e
965 1517 1090 1552 saeculo

150 282 197 307 An.
215 281 241 308 C,
266 281 331 308 ¹247

146 1591 217 1618 piendi
240 1591 272 1611 ω
297 1589 330 1610 ra·
343 1571 511 1618 fugientes,
547 1570 584 1605 ad
620 1569 856 1605 conversionem
882 1568 1033 1615 recipere,
1061 1575 1090 1602 et

147 1623 254 1643 cultatem.

343 1633 398 1656 eos
418 1621 537 1668 absque
558 1619 803 1655 contradictione
824 1617 929 1664 aliqua
945 1617 1088 1652 retinere.

392 1671 412 1718 S
435 1672 466 1705 6.
491 1669 703 1705 Probibemus
729 1668 871 1715 insuper,
895 1666 1016 1702 utnulli
1035 1666 1090 1701 fra-

181 1731 297 1766 Prumbtuo
344 1728 425 1755 trum
452 1727 640 1764 vestrorum,
664 1727 734 1766 post
760 1717 871 1752 factam
912 1717 943 1751 in
985 1728 1091 1751 eremo

147 1763 268 1784 ‘'³¹²⁶““d'
304 1763 329 1783 ³⁶
344 1778 442 1805 vestra
467 1769 709 1817 professionem,
731 1767 776 1802 fas
803 1768 866 1807 sit,
888 1767 956 1802 sine
980 1766 1091 1813 prioris

148 1794 210 1815 alium
235 1795 330 1814 ordinem

148 1832 188 1846 Μ’·
236 1826 329 1846 mieno-
344 1820 390 1855 sui
415 1819 551 1860 licentia,
581 1819 620 1854 de
652 1817 763 1853 eodem
797 1817 865 1852 loco
905 1815 1090 1855 discedere,

147 1863 197 1878 'm
345 1869 402 1904 nisi
429 1869 571 1905 arctioris
601 1868 761 1915 religionis
799 1866 940 1901 obtentu.
979 1865 1092 1901 Disce-

344 1920 471 1955 =lentem
492 1931 566 1954 vero
588 1918 708 1966 absque
726 1916 944 1952 communium
973 1915 1092 1950 littera-

345 1981 413 2004 rum
445 1977 616 2004 vestrarum
653 1968 801 2002 cautione
835 1965 939 2001 nullus
979 1965 1090 2000 audeat

345 2027 489 2054 retinere.

392 2069 412 2117 g
434 2071 465 2103 7.
489 2067 571 2104 Cum
593 2075 696 2102 autem
719 2066 865 2113 generale
889 2064 1090 2100 interdictum

161 2130 264 2167 lpdussum
295 2137 330 2166 κὴ
345 2131 445 2158 terrae
466 2123 571 2161 fuerit,
593 2122 685 2156 liceat
708 2120 808 2166 vobis,
826 2120 942 2156 clausis
979 2120 1092 2158 ianuis,

149 2162 331 2221 igi-iporipiixii'rdss
344 2177 481 2213 exclusis
519 2175 802 2212 excommunicatis
844 2184 874 2210 et
906 2173 1092 2218 interdictis,

150 2226 197 2245 ³³²¹*
347 2244 408 2266 non
426 2232 559 2279 pulsatis
585 2230 758 2278 campanis,
785 2241 953 2277 suppressa
994 2240 1092 2272 voce,

345 2287 448 2321 divina
470 2285 569 2320 officia
598 2284 767 2325 celebrare,
808 2282 981 2318 dummodo
1019 2293 1093 2316 cau-

345 2351 409 2373 sam
437 2351 500 2374 non
515 2338 667 2374 dederitis
695 2337 863 2372 interdicti.

394 2393 467 2441 §8-
492 2392 637 2427 Chrisma
667 2404 750 2432 vero,
784 2390 899 2426 Oleum
938 2398 1093 2433 sanctum,

152 2451 333 2500 3322?ss
346 2447 597 2482 consecrationes
631 2445 773 2480 altarium
797 2457 851 2480 seu
881 2443 1092 2485 basilicarum,

153 2495 275 2536 {finiendas
348 2500 562 2536 ordinationes
583 2500 781 2541 clericorum,
811 2501 863 2547 qui
896 2499 933 2533 ad
969 2497 1094 2534 ordines

349 2554 464 2590 fuerint
486 2554 701 2602 promovendi,
723 2566 739 2589 a
762 2553 949 2589 dioecesano
990 2553 1094 2588 susci-

351 2608 440 2654 pietis
454 2609 614 2657 episcopo,
628 2608 782 2656 siqnidem
799 2608 973 2643 catholicus
989 2606 1093 2652 suerit,

348 2673 377 2695 er
399 2663 525 2708 gratiam
564 2671 595 2698 et
620 2663 876 2699 communionem
895 2661 1093 2710 [apostolicae

915 271 1102 295 BULLARtUM
1125 270 1285 293 ROMANUM

1129 324 1222 360 Sedis
1244 324 1398 367 babuerit,
1420 333 1450 361 et
1471 337 1506 360 ea
1529 325 1615 360 vobis
1644 324 1775 360 voluerit
1809 325 1876 360 sine

1130 374 1278 423 pravitate
1298 374 1402 422 aliqua
1423 374 1582 410 exhibere.

1178 425 1198 473 g
1224 427 1257 460 9.
1281 424 1639 470 Prohibemusinsuper,
1655 424 1777 459 utintra
1797 424 1875 459 fines

1132 474 1298 522 parochiae
1331 482 1450 510 vestrae
1493 474 1600 509 nullus
1639 474 1708 509 sine
1744 485 1874 510 assensu

1130 524 1307 560 dioecesani
1334 524 1487 572 episcopi,
1509 532 1539 558 et
1561 532 1674 568 vestro,
1702 523 1874 572 cappellam

1130 587 1185 610 seu
1200 574 1369 609 oratorium
1392 573 1430 609 de
1453 585 1533 608 novo
1555 581 1735 609 construere
1751 573 1876 617 audeat,

1130 624 1224 659 salvis
1251 623 1423 671 privilegiis
1445 622 1634 658 Pontificum
1647 623 1873 659 Romanorum.

1179 674 1198 721 g
1227 676 1282 708 to.
1314 673 1361 707 Ad
1397 673 1485 711 haec,
1520 684 1615 707 novas
1658 680 1689 708 et
1722 672 1875 708 indebitas

1131 723 1308 758 exactiones
1334 722 1373 757 ab
1385 722 1633 770 archiepiscopis
1659 730 1689 757 et
1706 723 1876 770 episcopis.

1131 773 1372 813 archidiaconis,
1394 785 1448 807 seu
1470 771 1608 815 decanis,
1630 771 1761 819 aliisque
1778 774 1877 808 omni·

1131 823 1190 857 bus
1206 823 1436 861 ecclesiasticis,
1452 821 1703 857 saecularibusve
1723 822 1875 870 personis,

1130 885 1147 907 a
1170 873 1257 907 vobis
1279 872 1427 907 omnibus
1450 871 1514 906 sieri
1544 871 1758 918 prohibemus.

1179 923 1199 970 ἓ
1223 925 1233 956 <t
1251 927 1278 956 t.
1301 921 1500 969 sepulturam
1523 933 1651 968 quoque
1684 922 1782 969 ipsius
1814 921 1874 957 loci

1131 971 1260 1007 liberam
1288 984 1357 1006 esse
1383 971 1593 1010 decernimus,
1620 979 1653 1005 ut
1678 983 1787 1007 eorum
1821 971 1877 1007 de-

1132 1023 1262 1066 votioni,
1285 1030 1315 1056 et
1337 1028 1492 1056 extremae
1516 1020 1678 1066 voluntati,
1704 1022 1757 1069 qui
1785 1034 1819 1057 se
1846 1022 1877 1057 in

1131 1071 1193 1107 illis
1220 1070 1345 1118 sepeliri
1374 1070 1626 1114 deliberaverint,
1647 1071 1707 1106 nisi
1736 1071 1814 1107 forte
1829 1083 1879 1107 ex-

1131 1121 1381 1164 communicati,
1425 1119 1472 1155 vel
1516 1120 1673 1155 interdicti
1707 1120 1788 1162 sint,
1824 1129 1876 1156 aut

1131 1172 1224 1206 etiam
1254 1170 1379 1217 publice
1409 1169 1562 1210 usurarii,
1596 1169 1703 1205 nullus
1736 1170 1876 1206 obsistat.

1131 1220 1221 1255 Salva
1245 1229 1347 1256 tamen
1368 1219 1484 1254 iustitia
1502 1219 1630 1254 aliarum
1652 1219 1877 1265 Ecclesiarum,

1131 1283 1147 1305 a
1170 1270 1284 1318 quibus
1300 1278 1496 1304 mortuorum
1516 1281 1646 1317 corpora
1663 1277 1876 1305 assumuntur.

1181 1321 1200 1367 ἓ
1233 1323 1285 1355 12.
1310 1319 1456 1355 Decimas
1479 1327 1648 1366 praeterea,
1662 1327 1693 1354 et
1712 1319 1878 1366 possessio-

1132 1367 1200 1411 nes,
1223 1370 1260 1404 ad
1284 1370 1334 1404 ius
1357 1369 1569 1404 Ecclesiarum
1596 1376 1770 1404 vestrarum
1803 1381 1878 1417 spe-

1132 1428 1263 1463 ctantes,
1285 1431 1365 1466 quae
1402 1432 1418 1454 a
1452 1418 1538 1452 laicis
1571 1418 1761 1459 detinentur,
1796 1418 1878 1455 redi—

1133 1469 1248 1513 mendi,
1275 1478 1306 1503 et
1330 1469 1470 1515 legitime
1493 1467 1645 1503 liberandi
1667 1467 1706 1503 de
1733 1468 1879 1504 manibus

1132 1531 1254 1563 eorum,
1276 1526 1306 1553 et
1332 1518 1371 1553 ad
1398 1517 1568 1561 Ecclesias,
1606 1517 1644 1552 ad
1679 1530 1758 1565 quas
1784 1519 1879 1566 perti-

1132 1577 1217 1613 nent,
1239 1567 1405 1603 revocandi
1422 1568 1517 1602 libera
1540 1568 1578 1602 sit
1599 1567 1687 1603 vobis
1708 1567 1748 1602 de
1774 1576 1878 1603 nostra

1131 1618 1314 1654 auctoritate
1339 1617 1481 1652 facultas.

1180 1668 1199 1715 g
1229 1670 1283 1702 15.
1307 1666 1453 1702 Obeunte
1476 1678 1546 1701 vero
1569 1674 1598 1702 te
1620 1678 1706 1702 nunc
1735 1667 1876 1702 eiusdem

1133 1718 1190 1752 loci
1206 1718 1318 1765 priore,
1340 1716 1385 1751 vel
1409 1725 1532 1751 tuorum
1554 1716 1695 1763 quolibet
1715 1729 1877 1752 successo-

1134 1779 1200 1802 rum
1218 1795 1226 1807 ,
1266 1766 1371 1801 nullus
1399 1766 1441 1801 ibi
1486 1765 1625 1813 qualibet
1665 1766 1878 1814 subreptionis

1132 1818 1244 1853 astutia
1279 1829 1335 1851 seu
1370 1816 1517 1852 violentia
1556 1825 1791 1863 praeponatur,
1819 1816 1878 1852 nisi

1133 1880 1227 1915 quem
1247 1866 1355 1901 fratres
1378 1866 1538 1902 communi
1560 1878 1731 1908 consensu,
1753 1866 1800 1902 vel
1823 1866 1877 1902 fra-

1133 1927 1214 1953 trum
1239 1916 1336 1951 maior
1359 1928 1430 1963 pars
1466 1915 1591 1951 consilii
1635 1916 1789 1962 sanioris,
1827 1929 1877 1952 se-

1133 1966 1272 2003 cundum
1299 1966 1397 2001 Deum
1428 1975 1458 2001 et
1492 1965 1574 2001 beati
1595 1964 1756 2002 Benedicti
1784 1978 1879 2013 regu-

1134 2018 1193 2052 lam
1218 2016 1410 2064 providerint
1436 2015 1630 2063 eligendum.

1181 2066 1278 2114 §14-
1307 2065 1380 2101 Paci
1421 2078 1558 2114 quoque,
1591 2074 1623 2100 et
1661 2065 1876 2113 tranquillitati

1135 2126 1263 2159 vestrae,
1286 2124 1414 2163 paterna
1441 2117 1472 2150 in
1495 2123 1654 2163 posterum
1667 2115 1877 2152 sollicitudine

1134 2165 1299 2214 providere
1320 2165 1472 2205 volentes,
1493 2165 1675 2201 auctoritate
1707 2166 1877 2213 apostolica

1135 2215 1351 2262 prohibemus,
1379 2224 1412 2249 ut
1434 2216 1514 2250 intra
1536 2216 1695 2250 clausuras
1736 2216 1876 2251 locorum

1134 2277 1190 2300 seu
1212 2266 1408 2312 granciarum
1434 2274 1601 2300 vestrarum
1642 2263 1746 2300 nullus
1788 2266 1878 2312 rapi-

1135 2327 1204 2349 nam
1236 2326 1290 2349 seu
1309 2314 1426 2349 furtum
1449 2313 1562 2359 facere,
1581 2315 1685 2361 iguem
1706 2325 1876 2361 apponere.

1134 2365 1318 2411 sanguinem
1340 2364 1484 2410 sundere,
1507 2364 1666 2399 hominem
1693 2372 1811 2399 temere
1831 2377 1876 2400 ca·

1136 2426 1220 2461 pere,
1249 2414 1293 2448 vel
1316 2414 1503 2459 interficere,
1530 2425 1584 2449 seu
1606 2413 1782 2449 violentiam
1818 2426 1876 2449 au—

1134 2463 1204 2499 deat
1225 2475 1382 2499 exercere.

1182 2513 1201 2561 g
1228 2515 1280 2548 15.
1316 2513 1479 2548 Praeterea
1513 2524 1623 2547 omnes
1656 2511 1813 2548 libertates
1846 2522 1877 2548 et

1135 2563 1350 2598 immunitates
1376 2575 1394 2598 a
1430 2561 1723 2609 praedecessoribus
1760 2562 1877 2598 nostris

1133 2612 1287 2648 Romanis
1301 2611 1504 2648 Pontificibus
1525 2623 1631 2647 eremo
1657 2620 1774 2647 vestrae
1799 2624 1877 2648 eon-

1134 2674 1248 2703 cessas,
1277 2674 1398 2698 necnon
1420 2661 1579 2697 libertates
1611 2669 1640 2696 et
1662 2662 1877 2710 exemptiones

1891 270 1942 297 An.
1960 269 1988 297 C.
2006 271 2070 298 12127

1901 434 2060 461 Privnogiormn

1920 468 2039 488 concessio.

1904 1677 1934 1699 Do
1943 1679 2020 1705 prioris
2030 1678 2073 1699 010-

1891 1710 1970 1730 ctione.

1903 2519 2056 2542 immunitatum

1911 2551 2049 2573 confirmatto.
