2129 3223
147 248 199 276 An.
213 247 241 275 C.
264 248 325 276 1221

394 239 462 281 582

345 305 392 340 bis
415 305 547 341 fideliter
578 304 756 346 veritatem,
772 316 833 352 qua
853 305 991 351 cognita,
1015 316 1088 351 pro-

343 354 492 390 cedamus
518 355 631 390 exinde
667 362 760 403 prout
780 355 954 390 secundum
985 353 1086 388 Deum

343 404 515 440 viderimus
538 404 785 451 procedendum.

390 453 503 489 Datum
530 454 675 490 Laterani
699 462 810 502 quarto
832 466 929 489 nonas
955 453 1088 488 decem—

341 504 418 545 bris‚
441 504 641 552 pontificatus
663 504 759 539 nostri
786 516 868 539 anno
890 511 989 538 sexto.

350 567 411 597 Dat.
431 567 478 597 die
499 567 518 597 2
541 567 707 597 decembris
729 567 812 601 1221,
830 566 931 606 pontif.
951 575 1026 594 anno
1043 574 1078 593 vi.

660 716 767 751 LVlll.

341 795 542 840 Confirmatio
569 794 750 827 concordiae
777 794 854 826 inter
889 792 981 837 Cypri
1010 792 1089 835 reqi-

388 856 460 878 nam
474 850 501 877 et
515 844 671 889 praelatos
687 844 817 876 eiusdem
834 845 932 886 requi,
951 843 1090 886 quodque

392 894 504 928 Graeci
520 894 553 926 in
575 893 648 927 locis
664 894 740 926 ritus
759 892 851 926 latini
867 893 1003 936 deqenles
1021 903 1089 924 sitos

387 944 542 989 episcopos
563 943 671 977 habere
693 943 815 975 minime
834 942 963 987 possint,
984 941 1090 974 latinis

388 1001 487 1028 tamen
509 994 624 1027 subesse
650 999 809 1025 teneantur
835 991 978 1036 episcopis
1007 992 1068 1033 (l).

607 1065 821 1097 SUMMARIUM

340 1129 587 1160 Amachostanum
607 1128 779 1167 episcopum
803 1128 920 1165 reginae
944 1137 1089 1157 commen-

378 1175 436 1204 dat.
455 1189 495 1196 -—
516 1172 764 1212 Compositionem
790 1172 896 1202 dictam
917 1173 1089 1208 confirmat,

378 1218 548 1257 servarique
572 1217 697 1247 mandat.
716 1233 754 1238 —
777 1215 807 1245 ln
831 1217 931 1245 eadem
960 1216 1088 1245 dioecesi

379 1264 436 1294 duo
452 1271 518 1293 esse
541 1271 598 1291 non
617 1261 725 1291 debent
747 1261 889 1299 episcopi.
908 1277 946 1281 —
963 1260 1089 1290 Graecos

380 1308 479 1337 latinis
497 1307 646 1346 episcopis
665 1305 816 1335 subiectos
836 1305 896 1334 sore
919 1305 988 1333 vult.

339 1378 468 1407 §tonarius
487 1377 628 1413 episcopus
657 1382 751 1404 servus
785 1382 926 1404 servorum
949 1375 1004 1406 Dei.
1029 1376 1090 1403 clia·

383 1427 510 1456 tissimae
528 1426 556 1455 in
575 1426 682 1454 Christo
701 1425 773 1453 filiae
801 1425 819 1452 Δ
822 1443 874 1452 .....
893 1424 1000 1452 illustri
1018 1424 1090 1459 regi·

384 1483 433 1505 nae
457 1475 549 1511 cypri.
569 1475 686 1503 satutem
717 1475 745 1502 et
764 1473 940 1509 apostoticam
969 1473 1092 1502 benedic«-

385 1526 496 1555 tionem.

391 1589 481 1625 Licet
508 1588 715 1635 diligentiam,
746 1599 839 1634 quam
868 1586 1011 1621 adhibuit
1041 1599 1093 1620 ve-

155 1643 326 1663 *fflebflfflwffl'
345 1639 494 1676 nerabilis
514 1637 609 1673 frater
629 1645 734 1672 noster
756 1636 1009 1671 Amachostanus
1031 1637 1094 1683 epi-

146 1678 327 1730 {lssfi'fflfflmssfiss
344 1701 460 1737 scopus
481 1688 513 1722 in
536 1687 600 1723 tuis
616 1687 749 1733 negotiis
772 1685 1008 1734 promovendis,
1031 1697 1092 1719 non

147 1739 188 1755 cah

345 1747 427 1774 esset
442 1737 655 1773 necessarium
669 1735 996 1782 commendare‚quia,
1014 1735 1095 1769 sicut

345 1788 517 1828 credimus,
539 1794 699 1834 expertam
721 1785 819 1820 habes
840 1784 1095 1832 circumspectio-

347 1851 417 1873 nem
442 1837 542 1885 ipsius
558 1835 760 1871 commodum
780 1843 810 1870 et
832 1835 981 1870 bonorem
1005 1842 1096 1869 tuum

347 1889 457 1923 devote
491 1899 527 1922 ac
551 1886 685 1921 fideliter
704 1885 916 1933 procurantis3
940 1893 972 1918 ut
994 1894 1097 1919 tamen

349 1937 473 1985 plenius
494 1936 533 1971 de
555 1948 610 1970 sua
640 1935 833 1983 providentia
861 1942 890 1969 et
917 1934 1099 1969 sinceritate

351 1987 542 2035 praesumas,
564 1997 636 2020 eum
662 1984 716 2019 tibi
738 1996 834 2032 super
857 1984 915 2018 boc
938 1983 1100 2018 reddimus

349 2035 616 2072 commendatum.
648 2034 729 2076 Quia
764 2045 837 2068 vero
868 2033 1100 2080 compositione

350 2099 449 2133 nuper
470 2099 486 2120 a
517 2094 545 2119 te
568 2096 639 2119 cum
673 2085 759 2130 regni
779 2083 824 2117 tui
847 2083 992 2130 praelatis
1015 2083 1101 2126 inita,

351 2136 442 2171 nobis
472 2147 527 2183 per
560 2133 709 2169 eumdem
734 2132 922 2180 episcopum
952 2144 1102 2180 praesen-

352 2193 426 2225 tata.
452 2193 483 2219 et
509 2184 611 2231 ipsius
637 2190 746 2218 tenore
768 2182 934 2227 diligenter
949 2181 1102 2229 inspecto,

353 2233 596 2283 perpendimus,
624 2232 707 2280 quod
737 2244 799 2267 non
829 2232 930 2266 solum
954 2231 1104 2266 Ecclesiis

353 2285 456 2320 debita
479 2284 545 2318 iura
574 2283 782 2326 decimarum,
804 2293 884 2329 quae
907 2289 980 2315 sunt
1007 2293 1104 2327 egen-

355 2335 430 2369 tium
445 2334 620 2369 animarum
636 2331 763 2371 tributa,
779 2331 932 2368 restituis;
954 2330 1008 2365 sed
1027 2338 1104 2365 tam—

355 2395 448 2431 quam
473 2381 705 2418 benedictionis
727 2380 789 2416 fitia
811 2393 884 2416 oves
906 2390 1045 2415 errantes
1066 2379 1104 2414 ad

356 2432 486 2468 Domini·
519 2431 625 2467 caulas
661 2430 771 2466 studes
812 2430 981 2470 adducere,
1017 2429 1105 2463 devo·

358 2483 474 2517 tionem
498 2491 583 2517 tuam
615 2478 650 2515 in'
673 2480 812 2515 Domino
834 2478 1106 2519 commendamus,

358 2544 428 2565 cum
458 2532 488 2566 in
517 2544 593 2566 sexu
625 2530 724 2577 fragili
754 2528 840 2564 virile
868 2529 963 2564 robur
986 2527 1107 2580 induas,

358 2590 390 2615 et
415 2592 572 2620 amorem,
599 2591 692 2627 quem
719 2590 793 2626 erga
825 2578 926 2613 Deum
959 2579 1041 2625 geris
1077 2578 1106 2612 in

393 2645 437 2680 (¹)
455 2645 491 2671 Ex
511 2646 613 2680 Regest.
638 2638 721 2678 V'atic.

914 248 1101 272 BULLAniUM
1129 246 1290 270 ROMANUM

1128 302 1244 346 animo,
1259 301 1379 337 devotis
1392 300 1541 348 operibus
1557 306 1788 345 repraesentes:
1801 310 1874 345 pro-

1130 359 1196 398 pter
1225 350 1309 398 quod
1340 350 1412 391 tuis,
1439 358 1469 385 et
1496 348 1724 396 praedictorum
1754 347 1874 394 praela-

1130 410 1232 436 torum
1268 399 1415 448 precibus
1441 399 1592 439 inclinati,
1613 397 1872 445 compositionem

1130 451 1228 498 ipsam
1252 450 1436 485 auctoritate
1453 448 1623 496 apostolica
1641 447 1789 482 duximus
1803 459 1875 482 con-

1131 499 1339 540 firmandam,
1374 498 1639 545 magnificentiam
1676 505 1760 532 tuam
1799 509 1875 533 mo-

1131 557 1264 589 uentes,
1299 558 1328 583 et
1367 561 1421 596 per
1458 547 1628 595 apostolica
1665 546 1721 582 tibi
1759 547 1874 594 scripta

1131 599 1326 642 mandantes,
1342 607 1495 645 quatenus
1517 596 1779 643 compositionem
1795 609 1876 632 eani-

1130 648 1201 683 dem
1240 649 1387 683 observes
1421 647 1452 681 iu
1482 646 1641 687 omnibus,
1663 653 1694 680 et
1730 645 1768 680 ab
1808 647 1876 682 aliis

1131 697 1225 733 facias
1246 706 1398 745 quantum
1424 697 1453 731 in
1478 704 1506 730 te
1530 696 1623 730 fucrit
1641 695 1813 736 observari,
1835 696 1875 731 ita

1130 747 1214 794 quod
1248 747 1366 782 bonurn
1403 746 1488 794 pacis
1513 753 1543 780 et
1575 744 1763 780 concordiae
1797 745 1877 780 inter

1132 806 1172 840 te,
1199 810 1235 832 ac
1267 797 1443 844 praedictos
1471 795 1623 843 praelatos
1645 794 1766 830 firmius
1795 795 1876 829 radi-

1130 854 1228 890 cetur,
1264 855 1293 881 et
1329 846 1506 881 devotionis
1540 845 1681 885 affectus,
1709 856 1802 892 quem
1838 844 1875 880 ad

1131 895 1231 930 Deum
1255 896 1338 943 geris
1359 905 1388 931 et
1403 894 1573 935 Ecclesias‚
1595 895 1710 929 clarius
1730 905 1878 942 agnosca-

1132 955 1191 981 tur.
1226 945 1307 980 Cum
1335 953 1438 980 autem
1474 946 1503 978 in
1533 944 1742 991 praelatorum
1771 943 1878 978 latino-

1133 1008 1199 1030 rum
1222 995 1418 1030 dioecesibus
1438 995 1523 1042 regni
1555 994 1598 1028 tui
1617 993 1746 1041 quidam
1765 992 1876 1028 Graeci

1132 1045 1291 1080 Romanae
1305 1044 1521 1080 inobedientes
1540 1043 1702 1078 Ecclesiae
1721 1051 1753 1078 et
1770 1042 1879 1078 Eccle-

1131 1095 1185 1128 siis
1209 1095 1402 1136 Latinorum,
1430 1102 1587 1141 tamquam
1609 1092 1774 1140 pontifices
1789 1104 1878 1127 com-

1133 1153 1310 1182 morentur,
1348 1156 1403 1191 pro
1438 1143 1557 1190 quibus
1592 1142 1684 1177 nobis
1716 1142 1878 1177 humiliter

1131 1194 1326 1240 supplicasti,
1344 1201 1377 1228 ut
1394 1193 1423 1227 in
1447 1193 1538 1228 dictis
1556 1191 1768 1235 dioecesibus,
1785 1198 1879 1238 prout

1131 1250 1220 1286 sunt,
1255 1254 1416 1278 remanere
1447 1242 1701 1289 permitteremus
1735 1241 1878 1281 eosdem;

1133 1305 1188 1327 nos
1215 1293 1286 1327 licet
1317 1292 1369 1327 tibi
1392 1301 1423 1327 et
1442 1304 1539 1338 regno
1562 1299 1616 1326 tuo
1637 1291 1757 1326 deferre
1778 1303 1879 1338 quan—

1132 1351 1198 1377 tum
1226 1354 1297 1377 cum
1326 1342 1487 1377 honestate
1521 1349 1624 1376 nostra
1660 1341 1816 1380 valemus,
1849 1348 1879 1374 et

1132 1391 1269 1426 Graecos
1286 1391 1323 1426 ad
1343 1391 1552 1426 obedientiam
1572 1390 1664 1426 Sedis
1682 1390 1879 1437 Apostolicae

1133 1449 1324 1476 revertentes
1346 1441 1450 1476 fovere
1485 1453 1521 1475 ac
1554 1440 1708 1474 bonorare
1735 1440 1880 1478 velimus,

1134 1503 1237 1525 mores
1259 1499 1289 1525 et
1308 1491 1385 1525 ritus
1403 1490 1596 1525 Graecorum
1610 1490 1763 1536 ipsorum,
1786 1501 1881 1536 quan-

1134 1548 1198 1574 tum
1221 1552 1292 1574 cum
1324 1540 1391 1575 Deo
1414 1552 1596 1587 possumus,
1622 1538 1823 1580 sustinendo;
1850 1539 1881 1573 in

1135 1590 1183 1624 liis
1211 1597 1312 1624 tamen
1336 1601 1415 1635 quae
1443 1589 1618 1636 periculum
1647 1595 1799 1634 generant
1815 1588 1882 1622 ani-

1136 1651 1268 1679 marum,
1296 1647 1325 1673 et
1352 1638 1583 1673 ecclesiasticae
1610 1637 1761 1684 derogant
1781 1637 1883 1672 hone-

1135 1689 1218 1729 stati,
1240 1688 1322 1734 apud
1345 1700 1403 1722 nos
1433 1701 1501 1722 esse
1531 1700 1592 1721 non
1621 1686 1716 1721 debet
1741 1687 1882 1734 acceptio

1138 1750 1353 1784 personarum.
1377 1737 1484 1779 Quare
1511 1737 1582 1772 talia
1610 1736 1648 1770 de
1670 1743 1794 1771 caetero
1821 1749 1883 1774 su·-

1137 1789 1253 1823 sunere
1271 1787 1424 1827 nolentes,
1443 1800 1515 1822 cuni
1536 1795 1771 1821 monstruosum
1790 1794 1884 1829 esset,

1138 1837 1219 1872 sicut
1246 1837 1276 1871 in
1305 1836 1583 1871 constitutionibus
1610 1835 1725 1870 dicitur
1760 1835 1884 1871 concilii

1140 1886 1310 1934 generalis,
1336 1899 1428 1921 unam
1443 1895 1472 1920 et
1487 1885 1629 1921 eamdem
1645 1884 1817 1920 dioecesim
1836 1885 1886 1920 di—

1140 1949 1245 1972 versos
1267 1936 1383 1971 babere
1400 1935 1576 1983 pontifices:
1593 1943 1751 1982 tamquam
1765 1934 1885 1971 diversa

1890 239 1940 265 An.
1960 238 1989 265 C.
2004 239 2066 266 {2⁶21

1893 354 2069 381 Composittonem

1889 386 1963 406 dictam
1991 386 2070 406 ωηατ(

1889 419 1937 441 mat,
1947 417 2070 442 servarique

1888 448 1979 468 mandat.

1907 1742 1927 1762 Ιι·
1940 1743 2012 1763 cadent
2023 1742 2079 1762 dioe-

1899 1775 1942 1794 cesi
1967 1773 2008 1794 duo
2030 1778 2079 1793 esse

1898 1809 1940 1825 nou
1950 1803 2028 1824 debent
2036 1803 2081 1829 opi-

1899 1835 1965 1861 §cuph

1140 1986 1242 2033 capita
1257 1998 1354 2020 unum
1369 1998 1485 2032 corpus
1497 1984 1636 2024 baberet,
1656 1984 1888 2020 venerabilibus
1917 1999 1923 2003 ·

1143 2035 1290 2070 fratribus
1313 2035 1427 2070 nostris
1450 2035 1642 2082 patriarchae
1664 2034 1890 2082 Hierosolymi-

1142 2093 1261 2129 tan.,et
1284 2084 1397 2132 Tyren.
1425 2093 1455 2118 et
1476 2084 1655 2119 Caesarieni
1679 2084 1890 2131 archiepisco—

1144 2135 1190 2182 pis
1213 2135 1326 2169 nostris
1349 2134 1462 2169 damus
1484 2134 1593 2168 litteris
1613 2134 1641 2168 in
1666 2133 1834 2177 mandatis,
1857 2141 1887 2168 ut

1143 2196 1197 2219 eos
1220 2185 1331 2219 morari
1356 2186 1393 2218 de
1416 2190 1549 2224 caetero,
1569 2183 1651 2218 velut
1666 2182 1836 2229 praesules.
1858 2183 1888 2217 iu

1144 2233 1236 2268 dictis
1279 2233 1479 2268 dioecesibus
1506 2233 1684 2268 nullatenus
1722 2233 1890 2278 patiantur,

1145 2283 1362 2318 sacerdotibus
1383 2291 1412 2318 et
1446 2282 1632 2318 diaconibus
1658 2282 1778 2329 graecis
1800 2294 1891 2328 prae-

1145 2332 1220 2367 dicti
1258 2333 1343 2378 regni
1383 2332 1589 2367 nibilominus
1625 2331 1754 2365 tirmiter
1786 2331 1892 2365 iniun-

1146 2392 1271 2428 gentes‚
1287 2391 1318 2416 ut
1338 2382 1487 2429 praefatis
1508 2380 1743 2427 archiepiscopo
1765 2388 1796 2415 et
1823 2382 1892 2428 epi-

1147 2432 1250 2478 scopis
1267 2431 1464 2475 Latinorum,
1493 2439 1584 2478 prout
1610 2437 1684 2464 sunt
1715 2438 1746 2464 et
1777 2429 1891 2465 fuerint

1149 2481 1178 2515 in
1202 2493 1312 2516 eorum
1340 2480 1539 2517 dioecesibus
1566 2479 1745 2519 constituti,
1768 2482 1893 2514 canoni-

1148 2543 1217 2566 cam
1253 2530 1466 2574 obedientiam
1509 2531 1591 2564 iuxta
1631 2529 1892 2575 compositionem

1149 2581 1261 2615 faciant
1296 2580 1526 2627 supradictam,
1562 2591 1595 2613 se
1624 2586 1781 2626 tamquam
1818 2578 1894 2613 obe-

1150 2629 1285 2662 diffluae
1323 2629 1375 2663 tilii
1411 2628 1642 2663 conformantes
1680 2636 1893 2663 sacrosanctae

1914 2488 2007 2509 Graecos
2017 2487 2088 2508 latini·

1906 2520 2013 2546 episeopis
2037 2518 2088 2539 suh-

1907 2552 1974 2571 tectos
1983 2549 2027 2571 [ore
2037 2549 2088 2570 vult.
