2129 3223
38 227 90 254 Απ.
107 224 138 253 C.
154 226 220 253 ¹2¹7

236 283 314 318 infra
337 283 495 329 sexaginta
519 281 587 317 dies
616 282 841 329 pronuncient,
868 290 898 317 et
922 294 984 329 po-

236 340 380 376 testates,
407 339 568 375 rectores,
595 343 649 366 seu
679 331 828 367 consules
851 341 983 375 vestros,

235 382 288 428 qui
313 393 368 429 pro
403 388 544 427 tempore
572 380 698 424 fuerint,
727 389 758 415 ut
781 380 810 415 id
833 381 918 427 quod
945 381 984 415 ab

235 430 295 466 illis
316 430 559 478 pronunciatum
583 430 674 465 suerit
691 429 816 474 saciant,
830 438 898 477 post
912 442 983 477 pro-

234 479 469 514 nunciationem
493 479 570 514 infra
587 479 694 525 viginti
712 479 779 514 dies
800 480 982 526 exequtioni

233 528 394 570 mandari,
421 529 603 574 astringatis
638 529 764 563 vinculo
803 528 982 563 iuramenti.

233 576 318 613 Haec
339 587 442 613 autem
467 577 554 613 vobis
570 577 608 612 ad
624 590 788 625 praesens,
807 577 901 613 salvis
915 590 983 612 om-

231 627 329 662 nibus
350 627 418 662 aliis
440 627 596 662 mandatis
619 628 746 668 nostris,
761 627 911 662 duximus
933 628 983 662 in-

233 676 403 723 iungenda.
439 676 595 712 Volumus
620 677 711 712 etiam
736 676 824 712 vobis
846 676 982 712 Ianuen-

232 725 319 760 sibus
346 726 395 761 ius
418 726 571 773 pignoris,
595 726 680 774 quod
705 727 734 760 in
763 726 898 761 iudicatu
923 726 984 761 Ar-

232 774 345 810 boreae
379 787 432 810 vos
470 775 585 810 habere
625 775 821 823 proponitis,
860 775 980 810 salvum

231 824 309 870 sore,
337 825 414 860 itaut
439 824 515 859 nihil
539 825 777 873 consequamini
805 824 885 860 ultra
908 837 981 859 sor—

230 881 306 915 tem,
329 882 359 909 et
379 886 416 909 ea
439 882 584 921 percepta
606 875 653 909 vel
670 875 694 909 si
714 875 771 909 iam
796 874 982 921 percepistis

231 923 387 969 eamdem,
409 924 474 969 ipsa
496 924 635 959 contenti
655 924 773 959 dictum
797 924 910 970 pignus
931 923 982 958 ab·

230 972 370 1008 solutum
407 973 525 1021 absque
562 973 746 1009 difficultate
784 973 889 1019 aliqua
930 972 982 1008 di-

230 1029 371 1058 mittatis.

127 1111 129 1115 ⁸
279 1071 365 1107 Nulli
406 1083 481 1118 ergo
516 1072 647 1107 omnino
688 1072 854 1106 hominum
890 1070 981 1106 liceat

67 1118 184 1141 mmuh*
230 1119 326 1156 huius
348 1121 446 1156 nostri
462 1121 620 1168 praecepti
637 1121 779 1169 paginam
798 1120 980 1166 infringere,

231 1169 277 1205 vel
299 1170 328 1206 ei
349 1183 428 1206 ausu
457 1170 622 1205 temerario
648 1170 815 1205 contraire.
852 1169 886 1204 Si
910 1170 981 1217 quis

229 1216 333 1255 autem
362 1220 422 1255 hoc
453 1227 604 1255 attentare
640 1219 903 1266 praesumpserit,
932 1220 981 1253 in-

229 1268 443 1316 dignationem
467 1269 693 1315 omnipotentis
724 1269 781 1304 Dei
809 1280 843 1302 ac
866 1267 981 1303 beato-

230 1330 301 1353 rum
324 1317 408 1354 Petri
434 1325 466 1353 et
490 1318 580 1353 Pauli
607 1318 821 1365 apostolorum
848 1317 917 1351 eius
948 1330 980 1352 se

230 1367 351 1403 noverit
377 1368 591 1403 incursurum.

279 1415 395 1452 Datum
418 1416 581 1460 Laterani,
616 1416 758 1450 kalendis
791 1415 979 1459 decembris,

230 1466 434 1513 pontificatus
460 1466 557 1500 nostri
586 1477 669 1500 anno
691 1465 845 1500 secundo.

245 1525 306 1556 Dat.
326 1527 373 1557 die
393 1528 403 1556 rl
431 1527 595 1557 decembris
615 1526 700 1561 1217,
720 1526 822 1565 pontif.
842 1536 917 1555 anno
936 1535 963 1555 tt.

545 1655 660 1690 XVIII.

179 1763 183 1765 ι
233 1722 432 1767 Confirmatio
453 1723 630 1756 deviationis
646 1724 805 1756 cuiusdam
831 1723 982 1755 Ecclesiae

277 1783 332 1816 per
370 1773 503 1816 Anyliae
539 1784 637 1815 regem
680 1772 824 1816 hospitali
873 1773 983 1804 Sam-ci

280 1821 417 1865 Spiritus
442 1822 475 1854 in
500 1821 602 1854 Sauria
637 1823 673 1853 ‹le
695 1821 771 1854 Urbe
797 1822 895 1866 factae
918 1823 979 1861 (l).

500 1884 714 1915 summumst

230 1941 352 1972 Donatto
375 1950 388 1970 a
414 1940 521 1970 Ioanne
549 1951 618 1979 rege
641 1942 724 1972 facta.
751 1959 788 1964 —-
815 1942 883 1972 Eam
907 1952 980 1971 con-

271 1986 367 2015 firmat
393 1984 534 2015 Pontifex.
558 2002 595 2007 —
614 1985 725 2015 Literae
748 1985 863 2016 IoannIs
893 1987 979 2024 reads.

270 2046 308 2051 —-
325 2028 493 2059 Clausulae.

231 2091 361 2120 Honorius
379 2091 519 2126 opiscopus
537 2098 633 2120 servus
647 2098 787 2120 servorum
806 2091 860 2124 Dei,
874 2091 983 2120 dilectis

275 2135 343 2164 tiliis
353 2136 499 2171 magistro.
514 2137 544 2164 et
556 2135 693 2164 tratribus
705 2136 854 2171 Hospitalis
870 2137 983 2164 sanetae

275 2180 420 2209 marinoni
443 2180 534 2213 saxia,
557 2180 678 2208 sulutem
696 2182 725 2209 ot
745 2181 921 2216 apostoticam
938 2181 981 2209 be·

277 2225 470 2254 nediotionem.

281 2281 393 2317 Clarae
411 2282 581 2317 memoriae
596 2281 728 2317 Ioannes
743 2294 794 2317 rex
810 2283 981 2329 Anglorum

51 2335 220 2386 θναωοῗῐο-
233 2331 272 2366 ad
307 2343 419 2378 preces
458 2340 487 2366 et
519 2331 752 2366 exhortationes
786 2332 883 2367 felicis
914 2345 982 2367 me-

39 2372 150 2394 ''mm“
165 2370 219 2387 ⁸⁰¹*
235 2381 352 2416 moriae
388 2380 562 2416 Innocentii
595 2380 698 2426 Papae
735 2382 984 2427 praedecessoris

235 2430 333 2465 nostri
360 2429 535 2465 Ecclesiam
571 2429 608 2464 de
636 2429 793 2469 Wintele,
828 2443 906 2477 quae
935 2444 983 2465 ra-

237 2478 320 2514 tione
345 2487 526 2526 patronatus
548 2479 726 2527 pertinebat
747 2479 784 2513 ad
808 2480 924 2527 ipsum,
953 2483 982 2514 in
1002 2486 1007 2521 ι

236 2539 346 2574 puram
390 2536 420 2563 et
456 2537 637 2576 perpetuam
674 2529 905 2576 eleemosynam
946 2530 982 2564 ad

271 2598 311 2633 (t)
327 2597 365 2624 Ex
386 2598 491 2633 Regest.
516 2599 597 2626 Vane.

861 226 1026 249 ttoxonttss
1052 226 1089 248 ΙΙΙ
1117 226 1165 248 FP.

1652 215 1722 249 335

1027 293 1118 316 usum
1153 289 1183 316 et
1220 282 1480 317 sustentationem
1518 281 1713 317 infirmorum
1737 295 1772 318 ac

1026 343 1200 378 pauperum
1233 330 1379 377 hospitali
1416 339 1516 366 vestro
1547 330 1675 366 donavit
1710 341 1774 367 sta-

1025 387 1117 415 tuens
1144 388 1175 416 et
1201 380 1391 419 concedens,
1420 389 1452 414 nt
1474 380 1575 415 donec
1601 381 1667 428 ipsa
1687 390 1774 416 vacet

1025 429 1187 473 Ecclesia,
1218 436 1344 464 centum
1382 441 1501 465 marcas
1535 430 1696 465 annuatim
1735 430 1772 465 ad

1024 479 1198 513 saccariurn
1219 478 1250 512 in
1280 478 1357 513 festo
1378 478 1484 514 Sancti
1508 478 1669 514 Michaelis
1691 479 1772 514 idem

1026 528 1177 575 percipiat
1205 527 1366 574 hospitale.
1395 528 1460 563 Nos
1489 528 1582 574 igitur
1603 528 1640 563 ad
1663 541 1773 564 exem-

1788 226 1827 252 Αη
1855 225 1881 251 C.
1902 226 1970 252 ¹2¹8

1801 535 1848 556 Eam
1861 536 1970 556 confirmat

1742 578 1748 584 -
1787 566 1889 587 Pontitex.

1025 576 1092 622 plar
1130 585 1294 612 memorati
1335 577 1584 623 praedecessoris
1617 578 1713 612 nostri
1741 591 1773 613 tn

1025 625 1160 662 savorem
1183 626 1407 673 hospitalitatis
1429 626 1630 662 donationem
1650 635 1680 662 et
1702 639 1775 662 con-

1024 675 1198 711 cessionem
1226 676 1325 722 ipsam
1359 683 1456 710 ratam
1484 675 1653 720 habentes,
1686 688 1773 711 eam-

1024 725 1095 760 dem
1119 724 1406 763 Ecclesiam‚salvo
1418 725 1588 771 episcopali
1612 726 1696 769 iure,
1717 738 1773 760 vo-

1025 774 1089 818 bis,
1125 783 1155 809 et
1183 786 1237 821 per
1270 786 1324 809 vos
1357 774 1460 809 eidem
1490 773 1636 820 hospitali
1665 783 1773 810 aucto-

1024 824 1112 858 ritate
1143 823 1314 870 apostolica
1341 823 1587 864 confirmamus,
1619 832 1650 859 et
1682 836 1773 871 prae-

1023 873 1121 907 sentis
1157 872 1266 920 scripti
1308 872 1482 918 patrocinio
1513 873 1771 908 communimus:

1023 929 1198 957 statuentes
1220 930 1253 956 ut
1280 930 1445 969 postquam
1470 921 1509 956 ab
1531 933 1581 963 eo,
1607 922 1660 969 qni
1688 934 1773 957 nunc

1024 970 1163 1017 possidet
1183 971 1285 1011 illam,
1312 971 1464 1006 canonice
1495 970 1587 1006 fuerit
1613 971 1773 1012 absoluta,

1023 1032 1077 1054 vos
1099 1032 1153 1066 per
1175 1020 1326 1055 idoneum
1348 1020 1497 1055 vicarium
1521 1019 1704 1056 deserviatis
1726 1020 1774 1055 ei-

1022 1069 1114 1109 dem,
1151 1078 1181 1104 et
1216 1069 1373 1116 assignata
1407 1068 1465 1103 sibi
1493 1068 1532 1104 de
1568 1069 1774 1117 proventibus

1022 1118 1091 1152 eins
1113 1130 1251 1164 congrua
1266 1119 1419 1165 portione,
1442 1126 1582 1154 caeteros
1602 1119 1640 1154 ad
1664 1119 1772 1165 hospi-

1023 1167 1149 1202 talitatis
1171 1180 1262 1202 usum
1299 1167 1479 1215 percipiatis
1513 1168 1581 1203 sine
1612 1167 1772 1204 contradi·-

1022 1216 1125 1250 ctione
1149 1216 1350 1264 cuiusquam:
1376 1216 1414 1251 ad
1438 1217 1591 1252 maiorem
1616 1229 1688 1253 vero
1709 1229 1772 1253 cer-

1023 1265 1188 1300 titudinem
1228 1266 1324 1300 huius
1360 1266 1402 1300 rei
1432 1275 1571 1301 tenorem
1611 1266 1771 1302 literarum

1022 1313 1203 1348 donationis
1240 1323 1269 1348 ct
1291 1315 1506 1349 concessionis
1527 1315 1669 1350 eiusdem
1691 1316 1773 1362 regis

1022 1362 1061 1396 de
1089 1362 1182 1397 verbo
1216 1363 1253 1398 ad
1283 1363 1411 1398 verbum
1447 1364 1520 1399 huic
1547 1365 1678 1411 paginae
1712 1364 1772 1400 du-

1024 1412 1124 1446 ximus
1153 1409 1373 1447 inserendum:
1414 1412 1547 1448 Ioannes
1580 1413 1638 1447 Dei
1675 1414 1771 1459 gratia

1024 1474 1073 1495 rex
1092 1461 1394 1507 Angliae,‹lomInus
1407 1462 1596 1509 Hybermae,
1617 1463 1681 1497 dux
1698 1463 1771 1497 Nor-

1022 1511 1169 1544 manniae
1191 1519 1221 1545 et
1248 1511 1451 1557 Aquitaniae,
1478 1520 1509 1546 et
1535 1524 1642 1547 comes
1663 1512 1773 1547 Ande-

1021 1571 1148 1605 gaven.,
1171 1560 1321 1594 omnibus
1338 1560 1374 1593 ad
1397 1572 1477 1607 quos
1499 1573 1649 1608 praesens
1666 1562 1771 1597 charta

1024 1610 1200 1654 pervenerit
1230 1609 1375 1644 salutem.
1410 1609 1525 1645 Sciatis
1558 1623 1615 1646 nos
1647 1611 1772 1647 divinae

1024 1657 1147 1703 pietatis
1187 1658 1324 1701 intuitu,
1362 1666 1391 1693 et
1419 1671 1476 1705 pro
1513 1659 1613 1694 salute
1650 1661 1773 1695 animae

1024 1715 1158 1747 nostrae,
1186 1715 1215 1741 ct
1251 1708 1428 1742 animarum
1464 1716 1698 1744 antecessorum
1743 1718 1772 1743 et

1024 1755 1192 1790 haeredum
1217 1765 1407 1797 nostrorum,
1434 1765 1464 1792 et
1497 1758 1538 1792 ob
1565 1759 1771 1795 reverentiam

1022 1804 1141 1838 domini
1178 1805 1280 1852 Papae
1318 1806 1505 1847 Innocentii,
1538 1808 1629 1843 cuius
1663 1820 1772 1855 preces

1022 1866 1116 1898 snper
1133 1854 1190 1888 hoc
1204 1855 1391 1901 recepimus,
1414 1857 1620 1901 concessisse,
1642 1868 1672 1893 et
1688 1869 1773 1905 prae-

1023 1902 1100 1936 senti
1124 1903 1227 1938 charta
1251 1904 1454 1939 confirmasse
1487 1906 1652 1953 hospitali,
1686 1907 1771 1953 quod

1024 1952 1105 1985 idem
1134 1951 1283 1987 dominus
1306 1953 1389 1999 Papa
1411 1956 1588 1990 construxit
1617 1956 1700 2003 apud
1724 1968 1773 1990 ec-

1023 2001 1149 2035 clesiam
1179 2001 1312 2037 Sanctae
1340 2002 1455 2038 Mariae
1482 2005 1512 2039 in
1543 2004 1659 2044 Saxia,
1692 2017 1773 2052 quae

1024 2049 1198 2095 Anglorum
1222 2050 1350 2095 dicitur,
1376 2060 1405 2086 et
1432 2053 1607 2099 Anglorum
1636 2054 1693 2089 l'uit
1715 2054 1773 2088 ho-

1024 2099 1119 2145 spitio
1141 2099 1287 2146 deputata
1307 2109 1378 2135 ante
1398 2101 1556 2137 basilicam
1579 2102 1665 2138 Beati
1688 2102 1771 2137 Petri

1025 2155 1158 2194 positam
1187 2162 1280 2184 secus
1315 2158 1461 2191 stratam,
1496 2160 1623 2186 centum
1652 2163 1773 2187 marcas

1024 2198 1184 2231 annuatim
1209 2199 1430 2244 percipiendas
1451 2200 1488 2234 ad
1519 2202 1693 2235 saecat-ium
1716 2213 1773 2235 no-

1024 2255 1124 2280 strum
1149 2247 1177 2280 in
1215 2248 1349 2282 termino
1375 2248 1482 2283 Sancti
1508 2249 1671 2284 Michaelis
1691 2262 1773 2297 quo-

1026 2307 1125 2341 usque
1148 2295 1290 2330 Ecclesia
1321 2296 1360 2331 de
1387 2297 1538 2342 Wintele,
1565 2311 1658 2345 quam
1681 2298 1773 2333 dedi-

1025 2357 1095 2378 mus
1119 2344 1277 2391 praedicto
1305 2345 1450 2392 hospitali
1475 2347 1506 2381 in
1530 2360 1639 2394 puram
1661 2356 1692 2382 et
1708 2360 1774 2395 per-

1026 2401 1150 2439 petuam
1173 2393 1404 2441 eleemosynam
1427 2394 1466 2429 ad
1489 2408 1564 2431 usus
1597 2405 1627 2431 et
1651 2406 1774 2432 susten-

1026 2442 1174 2476 tationem
1199 2442 1396 2478 infirmorum
1424 2453 1454 2478 et
1492 2457 1664 2492 pauperum
1689 2447 1774 2482 eius-

1025 2491 1096 2525 dem
1126 2491 1304 2539 hospitalis,
1340 2494 1508 2528 vacaverit:
1537 2502 1661 2530 etcum
1682 2508 1774 2532 vaca-

1027 2541 1102 2574 verit
1141 2540 1297 2586 praedicta
1336 2541 1476 2577 Ecclesia
1512 2543 1708 2580 cessabimus
1740 2546 1774 2581 iu

1026 2589 1182 2623 solutione
1206 2590 1433 2637 praedictarum
1447 2601 1571 2629 centum
1586 2606 1773 2631 marcarum.

1800 1414 1881 1437 Literae
1906 1415 1954 1437 toan

1786 1448 1818 1466 ula
1833 1452 1889 1472 regi·
