2129 3223
50 246 98 274 Αη.
117 249 143 274 (;.
164 249 228 275 12117

76 604 193 626 clausula.

829 249 998 272 INNOCENTI
1005 249 1040 271 US
1069 248 1098 270 IV
1128 247 1173 269 ¹³1².

243 305 450 341 saecularium
473 305 683 344 exaauonum,
696 316 712 338 a
729 304 854 351 regibus
866 312 895 339 et
905 304 985 350 prin-

242 355 374 402 cipibns.
402 353 448 389 vel
467 354 535 388 aliis
570 353 728 398 fidelibus,
763 353 984 389 rationabiliter

241 404 327 440 vohis
350 404 495 443 indultas,
517 403 702 438 auctoritate
724 403 890 450 apostolica
914 415 971 437 con

240 454 412 497 firmamus,
433 460 464 488 et
486 453 658 500 praesentis
680 453 786 500 scripti
824 453 983 499 privilegio

240 515 484 539 communimus.

287 552 307 600 5
330 553 384 587 16.
408 551 618 587 Decernimus
644 564 730 598 ergo,
752 560 786 586 ut
814 551 889 586 nulli
913 563 982 585 om-

239 603 314 638 nino
337 602 499 637 hominum
527 602 617 637 liceat
640 601 806 649 praefatam
842 613 980 636 eremum

239 659 356 687 temere
378 651 570 698 perturbare,
592 659 645 686 aut
670 651 739 686 eius
767 650 982 698 possessiones

237 700 372 742 auferre,
397 701 443 737 vel
480 700 597 736 ablatas
636 701 780 740 retinere,
816 701 958 735 minuere
973 728 980 739 ,

237 763 290 786 seu
313 750 503 798 quibuslibet
527 749 742 786 vexationibus
764 750 903 796 fatigare,
925 750 979 785 sed

237 801 340 836 omnia
364 800 484 847 integra
510 808 756 841 conserventur,
787 812 894 835 eorum
925 811 980 847 pro

236 862 371 898 quorum
407 849 634 896 gubernatione
677 863 711 885 ac
753 849 980 885 sustentatione

236 911 383 935 concessa
410 907 495 940 sunt,
515 899 623 934 usibus
649 900 840 934 omnimodis
867 898 979 946 prosu—

237 958 323 990 tura;
345 949 426 984 salva
449 948 541 984 Sedis
563 949 762 996 Apostolicae
783 949 979 993 auctoritate,

237 1007 267 1034 et
288 998 463 1034 dioecesani
487 999 626 1045 episcopi
648 1000 794 1034 canonica
819 999 943 1033 iustitia.

285 1047 306 1096 S
333 1050 387 1082 17.
410 1048 443 1083 Si
466 1060 526 1094 qua
550 1049 642 1094 igitur
664 1049 692 1082 iu
722 1049 859 1084 futurum
884 1048 978 1083 eccle-

235 1098 369 1142 siastica,
383 1098 591 1133 saecularisve
607 1110 738 1145 persona
755 1098 834 1134 hanc
856 1106 979 1133 nostrae

235 1147 466 1183 constitutionis
489 1148 631 1194 paginam
653 1148 766 1192 sciens,
788 1156 894 1183 contra
910 1159 976 1182 eam

234 1205 351 1232 temere
370 1198 475 1232 venire
493 1198 667 1241 tentaverit,
682 1198 834 1241 secundo,
848 1198 978 1233 tertiove

233 1247 436 1291 commonita,
459 1247 518 1281 nisi
555 1255 674 1282 reatum
709 1260 802 1282 suum
842 1258 977 1293 congrua

232 1295 446 1332 satisfactione
473 1297 653 1337 correxerit,
677 1298 852 1344 potestatis,
875 1297 978 1331 hono-

233 1346 340 1394 risque
362 1346 409 1380 sui
432 1354 533 1381 careat
561 1346 721 1393 dignitate,
765 1358 911 1393 reamque
944 1357 977 1380 se

233 1395 339 1430 divino
360 1395 475 1430 iudicio
509 1397 642 1430 existere
665 1396 704 1431 de
728 1404 900 1443 perpetrata
924 1396 980 1429 ini-

233 1445 351 1493 quitate
373 1452 554 1491 cognoscat,
581 1453 610 1480 et
632 1457 646 1479 a
669 1445 877 1480 sacratissimo
904 1443 980 1479 Cor-

234 1506 310 1541 pore
327 1502 358 1530 et
383 1494 544 1541 Sanguine
565 1494 636 1539 Dei,
655 1502 686 1530 et
697 1495 824 1530 Domini
849 1494 977 1529 Redem-

234 1544 331 1592 ptoris
354 1545 449 1579 nostri
472 1543 542 1579 Iesu
564 1544 679 1579 Christi
695 1545 793 1580 aliena
809 1544 978 1591 fiat‚atque

233 1595 264 1628 in
291 1603 430 1630 extremo
451 1594 594 1629 examine
625 1593 783 1630 districtae
822 1594 978 1629 subiaceat

233 1643 355 1680 ultioni.

282 1693 303 1741 S
325 1695 380 1728 18.
403 1692 535 1728 Cunctis
555 1702 659 1728 autem
682 1693 782 1728 eidem
824 1693 890 1727 loco
923 1705 976 1727 sua

235 1743 303 1778 iura
329 1743 526 1778 servantibus
552 1744 593 1777 sit
628 1755 683 1789 pax
723 1742 848 1777 Domini
883 1743 976 1777 nostri

234 1792 305 1828 Iesu
333 1791 474 1836 Christi,
501 1802 679 1839 quatenus,
715 1800 745 1827 et
780 1791 830 1826 hic
861 1791 979 1827 fructus

235 1841 337 1877 bonae
358 1842 490 1877 actionis
515 1842 696 1889 percipiant,
718 1850 747 1876 et
769 1840 850 1888 apud
874 1841 980 1876 distri-

235 1899 319 1926 ctum
341 1890 479 1927 Iudicem
505 1892 638 1938 praemia
662 1900 805 1926 aeternae
828 1891 912 1938 pacis
935 1892 980 1925 in-

237 1941 371 1977 veniant.
394 1942 506 1985 Amen,
528 1953 632 1983 amen7
654 1952 756 1975 amen.

296 2013 396 2047 Notas
421 2013 499 2046 mihi
522 2014 573 2057 sac
597 2013 726 2046 Domine
742 2013 808 2047 vias
829 2014 916 2047 vitae.

285 2087 356 2124 Eoo
379 2087 594 2124 tunocssm-ms
616 2087 786 2123 catholicae
819 2087 980 2123 Ecclesiae

237 2139 407 2186 episcopus
428 2137 610 2184 subscripsi.

285 2188 311 2236 ί·
331 2187 401 2235 Ego
423 2187 533 2222 Petrus
554 2185 707 2221 Albanen.
722 2187 890 2234 episcopus
911 2187 980 2222 sub-

238 2238 360 2286 scripsi.

289 2291 313 2330 †
329 2286 399 2334 Ego
425 2287 539 2322 Petrus
565 2286 610 2321 tit.
633 2284 665 2320 S.
695 2285 829 2321 Marcelli
859 2286 983 2334 preshy-

239 2346 286 2372 ter
303 2338 390 2372 card.
409 2336 591 2382 subscripsi.

287 2386 313 2434 -ξ-
338 2385 404 2433 Ego
430 2385 619 2432 Wiglelmus
644 2383 790 2420 basilicae
808 2384 982 2421 Duodecim

242 2436 464 2483 Apostolorum
493 2435 652 2483 presbyter
674 2434 757 2469 card.
780 2435 966 2483 subscripsi.

289 2485 315 2533 ¹1·
334 2484 403 2532 Ego
429 2485 522 2521 frater
544 2485 676 2520 Ioannes
698 2484 742 2518 tit.
769 2483 803 2520 S.
825 2484 983 2520 Laurentii

243 2536 274 2570 in
300 2535 420 2571 Lucina
447 2535 606 2583 presbyter
627 2532 712 2570 card.
739 2533 921 2581 subscripsi.

291 2584 316 2631 ἦ·
342 2583 407 2631 Ego
430 2584 561 2620 Ioannes
583 2584 629 2619 tit.
651 2583 684 2619 S.
708 2583 825 2618 Nicolai
849 2585 880 2617 in
904 2584 984 2619 Car-

243 2645 314 2669 cere
339 2633 480 2669 Tulliano
507 2634 659 2670 diaconus
677 2632 759 2669 card.
784 2632 969 2681 subscripsi.

1648 232 1716 266 527

1073 302 1097 350 ·1-
1125 302 1190 349 Ego
1219 301 1406 347 Wiglelmus
1428 300 1508 335 tituli
1540 298 1574 334 S.
1608 297 1766 333 Eustachii

1024 351 1175 387 diaconus
1197 351 1282 387 card.
1307 350 1491 398 subscripsi.

1071 401 1186 436 Datum
1209 400 1355 449 Lugduni
1384 412 1438 447 per
1464 411 1590 435 manum
1628 396 1765 444 magistri

1024 451 1145 486 Martini
1168 450 1202 486 S.
1233 451 1271 485 R.
1301 450 1337 485 E.
1372 448 1628 489 vicecancellarii,
1656 447 1768 495 quinto

1024 500 1170 536 kalendas
1195 500 1273 540 iulii,
1296 499 1463 535 indictione
1500 506 1597 538 sexta,
1625 497 1768 532 incarna-

1024 551 1114 586 tionis
1147 550 1322 585 dominicae
1363 561 1524 589 Mcchvu,
1569 546 1767 595 pontificatus

1023 612 1095 636 vero
1116 600 1422 636 dominilnnoccntii
1445 599 1548 646 Papae
1562 597 1662 645 quarti
1685 608 1766 632 anno

1022 659 1141 698 quinto.

1078 713 1138 744 Dat.
1155 714 1202 744 die
1220 714 1257 743 27
1276 712 1350 742 iunii
1367 711 1452 745 1247,
1471 710 1572 751 pontis.
1594 718 1670 739 anno
1689 717 1713 738 v.

1348 872 1435 907 XIII.

1026 947 1173 982 Traditur
1198 957 1307 980 norma
1328 945 1450 979 vivendi
1467 943 1652 977 monialibus
1678 942 1768 975 ordi-

1068 998 1115 1030 nis
1143 997 1254 1031 Sancti
1287 995 1448 1032 Dumium,
1490 1004 1566 1038 quae
1599 1003 1665 1025 cum
1706 992 1768 1024 suis

1067 1047 1259 1081 monasteriis
1278 1045 1422 1089 reyimim'
1447 1050 1472 1076 et
1499 1042 1682 1076 obedientiae
1707 1041 1768 1073 mi-

1067 1098 1234 1131 nistrorum
1256 1095 1373 1129 ordinis
1395 1093 1504 1127 Sancti
1518 1091 1679 1126 Francisci
1695 1091 1767 1123 sub-

1068 1147 1216 1180 iiciuntur
1243 1148 1296 1188 (1).

1289 1221 1501 1254 SUMMARIUM

1019 1299 1185 1338 Religiosus
1207 1296 1339 1336 regulam
1371 1294 1527 1325 observare
1555 1291 1650 1328 debet,
1678 1300 1765 1329 quain

1058 1343 1217 1382 profitetur.
1244 1356 1282 1364 -
1306 1338 1493 1369 Innocentius
1523 1335 1654 1374 regulam
1684 1334 1766 1364 hisce

1058 1386 1237 1417 monialibus
1249 1382 1433 1425 praescribit.
1445 1398 1484 1404 —
1496 1380 1616 1419 Regula.
1629 1396 1667 1401 —
1681 1378 1766 1408 Clau—

1058 1440 1125 1461 sura
1144 1434 1284 1469 perpetuo
1306 1427 1458 1458 servanda.
1482 1442 1523 1448 —
1542 1424 1701 1454 Defunctae
1724 1424 1767 1453 in-

1059 1481 1099 1506 tra
1132 1475 1293 1506 claustrum
1326 1470 1527 1503 tumulandae.
1559 1485 1599 1492 —
1623 1468 1766 1498 Praemit-

1057 1521 1142 1551 tenda
1161 1521 1191 1550 in
1214 1517 1402 1558 recipiendis.
1424 1533 1464 1538 —
1479 1514 1583 1544 Forma
1603 1513 1767 1552 professio-

1057 1566 1174 1595 nis.'-
1193 1563 1294 1594 Modus
1313 1562 1410 1592 divina
1434 1558 1637 1601 persolvendi:
1655 1574 1694 1580 —
1711 1558 1768 1586 Aut

1058 1609 1155 1640 studio
1173 1613 1224 1639 aut
1241 1607 1336 1638 labori
1354 1605 1555 1644 satagendum.
1573 1620 1611 1625 —
1630 1602 1660 1632 ln
1683 1602 1767 1632 locu-

1059 1654 1152 1691 toriis‚
1169 1662 1244 1693 quae
1262 1651 1375 1682 cautela
1398 1649 1550 1680 servanda.
1570 1665 1608 1670 -
1623 1647 1662 1677 De
1681 1646 1769 1676 silen-

1059 1699 1112 1729 tio:
1129 1714 1170 1722 --
1183 1698 1217 1728 Et
1232 1697 1342 1727 ieiunio
1358 1694 1509 1725 servando.
1524 1710 1563 1716 —
1578 1692 1616 1723 De
1632 1690 1768 1722 infirmis.

1057 1761 1096 1766 —
1123 1743 1227 1773 Forma
1256 1741 1508 1772 indumentorum.
1535 1755 1574 1760 —
1600 1736 1768 1766 Dormitorii

1059 1788 1235 1827 designatio.
1258 1803 1297 1808 —
1314 1784 1457 1815 Omnibus
1476 1783 1506 1813 in
1529 1780 1708 1812 monasterio
1726 1780 1770 1809 in-

1059 1833 1200 1863 terdictus
1220 1831 1385 1870 ingressus.
1406 1845 1445 1851 —
1466 1825 1634 1866 Cappellani
1662 1823 1768 1854 condi-

1059 1879 1152 1908 tiones
1168 1881 1196 1906 et
1214 1875 1323 1905 munia.
1344 1891 1382 1896 —
1395 1872 1435 1902 De
1451 1875 1540 1901 crate.
1557 1865 1769 1899 —Fenestella

1060 1932 1112 1962 pro
1132 1920 1349 1951 communione.
1364 1934 1403 1940 —
1418 1916 1559 1947 Visitator
1577 1923 1608 1944 se
1623 1913 1770 1954 quomodo

1060 1966 1165 1996 debeat
1177 1973 1290 2004 gerere.
1306 1980 1346 1986 —
1359 1962 1392 1992 Ei
1408 1962 1448 1992 nil
1464 1959 1681 1996 occultandum,
1693 1957 1770 1998 quod

1060 2012 1095 2042 ad
1111 2010 1322 2041 monasterium
1339 2008 1492 2048 pertineat.
1506 2022 1541 2028 -
1557 2004 1693 2034 Defectus
1707 2011 1771 2032 cor-

1060 2054 1185 2094 rigendi.
1207 2070 1246 2076 —-
1265 2052 1325 2083 Soli
1347 2051 1486 2088 ministri,
1514 2050 1554 2080 vel
1574 2058 1674 2079 eorum
1691 2056 1771 2077 com-

1060 2099 1189 2129 missarii
1202 2101 1325 2137 possunt
1336 2095 1479 2126 moniales
1490 2094 1618 2124 visitare.
1626 2109 1665 2115 —
1675 2091 1770 2123 Unum

1062 2148 1173 2174 tantum
1192 2143 1300 2173 ostium
1324 2142 1353 2172 in
1372 2139 1561 2176 monasterio,
1579 2143 1607 2168 et
1625 2136 1770 2177 quomodo

1062 2188 1296 2219 custodiendum.
1312 2203 1350 2209 —-
1365 2186 1436 2215 Rota
1455 2183 1587 2214 facienda
1604 2191 1670 2212 cum
1688 2189 1771 2220 prae-

1062 2233 1180 2272 scriptis
1196 2230 1426 2261 conditionibus.
1442 2245 1481 2251 —
1497 2227 1682 2257 Locutoriurn
1698 2233 1771 2263 quo-

1063 2277 1148 2307 modo
1167 2275 1406 2306 construendum.
1424 2289 1462 2296 —
1479 2272 1617 2302 Sororum
1641 2270 1769 2300 servien-

1064 2323 1135 2351 tium
1168 2321 1332 2360 qualitates.
1357 2336 1397 2342 -
1417 2316 1568 2353 Quomodo
1592 2324 1622 2345 se
1645 2313 1772 2344 debeant

1063 2375 1167 2405 gerere
1184 2370 1262 2395 extra
1281 2365 1419 2394 claustra.
1437 2379 1476 2385 —
1490 2361 1570 2391 Licet
1593 2358 1771 2390 monialibus

1064 2411 1093 2440 in
1110 2410 1259 2440 communi
1276 2409 1408 2439 redditus
1427 2412 1455 2437 et
1473 2405 1679 2446 possessiones
1694 2403 1773 2433 reci-

1064 2464 1143 2494 pere.
1159 2471 1197 2477 —
1212 2454 1414 2484 Procuratoris
1432 2451 1596 2481 facultates.
1614 2466 1653 2471 —
1670 2448 1771 2479 Mona—

1064 2500 1146 2529 sterii
1173 2508 1242 2529 cura
1268 2498 1410 2529 Minoritis
1443 2495 1696 2527 demandatur.—
1713 2492 1772 2523 Ab·

1064 2543 1140 2574 batis
1171 2544 1274 2575 electio
1307 2543 1343 2574 ad
1371 2546 1562 2576 conventum,
1591 2538 1772 2570 confirmatio

1065 2589 1101 2619 ad
1120 2588 1268 2619 ministros
1285 2587 1484 2619 Minoritarum
1502 2585 1635 2626 pertinet.
1648 2600 1688 2607 -—·
1703 2581 1773 2613 Nul-

1062 2646 1101 2682 (t)
1118 2646 1157 2673 Ex
1169 2646 1321 2682 Waddiugo
1338 2653 1401 2673 nov.
1422 2644 1498 2676 edit„
1510 2646 1575 2671 tom.
1586 2650 1628 2671 ιιι,
1640 2649 1698 2677 pag.
1711 2639 1771 2666 [189.

1782 241 1829 267 An.
1846 239 1874 265 C.
1893 237 1961 265 teta?
