2129 3223
47 274 96 300 An.
115 274 142 301 C.
163 274 229 301 ¹199

244 339 274 364 et
295 342 389 364 sensu
413 337 493 372 care-t
517 338 547 363 et
566 337 649 368 actu,
668 329 692 363 si
716 340 778 363 non
798 329 827 362 in
851 327 993 374 corporis

246 378 448 425 permanserit
476 379 605 412 unitate.

294 427 313 473 S
341 429 372 460 5.
410 425 597 461 Gandemns
630 437 705 471 ergo
734 437 794 459 non
833 425 992 458 modicum

245 475 328 523 quod
357 476 387 509 in
413 475 474 509 lide
496 475 647 510 catholica
672 485 886 521 perseverans,
913 475 992 508 circa

247 537 304 559 nos
331 525 398 571 piae
432 525 516 570 geris
553 523 729 558 devotionis
764 522 929 559 affectum,
965 530 993 556 et

53 587 71 603 ο
247 573 343 608 lilium
367 581 395 607 te
419 585 487 607 esse
516 573 712 620 Apostolicac
740 572 832 606 Sedis
868 572 994 614 innuis,

245 622 322 657 dum
351 634 418 656 eam
446 634 515 657 esse
539 630 668 657 matrem
692 621 833 655 omnium
858 628 995 666 potesta-

246 672 304 711 ris,
342 683 570 717 recognoscens
600 683 616 705 a
650 669 741 704 nobis
779 669 993 714 magisterium

245 720 478 755 ecclesiasticae
503 720 705 766 disciplinae,
741 731 835 765 quani
858 718 916 752 etsi
945 730 995 752 re-

245 777 368 815 ceptam
406 769 499 814 longo
536 777 677 815 tempore
711 769 808 813 prius,
837 780 873 801 ex
911 774 996 813 parte

245 826 349 852 tamen
374 829 428 865 per
455 830 524 852 ven.
553 817 678 852 fratrem
702 825 843 851 nostrum
868 815 997 861 Magun-

247 868 347 902 tinum
370 866 661 913 archiepiscopum,
697 865 881 912 episcopum
905 864 996 899 Sabi-

247 927 320 950 nen.
344 928 445 950 unum
468 927 503 950 ex
532 924 651 961 septem
674 915 842 961 episcopis,
865 914 918 961 qui
944 926 997 948 no-

248 964 297 999 bis
322 965 353 999 in
376 964 515 999 Ecclesia
544 964 684 998 Romana
708 963 902 998 collaterales
929 963 997 996 exi-

247 1021 345 1053 stunt,
368 1014 546 1057 suscepisse
571 1022 599 1047 te
625 1012 757 1058 gaudes,
780 1022 810 1046 et
837 1012 997 1046 desideras

247 1062 425 1097 observare.
470 1061 544 1096 Fuit
578 1071 682 1096 autem
716 1069 745 1095 et
773 1069 819 1095 est
847 1073 995 1106 magnum

247 1119 320 1146 tuae
341 1110 518 1145 devotionis
546 1111 708 1150 indicium,
741 1111 824 1157 quod
848 1110 995 1144 eumdem

249 1160 522 1207 archiepiscopum
564 1160 728 1206 magnifice
767 1159 934 1205 recepisti,
969 1167 997 1193 et

249 1210 366 1243 curasti
386 1221 448 1243 non
480 1208 641 1242 modicum
670 1208 839 1251 honorare,
865 1209 945 1242 sicut
969 1216 997 1242 et

251 1265 321 1292 tuae
348 1257 454 1292 literae
481 1258 703 1301 continebant,
727 1265 755 1291 et
780 1258 880 1303 ipsius
907 1256 999 1291 nobis

251 1306 360 1342 relatio
384 1306 543 1353 patefecit.

300 1355 320 1402 S
351 1357 384 1388 4.
428 1355 595 1389 Monemus
642 1354 734 1400 igitur
772 1354 997 1389 fraternitatem

252 1412 351 1449 tuam,
377 1412 407 1438 et
430 1403 630 1438 exhortamur
654 1405 683 1436 in
707 1403 858 1447 Domino,
885 1415 921 1437 ac
945 1415 1001 1450 per

251 1453 419 1500 apostolica
449 1452 504 1486 tibi
528 1452 643 1497 scripta
666 1451 867 1492 mandamus,
890 1459 1001 1499 quate-

252 1514 312 1536 nus
345 1501 374 1535 in
402 1501 568 1535 devotione
594 1500 686 1535 Sedis
721 1501 919 1547 Apostolicae
946 1501 1001 1535 tir-

252 1550 344 1596 miter
366 1562 564 1597 perseveres,
590 1557 620 1582 et
643 1549 672 1583 in
698 1550 764 1595 lege
793 1550 918 1584 Domini
951 1550 1001 1583 die

253 1599 427 1643 mediteris,
450 1607 479 1633 et
495 1607 598 1639 nocte,
621 1610 701 1644 quae
723 1610 817 1633 sanae
839 1598 1001 1634 doctrinae

252 1656 431 1694 congruunt
453 1647 658 1695 praedicans,
685 1655 714 1681 et
737 1660 817 1694 quae
841 1648 1002 1694 praedica-

254 1697 350 1740 veris,
373 1705 524 1744 quantum
552 1696 708 1730 Dominus
735 1697 887 1743 permittit
908 1697 1004 1730 adim·

255 1744 362 1793 plens,
388 1753 423 1780 ut
446 1746 477 1780 in
514 1755 562 1788 te,
590 1757 648 1779 nec
674 1757 767 1791 opera
795 1745 910 1787 verbis,
945 1757 1003 1780 nec

254 1794 347 1829 verba
379 1794 528 1841 operibus
562 1793 786 1828 contradicant.
821 1794 898 1828 Esto
921 1795 1003 1828 circa

255 1843 415 1878 subiectos
442 1843 605 1888 magister,
633 1850 665 1876 ut
688 1842 818 1883 doceas,
846 1851 878 1877 ut
906 1843 1004 1878 corri-

256 1904 312 1938 gas
331 1899 435 1938 pater·⁷
458 1900 555 1926 mater
578 1890 746 1932 utfoveas3
769 1892 885 1927 doceas
900 1892 1005 1926 minus

256 1941 384 1980 doctos,
419 1940 573 1988 superbos
605 1940 764 1985 corrigas·‚
797 1940 936 1976 humiles
958 1941 1005 1975 so-

257 2001 329 2024 veas
367 1997 396 2023 et
431 1988 578 2029 devotos,
607 1989 754 2023 iustitiam
790 1989 1004 2025 misericordia

258 2047 452 2085 temperans;
479 2046 508 2072 et
536 2038 726 2083 aequitatem
751 2038 779 2071 in
803 2039 919 2073 iudicio
943 2051 1003 2073 non

258 2087 452 2134 relinquens.

309 2136 384 2184 §5-
417 2135 521 2182 Super
555 2135 762 2170 subventione
792 2148 863 2171 vero
890 2137 1003 2170 Hiero-

260 2185 465 2232 solymitanae
489 2184 668 2231 provinciae
688 2197 779 2219 nosse
797 2193 826 2220 te
850 2187 1005 2224 volumus,

262 2234 346 2281 quod
370 2235 429 2268 iam
463 2245 517 2280 per
538 2232 594 2267 Dei
617 2233 745 2278 gratiam
768 2234 806 2268 ad
828 2235 1006 2269 commoni-

262 2284 378 2318 tionem
403 2291 539 2317 nostram
572 2281 662 2315 multi
686 2283 789 2317 crucis
809 2283 1004 2328 signaculum

263 2340 467 2378 receperunt,
496 2339 525 2365 et
549 2330 653 2376 plures
675 2330 811 2366 Domino
843 2332 936 2367 dante
964 2344 1005 2365 re-

262 2381 399 2427 cipient,
431 2380 461 2414 in
494 2379 708 2414 defensionem
735 2379 906 2415 Orientalis
939 2393 1008 2426 pro-

263 2429 381 2463 vinciae
397 2437 575 2476 opportuno
590 2437 729 2474 tempore
750 2430 919 2464 transituri.
942 2429 1005 2463 lam

263 2477 356 2512 etiam
379 2477 442 2512 duo
464 2490 501 2512 ex
524 2476 672 2511 fratribus
695 2477 823 2517 nostris,
850 2478 888 2512 de
911 2479 1009 2512 mani-

265 2525 323 2560 bus
349 2527 479 2566 nostris,
514 2526 653 2560 vivificae
675 2527 776 2559 crucis
810 2538 1008 2574 assumpsere

267 2574 426 2620 vexillum,
453 2575 626 2610 exercitum
653 2573 779 2609 Domini
802 2576 1006 2621 praecessuri.

266 2621 398 2658 Confide
425 2624 528 2670 igitur,
555 2632 584 2658 et
606 2632 673 2659 esto
695 2622 852 2666 robustus,
875 2625 947 2671 quia
970 2624 1010 2660 ci-

15 490 18 492 .
61 473 90 494 De
105 473 137 494 hl!
159 477 231 499 gratu-

49 504 103 525 latur
124 503 232 526 Innocen-

48 536 96 557 tius:

76 1401 167 1430 Eumque
212 1402 237 1423 ud

57 1433 237 1463 perseverantiam

70 1468 91 1485 οι
97 1466 162 1490 utun

77 2178 100 2199 Ει
114 2178 139 2199 nd
153 2178 246 2199 subven-

65 2213 145 2230 tionem
170 2207 246 2229 Terrae

65 2240 160 2261 &sanetae⁴

837 273 1046 296 trtNOOEnTtus
1069 273 1103 294 ΙΙΙ
1129 273 1167 294 ΡΡ

1663 264 1730 296 167

1037 327 1097 360 tius
1125 326 1265 365 forsitan,
1303 339 1395 373 quam
1424 327 1584 367 credatur,
1612 327 1783 362 Orientalis

1036 374 1192 421 provincia
1224 374 1402 409 subsidium
1431 377 1543 410 sentiet
1572 384 1781 424 expectatum.

1085 423 1197 458 Datum
1226 424 1381 462 Laterani,
1405 438 1487 459 nono
1510 426 1569 460 kat.
1596 425 1783 469 decembris,

1035 484 1118 506 anno
1145 473 1296 508 secundo.

1050 529 1108 559 Dat,
1125 530 1171 559 die
1190 530 1227 559 23
1243 530 1410 560 novembris
1433 532 1516 567 1199,
1533 532 1632 569 pontit,
1651 540 1725 560 :inno
1743 539 1770 559 tt.

1353 692 1467 726 xxix.

1039 769 1228 813 Approbatio
1262 770 1470 802 coronationis
1498 769 1603 801 Leonis
1625 770 1703 812 reyis
1727 772 1788 801 Ar·

1086 829 1255 855 menarum,
1285 830 1352 851 cnm
1385 819 1600 851 adhortatione
1627 820 1668 850 ad
1698 830 1788 850 recn-

1083 868 1270 911 perationem
1299 867 1409 900 Terrae
1435 868 1578 900 Sanctae.

1306 940 1519 970 SUMMARIUM

1040 1001 1106 1030 Sedi
1128 1002 1256 1040 Apostol.
1281 1003 1423 1040 primatus
1441 1012 1454 1030 a
1476 1002 1532 1031 Deo
1556 1012 1728 1032 concessus
1754 1020 1792 1026 —

1078 1046 1200 1075 Romani
1234 1045 1392 1075 Pontifices
1424 1047 1555 1075 eamdem
1584 1046 1688 1076 babent
1714 1052 1791 1085 potc-

1079 1094 1193 1126 statem,
1216 1099 1303 1128 quam
1323 1090 1457 1119 Christus
1481 1090 1559 1119 dedit
1578 1089 1672 1119 Petro.
1702 1107 1740 1112 —
1766 1092 1790 1120 l.

1078 1134 1233 1163 Loronatio
1262 1134 1338 1170 regis
1358 1135 1552 1163 Armenorum
1578 1133 1650 1162 sacta
1678 1143 1729 1171 per
1747 1144 1792 1162 ar-

1078 1177 1301 1216 chiepiscopum
1326 1177 1535 1215 Maguntinum.
1562 1194 1600 1199 —
1620 1178 1647 1206 ἱ).
1666 1177 1738 1207 Eum
1757 1179 1791 1207 ad

1079 1221 1326 1259 perseverantiam
1357 1220 1385 1250 in
1420 1221 1475 1251 fide
1508 1227 1534 1251 et
1567 1221 1792 1250 subventionem

1079 1264 1186 1294 Terrae
1207 1263 1328 1294 Sanctae
1352 1264 1493 1294 hortatur.

1039 1338 1211 1367 Innocentius
1230 1339 1372 1374 opiscopus
1392 1345 1487 1367 servus
1507 1345 1648 1367 servorum
1659 1339 1714 1372 Dat,
1729 1339 1792 1367 cha-

1085 1389 1194 1416 rissimo
1218 1388 1246 1415 in
1267 1388 1377 1415 Christo
1396 1387 1451 1415 filio
1471 1388 1549 1416 Leoni
1578 1388 1637 1423 regi
1664 1389 1790 1416 Armeno-

1086 1443 1156 1469 rum,
1178 1437 1296 1465 salutem
1317 1439 1346 1465 et
1365 1436 1545 1472 apostolicam
1569 1437 1791 1465 benedictionem.

1091 1503 1121 1538 Is
1155 1504 1328 1538 Ecclesiam
1369 1516 1457 1538 suam
1495 1512 1716 1549 congregatam
1754 1516 1790 1537 ex

1042 1553 1202 1599 gentibus,
1227 1565 1288 1587 non
1312 1553 1478 1587 habentem
1499 1552 1665 1592 maculam,
1689 1564 1791 1599 neque

1045 1614 1165 1648 rugam,
1200 1614 1295 1648 snper
1318 1610 1426 1648 gentes
1448 1609 1477 1635 et
1500 1613 1594 1647 regna
1617 1602 1791 1641 constituit,

1043 1651 1069 1684 is
1092 1650 1231 1684 extendit
1260 1651 1401 1697 palmites
1423 1650 1490 1684 eius
1518 1662 1616 1697 usque
1634 1650 1670 1683 ad
1695 1662 1792 1693 mare,

1043 1707 1073 1733 et
1101 1712 1199 1746 usque
1226 1699 1262 1733 ad
1291 1701 1443 1734 terminos
1470 1707 1568 1734 terrae
1592 1699 1691 1745 ipsius
1719 1711 1794 1745 pro-

1046 1748 1175 1794 pagines
1197 1748 1346 1792 dilatavit,
1374 1749 1463 1782 cuius
1485 1756 1533 1781 est
1554 1756 1647 1788 terra,
1670 1755 1701 1782 ct
1724 1748 1793 1794 ple-

1046 1797 1155 1831 nitudo
1177 1798 1257 1837 eius',
1279 1798 1364 1832 orbis
1386 1804 1549 1837 terrarum,
1576 1805 1607 1830 et
1635 1796 1793 1839 universi,

1046 1846 1098 1892 qui
1129 1846 1266 1880 habitant
1303 1847 1332 1880 in
1372 1858 1417 1880 ea.
1452 1845 1523 1892 lpse
1564 1846 1655 1880 etiam
1682 1844 1794 1879 Roma-

1047 1907 1116 1928 nam
1151 1894 1324 1929 Ecclesiam
1353 1907 1414 1929 non
1443 1895 1544 1928 solum
1569 1895 1723 1928 universis
1758 1894 1793 1928 fi-

1046 1943 1170 1978 delibus
1184 1944 1341 1990 praetulit,
1363 1943 1417 1978 sed
1434 1956 1527 1990 super
1549 1952 1686 1977 caeteras
1700 1943 1792 1977 etiam

1046 1992 1204 2027 Ecclesias
1225 1993 1381 2030 exaltavit,
1404 2001 1437 2027 ut
1464 2000 1584 2026 ceterae
1612 1992 1650 2026 ab
1673 2004 1707 2026 ea
1730 2004 1791 2026 non

1048 2049 1108 2075 tam
1136 2042 1257 2076 vivendi
1286 2054 1439 2086 normam,
1474 2050 1503 2075 et
1531 2053 1652 2084 morum
1686 2053 1794 2075 sume-

1049 2099 1115 2124 rent
1138 2090 1356 2137 disciplinam,
1390 2090 1444 2125 sed
1468 2100 1496 2124 et
1519 2090 1591 2123 fidei
1619 2090 1712 2124 etiarn
1740 2101 1794 2123 ca-

1048 2143 1179 2178 tholicae
1220 2145 1408 2179 documenta
1442 2144 1635 2190 reciperent,
1663 2151 1691 2176 et
1726 2143 1794 2177 eius

1047 2206 1205 2231 servarent
1244 2198 1402 2231 humiliter
1442 2198 1595 2231 instituta.
1637 2196 1669 2229 ln
1700 2195 1793 2231 Petro

1047 2250 1130 2284 enim
1169 2251 1381 2297 apostolorum
1421 2250 1576 2295 principe,
1610 2250 1658 2283 cui
1694 2249 1794 2283 excel-

1048 2303 1162 2338 lentius
1188 2305 1255 2338 aliis
1283 2304 1438 2338 Dominus
1464 2303 1581 2348 ligandi
1603 2311 1631 2336 et
1653 2302 1792 2337 solvendi

1048 2357 1177 2390 contulit
1193 2365 1393 2404 potestatem;
1408 2356 1516 2391 dicens
1530 2355 1567 2390 ad
1584 2368 1670 2390 eum:
1687 2356 1793 2397 Quod-

1048 2422 1183 2456 cumque
1210 2410 1353 2456 ligaveris
1379 2422 1473 2456 snper
1501 2418 1631 2452 terram,
1669 2410 1726 2444 erit
1759 2411 1794 2445 li-

1048 2472 1153 2509 gatum
1177 2472 1206 2497 et
1235 2465 1263 2498 in
1292 2465 1402 2499 coelis:
1427 2472 1457 2498 et
1485 2464 1706 2512 quodcumque
1736 2466 1794 2500 sol-

1050 2517 1147 2566 veris·
1164 2529 1260 2564 super
1287 2526 1419 2561 terram,
1452 2519 1508 2551 erit
1544 2518 1681 2552 solutum
1709 2527 1740 2553 et
1763 2520 1791 2553 in

1049 2570 1162 2611 coelis,
1194 2570 1333 2605 Ecclesia
1357 2570 1495 2605 Romana
1524 2571 1624 2606 Sedes
1651 2573 1737 2616 eius,
1765 2582 1793 2606 et

1050 2624 1189 2658 seniores
1225 2624 1322 2670 ipsius
1354 2623 1486 2658 Romani
1523 2624 1684 2660 Pontificis
1721 2638 1793 2660 suc-

1798 273 1836 298 An
1866 273 1883 298 C
1914 273 1980 298 ¹10¹)

1821 1514 1869 1535 Sedt
1900 1516 1993 1540 apostu-

1808 1545 1861 1565 licae
1891 1547 1992 1572 primatus

1808 1582 1819 1595 a
1838 1575 1880 1596 Deo
1900 1581 1990 1596 conces-

1808 1612 1849 1626 sus⁴
