2129 3223
0 1054 16 1095 ἱ

41 259 91 288 An.
102 259 133 288 c.
156 259 223 287 ¹2⁸0

52 1069 134 1092 innui-e
142 1070 220 1091 distan-

6 1098 16 1127 ζ’
39 1103 146 1124 itui-m
154 1101 218 1122 annu.

8 1846 23 1860 ⁴,

6 1865 27 1887 5¹,

5 1899 30 1941 §-

4 1955 21 1988 k

58 1859 200 1888 Privileginrn.

828 259 1035 284 innoti-:xnus
1056 260 1089 282 lv
1112 260 1157 282 vl).

570 313 640 348 XX.

239 395 361 429 Civibus
390 394 509 438 insulae
543 394 766 427 Mai‘oricarum
797 397 978 431 concedam,

283 455 320 478 ne
340 445 373 477 in
395 451 549 488 posterum
561 445 603 477 ad
623 444 687 477 lites
707 445 894 477 dirimendas
914 445 978 477 loca

283 500 399 527 remota
422 499 520 537 petere
545 500 694 537 coquntur
720 495 773 534 (i).

502 570 620 601 SL'MMA
628 570 711 600 tum}

234 637 349 668 Insulae
377 638 512 668 distantia
541 647 555 667 a
585 643 659 667 terra
679 638 773 667 firma.
796 654 834 659 —-
860 637 980 668 Priiile-

270 683 363 720 gium.
380 697 420 705 ·-
437 681 602 712 clausulae.

233 748 404 778 Innocentius
421 749 561 785 opiscopus
574 755 669 778 servus
688 756 826 778 servornm
838 750 893 782 Dei.
905 757 978 778 vene·

276 796 359 826 rabili
390 796 478 826 fratri
496 797 628 833 episcopo,
646 805 676 826 ac
692 798 800 827 dilectis
817 798 880 827 filiis
897 800 979 833 clero.

276 846 429 876 consulibus
457 846 570 879 iuratis,
608 848 636 875 et
660 847 839 876 universitati
876 849 981 877 insulae

275 895 475 928 maioricarnm.
497 895 615 924 salntem
633 897 662 924 et
679 895 854 931 apostolicam
871 897 977 926 benedi-

275 945 401 975 cuonem.

281 1006 414 1055 Propter
425 1008 519 1043 maris
533 1009 669 1055 pericula
692 1008 822 1043 insulam
846 1019 977 1045 vestram

233 1055 375 1104 undique
397 1057 636 1099 circumdantia,
662 1070 698 1093 ac
720 1058 899 1106 frequentes
930 1060 980 1107 pi-

234 1113 369 1142 ratarum
391 1118 427 1141 ac
449 1119 640 1154 paganorum
668 1108 825 1149 incursus,
852 1108 890 1143 ad
914 1117 977 1143 ter-

235 1167 298 1190 ram
321 1155 442 1192 firmam
461 1156 628 1192 distantem
647 1156 685 1191 ab
706 1157 805 1192 insula
827 1158 891 1204 ipsa
915 1157 978 1193 fere

235 1216 290 1252 per
322 1205 456 1241 ducenta
496 1205 636 1241 milliaria
651 1234 660 1250 ,
700 1215 791 1254 prout
828 1207 977 1251 asseritis,

235 1255 395 1310 perrenire
420 1255 488 1290 sine
509 1255 592 1302 gravi
615 1255 783 1303 dispendio
817 1268 877 1291 non
915 1269 973 1304 po-

235 1311 331 1339 testis.

281 1351 362 1388 Cum
383 1353 485 1401 itaque
508 1353 659 1394 nonnulli,
681 1354 761 1388 sicut
785 1355 976 1402 accepimus,

234 1401 272 1436 ad
300 1402 365 1438 loca
388 1411 505 1438 remota
534 1415 626 1450 saepe
653 1415 706 1438 vos
735 1403 830 1438 citare
862 1416 976 1451 procu-

234 1461 314 1497 rent,
334 1459 365 1487 et
391 1460 516 1499 propter
555 1452 776 1498 impedimenta
807 1453 975 1499 praemissa

233 1499 340 1536 litibus
360 1500 484 1546 cedere,
505 1513 561 1536 seu
583 1513 654 1536 cum
677 1501 861 1537 adversariis
885 1501 976 1536 dam-

233 1561 326 1586 nosas
363 1549 441 1585 inire
475 1550 630 1595 cogamini
650 1551 901 1597 pactiones;nos
925 1551 977 1586 ob-

232 1607 321 1634 tentu
358 1599 532 1635 charissimi
565 1600 595 1634 in
631 1598 756 1635 Christo
789 1600 843 1634 filii
878 1602 973 1636 nostri

233 1647 361 1684 illustris
387 1650 469 1696 regis
493 1649 687 1694 Aragonum,
709 1650 762 1697 qui
786 1649 905 1685 favente
932 1651 976 1685 di-

234 1697 322 1733 vinae
344 1698 464 1733 virtutis
485 1699 598 1733 auxilio
620 1699 733 1733 dictam
766 1699 896 1733 insulam
934 1699 974 1734 de

234 1747 378 1782 inanibus
404 1759 593 1794 paganorum
621 1748 747 1794 eripuit,
774 1755 804 1782 et
827 1760 881 1794 pro
915 1761 976 1783 ro—

234 1796 282 1831 bis
303 1798 504 1844 apostolicam
527 1797 655 1842 gratiam
680 1809 736 1842 per
757 1797 909 1844 speciales
931 1798 977 1832 lit-

234 1852 316 1880 teras
343 1844 529 1893 imploravit,
552 1845 725 1893 dispendiis
743 1847 852 1880 vestris
867 1847 897 1880 in
920 1847 977 1882 hac

236 1903 321 1942 parte
347 1906 512 1930 occurrere
538 1894 749 1929 sollicitudine
771 1903 897 1942 paterna
919 1908 976 1931 vo-

237 1944 348 1984 lentes,
376 1943 463 1978 vobis
490 1944 670 1979 auctoritate
699 1945 920 1989 praesentium,
946 1954 977 1980 ut

193 2040 196 2043 Ι
237 2005 291 2039 per
316 1993 432 2028 litteras
457 1993 655 2039 Apostolicae
681 1992 785 2037 Sedis,
812 2004 864 2029 aut
892 1995 977 2040 lega-

78 2595 193 2618 Quantae.

238 2051 338 2077 torum
360 2043 440 2085 eius,
466 2054 546 2089 quae
573 2042 611 2076 de
633 2043 696 2088 ipsa
720 2042 832 2084 insula,
859 2053 888 2078 et
922 2045 976 2078 in—

236 2091 392 2138 dulgentia
414 2091 595 2126 huiusmodi
623 2092 746 2138 plenam
781 2101 811 2126 et
850 2105 977 2140 expres-

236 2153 302 2176 sam
330 2153 390 2175 non
415 2140 545 2176 fecerint
568 2141 770 2180 mentionem,
792 2150 875 2176 extra
898 2154 976 2177 eam·

237 2189 309 2225 dem
333 2189 466 2224 insulam
497 2201 592 2236 super
625 2189 740 2233 bonis,
780 2203 859 2237 quae
889 2191 977 2234 ‚infra

238 2240 335 2287 ipsam
358 2239 526 2282 habebitis,
554 2251 617 2276 ros,
641 2239 686 2273 rel
709 2239 820 2285 aliquis
842 2249 976 2274 vestrum

240 2300 300 2323 uon
323 2289 451 2336 possitis
473 2288 510 2322 de
532 2297 655 2322 caetero
677 2287 715 2322 ab
737 2289 892 2335 aliquibus
907 2301 979 2324 con-

241 2337 351 2382 veniri,
373 2337 546 2373 dummodo
569 2338 662 2383 parati
686 2337 752 2372 sitis
778 2338 892 2373 ibidem
924 2351 978 2373 co-

241 2399 304 2422 ram
328 2387 518 2435 competenti
555 2387 658 2420 iudice
700 2386 739 2421 de
777 2387 864 2422 vobis
902 2400 979 2422 con-

240 2436 446 2483 querentibus
467 2436 601 2470 iustitiae
629 2435 852 2482 plenitudinem
883 2437 979 2472 exhi-

241 2486 322 2520 bere.

286 2532 369 2570 Nulli
380 2546 456 2582 ergo
468 2535 598 2570 omnino
614 2534 777 2569 bominum
793 2533 883 2569 liceat
902 2535 981 2570 banc

242 2583 386 2631 paginam
408 2593 532 2619 nostrae
553 2583 766 2619 concessionis
799 2584 980 2631 infringere,

276 2649 315 2684 (¹)
334 2648 374 2676 Ex
390 2649 508 2676 Dacherii
522 2649 655 2684 SpiciIeg„
675 2652 738 2675 tom.
755 2656 802 2680 vn,
814 2656 872 2683 pag.
884 2650 944 2675 ⁶251.

1643 248 1713 281 543

1020 312 1066 348 vel
1089 314 1116 347 ei
1140 324 1217 347 ausu
1241 313 1404 348 temerario
1430 313 1594 348 contraire.
1620 312 1654 348 Si
1691 313 1761 359 quis

997 371 1120 400 „autem
1145 362 1204 397 hoc
1226 370 1377 398 attentare
1400 362 1655 409 praesumpserit,
1676 361 1760 396 indi-

997 401 1001 438 Ι
1019 413 1198 456 gnationem
1216 412 1438 458 omnipotentis
1458 409 1516 446 Dei
1544 420 1571 445 et
1599 410 1761 446 beatorum

1020 460 1101 496 Petri
1125 469 1155 496 et
1177 460 1265 496 Pauli
1293 461 1505 507 apostolorum
1533 462 1602 496 cius
1628 472 1662 495 se
1698 473 1762 495 no-

1022 511 1096 546 verit
1123 511 1334 546 incursurum.

1068 559 1181 595 Datum
1210 559 1355 607 Lugduni
1379 559 1477 607 pridie
1492 559 1563 594 idus
1582 559 1667 600 maii,
1683 571 1763 606 pon-

1021 609 1154 644 tificatus
1175 610 1271 645 nostri
1295 621 1376 644 anno
1403 609 1545 655 septimo.

1064 670 1123 701 Dat.
1142 672 1189 701 die
1208 671 1243 700 14
1264 671 1332 701 maii
1355 671 1436 707 1250,
1454 670 1554 709 pontif.
1573 681 1649 700 anno
1666 679 1715 700 vn.

1350 838 1433 872 xxi.

1023 919 1113 958 Quod
1138 920 1238 952 nullus
1264 919 1517 963 archiepiscopus,
1545 930 1597 952 nec
1624 919 1763 963 Aposto-

1068 969 1143 1002 Iicae
1161 969 1250 1003 Sedis
1271 968 1386 1013 loqutus
1407 968 1518 1012 fratres
1534 968 1651 1001 ordinis
1671 968 1763 1000 Frue-

1067 1019 1236 1051 ‹Iicatorum
1271 1019 1313 1051 ad
1345 1018 1565 1061 episcopatum,
1600 1017 1646 1050 vel
1682 1017 1762 1050 alias

1067 1068 1342 1111 diminutes-possit
1363 1078 1532 1100 assumere:
1555 1068 1591 1099 iis
1611 1077 1680 1099 vero
1701 1066 1762 1099 hu—

1066 1117 1199 1149 iusmodi
1227 1116 1389 1160 dignitates
1421 1116 1555 1160 accipere
1585 1127 1647 1148 non
1674 1115 1761 1148 liceat

1067 1167 1169 1199 inuitis
1190 1166 1308 1198 ordinis
1334 1165 1539 1209 superioribus
1562 1166 1623 1207 (1).

1284 1243 1495 1273 SUMMARIUM

1017 1306 1126 1336 Causae
1154 1306 1283 1336 edendae
1312 1305 1481 1335 sanctionis.
1509 1322 1546 1327 -——
1568 1305 1693 1335 Sanctio.
1724 1322 1763 1327 -

1055 1349 1221 1379 Clausulae.

1017 1425 1187 1454 innocentius
1203 1425 1343 1460 episcopus
1362 1431 1457 1453 servus
1477 1431 1616 1454 servornm
1634 1425 1689 1457 Dei.
1721 1426 1763 1453 ‹n-

1061 1473 1131 1502 leoto
1150 1473 1205 1501 filio
1221 1473 1358 1508 magistro
1376 1473 1479 1501 ordinis
1515 1472 1637 1502 fratrum
1655 1473 1761 1502 Praedi-

1060 1525 1192 1556 catornm.
1213 1522 1330 1552 salutem
1349 1525 1378 1552 et
1405 1522 1582 1558 apostolicam
1600 1523 1762 1552 benedictio-

1059 1580 1128 1601 nem.

1778 258 1827 283 Λη.
1843 256 1870 282 C.
1893 256 1959 283 ¹25⁰

1067 1645 1178 1679 Potitio
1206 1653 1255 1678 tua
1287 1644 1377 1678 nobis
1411 1644 1545 1679 exhibita
1572 1644 1866 1699 continebat,dff:²¹⁵··
1891 1649 1959 1668 Νη·

1017 1694 1098 1742 quod
1127 1706 1197 1728 cum
1231 1694 1324 1740 aliqui
1358 1693 1466 1728 fratres
1499 1694 1542 1728 tui
1575 1694 1695 1728 ordinis
1731 1706 1759 1727 in

1017 1743 1171 1790 aliquibus
1193 1742 1340 1776 Ecclesiis
1363 1742 1392 1776 in
1416 1744 1583 1790 episcopos
1604 1742 1762 1789 eliguntur

1019 1793 1063 1827 vel
1081 1792 1294 1839 postulantur,
1327 1791 1421 1826 iidein
1454 1792 1573 1836 fratres,
1600 1792 1670 1826 licet
1695 1804 1762 1839 pro-

1019 1843 1121 1888 prium
1151 1840 1228 1875 velle
1256 1853 1316 1874 non
1333 1841 1464 1875 habeant
1486 1849 1540 1876 aut
1568 1841 1663 1885 nolle,
1688 1853 1763 1888 pro-

1019 1899 1085 1938 pter
1109 1891 1180 1931 hoc,
1203 1890 1286 1937 quod
1310 1891 1567 1925 renuntiaverunt
1585 1889 1704 1925 mundo
1732 1898 1762 1925 et

1019 1941 1161 1987 propriae
1190 1940 1359 1981 voluntati,
1392 1948 1423 1974 et
1456 1952 1512 1987 per
1541 1952 1574 1974 se
1606 1948 1762 1986 nequeant

1018 1990 1213 2028 consentire,
1249 1997 1351 2023 tamen
1386 1989 1573 2036 irrequisitis
1607 1988 1762 2036 prioribus

1018 2040 1081 2073 suis
1111 2038 1372 2085 provincialibus,
1409 2050 1543 2086 quorum
1575 2037 1700 2073 licentia
1732 2046 1761 2072 et

1020 2089 1232 2123 testimouium
1251 2096 1356 2122 essent
1375 2087 1404 2121 in
1427 2088 1542 2123 talibus
1560 2086 1761 2134 requirenda,

1018 2137 1226 2172 electionibus
1259 2137 1325 2171 sive
1359 2136 1623 2184 postulationibus
1655 2135 1694 2170 de
1729 2148 1762 2170 se

1020 2187 1106 2221 sactis
1147 2196 1265 2221 temere
1302 2186 1516 2226 consentiunt,
1551 2194 1581 2221 et
1622 2186 1761 2220 locorum

1019 2236 1245 2282 archiepiscopi
1275 2235 1381 2269 trau-es
1413 2236 1497 2282 ipsos
1531 2236 1562 2269 in
1597 2235 1763 2282 episcopos

1019 2297 1190 2325 assumere,
1219 2296 1255 2318 ac
1276 2284 1420 2318 ordinare
1442 2292 1664 2331 praesumunt:
1688 2295 1763 2330 pro-

1022 2342 1088 2380 pter
1119 2333 1202 2380 quod
1235 2333 1421 2380 plerumque
1450 2334 1480 2368 in
1512 2332 1622 2368 eodem
1653 2331 1762 2368 ordine

1020 2382 1200 2417 scandalum
1222 2391 1399 2428 generatur,
1417 2394 1511 2429 super
1527 2395 1590 2429 quo
1608 2381 1762 2430 provideri

1022 2448 1076 2484 per
1102 2435 1216 2470 Sedem
1240 2435 1452 2482 Apostolicam
1476 2435 1636 2470 humiliter
1657 2443 1765 2482 postu-

1022 2490 1100 2525 lasti.

1069 2543 1149 2577 Cum
1171 2550 1275 2577 autem
1299 2541 1492 2589 praedictum
1514 2542 1670 2584 ordinem,
1692 2556 1763 2578 cuni

1056 2609 1095 2673 ¹(i)
1109 2607 1199 2674 &dgdit
1222 2608 1345 2639 Martene,
1357 2607 1484 2635 Thesaur.
1503 2607 1643 2641 Anecdot„
1661 2612 1764 2641 temni,

1022 2655 1070 2674 co.
1097 2649 1104 2673 1
1165 2668 1170 2673 .

1834 1679 1958 1698 unctioni..
