2129 3223
117 290 164 316 sn.
181 288 209 315 c.
232 288 298 315 isis
363 276 434 309 ,⁶260

129 345 249 366 ⁵¹³¹²¹¹³ss³
269 340 396 380 Ofidem
443 336 746 375 excommunicatus,
775 333 820 368 vel
848 333 959 380 aliquis
991 331 1061 365 eius

116 377 299 428 ἱζζῗῗιθιξιῗῗηῖῑιςῗ
314 388 453 424 officialis
470 394 576 421 contra
587 385 731 426 clericos,
753 383 799 418 vel
827 382 988 418 Ecclesias
1002 388 1061 416 sta-

116 437 168 457 Μ·
184 437 284 458 ¹”s'fm‘'³
315 439 383 478 tuit,
406 444 458 472 aut
476 435 629 479 statuerit,
647 435 711 469 sive
747 440 854 468 contra
889 431 1059 479 principesq

312 495 496 522 auteorum
526 485 674 524 fautores,
711 482 763 530 qui
803 489 978 517 memorato
1017 488 1061 526 ty-

312 548 410 572 ranno
431 547 524 571 suum
549 533 740 569 subtraxerit
774 530 987 578 obsequium,
1027 536 1061 562 ut

310 586 484 621 libertatem
524 591 553 618 et
590 583 739 624 iustitiam
775 589 836 616 tam
873 578 1060 622 Ecclesiae,

310 647 403 682 quam
454 633 576 680 imperii
620 639 787 669 tueantur,
835 628 1059 664 denuntiamus

311 684 393 719 irrita
428 691 459 718 et
485 683 598 719 inania,
621 693 722 728 eaque
746 679 784 714 de
810 677 970 714 communi
1006 676 1059 710 fra-

311 742 391 768 trum
416 740 594 767 nostrorum
618 730 749 765 consilio
778 728 959 763 auctoritate
987 737 1060 772 apo-

310 782 418 817 stolica
440 781 569 816 omniuo
591 791 760 814 cassamus.
791 776 974 824 Specialiter
1007 787 1061 809 au·

309 840 370 865 teui
399 830 599 873 seutentiam,
622 841 715 876 quam
739 827 823 862 idem
843 825 928 862 Otho
950 832 1058 859 contra

308 879 518 916 venerabilem
547 878 672 912 fratrem
701 885 841 911 nostrum
877 874 1057 910 Cumanum

308 930 492 976 episcopum
529 939 624 975 super
657 938 763 970 causa,
799 936 878 972 quae
930 922 1059 958 vertitur

310 979 391 1013 inter
429 978 533 1025 ipsum
566 985 596 1011 et
634 976 814 1022 capitaneos
851 973 891 1008 de
924 972 1058 1018 Armgo,

111 1029 157 1079 (Μ,
180 1031 294 1080 P'J‘fflp'ffl
310 1039 366 1075 pro
392 1039 429 1062 eo
464 1026 549 1073 quod
583 1025 620 1060 ad
655 1024 754 1071 ipsius
793 1020 1056 1057 excommunicati

111 1064 295 1111 152⁰⁹lffl²nl³232¹33
311 1076 518 1123 praesentiam
546 1074 628 1109 idem
644 1074 816 1121 episcopus
838 1083 899 1106 non
915 1070 1057 1109 accessit,

110 1121 239 1172 2222,ssss
255 1126 378 1160 e⁰‘enm
408 1132 542 1159 vocatus·
558 1123 669 1158 suisset
686 1123 724 1158 ab
751 1134 800 1161 eo,
824 1120 966 1167 nequiter
990 1131 1059 1165 pro-

307 1174 469 1221 mulgavit3
497 1173 699 1207 decernimus
721 1171 836 1206 nullam
871 1180 965 1213 esse,
999 1180 1058 1203 nec

307 1237 361 1271 per
382 1236 450 1258 eam
472 1222 597 1270 aliquod
632 1221 791 1256 Cumanae
825 1218 987 1254 Ecclesiae
1026 1218 1056 1251 in

306 1282 465 1319 posterum
511 1271 737 1318 praeiudicium
781 1268 936 1317 generari.
984 1267 1056 1308 Quo

306 1322 388 1357 circa
424 1321 607 1356 discretioni
644 1328 763 1354 vestrae
800 1330 855 1365 per
887 1316 1057 1363 apostolica

305 1371 419 1417 scripta
443 1369 666 1417 praecipiendo
694 1367 881 1403 mandamus
903 1373 1057 1414 quatenus

306 1421 487 1466 capitaneos
509 1419 609 1464 ipsos,
630 1425 661 1452 ut
690 1418 806 1451 dictum
846 1415 1056 1463 episcopum,

306 1469 351 1503 vel
379 1469 447 1503 eius
462 1467 638 1502 Ecclesiam
667 1467 832 1501 occasione
855 1464 953 1511 ipsius
982 1475 1058 1497 sen-

305 1518 421 1552 tentiae
469 1529 529 1551 non
579 1524 745 1561 aggravent
790 1514 835 1548 vel
874 1514 1057 1556 molestent,

306 1566 478 1601 monitione
506 1565 688 1613 praemissa,
722 1576 776 1610 per
813 1574 977 1598 censuram
1011 1574 1059 1596 ec-

305 1615 524 1658 clesiasticam,
550 1613 758 1661 appellatione
781 1619 911 1655 remota,
928 1610 1055 1657 cogatis.

354 1663 469 1699 Datum
492 1663 637 1698 Laterani
661 1663 752 1697 nonis
775 1661 893 1708 aprilis,
931 1660 1057 1708 pontifi-

306 1721 393 1748 catus
419 1713 516 1747 nostri
544 1724 626 1747 anno
648 1710 895 1758 decimoquinto.

345 1769 405 1798 Dat.
429 1769 476 1799 die
494 1769 512 1798 5
534 1768 636 1808 aprilis
658 1768 742 1801 1213,
759 1767 860 1806 pontis.
880 1776 956 1796 anno
975 1775 1018 1795 xv.

610 1925 767 1961 LXXXll.

312 2001 584 2035 Thessalonicenses
617 1999 839 2043 archiepiscopi
878 1998 964 2042 regni
997 1996 1060 2041 pri-

355 2057 461 2092 males,
488 2061 524 2083 ac
554 2050 691 2094 perpetui
731 2048 820 2082 Sedis
866 2047 1060 2091 apostolicae

356 2100 450 2145 legati
468 2099 669 2133 declarantur
693 2100 755 2139 (A).

576 2165 792 2198 SUMMARIUM

308 2230 474 2260 Exordium.
493 2245 531 2251 —-
548 2227 827 2258 Thessalonicensis
850 2225 1000 2255 Ecclesiae
1017 2224 1060 2254 di-

347 2274 451 2312 gnitas.
491 2289 529 2296 -—
564 2271 629 2302 Iura
662 2272 688 2301 ei
722 2276 832 2300 asserta
862 2279 877 2298 a
905 2268 932 2298 S.
966 2268 1060 2298 Leone

348 2318 458 2357 Magno.
485 2334 523 2340 --
547 2316 656 2347 Nicolai
680 2315 689 2345 l
713 2316 748 2345 de
775 2315 876 2345 eadem
900 2323 930 2343 re
955 2314 990 2342 ud
1010 2312 1061 2342 Mt-

349 2362 480 2393 chaelem
504 2362 607 2400 imper.
624 2360 736 2390 literae.
758 2376 796 2382 --
813 2360 892 2389 Aliae
909 2358 937 2388 S.
957 2357 1061 2387 Leonis

350 2407 459 2436 literae.
491 2422 530 2428 —
563 2404 726 2434 vicariatus
760 2402 943 2442 Apostolicae
976 2401 1061 2431 Sedis

350 2451 444 2480 eidem
464 2450 669 2479 confirmatur:
696 2464 734 2470 —
760 2447 945 2485 Palliumque
964 2445 1062 2475 arcbi-

350 2495 488 2533 episcopo
507 2493 688 2523 conceditur.
708 2509 745 2514 —
764 2491 914 2521 Ecclesiae
938 2490 963 2520 ei
987 2489 1060 2520 sub-

352 2539 452 2567 iectae.
475 2554 513 2560 —
536 2537 690 2575 I'rivilegia
710 2537 736 2566 ei
759 2535 893 2565 concedit
917 2533 1061 2564 innocen-

353 2582 420 2611 tius.
439 2598 478 2604 -
499 2581 665 2612 Clausulae.

350 2647 388 2679 (l)
406 2647 443 2673 Ex
462 2646 560 2678 Baluz.‚
580 2646 623 2673 lib.
644 2654 691 2679 xv,
710 2646 793 2681 Epist.
818 2645 876 2672 ¹50.

908 277 1044 302 umam
1051 276 1095 299 CM
1119 274 1280 298 ROMANUM

1867 270 1917 298 Ani
1939 270 1968 298 C·
1982 270 2049 298 ists

1102 333 1275 363 Innocentius
1295 332 1436 368 opiscopus
1448 337 1541 360 servus
1557 336 1695 360 servorum
1704 330 1761 364 Dei.
1771 329 1850 373 [hes-

1147 381 1310 411 salonlconsi
1329 380 1541 417 archiepiscopo.
1558 379 1669 416 eiusque
1687 378 1851 408 successori-

1145 432 1195 460 bus
1214 431 1339 460 canonice
1362 429 1572 463 substituendis.
1590 429 1620 458 in
1636 429 1806 465 perpetuum.

1150 498 1294 540 Quantae
1344 496 1505 543 dignitatis
1556 495 1851 532 Thessalonicensis
1892 506 2010 529 Exordium.

1101 549 1230 584 antistes
1256 546 1347 583 fuerit
1368 546 1408 582 ab
1428 546 1559 593 antiquo
1582 557 1636 593 per
1668 546 1851 580 authentica

1100 597 1216 644 scripta
1252 596 1527 644 praedecessorum
1569 602 1749 630 nostrorum
1790 595 1851 630 evi-

1101 645 1212 682 denter
1229 653 1369 694 apparet.
1398 644 1491 687 Quod
1527 653 1560 679 ut
1591 644 1714 692 plenius
1751 643 1851 679 decla-

1100 704 1187 731 retur
1207 707 1306 743 pauca
1334 695 1373 730 de
1407 693 1515 729 multis
1555 693 1584 727 in
1621 692 1759 728 medium
1796 693 1849 728 du-

1100 745 1203 780 ximus
1230 743 1445 792 proponenda:
1479 742 1622 778 scribens
1652 743 1736 777 enim
1776 754 1849 776 san-

1100 802 1168 829 ctae
1189 794 1359 829 memoriae
1385 793 1451 828 Leo
1484 792 1569 839 Papa
1607 791 1773 826 Anastasio
1799 803 1850 826 an·
1871 800 2047 837 rino-niocae-

1100 843 1189 879 tistiti
1213 842 1373 878 Ecclesiae
1395 840 1686 877 Thessalonicensis
1706 840 1752 875 sic
1785 830 2047 888 ait1⁵g¹Jiffif¹⁶⁸¹³⁰⁶³

1100 892 1147 927 De
1173 903 1308 939 persona
1334 890 1540 927 consecrandi
1562 889 1727 938 episcopi,
1749 898 1780 925 et
1810 889 1851 926 de

1099 941 1187 986 cleri,
1215 941 1379 988 plebisque
1407 951 1563 975 consensu
1590 938 1850 986 metropolitanus

1099 991 1267 1038 episcopus
1293 991 1330 1024 ad
1354 989 1578 1024 fraternitatem
1606 996 1691 1023 tuam
1728 988 1850 1030 referat,

1099 1039 1248 1087 quodque
1276 1039 1306 1074 in
1330 1038 1487 1086 provincia
1524 1038 1606 1073 bene
1632 1037 1750 1085 placuit
1770 1038 1851 1073 scire
1878 1045 2046 1068 lurneiaesorts

1100 1097 1129 1124 te
1151 1088 1253 1129 faciat,
1281 1096 1315 1123 ut
1341 1088 1570 1123 ordinationem
1594 1086 1651 1122 rite
1686 1086 1850 1122 celebrari·
1864 1077 2047 1136 }„{2¹‘⁸⁰'¹⁹²¹²‘

1099 1138 1170 1173 dam
1207 1145 1258 1173 tua
1305 1149 1431 1185 quoque
1470 1136 1636 1171 confirmet
1671 1137 1849 1177 auctoritas,

1098 1199 1179 1235 quae
1206 1187 1299 1222 rectis
1340 1185 1604 1234 dispositionibus
1635 1184 1711 1220 nihil
1745 1197 1850 1221 morae

1099 1244 1152 1271 aut
1173 1236 1367 1271 difficultatis
1389 1235 1517 1270 debebit
1551 1234 1673 1279 afferre,
1705 1246 1744 1269 ne
1783 1247 1852 1282 gre-

1077 1286 1191 1331 ,gibus
1217 1285 1347 1320 Domini
1377 1284 1431 1319 diu
1458 1284 1540 1319 desit
1572 1296 1645 1318 cura
1678 1292 1850 1330 pastorum.

1100 1335 1342 1381 Metropolitano
1369 1345 1442 1369 vero
1460 1333 1624 1377 defuncto,
1646 1344 1718 1367 cum
1736 1334 1766 1367 in
1782 1333 1851 1368 loco

1099 1385 1167 1419 eius
1207 1383 1298 1418 fuerit
1332 1383 1413 1418 alius
1450 1381 1684 1429 subrogandus.
1730 1383 1850 1428 provin-

1099 1434 1193 1468 ciales
1220 1432 1362 1480 episcopi
1384 1432 1422 1466 ad
1456 1432 1611 1467 civitatem
1652 1431 1850 1478 metropolim

1098 1482 1268 1516 convenire
1303 1481 1476 1524 debebunt,
1508 1488 1544 1514 ut
1582 1480 1724 1514 omnium
1763 1480 1852 1515 cleri-

1098 1543 1207 1565 corum
1239 1539 1334 1577 atque
1366 1530 1508 1564 omnium
1545 1529 1660 1564 civium
1693 1529 1850 1564 voluntate

1077 1580 1258 1619 discussa,
1282 1591 1319 1613 ex
1339 1578 1528 1626 presbyteris
1565 1577 1707 1613 eiusdem
1743 1578 1851 1614 Eccle-

1077 1610 1080 1681 ι
1099 1629 1173 1669 siae,
1198 1628 1243 1662 vel
1266 1640 1303 1663 ex
1330 1627 1514 1662 diaconibus
1535 1629 1675 1674 optimus
1704 1628 1850 1673 eligatur,

1077 1677 1138 1719 lde
1181 1677 1272 1712 cuius
1318 1677 1446 1711 nomine
1493 1676 1530 1710 ad
1576 1684 1660 1711 tuam
1708 1677 1849 1712 notitiam

1101 1726 1309 1774 provincial-'es
1351 1725 1484 1760 reserant
1514 1724 1702 1760 sacerdotes.
1734 1725 1851 1773 imple-

1099 1783 1194 1810 antur
1214 1783 1284 1809 vota
1306 1775 1504 1822 poscentium
1526 1786 1610 1813 cum,
1649 1774 1732 1821 quod
1774 1775 1850 1821 ipsis

1101 1824 1229 1871 placuit,
1257 1823 1311 1859 tibi
1336 1823 1488 1870 placuisse
1510 1824 1724 1870 cognoverint.
1759 1823 1851 1859 Sicut

1100 1874 1185 1909 enim
1213 1873 1309 1908 iustas
1331 1872 1503 1908 electiones
1526 1872 1621 1907 nullis
1644 1871 1851 1908 dilationibus

1102 1922 1246 1957 volumus
1269 1922 1398 1968 fatigari,
1422 1922 1461 1956 ita
1484 1921 1560 1956 nihil
1585 1921 1795 1968 permittimus
1822 1931 1851 1957 te

1101 1972 1266 2018 ignorante
1289 1970 1457 2017 praesumi.
1490 1969 1534 2005 De
1573 1970 1716 2006 conciliis
1747 1979 1850 2006 autem

1100 2020 1333 2068 episcopalibus
1357 2032 1418 2054 non
1441 2019 1523 2054 aliud
1553 2019 1733 2061 indicimus,
1755 2033 1850 2068 quam

1079 2070 1199 2104 *sancti
1226 2069 1334 2104 Patres
1372 2069 1539 2104 salubriter
1572 2069 1779 2110 ordinarunt,
1818 2077 1851 2104 ut

1079 2118 1223 2178 ‘scilicet
1262 2118 1325 2152 bini
1363 2126 1537 2153 conventus
1569 2130 1625 2165 per
1658 2130 1758 2153 annos
1790 2118 1852 2153 sin-

1101 2167 1191 2213 gulos
1214 2167 1399 2212 habeantur,
1423 2168 1453 2202 in
1480 2166 1597 2214 quibus
1630 2166 1668 2201 de
1702 2167 1851 2202 omnibus

1102 2216 1251 2263 querelis,
1279 2229 1359 2264 quae
1400 2218 1480 2251 inter
1520 2215 1661 2251 diversos
1691 2215 1852 2251 Ecclesiae

1102 2265 1230 2300 ordines
1252 2266 1335 2301 nasci
1359 2265 1506 2305 assolent,
1524 2264 1651 2304 iudicet,
1674 2277 1710 2300 ac
1731 2266 1756 2300 si
1772 2265 1852 2300 forte

1104 2315 1185 2349 inter
1212 2316 1311 2361 ipsos,
1337 2315 1392 2363 qui
1421 2322 1581 2362 praesunt,
1607 2314 1646 2348 de
1668 2314 1850 2355 maioribus,

1102 2363 1187 2410 quod
1216 2364 1307 2404 absit,
1336 2364 1473 2411 peccatis
1499 2375 1592 2398 causa
1609 2363 1852 2412 nascitur‚quae

1104 2418 1282 2464 provinciali
1312 2418 1447 2465 nequeat
1464 2418 1608 2452 examine
1630 2417 1768 2456 diffiniri,
1796 2418 1853 2454 sra-

1104 2471 1280 2506 ternitatem
1304 2481 1388 2507 tuam
1411 2473 1450 2506 de
1465 2471 1560 2506 totius
1573 2471 1688 2517 negotii
1703 2472 1853 2517 qualitate

1103 2526 1364 2572 metropolitanus
1403 2524 1523 2560 curabit
1556 2523 1722 2564 instruere,
1758 2533 1791 2559 ut
1826 2526 1852 2562 si

1103 2587 1207 2612 coram
1232 2580 1343 2626 positis
1381 2577 1531 2626 partibus,
1572 2589 1629 2612 nec
1666 2585 1721 2612 tuo
1760 2579 1853 2614 fuerit

1105 2641 1155 2666 res
1176 2632 1276 2679 sopita
1303 2632 1432 2677 iudicio,
1453 2631 1491 2666 ad
1528 2640 1664 2667 nostram
1699 2633 1853 2679 cognitio-
