2129 3223
123 277 176 305 An.
193 278 223 305 C.
238 279 305 306 1267

127 1419 203 1439 Clerici
238 1422 299 1439 ante-

115 1455 175 1476 quam
191 1450 300 1476 recipian-

114 1483 147 1500 tur
158 1480 298 1501 examinandi.

128 1865 228 1886 Canonici
254 1870 299 1885 cum

116 1895 236 1916 celebratur
253 1894 301 1915 offi-

116 1928 170 1946 cium
181 1929 240 1946 extra
252 1926 302 1946 cho·

116 1963 160 1977 rum
175 1963 217 1977 non
233 1958 282 1977 tint.

128 2399 229 2420 niu-man
241 2401 265 2420 ab
275 2400 303 2420 al-

119 2432 170 2451 taris
178 2431 304 2451 servitiore-

119 2460 224 2481 movendi.

372 271 441 304 782

320 332 546 389 spectantibus,
575 345 675 380 usque
701 332 738 367 ad
754 343 896 367 annuum
932 331 1067 367 valorem

320 383 550 438 quinquaginta
564 382 715 417 librarum
729 381 968 422 Viennensium,
990 393 1068 416 con-

319 432 417 468 suetis
438 432 600 467 canonicis
625 431 767 466 eiusdem
790 431 938 475 conferri,
960 431 985 465 si
1008 442 1068 465 va-

319 490 403 517 caret
430 481 467 516 ad
491 492 649 528 praesens,
671 479 718 515 vet
746 492 839 527 quam
866 480 1002 528 primum
1030 480 1066 515 ad

319 531 348 565 id
365 543 398 566 se
413 530 538 566 offerret
559 530 701 574 facultas,
722 541 784 565 non
808 530 951 565 obstante
966 529 992 564 si
1013 541 1068 576 pro

317 580 386 615 aliis
417 591 514 627 super
547 579 746 626 assignandis
780 590 835 614 seu
866 578 1068 614 conferendis

318 629 408 664 terris
427 628 612 664 huiusmodi
628 628 802 663 direximus
816 628 930 675 scripta
948 635 1066 671 nostra,

317 678 432 726 quibus
462 678 612 713 nolumus
640 677 825 713 auctoritate
853 677 1065 725 praesentium

317 727 546 775 praeiudicium
579 727 742 774 generari,
779 738 835 774 per
878 727 1064 781 episcopum

317 777 458 811 eiusdem
487 776 660 817 Ecclesiae,
688 775 835 811 volumus
856 783 887 810 et
910 776 1066 830 praecipi-

317 838 389 861 mus
410 825 592 860 auctoritate
617 825 788 872 apostolica
810 825 974 872 assignari,
997 837 1065 859 con-

317 875 500 910 tradictores
533 886 587 921 per
620 886 786 910 censuram
821 874 1064 910 ecclesiasticam

315 923 525 971 appellatione
548 924 720 971 postposita
747 923 996 970 compescendo:
1026 923 1064 958 ita

315 973 400 1021 quod
425 973 549 1009 collatio
572 973 775 1008 scholastriae
801 972 956 1014 eiusdem,
984 984 1065 1019 quae

314 1034 399 1058 nunc
429 1023 467 1058 ad
501 1022 655 1057 decanum
690 1022 872 1057 Aniciensis
904 1022 1065 1057 Ecclesiae

313 1083 385 1107 curn
409 1080 494 1107 certo
516 1071 740 1107 canonicorum
768 1083 900 1106 numero
928 1072 1064 1118 pertinet

313 1120 455 1165 concedi,
475 1133 547 1156 cum
562 1132 720 1156 consensu
745 1120 843 1168 ipsius
865 1120 992 1167 capituli
1016 1121 1062 1156 vel

313 1170 440 1205 maioris
462 1170 569 1218 partis,
597 1169 644 1205 vel
666 1169 799 1205 sanioris
822 1169 919 1217 partis
940 1170 971 1204 in
994 1169 1064 1217 ipso

313 1218 453 1254 facienda
481 1218 632 1266 capitulo,
660 1226 752 1265 prout
783 1219 814 1253 in
841 1219 982 1273 ipsorum
1011 1231 1065 1254 ca-

315 1268 501 1303 nonicorum
536 1267 750 1303 creationibus
784 1269 950 1303 consuevit
984 1268 1063 1309 fleri,

316 1317 469 1363 pertineat
490 1317 529 1352 ad
551 1316 706 1352 eamdem.

367 1368 423 1400 45.
446 1366 536 1410 Item,
558 1366 642 1413 quod
664 1365 769 1401 clerici
788 1366 840 1412 qui
860 1366 975 1401 amodo
998 1378 1064 1413 por

316 1414 429 1450 tabunt
450 1415 706 1463 superpellicium
729 1415 760 1448 in
782 1415 923 1450 Ecclesia
943 1428 1064 1450 meino-

316 1471 399 1505 rata,
427 1465 647 1499 examinentur
678 1464 777 1511 prius,
805 1476 843 1498 an
871 1465 935 1498 sint
958 1464 1063 1498 idonei

316 1514 347 1547 in
370 1512 505 1559 legendo
528 1521 558 1548 et
590 1513 746 1547 cantando
768 1512 871 1547 officio
892 1513 1063 1557 Ecclesiae,

315 1573 369 1609 per
390 1562 527 1609 aliquem
552 1562 651 1596 virum
673 1561 844 1596 discretum
868 1561 905 1596 ad
930 1562 989 1596 hoc
1008 1574 1063 1609 per

315 1611 420 1657 ipsum
440 1611 612 1658 capitulum
631 1610 859 1658 deputandum.
883 1610 984 1646 Aliter
1001 1623 1063 1646 non

315 1757 433 1804 pedire.

364 1809 422 1842 44.
464 1806 561 1852 Item,
607 1806 693 1862 quod
732 1806 838 1842 nullus
872 1807 1062 1849 canonicus,

316 1856 472 1898 clericus,
521 1856 566 1891 tel
602 1857 694 1891 etiam
728 1856 758 1890 in
796 1856 963 1902 dignitate
1007 1869 1062 1892 seu

316 1915 483 1954 personatu
517 1905 658 1961 quolibet
680 1906 884 1950 constitutus,
906 1918 979 1940 curn
1014 1905 1064 1940 di-

317 1956 386 1990 vina
423 1955 522 1990 officia
563 1955 593 1989 in
630 1955 728 1990 choro
766 1955 867 2002 ipsius
902 1955 1064 1990 Ecclesiae

315 2004 566 2048 cantabuntur,
560 2016 590 2038 in
610 2004 703 2051 plano
725 2016 780 2039 seu
801 2004 902 2059 platea
921 2004 1062 2039 eiusdem

316 2053 475 2088 Ecclesiae
508 2062 592 2088 extra
625 2053 755 2088 chorum
783 2053 893 2100 ipsius,
924 2065 940 2088 a
967 2053 1064 2088 choro

314 2102 446 2141 scilicet,
481 2115 536 2138 seu
565 2102 651 2136 altari
685 2102 796 2137 Crucis
817 2114 927 2137 versus
961 2103 1086 2143 maius,

1084 2152 1086 2157 '
1107 2150 1241 2185 habeant
1260 2150 1388 2185 raubatn
1417 2163 1527 2186 novam
1547 2151 1584 2186 ad
1599 2152 1716 2191 minus,
1738 2151 1857 2186 scilicet

315 2151 423 2195 altare,
459 2151 517 2186 nisi
554 2151 632 2186 forte
660 2151 844 2186 transeundi
878 2152 1065 2187 necessitate

316 2201 363 2235 vel
400 2201 640 2247 peregrinorum
676 2200 854 2238 occasione,
889 2209 983 2241 stare,
1021 2201 1086 2237 ire}

316 2249 430 2284 audeat
462 2249 508 2284 vel
543 2249 668 2291 sedere,
704 2249 763 2283 nisi
787 2250 816 2283 iu
847 2249 990 2296 capellis,
1018 2251 1064 2285 vel

316 2298 428 2333 subtus
454 2298 548 2333 altare
577 2299 633 2333 Dei
656 2298 817 2333 Ecclesiae
840 2307 1039 2334 memoratae.

367 2351 424 2382 45.
448 2347 537 2388 Item,
559 2347 644 2395 quod
667 2348 693 2382 si
717 2348 770 2394 qui
803 2347 920 2394 publici
948 2360 1066 2383 concu-

318 2395 429 2431 binarii
458 2396 505 2431 vel
531 2397 618 2431 lucra
646 2403 828 2431 exercentes
857 2397 975 2431 inventi
995 2397 1087 2432 fue-¹

318 2445 380 2479 rint
401 2445 577 2486 inhonesta,
601 2445 648 2480 rel
671 2445 694 2480 si
723 2445 776 2492 qui
804 2445 932 2480 servitio
960 2446 1088 2481 altaris·

317 2505 372 2528 seu
407 2494 566 2529 custodiae
588 2494 741 2541 deputati,
765 2493 926 2541 praedicto
948 2494 987 2529 de
1010 2495 1066 2529 in·-

319 2543 530 2578 continentiae
553 2543 626 2578 vitio
648 2542 764 2578 fuerint
785 2543 947 2583 diffamati,
966 2543 1004 2578 ab
1018 2543 1066 2579 al-

318 2591 392 2625 taris
413 2592 538 2627 servitio
560 2601 590 2627 et
611 2592 771 2627 Ecclesiae
793 2592 998 2639 expellantur.

368 2640 425 2673 46.
453 2639 543 2684 Item,
570 2641 653 2688 quod
680 2652 791 2676 ornnes
818 2648 879 2676 tam
908 2640 1087 2686 canonici,2

902 277 1090 301 nantum!
1115 275 1279 300 Ronlanum

1877 272 2056 301 An.c.1267

1110 342 1204 378 quam
1231 330 1336 366 clerici
1363 330 1560 379 quicumque
1587 329 1763 378 praedictae
1797 329 1987 387 Ec-efflffm
2033 340 2055 355 ¹³

1109 380 1253 416 clesiae
1246 393 1275 415 in
1298 380 1395 416 choro
1419 393 1490 416 cum
1518 380 1621 415 divina
1643 379 1745 415 officia
1775 379 1860 414 cele-

1111 429 1298 474 brabuntur,
1326 430 1357 464 in
1379 430 1490 465 stando
1514 438 1544 464 et
1565 429 1706 465 sedendo
1728 428 1858 464 honeste

1109 491 1143 514 se
1166 479 1312 524 habeant,
1334 491 1397 514 non
1424 478 1568 523 ridendo,
1590 491 1654 514 non
1686 477 1858 526 loquendo,

1110 540 1171 563 non
1190 528 1434 573 confabulando,
1457 528 1511 564 sed
1530 528 1672 563 debitum
1694 527 1857 563 silentium

1109 577 1316 623 continendo,
1341 586 1464 624 gestum
1491 577 1806 624 congrtium,faciem
1827 584 1857 612 et

1109 638 1224 674 corpus
1251 627 1419 662 honestum
1449 627 1629 663 ostendant.

1158 679 1214 711 47.
1247 676 1338 717 Item,

1108 725 1208 772 ipsam
1238 725 1410 760 Ecclesiam
1447 725 1553 760 nullus
1579 724 1725 764 clamare,
1752 725 1857 768 rixari,

1107 786 1163 809 seu
1198 775 1413 810 inverecunde
1450 775 1489 810 ad
1521 774 1668 814 invicem,
1703 773 1750 809 vel
1784 786 1855 809 curn

1108 823 1303 863 mulieribus,
1325 837 1381 859 seu
1404 836 1475 859 cum
1495 824 1566 859 aliis
1589 822 1764 858 inhonestis
1786 835 1857 870 per-

1107 873 1194 908 sonis
1226 872 1419 908 confabulari
1441 873 1570 914 audeat,
1604 884 1662 907 nec
1693 884 1750 920 per
1776 873 1855 908 viam

1107 934 1246 967 currere,
1267 934 1325 957 seu
1347 922 1505 958 currendo
1529 922 1671 957 transire

1156 974 1214 1007 48.
1241 971 1332 1012 Item,

1106 1021 1183 1068 garii
1203 1021 1346 1056 eiusdem
1370 1021 1427 1056 loci
1448 1020 1525 1056 nihil
1546 1020 1660 1055 amodo
1683 1021 1856 1068 percipiant

1107 1071 1136 1104 in
1161 1070 1222 1114 his,
1249 1082 1329 1125 quae
1356 1070 1505 1106 altaribus
1532 1069 1692 1105 Ecclesiae
1718 1069 1856 1105 offerunt

1107 1120 1280 1166 peregrini,
1304 1131 1362 1154 nec
1379 1120 1417 1155 ad
1441 1120 1506 1167 ipsa
1525 1119 1631 1154 altaria
1650 1130 1704 1154 eos
1725 1119 1854 1160 ducant,

1106 1180 1164 1204 nec
1186 1169 1282 1216 aliqui
1305 1168 1386 1203 alii
1381 1181 1468 1216 ipsos
1491 1168 1675 1216 peregrinos
1691 1168 1856 1204 clamando

1107 1217 1241 1253 maxime
1263 1217 1414 1252 inducant
1439 1229 1494 1253 seu
1517 1217 1672 1253 attrahant
1693 1217 1762 1252 ad
1755 1218 1855 1265 ipsius

1084 1279 1085 1289 ¹
1105 1266 1268 1302 Ecclesiae
1295 1266 1401 1302 altaria
1427 1267 1476 1302 vel
1499 1267 1645 1313 capellas.

1386 1316 1471 1363 quod
1506 1327 1563 1350 nec
1601 1315 1757 1359 canonici,
1797 1327 1854 1351 nec
1875 1321 2054 1350 Porrweasho-

1106 1365 1211 1400 clerici
1254 1364 1386 1412 quilibet
1427 1377 1500 1400 cum
1544 1364 1653 1399 habitu
1693 1363 1853 1399 Ecclesiae
1868 1356 2053 1411 23‘0502f2223

1106 1414 1234 1449 claustri
1275 1413 1392 1449 limites
1433 1413 1608 1460 transgredi
1636 1422 1854 1470 praesumant3
1867 1414 2015 1436 medendum·

1156 1318 1212 1351 49.
1252 1315 1349 1356 Item,

1107 1475 1165 1498 nec
1181 1474 1236 1510 per
1249 1462 1433 1504 claustrum,
1456 1476 1512 1498 seu
1530 1463 1644 1504 villam,
1665 1464 1735 1498 sine
1755 1474 1854 1510 cappa

1106 1512 1153 1547 vel
1181 1511 1329 1547 mantello
1365 1520 1450 1547 extra
1486 1512 1662 1559 hospitium
1695 1512 1854 1558 incedant;

1084 1571 1163 1595 :nec
1198 1560 1324 1607 publice
1357 1573 1413 1608 per
1447 1561 1550 1596 villam
1581 1561 1754 1596 canonicus
1785 1561 1854 1596 sine

1084 1609 1231 1653 ,clerico,
1266 1610 1313 1645 vel
1345 1610 1405 1645 alia
1440 1610 1570 1645 honesta
1610 1621 1761 1657 persona,
1797 1621 1856 1645 nec

315 1660 578 1704 introducantur,
602 1659 663 1694 illis
702 1668 805 1695 tamen
841 1660 996 1706 exceptis,
1024 1660 1085 1710 de,

314 1708 431 1755 quibus
459 1710 515 1756 ipsi
544 1709 683 1756 capitulo
713 1709 790 1744 alias
825 1708 981 1744 videbitur
1007 1716 1085 1744 etr-³

1084 1785 1085 1788 ,
1105 1757 1184 1796 bitu,
1200 1764 1282 1791 stare
1305 1769 1360 1792 seu
1382 1757 1494 1792 sedere
1516 1765 1706 1804 praesumat.

1105 1659 1239 1694 clericus
1274 1659 1342 1693 sine
1369 1660 1468 1699 socio,
1496 1671 1555 1694 nec
1585 1659 1627 1693 ibi
1651 1659 1682 1693 in
1709 1659 1854 1700 carreria,

1105 1720 1160 1742 seu
1189 1708 1288 1755 platea
1317 1708 1455 1755 publica,
1482 1709 1551 1743 sine
1578 1708 1769 1756 competenti
1796 1707 1856 1744 ha-

1156 1808 1213 1840 50.
1241 1805 1332 1847 Item,
1360 1807 1445 1854 quod
1473 1806 1578 1841 nullus
1606 1806 1779 1842 canonicus
1807 1806 1855 1842 vel

1105 1855 1238 1890 clericus
1259 1855 1394 1902 quilibet
1415 1857 1485 1891 sine
1507 1868 1605 1904 cappa
1634 1856 1681 1891 vel
1708 1855 1856 1891 mantello

1084 1905 1255 1951 *argandm
1285 1917 1341 1940 seu
1369 1905 1498 1940 tabardo
1522 1917 1576 1952 per
1603 1905 1757 1940 civitatem
1777 1904 1856 1940 Ani—

1105 1954 1242 1989 ciensem
1266 1954 1379 1989 audeat
1407 1955 1561 2002 equitare,
1596 1966 1655 1990 nec
1687 1954 1855 1990 manticam

1106 2015 1161 2038 seu
1181 2003 1344 2037 torseriam
1369 2012 1439 2050 post
1465 2015 1499 2039 se
1525 2003 1658 2039 deferre.

1157 2054 1213 2086 51.
1238 2051 1327 2091 Item,
1356 2053 1440 2099 quod
1469 2061 1628 2100 portantes
1651 2053 1690 2088 dc
1717 2064 1798 2087 novo
1820 2065 1856 2087 a·-

1107 2101 1201 2136 modo
1239 2101 1500 2149 superpellicium
1541 2103 1572 2136 in
1610 2102 1676 2149 ipsa
1715 2101 1857 2137 Ecclesia

1106 2199 1366 2246 superpellicium
1396 2209 1424 2235 et
1462 2212 1593 2247 cappam
1630 2200 1802 2244 Ecclesiae,
1829 2200 1855 2234 si

1108 2248 1224 2283 ibidem
1253 2249 1408 2283 voluerint
1437 2249 1584 2284 residere.

1158 2300 1214 2332 52.
1243 2297 1334 2341 ltem,
1363 2298 1447 2344 quod
1477 2298 1536 2345 ipsi
1558 2298 1664 2333 clerici
1693 2297 1740 2332 vel
1761 2309 1856 2332 cauo-

1108 2346 1167 2380 nici
1208 2358 1278 2381 cum
1314 2346 1421 2381 habitu
1459 2347 1621 2382 Ecclesiae
1656 2347 1756 2394 palatn
1791 2357 1855 2381 non

1107 2395 1245 2430 deferant
1273 2395 1458 2437 chirotecas,
1482 2407 1540 2431 nec
1569 2395 1676 2442 caligis
1707 2394 1787 2430 albis
1818 2407 1857 2429 u-

1107 2451 1233 2484 tantur,
1267 2456 1326 2479 nec
1363 2444 1607 2491 supertunicalia
1641 2444 1762 2488 scissa,
1796 2455 1855 2479 seu

1109 2493 1217 2539 partita
1239 2504 1255 2527 a
1278 2493 1372 2528 latere
1394 2493 1545 2534 deferant,
1565 2504 1623 2528 nec
1645 2504 1760 2540 cappas
1781 2504 1857 2539 qua-

1108 2554 1177 2576 rum
1213 2542 1340 2588 capucia
1381 2542 1509 2578 alterius
1548 2541 1661 2577 coloris
1700 2541 1854 2582 existant,

1109 2602 1165 2625 nec
1188 2602 1258 2625 cum
1282 2591 1424 2638 capellis,
1446 2603 1501 2626 seu
1523 2590 1622 2626 coffiis
1649 2590 1741 2626 lineis
1763 2602 1857 2638 appa·

1108 2639 1249 2675 rentibus
1272 2640 1417 2676 incedant
1446 2639 1574 2675 ibidem.

1371 676 1455 724 quod
1491 685 1576 711 extra
1610 675 1742 711 chorum
1779 676 1857 711 infra
1885 687 1981 708 anema
2002 687 2056 708 cim.

1364 972 1448 1019 quod
1479 971 1654 1012 stabularii,
1675 983 1731 1007 seu
1754 971 1856 1007 alber-
1868 976 2055 1034 bsetjgvfffinieta'-

1914 1811 2008 1834 narinus.
