2129 3223
399 232 465 264 704

345 295 526 343 scipientes,
549 290 759 325 obedientiam
787 289 845 324 sibi
873 297 904 325 et
944 301 1091 324 reveren—

344 345 418 379 tiam
445 342 583 377 debitam
611 339 810 387 impendatis,
839 340 940 386 ipsius
975 339 1092 373 saluta-

344 394 430 429 ribus
464 390 591 426 monitis
612 399 641 424 et
661 389 813 424 mandatis
843 389 1001 424 humiliter
1035 389 1091 422 in-

344 441 525 482 tendendo,
570 439 709 486 alioquin
753 439 954 481 sententiam,
996 449 1089 483 quam

344 492 426 526 idem
450 491 506 525 rite
533 489 638 524 tulerit
666 488 694 522 in
724 487 867 527 rebelles„
902 496 998 521 ratam
1042 486 1091 520 lia-

343 541 489 575 bebimus
510 547 540 574 et
563 538 714 573 faciemus
739 545 867 572 auctore
897 536 1031 571 Domino
1054 536 1090 570 ad

342 589 588 625 satisfactionem
616 587 804 633 condignam
832 586 999 621 observari.

393 638 505 674 Datum
533 636 617 685 apud
663 636 780 671 Urbem
815 635 960 670 Veterem
1001 635 1091 669 tertio

342 687 413 723 idus
450 688 580 728 martii,
626 686 825 733 pontificatus
863 685 961 720 nostri
1007 696 1091 718 anno

341 745 445 772 tertio.

380 798 440 829 Dat.
459 799 505 828 die
524 798 560 828 13
579 797 674 827 martii
694 796 779 833 1264,
796 795 897 835 pontis.
914 804 989 824 anno
1009 803 1049 823 til.

152 243 201 270 An.
219 242 248 269 C.
267 243 330 270 ¹26&

651 975 767 1010 XVIII.

342 1059 592 1092 Condemnantur
625 1057 730 1090 omnia
755 1062 871 1089 statuta
904 1061 930 1087 ec
969 1055 1091 1098 conspi-

389 1108 523 1140 rationes
545 1118 564 1138 α
598 1106 794 1150 magnalibus
833 1105 921 1148 requi
960 1103 1091 1147 Anyliae

391 1156 534 1190 Oaeom'ae
551 1156 651 1199 factae
671 1157 726 1197 (t).

606 1231 820 1263 summatum!

339 1301 447 1332 Urbani
471 1302 506 1331 de
531 1301 612 1339 regni
633 1299 753 1338 Angliae
771 1298 983 1337 tranquillitate
1003 1296 1089 1326 solli-

378 1346 486 1376 citudo.
503 1362 542 1367 —
560 1344 671 1374 Statnta
701 1343 840 1373 nonnulla
864 1342 967 1371 Oxonii
990 1345 1089 1370 contra

378 1399 441 1419 eam
472 1389 548 1419 sacta
580 1398 593 1417 a
619 1387 815 1426 magnatibus,
844 1403 883 1408 ——-
914 1385 1026 1415 Irritata
1053 1385 1088 1414 ab

378 1433 505 1464 Urbano.
523 1449 562 1454 —
579 1432 655 1461 Haec
672 1432 796 1461 irritatio
813 1439 864 1469 per
882 1430 1005 1467 delegat.
1022 1438 1091 1467 apo-

379 1477 444 1507 stol.
462 1476 649 1516 publicanda.
668 1492 707 1497 —-
724 1474 910 1504 obstantium
929 1473 1089 1511 derogatio,

339 1553 460 1581 Urbanus
479 1551 621 1587 episeopus
640 1557 736 1579 servus
764 1556 905 1578 servorum
927 1548 984 1581 Dei,
1012 1554 1089 1576 vene·

383 1601 463 1630 rabili
483 1600 571 1630 fratri
590 1595 762 1638 (Bonifacio)
787 1599 986 1634 archiepiscopo
1023 1597 1089 1625 Can·

382 1651 501 1679 tuarien.
521 1651 550 1678 et
566 1648 664 1677 dilecto
685 1648 741 1676 filio
811 1647 903 1676 abbati
921 1647 946 1675 S.
970 1646 1091 1680 Dionysii

383 1701 411 1727 in
437 1699 549 1727 Francia
568 1698 697 1726 Parisien.
727 1697 867 1730 dioecesis.
907 1696 1025 1724 salutem
1061 1696 1091 1723 et

383 1748 562 1784 apostoticam
584 1746 806 1776 benedictionem.

388 1819 618 1855 Cliarissimum
633 1819 662 1853 in
684 1818 812 1853 Christo
827 1818 927 1853 filium
947 1824 1090 1851 nostrum

148 1871 536 1915 Grbvfnideresui(Henricum)
574 1880 677 1914 regem
718 1868 890 1913 Anglorum
926 1867 1090 1907 illustrem,

142 1911 245 1969 fflilffi.
265 1914 328 1961 ζζῗιῖἶ
341 1927 370 1954 et
393 1931 527 1965 reguum
555 1918 635 1962 eius,
664 1916 748 1963 quod
776 1917 843 1951 Deo
881 1924 911 1951 et
950 1915 1090 1963 Aposto—

143 1972 220 1992 ‘ffludffi
340 1968 418 2003 licae
441 1967 514 2003 Sedi
548 1967 643 2001 multa
679 1966 745 2001 fore
781 1965 978 2011 dignoscitur
1015 1964 1091 1999 sub-

341 2017 475 2052 iectione
496 2017 657 2057 devotum,
680 2027 803 2050 necnon
835 2014 954 2048 incolas
991 2014 1091 2060 ipsius

341 2067 427 2112 regni
452 2075 610 2112 tamquam
638 2064 738 2099 dietae
771 2063 864 2098 Sedis
897 2063 979 2097 filios
1016 2075 1091 2109 spe-

341 2116 435 2150 ciales
467 2122 613 2161 paternae
640 2113 818 2148 dilectionis
854 2112 994 2146 brachiis
1021 2124 1092 2146 am-

342 2166 534 2210 plectenteS,
557 2163 775 2198 desideramus
795 2162 841 2196 eis
867 2169 980 2196 statum
1011 2173 1090 2207 pro-

340 2225 449 2247 curare
476 2212 661 2260 pacificum,
684 2213 889 2257 ipsorumque
916 2210 1091 2257 dispendiis

342 2262 408 2297 Deo
430 2263 567 2309 propitio
594 2261 761 2295 salubriter
787 2260 924 2295 obviare.

390 2310 472 2346 Cum
495 2311 602 2357 igitur,
626 2311 705 2345 sicut
729 2309 766 2344 ad
795 2317 937 2344 nostrum
976 2320 1091 2355 perve-

158 2368 239 2390 Suwn
272 2374 327 2404 mnf
342 2360 388 2394 nit
409 2361 562 2401 auditum,
601 2359 744 2394 nonnulli
785 2366 944 2404 magnates
977 2366 1007 2392 et
1041 2357 1089 2392 alii

145 2398 221 2451 ἓξὲξ.
235 2398 329 2451 ,Ρῃζῦζῖ
343 2410 486 2444 eiusdem
509 2409 595 2455 regni
618 2409 756 2443 diversas
781 2407 987 2454 provisiones,
1006 2407 1092 2442 ordi-

145 2464 208 2511 ffi‘
224 2461 329 2487 mmm-
344 2459 497 2503 nationes,
520 2458 738 2504 obligationes,
761 2457 1006 2498 coniurationes,
1032 2455 1091 2490 col-

186 2506 192 2516 '
342 2506 505 2552 ligationes
539 2516 569 2542 et
596 2507 857 2553 conspirationes,
879 2514 908 2540 et
940 2504 1091 2540 nonnulla

343 2576 416 2641 768)
432 2576 520 2602 Edidit
540 2576 664 2608 wilkins,
682 2575 780 2602 Concil.
800 2576 910 2608 Britan„
923 2578 985 2602 tom.
999 2583 1018 2607 1,
1031 2583 1089 2609 pag.

922 235 1112 258 BULLARtUM
1138 234 1300 258 ROMANUM

1896 235 1948 263 An.
1965 236 1996 263 C.
2012 236 2076 263 ¹260

1133 296 1246 324 statuta
1269 289 1306 323 ad
1335 289 1466 324 invicem
1488 289 1571 336 apud
1606 288 1761 324 Oxoniam
1799 290 1882 325 sece-

1133 338 1205 383 rint,
1225 338 1375 373 vallantes
1396 350 1431 373 ea
1454 339 1587 386 propriis
1623 339 1819 383 iuramentis,
1853 348 1883 374 et

1133 388 1327 422 diversarum
1350 387 1523 422 adiectione
1547 400 1731 434 poenarum,
1755 400 1812 423 uos
1834 390 1883 423 in—

1134 437 1320 483 telligentes,
1347 437 1431 484 quod
1459 450 1496 471 ex
1524 437 1571 471 liis
1599 438 1629 472 in
1652 438 1763 471 eodem
1787 449 1883 484 regno

1133 489 1235 532 gravis
1261 487 1361 521 extitit
1392 487 1581 521 turbationis
1619 486 1745 521 materia
1780 488 1882 522 susci-

1133 543 1205 577 tata,
1227 536 1376 583 quodque
1396 536 1445 570 illa
1470 543 1601 581 possunt
1616 535 1792 582 praedictae
1806 536 1882 572 Sedi

1133 585 1349 632 multipliciter
1399 597 1548 631 generare
1586 585 1814 631 praeiudicium
1852 597 1882 622 et

1133 634 1266 669 libertati
1291 634 1523 669 ecclesiastieae
1551 646 1612 668 non
1636 634 1796 669 modicum
1824 635 1892 679 de-¹

1133 684 1327 724 trimentum3
1350 684 1516 730 cupientes
1542 695 1671 730 quoque
1693 692 1726 718 ut
1748 695 1880 731 regnum

1133 732 1249 779 ipsum,
1277 733 1413 768 extincto
1451 733 1657 767 dissensionis
1683 741 1713 768 et
1744 734 1880 769 scandali

1133 782 1252 822 fomite,
1280 783 1310 816 in
1341 782 1566 828 tranquillitate
1587 783 1743 828 persistat,
1770 790 1801 816 et
1828 796 1883 829 pa-

1132 831 1177 865 cis
1203 832 1308 865 affluat
1332 831 1482 872 ubertate;
1508 832 1715 878 provisiones,
1753 832 1883 867 ordina-

1133 881 1247 919 tiones,
1263 888 1388 921 statuta,
1400 880 1621 926 obligationes,
1636 881 1881 926 coniurationes,

1132 929 1350 976 colligationes
1369 937 1400 963 et
1418 930 1669 977 conspirationes
1686 930 1881 976 huiusmodi,

1132 991 1334 1026 quocumque
1357 979 1484 1013 nomine
1510 989 1709 1020 censeantur,
1751 980 1790 1014 de
1825 992 1883 1027 po-

1133 1028 1253 1063 testatis
1295 1028 1484 1074 apostolieae
1520 1028 1712 1075 plenitudine
1745 1029 1883 1063 cassavi-

1132 1090 1202 1111 mus
1224 1085 1255 1112 et
1282 1086 1483 1118 irritawmus,
1506 1089 1616 1119 cassa,
1644 1085 1674 1113 et
1709 1078 1817 1119 irrita,
1851 1086 1881 1113 et

1133 1126 1252 1161 nullius
1287 1126 1440 1161 firmitatis
1469 1127 1604 1161 existere
1642 1127 1880 1168 nunciavimus,

1133 1188 1250 1222 poenas
1271 1187 1489 1222 quascumque
1517 1188 1612 1222 super
1649 1176 1709 1210 hoe
1734 1176 1884 1221 adiectas,

1131 1234 1160 1260 et
1184 1225 1356 1259 iuramenta
1382 1225 1527 1272 praestita
1556 1225 1742 1270 relaxanteS,
1765 1238 1801 1260 ac
1826 1225 1885 1260 de-

1132 1282 1297 1309 cernentes
1318 1286 1538 1321 quoscumque
1560 1274 1597 1309 ad
1630 1275 1881 1310 observationem

1134 1326 1381 1358 iuramentoruni
1418 1324 1600 1358 huiusmodi
1629 1331 1659 1358 et
1691 1324 1728 1358 ad
1765 1337 1882 1371 poenas

1131 1373 1256 1407 easdem
1285 1373 1483 1419 aliquatenus
1510 1385 1573 1407 non
1603 1374 1714 1407 teneri.

1179 1422 1338 1463 Quocirca
1361 1422 1541 1457 discretioni
1566 1432 1686 1457 vestrae
1714 1434 1771 1469 per
1798 1434 1882 1469 apo·
1909 1427 1965 1449 naec
1988 1429 2079 1450 trr¹t⁸2¹⁰
2127 1446 2129 1463 :

1131 1472 1238 1505 stolica
1262 1472 1375 1517 scripta
1401 1472 1597 1512 mandamus,
1630 1480 1788 1519 quatenus
1829 1484 1880 1506 vos
1895 1457 2081 1515 Εὲζιέιῗιοέζζιῖἷζ
2126 1479 2129 1530 ἰ

1132 1520 1178 1553 vel
1213 1522 1290 1554 alter
1314 1529 1448 1554 vestrum
1493 1532 1548 1567 per
1587 1533 1661 1561 vos,
1702 1521 1749 1555 vel
1783 1520 1879 1555 alium
1894 1520 1968 1540 ⁰³⁰⁶*

1131 1581 1186 1603 seu
1209 1569 1297 1609 alios,
1321 1570 1527 1616 provisiones,
1546 1569 1774 1613 ordinationes,
1801 1556 1881 1604 offii-

1130 1620 1285 1664 gationes,
1308 1619 1552 1658 coniurationes,
1568 1618 1795 1665 colligationes,
1810 1631 1880 1653 eon·

1131 1668 1319 1714 spirationes
1345 1675 1373 1701 et
1397 1675 1509 1702 statuta
1539 1668 1717 1703 huiusmodi
1741 1669 1770 1702 in
1794 1668 1881 1706 locis,

1132 1718 1162 1751 in
1184 1717 1301 1763 quibus
1327 1717 1474 1763 expedire
1510 1717 1661 1760 videritis,
1698 1717 1823 1764 publice
1851 1728 1881 1751 et

1131 1766 1314 1801 solemniter
1335 1778 1422 1800 cassa
1451 1774 1480 1800 et
1503 1766 1586 1800 irrita
1609 1768 1805 1807 nunciantes,
1833 1778 1883 1801 ve-

1133 1815 1326 1850 nerabilibus
1351 1815 1500 1850 fratribus
1518 1816 1632 1850 nostris
1656 1816 1810 1850 universis
1831 1828 1881 1850 ar-

1133 1865 1343 1911 chiepiscopis
1364 1872 1394 1898 et
1416 1865 1584 1912 episcopiS,
1607 1873 1636 1899 et
1651 1865 1774 1899 dilectis
1798 1865 1880 1908 liliis,

1132 1914 1310 1957 abbatibus,
1334 1913 1489 1960 prioribus
1510 1926 1545 1948 ac
1571 1913 1643 1948 aliis
1664 1914 1879 1948 Ecclesiarum

1133 1963 1289 2010 praelatis,
1322 1975 1444 1997 necnon
1480 1963 1660 2003 comitibus,
1699 1963 1880 2002 baronibus,

1132 2012 1343 2057 magnatibus,
1371 2020 1400 2046 et
1419 2012 1488 2046 aliis
1516 2012 1664 2059 praedicti
1688 2013 1775 2057 regni
1810 2025 1881 2058 per-

1132 2062 1217 2096 sonis
1258 2061 1478 2096 ecclesiasticis
1511 2069 1539 2095 et
1574 2061 1790 2096 saecularibus
1824 2073 1880 2095 cu-

1133 2111 1320 2156 iuscumque
1346 2110 1518 2155 dignitatis⁷
1554 2119 1663 2153 status,
1697 2111 1817 2145 ordinis
1850 2118 1879 2153 et

1132 2159 1322 2194 conditionis
1348 2159 1475 2202 fuerint,
1514 2159 1642 2193 lii-miter
1681 2159 1879 2205 praecipiatis

1132 2221 1167 2243 ex
1186 2216 1270 2254 parte
1289 2216 1405 2252 nostra,
1429 2216 1461 2242 ut
1480 2209 1687 2255 provisiones,
1707 2207 1879 2243 ordinatio-

1133 2270 1199 2297 nes,
1222 2257 1440 2303 obligationeS,
1467 2258 1711 2297 coniurationes,
1744 2257 1879 2302 colliga—

1133 2308 1246 2347 tiones,
1269 2308 1521 2354 conspirationes
1558 2314 1588 2341 et
1631 2314 1743 2341 statuta
1782 2318 1878 2351 prae-

1132 2357 1225 2390 missa
1242 2369 1297 2401 pro
1310 2357 1408 2391 cassis
1441 2364 1471 2391 et
1486 2356 1579 2390 irritis
1596 2356 1719 2402 penitus
1734 2354 1877 2394 babeant,

1132 2405 1176 2439 eis
1204 2406 1409 2440 nihilominus
1431 2405 1604 2439 districtius
1634 2404 1816 2442 inhibendo,
1841 2416 1878 2438 ne

1132 2462 1239 2489 contra
1267 2454 1451 2490 cassationis
1477 2462 1505 2489 et
1536 2453 1716 2488 irritationis
1754 2461 1878 2487 nostrae

1132 2511 1272 2538 tenorem
1291 2504 1408 2551 aliquid
1431 2511 1582 2538 attentare
1610 2510 1822 2548 praesumant.

1180 2552 1253 2587 Illos
1274 2563 1391 2594 autem,
1421 2553 1475 2599 qui
1507 2561 1612 2586 contra
1648 2552 1876 2591 cassationem,

1131 2601 1347 2643 irritationem,
1377 2614 1431 2636 seu
1464 2607 1663 2643 praecentum
1685 2608 1736 2635 ant
1759 2599 1878 2634 inhibi-

1909 1038 1994 1059 irritata
2008 1038 2033 1059 ab
2043 1037 2081 1060 Ur-

1895 1069 1958 1090 bano.

1899 2556 2030 2578 obstantium
2043 2557 2068 2578 d·

1891 2587 1981 2614 rogatio.
