2129 3223
150 274 199 300 Au.
222 272 249 299 C.
265 272 329 299 ¹267

170 2111 268 2131 Det-tutat
302 2114 340 2136 per

159 2142 222 2162 hasco
259 2141 340 2161 litteras

159 2171 297 2192 Eut-testarum
309 2176 341 2191 re-

398 262 465 295 768

346 339 401 362 seu
429 324 642 371 indulgentias
664 322 702 358 ab
724 322 798 358 olim
827 321 1017 358 concesserit
1039 321 1089 356 in-

348 385 393 412 ter
414 383 533 410 caetera
569 374 779 413 continentes,
818 380 851 407 ut
889 372 995 407 nuncii
1033 383 1088 406 seu

346 426 512 473 portitores
533 436 637 459 earum
668 424 699 458 in
739 422 816 457 locis
847 421 1088 466 ecclesiasticis,

345 475 382 510 ad
406 486 485 521 quae
525 473 718 517 devenerint,
742 472 872 507 honeste
904 472 999 518 recipi
1033 471 1089 506 de-

343 524 434 559 beant
473 532 503 559 et
534 523 714 558 charitative
751 523 899 561 tractari;
942 521 1089 568 quodque

345 573 453 608 fideles
480 574 575 609 certis
600 572 713 608 diebus
750 573 912 607 convocari
953 571 1087 606 debeant

344 623 381 658 ad
409 622 582 658 audiendas
608 622 840 658 exhortationes
868 633 922 656 seu
963 621 1088 668 praedi-

344 673 486 708 cationes
525 674 677 720 ipsorum,
719 684 754 707 ac
792 672 838 706 eis
877 672 1089 718 eleemosynas

345 722 566 770 porrigendas,
600 721 780 756 huiusmodi
824 722 988 768 portitores
1033 733 1087 755 seu

345 773 450 807 nuncii
497 772 614 807 eisdem
657 772 766 806 litteris
812 780 842 805 et
886 770 1090 817 indulgentiis

344 822 561 869 multipliciter
586 821 749 856 abutentes
776 821 871 855 multa
894 832 985 867 saepe
1013 832 1090 855 con-

345 871 476 918 fingunt,
498 884 578 920 quae
604 883 708 918 neque
729 872 930 905 continentur
964 870 992 904 in
1033 870 1089 914 eis,

343 933 446 968 neque
468 921 506 956 de
535 921 709 955 intentione
736 919 828 955 Sedis
855 919 997 954 eiusdem
1031 919 1090 955 ali-

343 979 500 1017 quatenus
513 978 744 1018 processerunt.
769 969 848 1004 Nam
868 969 989 1004 illarum
1006 981 1090 1016 prae-

344 1028 430 1054 textu
452 1032 485 1055 se
513 1022 544 1055 in
566 1019 711 1067 hospitiis
732 1019 939 1067 praelatorum
976 1027 1006 1053 et
1040 1032 1090 1054 re-

344 1078 466 1104 ctorum
493 1069 692 1117 aliorumque
723 1069 906 1104 clericorum
935 1068 1091 1104 Ecclesia-

346 1132 426 1161 rum,
449 1119 486 1153 ad
510 1132 588 1166 quas
611 1119 809 1166 perveniunt,
831 1119 877 1153 eis
904 1119 1007 1153 invitis
1042 1131 1091 1154 re-

345 1169 418 1217 cipi,
440 1168 560 1216 sibique
582 1169 664 1203 laute
692 1168 809 1203 faciunt
827 1168 1005 1209 ministrari,
1023 1180 1092 1216 pro-

343 1226 491 1254 curantes
513 1220 542 1253 in
571 1218 644 1260 illis,
665 1218 690 1253 si
713 1230 806 1252 secus
833 1217 973 1261 feceriut,
1001 1226 1031 1253 et
1059 1218 1090 1253 in

344 1268 499 1316 praelatos
520 1268 659 1309 eosdem,
683 1276 829 1309 rectores,
852 1268 1050 1315 cappellanos
1061 1276 1091 1302 et

343 1318 425 1353 alios
452 1318 582 1354 clericos
603 1317 662 1352 sibi
695 1317 876 1358 subiectos,
915 1318 939 1352 si
980 1330 1088 1352 eorum

345 1367 478 1415 quilibet
499 1367 707 1415 parochianos
733 1379 808 1402 suos
847 1375 933 1402 certo
967 1367 1017 1401 die
1056 1379 1092 1402 ac

346 1419 414 1452 loco
435 1429 497 1452 non
521 1425 633 1452 vocent
654 1428 709 1464 per
731 1425 966 1451 conservatores
993 1417 1052 1451 sibi
1075 1430 1090 1451 a

346 1466 430 1502 Sede
468 1466 638 1514 praedicta,
679 1474 711 1500 ut
733 1474 887 1510 asserunt,
915 1465 1090 1512 deputatos,

347 1529 400 1551 seu
424 1528 480 1563 per
500 1516 640 1551 locorum
668 1515 854 1559 ordinarios,
884 1515 999 1562 quibus
1039 1528 1092 1561 per

348 1566 467 1613 aliquas
487 1565 526 1600 de
548 1565 638 1600 dictis
660 1565 769 1600 litteris
791 1577 886 1612 super
908 1565 966 1599 lioc
999 1565 1092 1599 iuris-

349 1615 444 1650 dictio
471 1615 593 1650 videtur
618 1614 759 1659 attribui,
780 1614 1008 1661 suspensionis,
1041 1615 1092 1648 in-

349 1665 469 1700 terdicti
488 1674 517 1700 et
551 1664 885 1699 excommunicationis
923 1664 1093 1698 sententias

350 1714 554 1762 promulgari.
582 1714 630 1748 Ex
661 1726 723 1761 quo
758 1713 831 1748 illud
868 1714 1090 1748 inconveniens

350 1765 529 1812 frequenter
551 1763 676 1804 accidit,
703 1771 735 1798 ut
759 1763 858 1797 dictae
881 1762 954 1797 Sedi
971 1790 980 1808 ,
1014 1775 1093 1809 quae

350 1815 380 1849 in
422 1814 480 1849 liac
522 1821 607 1859 parte
648 1812 812 1860 culpabilis
859 1825 920 1847 nou
968 1814 1093 1854 extitit,

350 1875 442 1910 saepe
477 1863 663 1904 detrahitur,
697 1870 727 1896 et
757 1862 963 1909 plurimorum
1004 1863 1095 1909 quies

351 1912 490 1948 fidelium
514 1921 638 1960 praeter
658 1911 795 1947 scandali
811 1912 983 1953 materiam,
1000 1925 1093 1960 quam

352 1962 425 1998 inde
453 1962 525 1997 oriri
548 1962 713 2008 contingit,
738 1961 856 2009 pluries
877 1962 1011 1997 nimium
1029 1974 1095 2010 per-

353 2013 507 2047 turbatur.

402 2062 422 2109 §
442 2063 475 2096 2.
498 2061 579 2103 Quia
607 2073 680 2096 vero
702 2061 740 2095 de
767 2061 939 2096 intentione
963 2060 1096 2109 praede—

354 2123 513 2146 cessorum
538 2117 713 2146 nostrorum
736 2123 798 2145 non
832 2111 956 2149 extitit,
991 2119 1020 2145 et
1058 2111 1096 2145 de

355 2170 460 2196 nostra
481 2161 573 2195 etiam
597 2172 659 2196 non
681 2160 805 2201 existit,
836 2168 869 2194 ut
912 2160 1029 2196 litterae
1061 2173 1096 2196 ac

160 2205 230 2222 utores
264 2203 341 2222 invitos
356 2211 362 2217 ·

160 2238 200 2253 no„
216 2233 303 2258 obligari
355 2210 569 2258 indulgentiae
609 2217 810 2253 memoratae,
849 2221 1016 2244 concessae
1059 2210 1096 2245 ad

356 2261 479 2307 pietatis
500 2259 650 2305 officium,
671 2260 860 2306 gravaminis
898 2268 927 2294 et
960 2260 1096 2296 scandali

357 2310 505 2345 deberent
542 2310 713 2357 producere
748 2318 993 2357 nocumentum,
1042 2322 1098 2344 nos

358 2360 558 2405 clamoribus,
579 2371 658 2406 quos
679 2371 775 2407 super
798 2359 857 2393 lioc
878 2371 970 2407 saepe
1011 2371 1099 2394 rece-

359 2411 474 2456 pimus,
496 2409 589 2444 finem
614 2410 731 2457 imponi
760 2409 911 2449 volentes,
951 2421 1100 2456 praesen-

360 2459 435 2494 tium
458 2460 639 2494 auctoritate
670 2458 845 2499 statuimus,
882 2466 913 2493 ut
951 2459 1098 2506 praelati,

360 2517 495 2544 rectores
516 2517 547 2543 ct
567 2509 671 2544 clerici
691 2508 851 2543 memorati
883 2508 1052 2543 litterarum
1070 2516 1099 2542 et

361 2558 624 2605 indulgentiarum
657 2559 794 2606 ipsarum
828 2557 966 2602 baiulos,
991 2558 1100 2593 cuius-

360 2619 493 2654 cumque
517 2607 674 2653 religionis
694 2620 748 2643 seu
772 2607 960 2642 conditionis
974 2607 1099 2649 fuerint,

364 2655 393 2689 in
417 2656 560 2703 hospitiis
593 2658 657 2692 suis
686 2657 770 2691 inviti
795 2659 946 2704 recipere,
970 2657 1099 2703 illosque

926 266 1112 290 BULLARtUM
1138 266 1298 288 ROMANUM

1130 332 1306 367 procurare,
1348 332 1384 356 ac
1423 320 1601 356 huiusmodi
1633 322 1871 357 convocationes

1130 370 1230 405 facere
1257 370 1386 406 minime
1407 378 1580 414 teneantur,
1608 380 1766 419 praetextu
1789 372 1873 407 litte-

1131 432 1233 454 rarum
1256 428 1286 455 et
1307 420 1572 468 indulgentiarum
1608 423 1758 470 ipsarum,
1784 434 1872 470 quas,

1130 478 1278 517 quantum
1298 470 1334 505 ad
1357 473 1595 507 convocationes
1621 473 1759 517 easdem,
1782 484 1873 520 peni-

1131 528 1179 554 tus
1202 532 1395 555 revocamus.

1177 569 1196 616 S
1219 573 1250 604 5.
1274 569 1495 617 Suspensionis
1518 580 1636 616 autem,
1659 571 1814 607 interdicti
1842 579 1873 607 et

1130 620 1461 656 excommunicationis
1502 622 1683 663 sententias,
1727 633 1805 669 quas
1842 621 1872 656 in

1130 681 1345 717 quoscumque
1367 682 1458 706 secus
1476 670 1668 718 promulgari
1697 670 1872 718 contigerit,

1130 731 1165 753 ex
1188 731 1272 754 nunc
1294 720 1396 755 irritas
1417 728 1447 754 et
1474 721 1581 755 inanes
1607 720 1808 757 deceruimus
1837 732 1874 755 ac

1131 768 1248 803 nullius
1269 769 1400 804 existere
1423 770 1588 805 firmitatis.

1178 817 1295 853 Datum
1318 818 1447 854 Viterbii
1475 819 1616 855 secundo
1635 819 1706 855 idus
1732 820 1874 861 ianuarii,

1131 867 1329 914 pontificatus
1355 870 1452 904 nostri
1476 882 1556 904 anno
1582 869 1732 905 secundo.

1162 929 1224 960 Dat.
1243 930 1290 960 die
1310 930 1343 960 12
1358 931 1485 961 ianuarii
1500 931 1586 969 1267,
1601 931 1704 971 pontif.
1721 941 1797 962 anno
1811 940 1842 961 ιι.

1475 1091 1543 1126 XX.

1135 1174 1225 1213 Quod
1245 1174 1277 1206 in
1294 1173 1414 1207 civitate
1435 1174 1643 1208 Beneventana
1657 1180 1771 1208 statuta
1786 1175 1878 1208 condi

1180 1225 1292 1268 absque
1324 1223 1414 1256 Sedis
1447 1224 1639 1268 Apostolicae
1672 1225 1793 1257 licentia
1823 1236 1876 1257 ne-

1179 1280 1305 1318 queant,
1327 1275 1574 1318 abroyanlurqtce
1597 1274 1720 1308 condita
1746 1275 1801 1317 (1).

1400 1351 1613 1382 SUMMARIUM

1133 1419 1158 1448 l.
1177 1419 1252 1454 Quid
1274 1428 1394 1449 causam
1412 1420 1526 1450 dederit
1546 1420 1651 1450 edicto.
1670 1436 1708 1443 —
1732 1420 1759 1450 3.
1781 1418 1880 1450 Statu-

1173 1468 1231 1493 tum
1256 1465 1301 1502 (de
1315 1474 1364 1503 quo
1376 1466 1406 1494 in
1417 1465 1548 1504 synopsi).
1569 1481 1608 1487 —
1624 1464 1787 1495 Clausulae.

1176 1539 1295 1568 Clemens
1324 1540 1465 1576 episcopus
1485 1546 1581 1569 servus
1605 1546 1743 1569 servorum
1771 1538 1833 1572 Dei,

1287 1589 1321 1617 ad
1345 1588 1470 1618 futuram
1497 1590 1537 1618 rei
1556 1589 1721 1617 memoriam.

1180 1656 1195 1695 ἓ
1225 1655 1254 1686 l.
1284 1652 1407 1687 Pridem
1436 1652 1603 1697 intellecto,
1630 1652 1711 1700 quod
1742 1651 1877 1700 populus

1134 1701 1370 1737 Beneventanae
1401 1702 1535 1737 civitatis
1574 1703 1603 1737 in
1644 1702 1876 1748 derogationem

1134 1752 1248 1785 iurium
1270 1752 1429 1787 Ecclesiae
1450 1751 1611 1787 Romanae
1637 1761 1750 1787 statuta
1781 1764 1878 1799 quae-

1134 1801 1204 1836 dam
1227 1802 1376 1843 ediderat,
1403 1814 1460 1836 nos
1483 1801 1655 1837 Robertum
1694 1802 1733 1837 de
1767 1801 1878 1836 Malleo

1134 1860 1164 1886 et
1192 1850 1338 1887 loannem
1371 1851 1552 1887 Benencase
1588 1851 1712 1894 milites,
1748 1851 1876 1885 Petrum

1135 1901 1173 1935 dc
1196 1900 1283 1943 Riso,
1310 1901 1500 1936 Mercurium
1534 1900 1672 1941 Girardi,
1705 1899 1879 1935 Bartholo—

1136 1963 1248 1985 maeum
1284 1951 1452 1986 Alexandri
1487 1958 1517 1986 et
1554 1950 1684 1986 Petrum
1733 1949 1877 1997 Gregorii

1136 2001 1218 2036 cives
1239 2001 1486 2041 Beneventanos,
1515 2001 1568 2048 qui
1604 2000 1769 2047 praecipue
1802 2011 1880 2035 cau-

1136 2063 1200 2086 sam
1234 2051 1357 2085 dedisse
1395 2052 1517 2086 statutis
1551 2050 1644 2085 editis
1683 2049 1878 2089 dicebantur,

1136 2100 1280 2135 eumdem
1310 2101 1460 2148 populum
1488 2100 1575 2136 citari
1600 2098 1807 2146 peremptorie
1839 2097 1879 2132 fe-

1136 2151 1249 2191 cimus,
1278 2159 1309 2184 ut
1338 2150 1431 2185 iidem
1471 2150 1624 2184 statutarii
1665 2148 1878 2195 personaliter,

1139 2200 1275 2246 populus
1293 2211 1363 2234 vero
1387 2213 1440 2248 per
1455 2200 1601 2235 idoneum
1616 2199 1780 2247 syndicum
1795 2209 1879 2232 com·

1140 2258 1280 2296 parerent
1309 2250 1385 2284 infra
1422 2258 1542 2285 certum
1583 2251 1748 2284 terminum
1775 2258 1878 2281 coram

1139 2298 1229 2333 nobis
1255 2311 1350 2347 super
1384 2300 1431 2334 his
1453 2299 1607 2334 mandatis
1628 2298 1741 2333 nostris
1763 2304 1793 2332 et
1823 2295 1880 2329 be—

1138 2348 1300 2395 neplacitis
1323 2349 1459 2396 parituri.
1660 2365 1664 2367 “

1188 2398 1261 2445 §2
1284 2399 1429 2446 Cumque
1456 2397 1605 2447 syndicus
1633 2404 1663 2432 et
1696 2396 1745 2431 alii
1788 2407 1880 2443 prae-

1139 2447 1213 2482 dicti
1228 2449 1265 2482 ad
1284 2458 1417 2483 nostram
1436 2448 1638 2494 praesentiam
1662 2445 1879 2490 accessissent,

1140 2499 1359 2546 transcriptum
1387 2498 1551 2533 cuiusdam
1575 2496 1726 2543 privilegii
1763 2495 1880 2539 produ—

1140 2558 1263 2589 xerunt,
1287 2561 1340 2595 per
1361 2547 1444 2595 quod
1471 2546 1583 2582 edendi
1609 2553 1719 2580 statuta
1743 2544 1881 2579 faculta-

1140 2605 1202 2631 tem
1235 2597 1292 2632 sibi
1320 2597 1497 2632 attributam
1537 2607 1605 2631 esse
1646 2593 1802 2629 dicebant.
1840 2593 1880 2628 Et

1174 2668 1213 2703 (t)
1230 2668 1268 2694 Ex
1288 2669 1391 2703 Regest.
1414 2668 1496 2695 Vatic.

1889 265 1940 292 An.
1957 264 2063 293 &1267

1903 1652 1956 1680 Quid
1975 1657 2059 1674 causam

1891 1684 1973 1705 dederit
1993 1684 2071 1705 edicto.
