2129 3223
163 296 210 323 An.
229 296 340 323 (3.122ι9

163 1844 282 1865 innocentii
293 1842 332 1864 ΡΡ.

150 1875 289 1901 ηὼκιίριὶοι

177 2167 200 2188 Et
216 2168 311 2194 sigillum.

154 2511 174 2530 5.
191 2510 213 2530 tt.
229 2510 336 2531 zeelem·

176 2541 310 2562 cardinalium

155 2573 330 2599 tibseriptionee.

405 287 473 319 542

355 351 398 398 pti
426 349 586 397 privilegio
608 348 852 384 commuuimus.
887 347 1095 383 Decernimus

353 411 427 445 ergo
445 425 454 442 ,
477 407 510 433 ut
533 398 610 433 nulli
638 397 768 433 omnino
809 397 971 433 hominum
1006 397 1094 432 liceat

353 448 520 496 praefatam
549 447 723 482 Ecclesiam
748 456 863 483 temere
903 446 1093 495 perturbare,

351 506 403 533 aut
426 497 495 533 eius
517 497 731 545 possessiones
751 496 883 537 auferre,
907 497 951 532 vel
979 496 1095 531 ablatas

352 547 496 588 retinere,
524 547 676 588 minuere,
703 559 758 582 seu
780 546 973 594 quibuslibet
1000 557 1094 581 vexa-

352 596 489 632 tionibus
511 596 648 643 fatigare,
674 596 728 631 sed
745 596 848 631 omnia
878 597 994 642 integra
1022 607 1095 629 con-

351 655 512 682 serventur
539 658 645 681 eorum
671 658 725 693 pro
759 658 891 693 quorum
932 644 1095 691 guberna-

350 704 434 731 tione
456 707 492 731 ac
518 704 744 730 sustentatione
767 707 913 731 concessa
941 702 1014 729 sunt
1036 707 1093 729 usi-

351 745 410 780 bus
435 746 623 780 omnimodis
659 745 841 792 profutura:
886 745 967 779 salva
1001 744 1095 779 Sedis

350 794 550 842 Apostolicae
564 796 758 834 auctoritate,
782 802 811 829 et
833 794 1010 830 dioecesani
1028 794 1095 840 epi-

350 845 435 892 scopi
463 845 610 879 canonica
635 845 764 885 iustitia,
790 854 820 879 et
855 844 884 878 in
929 843 1095 891 praedictis

350 894 481 929 decimis
521 894 733 929 moderatione
767 893 891 928 concilii
928 893 1092 940 generalis.

349 943 382 979 Si
411 955 471 990 qua
495 943 587 990 igitur
614 944 643 978 in
682 943 821 978 futurum
860 943 1094 982 ecclesiastica,

349 994 554 1028 saecularisve
582 1005 712 1039 persona
739 993 818 1027 hanc
852 1000 976 1027 nostrae
1015 1004 1094 1027 con-

349 1042 519 1077 stitutionis
555 1043 699 1089 paginam
741 1043 854 1082 sciens,
887 1051 993 1077 contra
1025 1053 1092 1076 eam

350 1102 465 1127 temere
488 1092 592 1127 venire
608 1093 780 1131 tentaverit,
795 1092 946 1132 secundo,
967 1092 1094 1126 tertiove

349 1142 558 1182 commonita,
583 1142 641 1176 nisi
678 1150 797 1176 reatum
835 1154 926 1176 suum
955 1153 1092 1187 congrua

348 1191 560 1226 satisfactione
581 1190 761 1231 correxerit,
789 1191 962 1238 potestatis,
992 1190 1093 1224 liono-

348 1241 453 1296 risque
475 1241 522 1275 sui
550 1249 652 1276 careat
673 1240 834 1287 dignitate,
871 1252 1018 1287 reamque
1060 1251 1093 1274 se

349 1289 454 1325 divino
481 1289 597 1325 iudicio
624 1290 756 1325 existere
778 1290 817 1324 de
839 1298 1013 1337 perpetrata
1036 1289 1091 1323 ini-

347 1340 466 1387 quitate
491 1348 670 1386 cognoscat,
692 1347 722 1374 et
743 1352 759 1374 a
781 1340 992 1374 sacratissimo
1013 1337 1093 1374 Cor-

348 1400 424 1435 pore
446 1397 476 1423 et
497 1388 659 1434 Sanguine
681 1388 751 1429 Dei,
767 1398 797 1423 et
813 1389 940 1424 Domini
956 1388 1092 1423 Redem-

348 1439 446 1485 ptoris
464 1438 559 1473 nostri
576 1437 643 1473 lesu
663 1438 778 1473 Christi
800 1438 901 1473 aliena
925 1438 987 1481 fiat,
1000 1445 1091 1485 atque

348 1488 379 1522 in
402 1497 542 1522 extremo
563 1488 704 1523 examine
738 1487 893 1522 districtae
933 1487 1091 1522 subiaceat

348 1537 470 1572 ultioni.
484 1537 614 1572 Cunctis
636 1547 739 1572 autem
756 1537 857 1571 eidem
873 1537 940 1571 loco
954 1549 1008 1571 sua
1026 1537 1090 1571 iura

347 1586 544 1621 servantibus
566 1587 605 1621 sit
643 1599 699 1634 pax
726 1586 853 1621 Domini
886 1586 981 1621 nostri
1023 1585 1090 1620 lesu

348 1635 476 1676 Christi,
499 1644 655 1683 quatenus
675 1645 705 1670 et
732 1636 783 1671 hic
823 1635 957 1671 fructum
992 1635 1092 1670 bonae

347 1685 479 1720 actionis
509 1686 696 1733 percipiant,
729 1694 758 1720 et
797 1685 879 1733 apud
918 1685 1092 1720 districtum

347 1734 487 1770 Iudicem
505 1736 639 1782 praemia
662 1744 805 1770 aeternae
826 1735 909 1782 pacis
923 1734 1092 1770 inveniant.

348 1784 461 1819 Amen.

398 1834 470 1870 Eoo
490 1834 702 1870 Issocsurrus
729 1835 898 1870 catholicae
935 1833 1094 1869 Ecclesiae

348 1884 520 1932 episcopus
542 1885 726 1931 subscripsi.

399 2456 466 2503 Ego
494 2456 605 2491 Petrus
627 2456 707 2490 tituli
735 2456 842 2491 Sancti
865 2455 1096 2502 Marcellipres-

351 2509 441 2557 byter
465 2509 634 2545 cardinalis
657 2509 839 2557 subscripsi.

400 2563 468 2623 Ego
489 2564 601 2599 Petrus
624 2563 809 2598 Albaneusis
831 2564 999 2611 episcopus
1026 2561 1098 2596 sub-

353 2627 476 2716 §migd-
491 2670 582 2704 frater
609 2670 740 2705 loannes
768 2670 847 2706 tituli
875 2671 980 2705 Sancti
1012 2670 1097 2705 Lau—

930 294 1114 317 BULLAMUM
1137 293 1297 315 ROMANUM

1113 351 1115 372 ¹
1135 347 1225 381 rentii
1245 347 1275 380 in
1298 346 1418 381 Lucina
1437 345 1596 394 presbyter
1617 344 1784 380 cardinalis
1801 344 1878 380 sub-

1134 408 1256 441 scripsi.

1183 445 1251 492 Ego
1279 444 1460 480 Willelmus
1493 444 1676 480 Sabinensis
1710 443 1877 492 episcopus

1113 520 1115 534 ,
1134 495 1316 542 subscripsi.

1113 537 1116 565 Ι
1183 544 1250 590 Ego
1277 543 1368 579 frater
1396 543 1496 590 Flugo
1533 543 1613 578 tituli
1649 543 1783 579 Sanctae
1815 543 1875 578 Sa-

1112 568 1116 640 Ι
1135 594 1226 629 binae
1249 594 1410 641 presbyter
1431 593 1598 628 cardinalis
1619 593 1801 642 subscripsi.

1183 643 1251 690 Ego
1279 643 1388 677 Petrus
1409 641 1514 677 Sancti
1536 641 1664 689 Georgii
1685 642 1725 678 ad
1764 642 1874 678 Velum

1114 713 1115 718 =
1134 693 1272 728 Aureum
1297 693 1449 728 diaconus
1470 691 1635 726 cardinalis
1660 692 1851 739 subscripsi.

1182 742 1249 789 Ego
1270 742 1402 777 Ioanni-s
1424 741 1530 776 Sancti
1564 741 1682 776 Nicolai
1722 742 1753 777 in
1792 740 1877 777 Car-

1113 805 1203 836 ,cere
1225 791 1369 827 Tulliano
1397 791 1549 826 diaconus
1585 791 1750 826 cardinalis
1795 790 1876 827 sub-

1113 842 1115 856 *
1133 842 1256 887 scripsi.

1183 891 1297 926 Datum
1321 890 1468 937 Lugduni
1496 903 1551 937 per
1582 903 1708 925 manum
1736 890 1875 938 magistri

1134 940 1243 975 Marini
1266 948 1390 975 sanctae
1425 939 1584 975 Romanae
1607 940 1766 976 Ecclesiae
1795 941 1877 976 vice-

1133 990 1322 1034 cancellarii,
1349 999 1435 1024 sexto
1458 989 1526 1024 idus
1548 991 1633 1031 maii,
1656 990 1877 1026 incarnationis

1133 1039 1309 1075 dominicae
1325 1051 1407 1074 anno
1421 1050 1578 1082 mccxux,
1594 1039 1794 1086 pontificatus
1805 1051 1876 1076 vero

1133 1089 1253 1124 domini
1276 1088 1448 1124 Innocentii
1475 1088 1577 1136 Papae
1598 1088 1640 1124 lv
1657 1101 1738 1125 anno
1777 1098 1874 1126 sexto.

1182 1150 1242 1181 Dat.
1259 1152 1305 1182 die
1327 1151 1362 1181 10
1384 1151 1452 1180 maii
1472 1150 1556 1186 1249,
1574 1150 1675 1190 pontif.
1693 1161 1769 1181 anno
1786 1160 1823 1182 vl.

1461 1317 1546 1352 th.

1135 1399 1226 1439 Quod
1245 1399 1355 1442 fratres
1375 1399 1511 1432 Minores
1531 1400 1648 1434 ordinis
1662 1401 1697 1434 S.
1721 1401 1878 1435 Francisci

1278 1448 1494 1482 Conventuales
1512 1442 1752 1483 denominentur.

1131 1531 1303 1561 Innocentius
1321 1531 1460 1568 episcopus
1480 1539 1574 1561 servus
1591 1539 1731 1562 servorum
1748 1533 1804 1567 Dei.
1837 1534 1876 1562 ‹ti-

1175 1581 1256 1610 lectis
1274 1580 1339 1609 filiis
1357 1580 1494 1609 fratribus
1513 1581 1614 1610 ordinis
1632 1581 1774 1615 minorum,
1804 1582 1876 1612 salu·

1175 1632 1232 1660 tem
1251 1632 1281 1659 et
1303 1630 1482 1666 apostoticam
1501 1630 1719 1660 benedictionem.

1180 1702 1260 1737 Cum
1285 1710 1440 1749 tamquam
1464 1703 1527 1737 veri
1548 1711 1579 1738 et
1617 1704 1725 1739 fideles
1758 1704 1876 1740 Christi

1134 1756 1267 1791 ministri
1290 1756 1448 1803 elegeritis
1475 1756 1564 1791 vobis
1584 1757 1614 1791 in
1633 1757 1726 1792 domo
1748 1757 1875 1793 Domini

1133 1811 1326 1849 mansiones,
1353 1810 1482 1858 dignum
1521 1823 1590 1846 esse
1623 1812 1804 1857 credimus,
1843 1822 1876 1848 ut

1133 1864 1307 1900 habitacula
1337 1872 1436 1900 vestra
1463 1865 1544 1900 inter
1570 1865 1647 1901 alias
1681 1866 1879 1903 honorabiles

1133 1918 1394 1966 congregationes
1414 1918 1553 1954 fidelium
1581 1929 1767 1957 statuamus.

1178 1973 1198 2020 g
1225 1975 1252 2007 l.
1276 1972 1358 2008 Hinc
1378 1980 1426 2008 est
1449 1973 1554 2020 igitur,
1570 1973 1653 2022 quod
1676 1975 1786 2011 vestris
1807 1987 1880 2024 sup-

1134 2027 1355 2075 plicationibus
1377 2028 1529 2074 inclinati,
1561 2029 1773 2076 praesentium
1815 2041 1880 2066 au-

1135 2080 1274 2117 ctoritate
1297 2081 1508 2124 decernimus,
1525 2091 1556 2117 ut
1576 2083 1736 2119 Ecclesiae
1757 2091 1879 2120 vestrae

1135 2147 1245 2170 omnes
1274 2135 1327 2170 ubi
1353 2145 1525 2171 conventus
1551 2138 1698 2178 existunt,
1725 2135 1880 2173 Conven-

1136 2189 1235 2225 tuales
1258 2199 1417 2225 vocentur.

1183 2244 1203 2291 g
1230 2245 1264 2277 2.
1285 2243 1382 2279 Vobis
1410 2244 1614 2280 nihilominus
1635 2245 1789 2280 licentiam
1808 2257 1882 2281 con-

1136 2299 1294 2338 cedentes,
1319 2306 1350 2333 ut
1377 2299 1405 2332 in
1439 2299 1516 2345 ipsis
1550 2299 1711 2340 Ecclesiis,
1736 2299 1774 2334 ad
1801 2312 1880 2347 opus

1137 2351 1265 2387 fratrum
1304 2362 1334 2388 et
1356 2352 1489 2387 familiae
1525 2362 1653 2393 vestrae,
1693 2352 1807 2388 habere
1842 2353 1881 2388 li-

1136 2405 1210 2440 bere
1237 2406 1423 2441 coemeteria
1446 2406 1582 2442 valeatis.

1186 2459 1269 2494 Nulli
1293 2472 1367 2506 ergo
1388 2468 1441 2495 etc⁴
1465 2463 1656 2504 (extendatur
1672 2463 1789 2496 sanctio
1805 2474 1880 2508 poe-

1136 2516 1235 2558 nalt's).

1186 2568 1300 2603 Datum
1324 2568 1469 2617 Lugduni
1496 2570 1588 2604 nonis
1609 2569 1727 2617 aprilis,
1755 2570 1884 2617 pontifl-

1137 2630 1224 2657 catus
1246 2623 1342 2658 nostri
1358 2636 1440 2658 anno
1462 2623 1607 2671 septimo.

1190 2679 1251 2710 Dat.
1275 2680 1322 2710 die
1342 2680 1377 2711 {O
1396 2680 1464 2710 maii
1483 2679 1567 2716 1249,
1590 2682 1690 2721 pontif.
1706 2691 1782 2713 anno
1799 2690 1835 2712 vr.

1894 288 1944 314 An.
1958 286 1986 313 C.
2005 285 2074 313 1Ξῒι9
