2129 3223
372 244 442 277 650

323 319 385 342 non
421 307 487 341 sine
525 304 725 352 Apostolicae
763 302 857 339 Sedis
888 304 1003 338 iniuria
1041 311 1071 338 et

323 355 551 403 impedimento
578 354 650 389 dicti
679 353 774 388 studii
802 365 838 388 ac
859 353 968 388 salutis
1002 353 1072 387 ani-

325 417 444 439 marum
484 402 664 450 dispendio,
693 402 899 438 intentionem
933 410 1070 437 nostram

127 253 219 281 An.C.
243 253 308 283 1257
916 249 1104 274 BULLARttJM
1130 248 1294 272 ROMANUM

1873 246 1925 273 An.
1945 244 1974 272 C.
1989 245 2056 273 tam

1113 303 1202 345 tium,
1234 301 1375 349 qualibet
1401 302 1564 337 occasione
1591 308 1621 337 et
1648 300 1797 337 dilatione
1823 304 2057 360 aehfl23“”1¹,¹.⁰22'‡,⁴,'

1111 364 1172 399 app
1156 351 1321 398 pellatione
1343 359 1496 393 cessante
1512 363 1568 399 per
1582 363 1616 386 se
1639 351 1684 385 vel
1706 362 1762 398 per
1781 350 1858 385 alios
1873 367 2060 394 „uuquam-

1114 400 1274 448 publicare
1300 400 1430 436 Parisiis
1461 413 1522 436 non
1550 401 1712 443 omittens,
1745 399 1771 434 si
1804 398 1969 456 ᾳιιίωῐξζῗῇ
2004 400 2058 416 “·

141 554 255 581 nmine·

128 591 154 606 eu
168 585 290 614 rectptendt.

145 1317 239 1339 studium
263 1322 314 1339 vero

131 1349 172 1370 atio
189 1355 230 1370 nnn
248 1352 316 1371 truns-

132 1379 248 1401 tor-ndum.

149 1882 227 1905 Omnes
238 1882 321 1904 ordtna-

137 1914 207 1935 tiones
247 1917 322 1935 contr·
338 1922 342 1927 ·

145 1945 311 1966 constitutione·

138 1975 266 2001 npnstolten
288 1974 322 1995 {a-

138 2009 183 2026 sta·
198 2006 273 2028 lrrltut,

324 454 404 489 circa
421 453 568 487 effectum
589 451 816 487 ordinationis
811 452 910 498 ipsius
924 462 1073 487 evacuare

325 501 540 548 multipliciter
556 502 740 536 moliuntur.
763 499 913 535 Volentes
936 501 1030 547 igitur
1044 508 1072 534 et

325 551 508 585 auctoritate
537 551 747 596 praesentium
776 558 962 590 statuentes,
988 549 1071 595 quod

325 599 485 634 scholares
500 611 610 633 omnes
626 608 686 634 tam
701 599 850 645 religiosi,
864 599 917 646 qui
933 598 971 633 de
984 610 1075 644 prae-

324 648 458 683 latorum
480 660 611 683 suorum
632 648 756 683 licentia
774 657 935 682 morantur
952 648 982 681 in
1005 646 1076 681 Stu-

325 698 388 742 dio,
403 709 497 744 quam
510 697 602 732 etiarn
619 697 807 738 saeculares,
830 696 927 731 libere
942 696 1074 737 valeant,

326 746 379 781 ubi
401 746 522 787 volunt
545 746 697 782 lectiones
717 754 748 781 et
769 746 998 791 disputationes
1019 756 1076 779 au-

325 795 405 840 dire,
428 796 580 843 quodque
614 795 749 851 praelata
784 803 888 830 nostra
921 794 1076 829 ordinatio

325 844 365 879 ab
385 845 535 880 omnihus
557 845 715 891 magistris
736 852 768 878 et
788 843 987 879 scholaribus
1012 842 1076 877 Pa-

326 894 409 929 risiis
433 894 641 929 existentibus
663 901 841 929 reverenter
862 901 892 928 et
916 892 1078 927 humiliter

326 943 523 984 observ-etum
544 955 668 977 necnon
687 942 772 990 quod
791 942 896 977 dilecti
918 942 970 976 lilii
988 941 1077 976 Prae-

327 990 499 1026 dicatorum
528 999 558 1026 et
587 991 746 1027 Minorum
776 992 921 1026 ordinum
956 990 1077 1034 fratres,

327 1052 363 1074 ac
385 1041 435 1075 alii
465 1040 617 1086 religiosi,
643 1041 696 1088 qui
726 1039 855 1074 Parisiis
881 1040 996 1075 fuerint
1022 1051 1078 1087 pro

326 1096 470 1137 tempore
503 1090 648 1124 doctores
679 1089 877 1135 theologicae
910 1088 1077 1130 facultatis,

327 1150 382 1172 seu
410 1138 569 1173 scholares
593 1138 753 1186 ipsorum,
780 1139 810 1173 in
834 1138 1029 1173 consortium
1049 1145 1079 1172 et

327 1186 509 1234 collegium,
535 1200 589 1222 scu
613 1188 794 1222 societatem
822 1188 955 1222 aliorum
979 1186 1079 1233 magi-

328 1244 464 1271 strorum
487 1244 518 1271 et
533 1236 723 1272 scholarium
743 1236 899 1272 Parisien.
923 1236 1081 1283 recipian-

328 1293 391 1326 tur,
417 1285 603 1332 simpliciter
630 1295 659 1321 et
694 1285 861 1321 efficaciter
893 1284 1080 1330 habeantur,

330 1342 361 1369 et
387 1335 471 1381 quod
493 1334 646 1369 Parisien.
674 1333 836 1380 Studium,
851 1343 973 1382 praeter
990 1342 1081 1369 teno-

331 1396 395 1417 rem
430 1383 638 1418 ordinationis
675 1383 836 1425 eiusdem,
871 1391 926 1418 aut
962 1383 1081 1430 absque

330 1432 423 1466 Sedis
449 1432 650 1478 Apostolicae
672 1432 800 1467 licentia
813 1432 956 1479 speciali,
977 1433 1081 1467 nulla-

332 1490 424 1516 tenus
445 1480 518 1515 alibi
542 1480 754 1515 transferatur.
781 1481 914 1526 Omnes,
935 1482 988 1527 qui
1008 1493 1083 1516 con·

331 1537 376 1563 tra
400 1529 460 1564 hoc
481 1528 608 1564 salubre
629 1537 780 1564 statutum
800 1538 943 1564 nostrum
962 1530 1081 1571 venire,

331 1577 380 1613 vel
415 1579 580 1613 occasione
616 1579 845 1625 praesentium,
873 1587 926 1613 aut
950 1578 1081 1613 aliarum

330 1627 505 1662 litterarum
521 1636 700 1662 nostrarum
716 1627 904 1663 directarum
920 1627 989 1672 tibi,
1003 1640 1083 1674 quae

331 1676 508 1723 incipiunt:
552 1677 673 1711 Cunctis
704 1678 906 1722 processibus,
932 1675 1081 1711 Studium

332 1726 435 1772 ipsum
443 1725 631 1760 conturbare
641 1727 923 1772 praesumpserint,
936 1725 1084 1760 omnibus

333 1774 553 1809 ecclesiasticis
589 1774 751 1809 beneficiis
785 1774 990 1810 decernimus
1015 1786 1084 1809 esse

333 1823 483 1870 privatos,
505 1830 535 1858 et
557 1822 595 1857 ab
621 1824 766 1858 ordinum
795 1824 984 1870 exequtione
1012 1836 1085 1858 sus-

337 1884 460 1918 pensos.
483 1870 604 1907 Omnes
625 1879 729 1907 autem
756 1872 966 1919 obligationes
991 1873 1083 1907 etiam

337 1928 513 1955 iuramento
540 1920 679 1955 firmatas
700 1933 715 1956 a
740 1923 900 1969 magistris
926 1930 956 1956 et
983 1922 1085 1956 scho-

336 1969 456 2004 laribus
494 1970 675 2004 memoratis
710 1978 818 2005 contra
859 1970 1084 2014 ordinationis,

336 2027 390 2053 aut
412 2019 582 2053 litterarum
605 2019 752 2065 superius
778 2031 1002 2066 expressarum
1029 2031 1084 2054 seu

337 2068 550 2115 praesentium
587 2074 728 2102 tenorem
767 2076 1002 2116 praesumptas⁷
1038 2068 1085 2103 vel

336 2117 531 2164 inposterum
556 2117 813 2163 praesumendas,
840 2129 963 2152 necnon
992 2129 1087 2152 com-

336 2165 527 2214 positionem
550 2166 631 2200 inter
648 2165 777 2200 eosdem
800 2165 910 2201 fratres
926 2165 1087 2201 Praedica-

335 2222 420 2250 tores
441 2226 478 2249 ex
502 2222 587 2261 parte
607 2226 679 2259 una,
701 2222 730 2249 et
761 2216 927 2261 magistros
949 2222 977 2250 et
1000 2215 1088 2250 scho-

335 2263 416 2298 lares
426 2276 463 2298 ex
475 2265 583 2302 altera
603 2271 711 2299 contra
726 2263 980 2299 ordinationem
974 2276 1087 2319 ipsam,

338 2312 430 2347 nobis
457 2312 654 2359 irrequisitis,
690 2313 813 2354 initam,
843 2320 1001 2368 tamquam
1028 2313 1088 2347 iui-

338 2372 433 2414 quam
457 2370 486 2395 et
501 2370 699 2396 temerariam
717 2370 842 2408 penitus
857 2371 1023 2397 irritamus
1047 2361 1089 2397 Ut

338 2409 432 2455 igitur
459 2422 474 2444 a
494 2410 748 2457 supradictorum
772 2410 965 2446 observantia
983 2411 1089 2446 nullus

339 2469 373 2492 se
408 2458 505 2513 possit
527 2471 583 2506 per
606 2459 813 2505 ignorantiam
837 2472 998 2515 excusare,
1026 2459 1086 2495 sra-

341 2507 476 2542 ternitati
515 2516 586 2542 tuae
622 2521 678 2555 per
709 2508 880 2556 apostolica
915 2510 1029 2556 scripta
1057 2509 1088 2543 in

341 2554 454 2590 virtute
476 2555 673 2592 obedientiae
701 2557 842 2593 districte
869 2557 1089 2605 praecipiendo

342 2604 538 2644 mandamus,
570 2614 729 2644 quatenus
762 2614 903 2642 tenorem
940 2618 1090 2655 praesen-

1113 459 1222 485 contra
1263 450 1493 497 praedictorum
1531 449 1659 497 aliquod
1699 449 1860 484 venientes

1114 499 1321 546 privationem
1356 499 1545 535 incurrerint
1572 506 1794 554 memoratam,
1826 507 1861 533 tu

1115 548 1195 589 illos,
1222 548 1259 583 ad
1287 561 1367 596 quos
1389 547 1648 584 beneficiorum
1639 559 1782 604 ipsorum
1802 547 1862 583 col

1115 597 1188 632 latio
1222 606 1363 645 spectare
1402 597 1617 643 dignoscitur,
1652 607 1718 657 per
1745 595 1864 642 litteras

1115 655 1185 682 tuas
1202 647 1271 682 sine
1292 659 1379 682 mora
1401 646 1587 701 demandes,
1608 653 1643 680 ut
1669 644 1775 692 infra
1775 645 1866 693 quin-

1115 696 1218 731 decim
1247 696 1326 737 dies,
1350 704 1420 743 post
1457 696 1670 743 receptionem
1707 706 1864 742 ipsarum,

1116 747 1202 779 omni
1218 747 1383 780 occasione
1398 751 1552 788 cessante,
1568 743 1865 788 beneficiaillorum,

1117 794 1155 828 de
1190 794 1304 841 quibus
1343 794 1460 829 videris
1494 793 1663 840 expedire,
1702 792 1866 828 conferant

1119 844 1262 890 personis
1289 843 1411 879 idoneis
1444 850 1475 878 et
1508 842 1668 878 Ecclesiae
1704 841 1867 877 Romanae

1117 892 1249 927 devotis.
1284 892 1377 934 Quod
1413 892 1440 927 si
1474 892 1576 927 facere
1604 891 1811 937 neglexerint,
1833 899 1866 926 tu

1118 941 1168 976 illa
1209 941 1352 976 conferre
1395 944 1539 989 personis
1579 940 1762 975 huiusmodi
1803 952 1865 975 nou

1120 999 1300 1038 postponas
1329 990 1399 1025 Non
1428 989 1628 1025 obstantibus
1649 989 2068 1054 appellationi-gtgffitimde-

1119 1040 1179 1074 bus
1219 1047 1250 1074 et
1283 1039 1522 1087 exceptionibus
1559 1047 1612 1073 aut
1650 1038 1869 1074 occasionibus

1119 1088 1386 1136 quibuscumque,
1409 1089 1474 1124 sive
1499 1088 1610 1123 litteris
1631 1087 1678 1123 vel
1705 1087 1869 1134 indulgen-

1120 1139 1171 1173 tiis
1200 1137 1244 1179 >ab
1277 1138 1457 1185 Apostolica
1489 1136 1573 1172 Sede
1608 1136 1780 1178 concessis,
1813 1148 1869 1184 per

1120 1199 1199 1235 quas
1234 1187 1393 1235 praecepti
1429 1187 1526 1221 nostri
1564 1186 1712 1234 exequtio
1747 1186 1778 1221 in
1813 1187 1872 1221 hac

1122 1244 1207 1283 parte
1235 1236 1378 1283 impediri
1402 1236 1513 1278 valeat,
1536 1235 1581 1270 vel
1608 1235 1737 1280 differri,
1758 1243 1812 1270 aut
1833 1235 1872 1270 de

1121 1286 1237 1333 quibus
1273 1285 1398 1333 plenam
1432 1293 1463 1320 et
1496 1296 1696 1332 expressam,
1736 1296 1792 1320 seu
1833 1283 1872 1319 de

1121 1335 1217 1371 verbo
1235 1335 1271 1369 ad
1295 1334 1424 1369 verbum
1442 1342 1584 1382 oporteat
1599 1334 1630 1368 in
1655 1333 1874 1382 praesentibus

1122 1384 1187 1418 fieri
1215 1384 1429 1424 mentionem,
1462 1396 1518 1418 seu
1552 1384 1646 1418 etiam
1681 1382 1764 1430 quod
1798 1382 1873 1418 dicti

1123 1437 1232 1472 l'ratres
1253 1437 1402 1473 omnibus
1429 1437 1542 1472 litteris
1568 1437 1750 1484 apostolicis
1772 1436 1875 1484 impe-

1123 1491 1209 1525 tratis
1235 1499 1264 1525 et
1293 1490 1501 1538 impetrandis
1527 1490 1732 1525 renunciasse
1759 1489 1875 1526 dicun-

1124 1553 1185 1589 tur,
1221 1544 1347 1592 quando
1369 1544 1400 1579 in
1434 1544 1666 1591 compositione
1691 1542 1874 1579 huiusmodi

1123 1605 1364 1632 consenserunt.
1383 1596 1571 1632 Praesertim
1592 1609 1662 1632 cum
1687 1597 1786 1645 ipsam
1803 1596 1877 1632 nul-

1124 1651 1184 1685 lam
1212 1663 1294 1695 esse,
1315 1663 1351 1686 ac
1385 1650 1550 1685 iamdictas
1576 1651 1764 1698 apostolicas
1790 1651 1877 1686 litte-

1125 1717 1174 1739 ras
1208 1705 1240 1739 in
1274 1716 1332 1738 suo
1363 1703 1476 1739 robore
1498 1715 1660 1739 remanere
1691 1704 1834 1745 velimus,
1846 1712 1877 1740 et

1125 1758 1210 1805 ipsas
1232 1757 1300 1802 tibi,
1323 1770 1359 1793 ac
1385 1757 1503 1792 eisdem
1528 1757 1677 1793 fratribus
1703 1757 1742 1792 ab
1768 1769 1876 1793 earum

1124 1811 1340 1846 detentoribus
1355 1811 1495 1846 exhiberi
1524 1823 1604 1858 quos
1625 1811 1662 1845 ad
1693 1811 1738 1852 id,
1765 1812 1790 1846 si
1819 1823 1878 1847 ne-

1125 1876 1214 1900 cesse
1234 1864 1338 1906 suerit,
1362 1877 1418 1912 per
1439 1876 1604 1913 censuram
1632 1865 1876 1901 ecclesiasticam

1126 1918 1336 1965 appellatione
1362 1926 1480 1953 remota
1519 1918 1701 1965 compellas.
1736 1918 1877 1954 Praece-

1127 1980 1214 2018 ptum
1238 1980 1382 2006 nostrum
1409 1971 1495 2018 quod
1517 1984 1555 2006 ex
1581 1979 1646 2006 toto
1672 1970 1778 2006 cordis
1802 1971 1878 2007 affe-

1127 2034 1178 2060 ctu
1202 2025 1256 2059 tibi
1285 2025 1465 2072 dirigimus,
1488 2025 1591 2061 taliter
1617 2025 1821 2073 impleturus,
1842 2034 1877 2061 ut

1127 2077 1264 2114 efficacis
1301 2079 1499 2115 obedientiae
1539 2078 1737 2126 gaudeamus
1774 2079 1807 2114 in
1847 2087 1877 2115 te

1128 2132 1414 2179 promptitudinem
1449 2134 1619 2168 invenisse.
1653 2133 1738 2169 Alias
1772 2140 1876 2168 autem

1130 2197 1185 2232 pro
1226 2185 1318 2221 firmo
1351 2194 1470 2227 teneas,
1503 2187 1587 2234 quod
1630 2186 1876 2234 indignationem

1129 2247 1267 2273 nostram
1282 2248 1388 2274 contra
1404 2252 1570 2287 personam
1585 2240 1764 2285 tuamlicet,
1778 2240 1876 2288 ipsam

1130 2291 1160 2325 in
1189 2291 1318 2327 Christo
1341 2293 1553 2329 sincerissime
1568 2293 1747 2341 diligamus,
1764 2294 1879 2341 gravis-

1129 2345 1207 2380 sime
1238 2347 1431 2392 provocabis.
1460 2346 1552 2389 Quod
1581 2348 1666 2382 enim
1693 2359 1789 2395 snper
1818 2347 1878 2382 hoc

1131 2398 1288 2434 inveneris
1314 2408 1344 2434 ct
1366 2399 1486 2439 seceris,
1515 2400 1606 2436 nobis
1631 2401 1686 2448 per
1711 2408 1780 2436 tuas
1794 2401 1879 2436 litte-

1130 2463 1179 2485 tas
1201 2451 1334 2487 fideliter
1357 2453 1502 2488 intimare
1530 2465 1690 2501 procures.

1179 2504 1292 2540 Datum
1316 2505 1479 2553 Anagniae
1500 2508 1610 2555 quinto
1627 2507 1777 2543 kalendas
1798 2508 1879 2555 iulii,

1131 2559 1332 2606 pontificatus
1357 2561 1452 2596 nostri
1474 2573 1557 2596 anno
1579 2561 1680 2596 tertio.

1179 2613 1238 2645 Dat.
1258 2615 1304 2646 die
1330 2616 1366 2646 27
1385 2617 1459 2647 iunii
1479 2616 1564 2655 1257,
1592 2617 1694 2657 pontif.
1718 2627 1765 2649 an.
1786 2626 1829 2650 ιιι.
