2129 3223
29 238 78 267 An.
93 241 122 268 C.
145 241 210 266 1199

38 443 91 470 Quid
131 442 206 465 lartius

27 473 58 496 rt·

14 2119 20 2146 ⁵.
63 2128 97 2148 uid
107 2126 212 2154 Eugemus

0 2147 23 2226 ἐξ

30 2125 68 2179 23.

79 2157 107 2178 itt
118 2161 138 2179 et
154 2158 211 2179 Ana-

801 240 1010 262 lxxem-:Num
1034 241 1068 263 ΙΙΙ
1095 241 1139 262 ΓΡ.

224 296 316 330 etiam
347 295 490 330 Urbanus
513 293 670 341 episcopis
687 293 863 328 Britanniae
877 306 966 328 suam

224 345 410 379 sententiam
458 343 656 378 denuncians
707 344 885 389 praecepit,
936 351 968 377 nt

224 394 383 429 Turonen.
420 392 500 427 sicut
539 393 777 439 archiepiscopo
814 406 870 425 sno
910 393 967 427 im-

224 451 383 490 posterum
424 442 599 477 obedirent.
637 443 717 478 Cnin
753 450 854 477 autem
886 451 969 488 post-

223 491 351 527 modum
375 500 517 539 tempore
539 492 639 527 honac
675 492 843 526 memoriae
879 491 966 527 Lucii

223 541 325 589 Papae
347 541 373 576 ll
404 553 498 576 causa
527 541 634 576 eadem
665 541 775 576 suisset
806 540 843 576 ad
884 542 968 588 Apo-

222 591 352 626 stolicae
401 590 494 626 Sedis·
542 590 732 625 audientiam
782 600 969 637 procurante

222 640 336 676 Dolen.
365 640 505 675 Ecclesia
538 649 695 675 revocata.
724 641 802 687 ipse,
838 648 969 687 utraque

223 698 307 736 parte
330 698 505 736 praesente,
529 689 619 724 latain
648 690 686 724 ab
709 690 818 724 eodem
843 689 969 724 Urbano

223 751 279 786 per
299 740 486 775 sententiam
510 740 719 774 confirmavit:
742 748 772 774 et
807 738 966 774 anonen.

221 788 397 824 Ecclesiam
421 801 516 836 snper
542 788 654 823 Dolen.
678 797 707 823 et
735 788 865 834 aliorum
899 790 969 836 epi-

223 850 392 886 scoporum
417 838 594 873 Britanniae
621 838 796 873 obedientia
826 851 880 885 per
909 839 969 873 ba-

223 887 330 923 culum
369 888 535 923 investivit:
575 888 793 936 praecipiens,
828 896 860 922 ut
908 898 968 923 tam

222 937 334 972 Dolen.
363 950 456 985 quam
484 938 596 972 caeteri
620 938 758 985 episcopi
789 938 969 972 Britanniae

222 986 382 1022 Toronen.
430 986 591 1022 Ecclesiae
639 995 784 1034 tanquam
828 988 969 1035 propriae

222 1036 387 1084 metropoli
423 1036 636 1076 subiacerent,
678 1045 705 1071 et
754 1038 779 1071 ei
832 1037 968 1072 debitam

221 1085 430 1121 obedientiam
478 1094 506 1120 et
560 1087 764 1121 reverentiam
821 1086 968 1121 exhihere

221 1143 379 1170 curarent.¹
400 1135 467 1169 Hac
489 1143 591 1169 tamen
621 1136 834 1170 moderatione
854 1136 968 1178 habita,

222 1192 257 1218 ut
283 1184 323 1219 G.
362 1192 436 1219 tunc
470 1184 582 1219 Dolen.
619 1185 788 1232 episcopus
823 1186 969 1220 retineret

223 1244 315 1268 usum
343 1233 434 1281 pallei
457 1234 559 1281 quoad
591 1236 716 1272 viver-ei.
757 1243 785 1269 et
824 1235 968 1270 Romano

222 1291 343 1318 tantum
380 1283 522 1318 Pontifici
566 1283 753 1328 subiaceret,
801 1285 855 1319 sed
900 1293 968 1332 post

222 1333 326 1380 ipsum
354 1332 462 1367 nullus
483 1332 595 1367 Dolen.
617 1333 787 1380 episcopus
810 1333 847 1368 ad
873 1347 965 1369 usum

223 1381 316 1429 pallei
339 1382 502 1428 aspiraret,
530 1382 609 1417 sicut
637 1384 667 1417 in
711 1391 838 1418 ostenso
879 1383 968 1418 nobis

224 1431 325 1476 ipsius
359 1431 541 1466 authentico
577 1431 739 1478 privilegio
781 1434 967 1468 continetur.

222 1480 284 1523 Qui
310 1481 403 1515 etiam
423 1480 570 1515 Briocen.
592 1489 620 1515 et
647 1481 773 1516 Trecor.
803 1483 969 1529 episcopos

223 1530 262 1564 ab
298 1529 476 1565 ohedientia
518 1530 630 1565 Dolen.
672 1531 814 1566 absolvit:
857 1540 885 1567 et
939 1542 969 1567 ut

223 1579 382 1614 Toronen.
421 1579 658 1627 archiepiscopo
696 1582 900 1616 reverentiam
941 1590 968 1616 et

222 1628 432 1665 obedientiam
446 1629 630 1663 exhiberent
645 1629 794 1671 iniunxit3
807 1630 968 1671 adiiciens,

222 1677 306 1726 quod
333 1678 358 1712 si
382 1677 517 1713 mandati
545 1687 652 1713 essent
684 1679 847 1726 apostolici
892 1694 970 1715 con-

223 1735 408 1774 temptores,
447 1728 633 1762 sententiam
676 1742 769 1776 quam
808 1729 968 1765 Toronen.

224 1777 377 1823 proferret
398 1777 428 1811 in
451 1789 518 1821 eos,
537 1785 634 1812 ratam
654 1778 796 1822 haberet,
810 1787 840 1814 et
856 1780 969 1815 faceret

224 1825 444 1861 inviolabiliter
475 1826 645 1861 observari.
685 1827 839 1862 Mandans
878 1830 969 1864 etiam

223 1875 332 1910 comiti
358 1882 389 1910 et
411 1875 585 1910 baronibus
608 1876 800 1921 Britanniae,
829 1885 858 1912 ut
895 1892 970 1914 sen-

224 1925 339 1959 tentiae
373 1924 551 1959 nullatenus
593 1926 764 1965 obviarent.
807 1928 861 1963 sed
901 1941 968 1963 eam

224 1981 408 2021 paterentur
428 1975 605 2009 executioni
634 1976 785 2011 mandari.
820 1977 969 2025 Alioquin

224 2031 321 2058 ratam
343 2022 471 2058 haberet
494 2025 692 2065 sententiam,
729 2039 822 2073 quani
865 2027 969 2062 Turo—

224 2084 297 2108 nen.
331 2072 589 2121 archiepiscopus
636 2075 665 2109 in
705 2076 967 2112 contradictorem

224 2121 396 2170 quemlibet
446 2123 667 2169 promulgaret.
718 2125 805 2160 Hanc
864 2135 968 2161 autem

31 2190 106 2210 nuru
121 2188 161 2210 rr.
175 2187 210 2209 iv.
224 2171 367 2207 eiusdem
393 2171 479 2206 Lucii
514 2174 696 2208 sententiam
734 2175 896 2221 Eugenius
939 2185 969 2210 et

224 2221 408 2256 Anastasius
430 2233 630 2256 successores
653 2223 750 2269 ipsius
787 2226 969 2260 auctoritate

224 2270 393 2317 apostolica
435 2271 670 2307 confirmarunt:
706 2281 734 2307 et
774 2274 854 2310 idern
903 2275 969 2309 En-

224 2319 336 2366 genius
363 2328 460 2356 ratam
488 2321 592 2355 habuit
633 2324 968 2359 excommunicationis

225 2369 423 2413 sententiam,
445 2381 537 2416 quam
562 2370 592 2404 in
612 2369 723 2405 Dolen.
757 2380 787 2407 et
822 2374 966 2408 Briocer..

1638 231 1703 263 ll‘)

1009 293 1121 329 Dolen.
1139 296 1308 330 canonicos
1330 305 1358 331 ct
1381 296 1511 332 clericos
1535 307 1607 331 cum
1629 296 1754 331 decreto

1009 343 1137 390 capituli
1165 344 1413 392 subscriptiones
1440 345 1662 381 canonicorum
1685 357 1754 379 om-

1011 393 1096 428 nium
1120 394 1314 437 continente,
1337 395 1532 431 absolutione
1555 402 1678 443 recepta
1717 394 1755 429 ab

1009 443 1250 491 archiepiscopo
1287 444 1460 484 Turnicn„
1508 444 1611 480 cidem
1652 444 1755 479 archi-

1009 492 1158 540 episcopo
1182 503 1404 540 praesentavit,
1426 503 1454 528 et
1477 495 1503 530 ci
1528 494 1753 542 professionem

1011 541 1093 585 l'ecit,
1120 543 1199 577 sient
1218 543 1268 577 alii
1297 544 1483 591 snll'raganei
1516 544 1756 591 archiepiscopo

1010 604 1070 626 suo
1097 591 1197 627 tacere
1228 602 1471 634 consueverunt,
1509 607 1544 628 ac
1580 593 1704 628 rediens
1740 607 1754 626 a

1010 641 1093 676 clero
1112 650 1141 676 et
1165 643 1281 689 populo
1305 643 1414 677 Dolen.
1440 644 1495 677 tuit
1526 655 1598 677 curn
1629 655 1756 689 proces-

1010 691 1100 726 sione
1128 702 1285 738 receptus.
1311 692 1347 726 Et
1371 693 1441 727 licet
1479 692 1558 727 idem
1596 692 1634 726 H.
1671 701 1757 739 post-

1011 741 1152 780 modum,
1176 741 1255 776 sicut
1280 742 1317 775 ab
1351 742 1480 776 adversa
1515 750 1600 789 parte
1635 754 1757 789 propo-

1012 790 1094 824 nitur
1116 790 1257 836 pallium,
1280 801 1309 825 et
1342 791 1570 826 absolutionem
1605 791 1757 826 obedien-

1012 840 1082 883 tiae,
1104 853 1197 887 quam
1227 841 1256 875 in
1295 842 1531 876 consecratione
1566 854 1622 875 sua
1662 841 1758 875 exhi-

1013 888 1118 924 buerat
1142 889 1300 925 Ecclesiae
1326 891 1500 931 Turonen.,
1520 891 1611 926 tacita
1632 890 1671 925 de
1688 891 1758 926 latis

1011 940 1177 974 sententiis
1200 942 1338 976 veritate.
1362 949 1391 975 et
1420 940 1552 976 salsitate
1587 948 1755 987 suggesta:

1011 988 1130 1023 scilicet
1161 990 1246 1036 quod
1275 989 1337 1029 ille,
1366 991 1418 1037 qui
1459 999 1534 1025 tunc
1577 991 1606 1024 in
1644 989 1756 1024 Dolen.

1013 1037 1151 1073 Ecclesia
1191 1040 1387 1085 praesulatus
1422 1039 1548 1085 gerebat
1591 1039 1728 1074 officium
1750 1067 1757 1079 ,

1013 1088 1150 1122 fraudem
1173 1088 1368 1127 adhibuerat,
1392 1102 1449 1124 nec
1475 1089 1665 1123 sufficienter
1692 1102 1759 1135 par-

1012 1145 1072 1172 tem
1096 1138 1208 1173 Dolen.
1237 1138 1396 1173 Ecclesiae
1418 1138 1611 1180 defenderat,
1633 1151 1648 1172 a
1675 1138 1759 1172 Sede

1013 1186 1192 1233 Apostolica
1233 1188 1443 1235 impetrasset:
1489 1187 1614 1222 rediens
1655 1196 1757 1222 tamen

1012 1236 1112 1270 eidem
1136 1237 1373 1284 archiepiscopo
1394 1237 1529 1272 debitam
1546 1236 1757 1272 obedientiam

1012 1285 1160 1320 exhibere
1181 1287 1313 1325 curavit,
1335 1295 1365 1321 et
1384 1300 1416 1321 se
1445 1287 1541 1321 teneri
1567 1287 1758 1333 recognovit,

1012 1335 1127 1375 eidem,
1154 1335 1190 1370 ad
1226 1336 1394 1370 concilium
1431 1336 1499 1370 eius
1532 1345 1662 1371 vocatus
1701 1348 1759 1370 ac-

1012 1386 1119 1429 cessit,
1138 1394 1167 1419 et
1191 1395 1251 1419 tam
1275 1386 1302 1420 ei
1326 1398 1420 1431 quani
1444 1385 1466 1419 l.
1490 1385 1633 1420 eiusdem
1652 1385 1759 1421 archi-

1011 1434 1152 1481 episcopi
1197 1435 1374 1469 successori
1416 1434 1638 1474 obedientiam,
1677 1435 1759 1469 sicut

1012 1496 1070 1517 suo
1107 1485 1348 1531 metropolitano
1389 1493 1565 1519 reverenter
1595 1484 1758 1532 impendit.

1012 1532 1090 1567 sicut
1115 1546 1169 1580 per
1192 1542 1288 1568 testes
1311 1534 1408 1568 suerat
1443 1534 1580 1580 legitime
1613 1547 1759 1581 compro-

1013 1581 1129 1616 batum.
1165 1583 1226 1625 Qui
1262 1596 1332 1618 cnm
1371 1583 1507 1623 tandem,
1546 1584 1617 1631 quia
1661 1591 1759 1618 traus-

1012 1644 1138 1678 gressus
1162 1633 1258 1668 fuerat
1279 1633 1440 1680 proprium
1464 1633 1686 1677 iuramentum,
1720 1633 1759 1668 ab

1012 1681 1122 1716 eodem
1148 1682 1169 1715 Ι.
1194 1683 1305 1717 fuisset
1327 1683 1663 1717 excommunicationis
1691 1683 1759 1717 vin-

1012 1731 1082 1765 culo
1116 1732 1295 1772 innodatus,
1327 1732 1453 1767 tandem
1489 1732 1637 1767 caecitate
1680 1745 1758 1779 per-

1012 1791 1134 1824 cussuS,
1159 1782 1334 1827 poenitens,
1353 1790 1382 1816 et
1403 1781 1442 1816 de
1470 1782 1608 1828 periurio
1644 1789 1758 1829 sponte

1012 1830 1185 1870 confessus,
1220 1830 1427 1866 absolutionis
1461 1831 1499 1866 ab
1542 1843 1579 1866 eo
1605 1831 1757 1867 beneficio

1012 1879 1189 1926 impetrato,
1216 1881 1369 1915 annulum
1398 1881 1491 1916 etiam
1523 1881 1549 1915 ei
1572 1881 1755 1927 resignavit:

1012 1929 1095 1975 quod
1120 1937 1218 1964 totum
1253 1943 1307 1977 per
1341 1938 1437 1965 testes
1471 1930 1569 1965 fuerat
1608 1943 1757 1977 compro-

1012 1978 1130 2013 batum.
1156 1979 1240 2014 ldem
1263 1993 1389 2027 quoque
1413 1980 1615 2015 Adrianus-in
1631 1980 1757 2019 litteris,

1011 2040 1088 2074 quas
1116 2041 1185 2075 pars
1206 2029 1334 2064 adversa
1357 2042 1452 2076 super
1474 2030 1565 2077 pallio
1587 2029 1688 2064 eidem
1716 2029 1754 2064 H.

1011 2089 1174 2116 concesso,
1203 2079 1334 2117 inducit,
1371 2080 1450 2114 inter
1489 2089 1610 2115 caetera
1651 2087 1756 2126 prote-

1012 2135 1121 2170 statur,
1157 2128 1240 2175 quod
1281 2129 1353 2175 quia
1400 2141 1495 2176 super
1546 2129 1754 2164 controversia

1012 2177 1185 2222 proposita,
1215 2178 1337 2224 plenam
1372 2191 1432 2213 non
1472 2185 1612 2225 potuerat
1643 2178 1754 2224 cogni—

1012 2226 1126 2260 tionem
1152 2227 1279 2271 habere,
1306 2240 1378 2262 cum
1401 2227 1495 2262 altera
1524 2240 1594 2275 pars
1628 2228 1658 2261 in
1698 2239 1754 2262 ne-

1010 2276 1135 2320 gatione
1165 2277 1363 2316 consisteret,
1401 2286 1430 2311 et
1465 2289 1497 2311 se
1539 2289 1600 2311 non
1637 2276 1753 2311 habere

1011 2325 1191 2359 mandatum
1216 2326 1342 2372 penitus
1380 2326 1558 2364 affirmaret,
1601 2326 1675 2360 nihil
1715 2326 1753 2360 ab

1010 2385 1048 2408 eo
1070 2373 1170 2409 fuerat
1199 2387 1296 2422 super
1329 2375 1443 2409 eodem
1481 2375 1612 2421 negocio
1649 2377 1753 2410 termi-

1769 240 1815 265 Aa,
1834 238 1862 264 C.
1884 237 1951 263 troo

224 2418 356 2454 clericos
381 2419 420 2453 E.
445 2427 520 2454 tunc
541 2419 968 2469 Turonenarchiepiscopus
987 2425 990 2458 l
1010 2431 1129 2458 aarum,
1153 2422 1267 2459 Felicis
1294 2426 1386 2459 etiam
1410 2425 1637 2459 recordatiouis
1676 2425 1751 2460 Ale·
1779 2441 1830 2467 Qun
1858 2441 1935 2461 ‚oum

225 2475 354 2515 propter
386 2480 495 2503 eorum
543 2469 785 2505 inobedientiam

225 2525 322 2563 gerat.
364 2517 504 2553 Tandem
541 2531 613 2553 vero
664 2517 775 2554 Dolen.

829 2473 968 2518 promul·
987 2467 992 2485 ‘

827 2520 967 2557 Ecciesia
987 2514 991 2562 i
1011 2532 1105 2557 (esna
1136 2525 1237 2564 Lucii,
1272 2524 1506 2560 confirmatione
1545 2522 1678 2570 Eugenii
1722 2534 1752 2559 et

1010 2482 1079 2507 san,
1104 2473 1188 2521 ijspa
1210 2474 1436 2520 praedecessor
1457 2481 1565 2509 noster
1604 2474 1642 2509 de
1683 2487 1753 2510 sen-

226 2567 397 2602 sententiae
421 2579 528 2614 parere
547 2575 663 2604 coacta.
691 2568 856 2615 Hugonem
896 2580 969 2606 tunc
987 2571 991 2606 l
1010 2570 1179 2618 misensis,
1202 2575 1366 2609 concordia
1386 2573 1438 2613 H.,
1466 2582 1497 2608 et
1521 2573 1613 2621 pallio
1635 2573 1694 2621 ipsi
1712 2574 1750 2609 H.

227 2615 359 2650 electum
387 2629 479 2651 sunm
502 2617 750 2653 consecrandum
775 2631 828 2663 per
860 2623 966 2655 decem
987 2624 990 2643 ¹
1009 2631 1047 2655 an
1069 2625 1143 2656 Anax
1174 2625 1255 2669 Papa
1282 2635 1432 2658 concesso
1456 2623 1556 2658 hahita
1581 2623 1750 2661 mentione.

1767 2473 1800 2491 dei
1818 2471 1849 2492 Pr
1875 2471 1901 2491 ttt
