2129 3223
130 284 179 311 An.
198 284 225 311 C.
244 285 310 311 ίὲῗίέ
375 276 444 309 558

910 282 1034 308 RULLAR
1041 285 1097 308 lUM
1125 285 1285 307 ROMAM‘M

1865 286 1914 313 An.
1932 283 1960 311 C.
1976 284 2042 312 tetta

325 338 604 375 constitutionibus
626 347 655 373 et
676 338 797 386 legibus
824 348 930 375 contra
958 340 1068 374 liaere—
1124 341 1270 385 Sequitur
1292 341 1459 374 declaratio
1484 342 1581 374 dictae
1601 341 1832 374 constitutionis.

325 391 401 424 ticos
423 396 453 423 et
474 399 583 422 eorum
600 387 772 435 complices
792 388 886 425 editis
904 389 1069 424 continen-

323 446 383 481 tur,
405 445 435 472 et
458 449 570 484 punire
592 437 677 483 ipsos
695 437 719 472 si
742 439 933 474 excesserint
952 439 981 473 iu
1005 451 1069 473 om-

1373 421 1469 452 SUMM
1476 424 1493 452 A
1500 423 1586 453 [uuiti

322 487 415 522 nibus
437 494 467 521 et
494 486 638 533 singulis,
661 499 739 534 quae
761 488 933 528 omiserint,
955 496 983 522 et
1012 500 1067 522 co-
1111 490 1133 520 l.
1153 490 1235 525 Quod
1257 490 1291 520 de
1324 490 1536 520 haereticorum
1561 489 1695 519 domibus
1713 494 1851 519 statutum

321 548 394 582 gere
416 535 581 571 restituere
608 536 647 571 de
671 537 794 584 propria
818 537 979 578 facultate3
1006 550 1065 571 non

321 585 464 620 obstante
486 585 511 620 si
541 597 596 632 per
621 585 754 633 aliquam
785 586 938 621 licentiam
962 586 1067 621 consi-

322 635 366 676 lii,
390 634 435 669 vel
467 634 594 669 alterius
621 634 787 670 cuiuslibet
810 649 824 670 a
852 636 1067 683 syndicatione

322 684 437 718 suerint
458 683 604 719 absoluti.

621 756 688 791 LEx
714 760 768 790 56.

368 827 389 874 ἓ
417 830 472 861 37.
505 826 655 862 Iurabunt
689 835 792 861 autem
826 827 975 875 praedicti
1007 835 1068 861 tres

320 875 376 911 viri
419 876 497 911 bona
533 876 593 910 fide
633 876 796 924 syndicare
839 876 991 924 praefatos
1029 877 1067 911 de

320 925 469 961 omnibus
490 925 690 973 supradictis.

622 997 693 1032 Lux
717 1000 772 1031 57.

369 1069 389 1116 S
411 1071 467 1102 38.
490 1067 657 1103 Caeterum
681 1076 824 1103 teneatur
847 1077 984 1116 potestas
1011 1081 1068 1103 seu

299 1125 420 1153 rector
441 1117 610 1152 cuiuslibet
632 1118 763 1152 civitatis
786 1118 830 1153 vel
863 1118 921 1153 loci
951 1118 1055 1153 delere

320 1179 374 1202 seu
402 1166 552 1202 abradere
579 1167 706 1214 penitus
730 1167 768 1201 de.
789 1168 913 1202 statutis
940 1167 984 1201 vel
1014 1179 1068 1201 ca—

318 1219 505 1267 pitularibus
526 1219 724 1261 Communis,
753 1220 975 1268 quodcumque
1006 1230 1069 1256 sta-

318 1281 431 1319 tutum,
461 1273 622 1309 conditum
655 1274 698 1309 vel
728 1274 941 1315 condendum,
975 1275 1067 1309 inve—

320 1329 423 1363 niatur
450 1328 661 1363 contradicere
684 1328 750 1363 istis
772 1328 1067 1372 constitutionibus,

318 1393 372 1416 seu
400 1382 522 1417 statutis
543 1391 572 1416 et
598 1382 720 1428 legibus
742 1382 977 1428 quomodolibet
1007 1384 1064 1417 ol)-

130 1122 163 1143 St
168 1127 210 1144 tuta
201 1124 249 1175 :risit
241 1130 296 1145 eon

124 1157 185 1174 trari-
224 1157 261 1174 rint
264 1158 278 1175 t.

318 1436 416 1470 viare:
447 1443 477 1470 et
504 1435 534 1470 in
568 1435 735 1483 principio,
763 1445 792 1470 et
820 1436 850 1469 in
879 1436 983 1471 medio
1017 1438 1065 1471 sui

319 1488 492 1535 regiminis,
521 1488 597 1523 baec
629 1496 753 1532 statuta,
781 1501 834 1523 seu
864 1491 1068 1525 constitutio-

320 1556 375 1577 nes
397 1550 428 1577 et
445 1542 531 1588 leges
550 1543 580 1576 in
605 1542 730 1589 publica
747 1544 899 1578 concione
917 1544 1067 1579 solemni-

319 1604 364 1630 ter
392 1597 492 1631 facere
518 1596 656 1636 recitari;
683 1604 713 1630 et
734 1597 826 1631 etiarn
850 1598 880 1631 in
902 1597 971 1632 aliis
993 1598 1067 1633 locis

318 1657 402 1684 extra
429 1650 585 1684 civitatem
623 1662 711 1684 suam
748 1650 795 1685 vel
831 1650 951 1690 locum,
987 1652 1067 1686 sicut

317 1703 515 1747 dioecesano,
530 1716 584 1738 seu
603 1704 853 1750 inquisitoribus,
870 1713 899 1740 et
918 1705 1067 1741 fratribus

317 1755 504 1803 supradictis
530 1757 631 1791 visum
654 1758 746 1792 suerit
768 1758 926 1805 expedire.

611 1828 681 1863 LEx
711 1831 767 1863 58.

368 1900 388 1947 g
410 1901 467 1934 59.
494 1899 592 1935 Porro
619 1900 694 1935 llaec
722 1902 826 1936 omnia
856 1910 980 1941 statuta,
1010 1915 1066 1938 seu

321 1954 559 1989 constitutiones
581 1962 612 1988 et
639 1954 737 2001 leges,
764 1963 795 1989 et
825 1955 849 1990 si
877 1968 957 2002 quae
989 1957 1067 1992 aliae

320 2015 427 2043 contra
459 2007 645 2048 haereticos,
677 2017 707 2042 et
740 2021 849 2044 eorum
883 2010 1055 2057 complices

321 2069 461 2109 tempore
483 2061 588 2109 aliquo
608 2062 792 2096 auctoritate
814 2062 907 2097 Sedis
929 2062 1067 2110 Aposto-

321 2115 398 2150 licae
419 2114 642 2159 conderentur,
660 2115 688 2149 in
705 2123 839 2163 quatuor
855 2115 1067 2152 voluminibus

321 2169 415 2204 unius
443 2168 561 2204 tenoris
579 2168 714 2203 debeant
735 2169 906 2204 contineri:
933 2182 1065 2216 quorum

322 2235 418 2257 unum
445 2222 484 2257 sit
512 2222 540 2256 in
563 2223 724 2257 statutario
746 2222 932 2258 Communis
955 2225 1067 2258 cuius-

322 2275 394 2311 libet
419 2276 565 2320 civitatis,
590 2275 766 2310 secundum
794 2276 877 2323 apud
908 2277 1067 2313 dioecesa-

138 1958 193 1980 Haee
238 1962 306 1980 autem

125 1993 213 2017 quatuor
237 1991 257 2011 in
279 1990 307 2011 li-

125 2022 168 2043 bris
183 2021 307 2043 describen-

125 2054 157 2073 de.

323 2343 410 2371 num,
437 2330 562 2365 tertium
586 2330 667 2376 apud
690 2329 799 2365 fratres
822 2329 1066 2371 Praedicatores,

322 2392 467 2432 quartum
491 2384 573 2432 apud
596 2384 706 2418 fratres
729 2383 876 2428 Minores,
892 2396 964 2419 cum
981 2385 1066 2419 omni

322 2439 501 2473 sinceritate
523 2445 696 2477 serventur,
718 2449 757 2472 ne
776 2438 897 2485 possint
914 2450 969 2485 per
982 2438 1067 2473 salsa-

324 2491 386 2526 rios
407 2492 437 2526 in
459 2491 564 2538 aliquo
590 2490 707 2526 violari.

372 2544 484 2580 Datum
514 2545 633 2580 l’erusii
662 2544 767 2580 idibus
791 2545 875 2590 maii,
904 2546 1067 2593 pontifica—

325 2607 374 2633 tus
395 2599 491 2633 nostri
520 2611 603 2635 anno
625 2611 720 2635 nono.

373 2654 432 2684 Dat.
452 2656 498 2684 die
518 2656 554 2685 15
577 2657 644 2685 maii
666 2656 750 2691 1252,
768 2657 868 2695 pontif.
884 2666 960 2687 anno
979 2667 1015 2687 ix.

1147 540 1199 567 est,
1214 534 1434 573 intelligendum
1455 534 1540 563 etiam
1561 533 1596 563 de
1618 533 1757 563 turribus.

1106 609 1274 637 Innocentius
1293 609 1431 644 episcopus
1457 614 1552 636 servus
1570 614 1708 637 servorum
1726 608 1781 642 not,
1813 610 1852 638 di·

1149 658 1232 687 lectis
1249 658 1315 686 tiliis
1338 657 1474 686 fratribus
1499 656 1600 686 ordinis
1623 656 1852 690 Praedicator-um.

1150 706 1356 743 inquisitoribus
1370 706 1527 734 haereticae
1538 705 1688 741 pravitatis
1706 706 1735 734 in
1743 707 1853 742 provin-

1151 755 1192 783 cia
1207 755 1388 787 Lombardiae.
1409 755 1524 783 satutem
1540 756 1570 783 et
1585 754 1764 790 apostoticam
1774 755 1852 784 bane·

1150 804 1304 833 dictionem.

1155 876 1236 910 Cum
1255 875 1285 910 in
1308 875 1585 910 constitutionibus
1607 888 1708 924 nuper
1722 888 1737 910 a
1761 875 1852 912 nobis

1107 933 1214 959 contra
1244 925 1415 959 haereticos
1443 925 1658 972 promulgatis,
1689 926 1770 960 inter
1794 926 1851 960 alia

1107 975 1258 1009 contineri
1281 974 1401 1009 dicatur
1427 986 1586 1021 expresse,
1614 983 1647 1009 ut
1673 974 1798 1018 domus,
1820 977 1850 1010 in

1107 1036 1167 1071 qua
1217 1023 1393 1059 haereticus
1437 1023 1483 1058 vel
1519 1024 1670 1059 haeretica
1707 1025 1852 1060 inventus

1108 1073 1211 1113 suerit,
1230 1085 1264 1107 ac
1284 1073 1310 1107 ci
1333 1073 1510 1119 contiguae,
1529 1073 1553 1108 si
1576 1073 1692 1108 suerint
1709 1074 1850 1109 eiusdem

1107 1122 1248 1163 domini,
1283 1122 1350 1157 sine
1382 1134 1438 1170 spe
1472 1123 1676 1178 reparationis
1709 1123 1851 1158 funditus

1108 1171 1320 1212 destruantur
1345 1181 1451 1207 nostro
1473 1172 1594 1219 petistis
1615 1171 1779 1208 certificari
1806 1185 1860 1208 re·-

1108 1233 1236 1268 sponso
1264 1221 1338 1268 quid
1362 1221 1402 1256 sit
1425 1221 1463 1256 de
1491 1221 1658 1256 turribus'
1652 1234 1681 1255 in
1705 1234 1778 1257 casu
1799 1222 1851 1256 hu-

1108 1270 1243 1305 iusmodi
1267 1270 1508 1305 observandum

1157 1321 1176 1367 g
1209 1320 1305 1354 1.Ad
1334 1319 1416 1373 quod
1449 1320 1584 1355 breviter
1611 1319 1849 1368 respondemus
1874 1336 1974 1364 Quodne
1991 1336 2044 1357 ιω-
2078 1354 2085 1361 ,

1107 1370 1190 1416 quod
1215 1377 1338 1404 nostrae
1361 1369 1542 1404 intentionis
1563 1369 1663 1404 extitit
1684 1378 1713 1405 et
1734 1370 1850 1415 existit,
1861 1367 2042 1421 :ffiffi‘fflmffm

1107 1427 1140 1453 ut
1169 1420 1198 1453 in
1226 1431 1262 1453 eo
1296 1431 1380 1458 casu
1410 1418 1491 1453 idern
1527 1419 1556 1453 in
1587 1419 1724 1455 turribus
1757 1427 1788 1455 et
1818 1419 1848 1454 in
1861 1434 1901 1455 est
1923 1429 2046 1457 intelligan-

1107 1468 1251 1503 domibus
1274 1468 1425 1503 iudicium
1449 1468 1639 1503 observ.etur
1861 1462 1993 1514 ffi'f'ffissss'm
2019 1462 2045 1482 ‘¹⁰

1155 1522 1169 1560 g
1197 1521 1229 1551 2.
1255 1517 1439 1564 Liguamina
1462 1529 1546 1558 vero,
1572 1517 1694 1565 lapides
1714 1525 1743 1553 et
1761 1526 1851 1565 tegu-

1107 1566 1151 1600 las
1183 1567 1347 1601 domorum
1388 1574 1417 1601 et
1450 1567 1598 1607 turrium,
1635 1579 1716 1615 quae
1749 1568 1851 1603 taliter

1107 1616 1318 1657 (lestimuentur
1348 1627 1384 1650 eo
1412 1615 1505 1650 modo
1535 1616 1679 1652 distribui
1706 1616 1852 1652 decerni-

1107 1678 1186 1705 mus,
1215 1678 1276 1713 quo
1305 1677 1353 1705 res
1384 1665 1458 1700 alias
1485 1665 1601 1700 ibidem
1628 1666 1769 1702 inventas
1802 1666 1851 1701 di-

1107 1719 1166 1753 vidi
1195 1719 1379 1754 mandamus
1407 1719 1436 1753 in
1459 1719 1736 1755 constitutionibus
1763 1728 1851 1755 ante-

1107 1769 1209 1808 dictis.

1156 1827 1269 1863 Datum
1297 1827 1459 1875 Anagniae
1486 1837 1596 1875 quarto
1625 1828 1771 1864 kalendas
1792 1841 1850 1864 au-

1106 1883 1201 1928 gusti,
1220 1882 1420 1929 pontifieatus
1437 1882 1536 1917 nostri
1551 1895 1634 1917 anno
1651 1882 1849 1918 duodecimo.

1409 2074 1548 2110 XXVIII.

1108 2155 1242 2188 Ecclesia
1271 2157 1403 2190 Sanctae
1430 2157 1552 2190 Mariae
1573 2158 1608 2190 de
1633 2157 1806 2191 Ara-Coeli
1819 2158 1852 2190 in

1159 2209 1236 2242 Urbe
1256 2221 1291 2242 ac
1311 2211 1528 2244 monasterium
1550 2221 1647 2256 prope
1672 2211 1757 2245 illam
1777 2221 1852 2244 con-

1153 2262 1290 2296 stitutum
1306 2264 1454 2308 fratribus
1466 2264 1583 2298 ordinis
1599 2264 1757 2299 Minorum
1773 2264 1852 2299 San-

1155 2316 1195 2348 cti
1215 2316 1374 2353 Francisci
1399 2317 1571 2351 conceditur
1594 2321 1655 2360 (1).

1372 2403 1586 2434 SUMMARlUM

1106 2466 1271 2498 Exordium.
1294 2486 1332 2491 —
1351 2469 1515 2500 Mandatum
1536 2469 1587 2500 PP.
1606 2471 1639 2502 de
1661 2470 1804 2503 Minoritis
1820 2474 1849 2503 in

1147 2513 1355 2543 monasterium
1375 2513 1409 2543 de
1433 2514 1584 2544 Ara—Coeli
1599 2515 1799 2547 immittendis.
1812 2534 1851 2540 —

1146 2555 1276 2586 Mandata
1301 2556 1450 2587 pontificis
1469 2558 1629 2597 adimplent
1658 2559 1792 2599 delegati.
1811 2578 1850 2584 —

1146 2599 1331 2631 Innocentius
1363 2602 1432 2632 haec
1461 2601 1622 2639 confirmat,
1650 2604 1729 2634 card.
1755 2609 1849 2644 prote-

1142 2661 1180 2697 (ί)
1194 2662 1231 2689 Ex
1249 2662 1399 2699 Waddingo
1414 2672 1475 2690 nov.
1492 2664 1567 2696 edit„
1584 2668 1649 2692 tom.
1662 2671 1702 2699 in,
1713 2674 1772 2703 pag⁴
1787 2667 1848 2695 509.
