2129 3223
913 232 1012 254 ixussx
1036 232 1148 254 {tanniu
1687 223 1751 256 851

254 285 444 332 Templariis
467 285 652 321 donationes
679 286 877 322 Godel'ridil
911 295 942 321 et
976 286 1139 322 Godefridi
1171 286 1198 321 lt
1241 287 1427 322 Brabantiac
1456 287 1572 321 ducum
1606 287 1807 323 confirman-

354 344 415 378 tur,
442 337 488 369 50
520 337 548 369 b.
584 335 701 370 Eorum
732 337 872 384 magistri
902 336 940 371 ad
973 336 1149 371 Honorium
1187 336 1294 371 literae
1325 337 1364 371 de
1401 344 1482 372 statu
1512 336 1630 373 Terrae
1654 337 1808 377 Sanctae,

358 387 430 419 555
457 397 487 418 a.

255 433 494 469 Terracinensis
522 434 661 469 Ecclesia
693 435 754 468 suh
777 436 919 482 Apostol.
953 435 1045 469 Sedis
1075 436 1269 482 protectione
1304 436 1485 483 suscipitur,
1511 439 1580 471 512
1610 438 1637 470 b.
1667 436 1752 471 Bona
1781 437 1807 470 ei

354 484 595 529 confirmantur,
618 486 694 519 ibid.
720 484 881 520 Uniuntur
907 485 934 519 ei
959 484 1120 520 Ecclesiae
1142 485 1316 519 Privernat.
1345 494 1375 520 et
1402 485 1517 530 Setin.⁷
1546 488 1618 520 515
1645 499 1674 520 α.

254 531 350 567 Terra
372 532 501 568 Sancta.
528 534 575 568 Ad
599 534 668 569 eius
690 534 933 569 subventionem
964 542 994 568 ‹et
1016 535 1290 582 recuperationem
1315 536 1521 570 exhortantur
1541 535 1662 576 fideles,
1686 536 1757 570 222
1777 549 1808 579 α,

355 585 427 617 274
455 585 483 616 b.
503 582 656 618 ludicittu·
683 584 799 618 belluni
824 592 853 618 et
872 585 1010 618 cruciata
1040 597 1094 631 pro
1117 583 1185 619 eius
1208 584 1408 629 liberatione7
1432 587 1502 620 500
1526 586 1556 629 b,
1581 587 1652 619 514
1674 598 1704 620 α,
1727 584 1810 620 013-

359 633 497 667 tionibus
524 640 554 666 ct
581 635 770 680 opportunis
792 634 916 668 auxiliis
944 633 1119 673 liberanda,
1145 636 1209 668 551
1238 647 1268 668 α.

256 680 367 716 Testes
390 682 419 715 111
449 682 554 717 causis
581 682 805 718 ecclesiasticis
827 684 970 718 censuris
994 683 1229 730 compellendi,
1259 687 1303 719 76
1326 698 1356 719 α.

257 731 436 766 Tlteanensi
460 731 624 766 Ecclesiae.
653 732 732 767 bona
756 733 872 773 omnia,
896 732 987 773 finos,
1011 733 1184 780 privilegia,
1207 746 1242 768 ac
1267 735 1433 781 praecipue
1455 734 1594 781 diploma
1618 735 1721 769 favore
1740 735 1811 769 eius

356 781 477 815 editum
501 793 516 815 a
539 780 722 816 Guimondo
750 782 788 816 de
811 782 913 817 Rocca
936 782 1081 818 Romana
1104 782 1346 825 confirmantur,
1369 786 1411 819 91
1444 785 1461 818 b
1484 792 1514 819 et
1540 797 1600 829 seq.

260 830 448 865 Theodinus
471 831 640 866 portuens.
669 832 850 878 episcopus,
879 834 918 866 14
947 844 977 865 a.

259 878 446 914 Theodinus
474 880 650 915 Rainaldus
672 889 700 915 ct
724 881 807 916 silius
829 882 896 915 cius
924 881 1035 915 Petrus
1058 881 1221 916 libertates
1243 890 1274 917 et
1295 883 1519 917 concessiones
1542 882 1721 928 largiuntur
1743 894 1812 917 mo-

361 930 497 963 nasterio
524 928 558 964 S.
582 930 730 964 Matthaei
759 930 798 964 dc
825 930 973 966 Castello.
1001 933 1044 965 15
1073 933 1102 965 b.
1134 930 1252 966 Lucius
1280 931 1321 965 111
1343 932 1406 966 PP.
1433 931 1501 967 illas
1528 931 1706 973 confirmat,
1734 932 1809 965 ibid.

259 977 443 1013 Theodinus
470 978 670 1014 Tlieaneusis
697 980 876 1026 episcopus.
905 981 941 1013 V.
964 980 1142 1015 Tlieanensi
1168 981 1339 1021 Ecclesiae,
1362 990 1414 1015 etc.

260 1027 418 1062 Theodori
443 1028 503 1072 (S.)
527 1028 566 1063 de
587 1029 700 1063 Treliis
722 1029 862 1063 Ecclesia
886 1042 957 1063 cum
982 1030 1050 1063 aliis
1078 1038 1138 1064 13111
1167 1030 1226 1065 loci
1251 1030 1411 1074 eiusdem,
1433 1043 1526 1078 quam
1561 1038 1737 1065 castrorum
1761 1029 1813 1063 Fi-

359 1077 463 1112 lectini
487 1086 517 1112 et
538 1078 799 1124 Vallispetrarum
824 1078 975 1113 Ecclesiis
1002 1078 1161 1125 Anagnini
1189 1079 1330 1127 episcopi
1360 1080 1569 1115 iurisdictioni
1593 1079 1735 1114 subiecta
1762 1078 1815 1113 de-

361 1127 508 1169 claratur,
532 1129 603 1162 426
632 1129 659 1162 b.

261 1175 565 1212 Thessalonicenses
596 1177 826 1224 archiepiscopi
860 1178 1023 1224 primates,
1051 1190 1085 1212 ac
1114 1178 1255 1224 perpetui
1285 1177 1379 1213 Sedis
1406 1178 1607 1226 Apostolicae
1638 1177 1728 1224 legati
1753 1176 1812 1211 de-

361 1225 532 1271 clarautur⁷
559 1227 630 1261 260
658 1240 688 1261 α.
712 1226 846 1261 Pallium
875 1227 920 1260 eis
943 1227 1139 1271 conceditur,
1162 1229 1226 1262 261
1257 1229 1285 1261 b.

262 1274 559 1310 Thessalonicensis
581 1275 742 1310 Ecclesiae
765 1276 914 1322 (lignium,
941 1278 1013 1311 260
1035 1278 1063 1310 b.
1088 1276 1158 1311 Iura
1182 1277 1209 1311 ei
1232 1285 1348 1311 asserta
1371 1289 1387 1311 a
1411 1277 1443 1312 S.
1468 1276 1575 1312 Leone
1589 1277 1716 1322 Magno,
1735 1277 1810 1310 ibid.

361 1324 386 1358 Α
411 1324 540 1359 Nicolao
567 1324 592 1369 1,
615 1326 678 1359 261
709 1339 740 1360 a.
763 1325 931 1371 Privilegia
954 1325 1057 1360 eidem
1079 1337 1228 1361 concessa
1258 1326 1296 1361 ab
1319 1325 1504 1361 Innocentio
1532 1325 1574 1360 111
1597 1334 1627 1361 et
1649 1325 1813 1361 Ecclesiae

362 1373 389 1408 ei
413 1373 585 1418 subiectae,
608 1376 679 1408 262
702 1388 731 1409 α.

265 1422 433 1458 Theumon
457 1423 703 1469 Bambergensis
725 1424 905 1470 episcopus„
931 1427 999 1458 174
1022 1426 1050 1458 Ι).

263 1471 534 1508 Theutonicorum
579 1473 656 1507 ordo
680 1473 712 1508 S.
742 1473 858 1507 Mariae
885 1473 944 1507 sul)
972 1473 1083 1520 Apost.
1115 1472 1209 1508 Sedis
1237 1473 1333 1508 tutela
1366 1473 1549 1520 suscipitur,
1573 1476 1645 1508 425
1668 1475 1695 1507 b.
1732 1473 1810 1508 Eius

362 1530 490 1565 statuta‚
518 1522 691 1566 libertates,
716 1522 877 1569 privilegia
905 1523 1145 1567 confirmantur,
1169 1525 1238 1557 424
1267 1537 1296 1557 α.

262 1570 401 1606 Thomas
426 1572 566 1619 archiep.
589 1571 763 1619 Regytan.‚
793 1574 838 1606 te
860 1574 889 1606 b.

262 1620 403 1656 Thomae
426 1620 482 1664 (S.)
504 1623 543 1656 de
566 1621 771 1662 Ertestiurem
796 1622 1021 1656 monasterium
1046 1622 1104 1657 sub
1136 1624 1333 1669 protectione
1355 1621 1558 1668 Apostolicae
1585 1621 1678 1655 Sedis
1710 1622 1814 1656 susci-

364 1671 458 1717 pitur,
482 1670 625 1717 bonaque
648 1671 753 1705 omnia
777 1671 1016 1712 confirmantur,
1041 1673 1086 1705 67
1115 1673 1132 1705 b
1154 1680 1184 1706 et
1206 1684 1265 1717 seq.

263 1718 476 1754 Thuamensis
503 1720 773 1767 archiepiscopus.
804 1722 838 1754 V.
867 1721 1099 1755 Ai‘niaclianus.

263 1767 432 1802 Toletanae
460 1768 622 1803 Ecclesiae
647 1769 799 1816 primatus
826 1771 990 1813 asseritur,
1013 1770 1159 1817 bonaque
1184 1770 1288 1804 omnia
1317 1770 1344 1803 ei
1374 1770 1614 1813 confirmantur⁷
1637 1771 1708 1803 259
1731 1771 1758 1803 b.

262 1816 434 1852 Toletanus
461 1818 720 1866 archiepiscopus
747 1818 972 1866 Hispaniarum
1002 1819 1136 1866 primas,
1170 1821 1240 1853 259
1273 1822 1300 1854 b.
1331 1819 1492 1854 Ecclesiae
1518 1818 1621 1853 eidem
1654 1818 1815 1864 suffraga-

364 1879 440 1908 neae,
468 1869 540 1901 240
567 1880 597 1901 α.

263 1915 418 1951 Tolosana
445 1916 641 1951 Universitas
669 1929 683 1951 a
713 1917 814 1963 legato
836 1917 870 1952 S.
898 1918 933 1951 A.
958 1925 1077 1961 erecta,
1104 1919 1176 1952 480
1203 1930 1233 1951 α.
1268 1917 1458 1952 parisiensis
1496 1916 1685 1951 Academiae
1716 1917 1815 1964 privi-

364 1965 446 2011 legia
473 1966 500 2000 ei
523 1967 811 2010 communicantur7
834 1968 908 2001 ibid.
938 1969 966 2008 b;
990 1966 1207 2014 nonnullaque
1230 1967 1432 2013 ampliantur,
1459 1968 1535 2000 ibid.
1561 1973 1592 2000 et
1613 1979 1673 2011 seq.

264 2013 413 2049 Trecensi
432 2015 591 2050 Ecclesiae
613 2016 840 2051 confirmantur
863 2017 1023 2063 privilegia
1044 2017 1072 2050 ei
1096 2028 1244 2050 concessa
1267 2029 1323 2063 per
1339 2015 1531 2050 Francorum
1556 2027 1674 2061 regem,
1694 2016 1765 2049 206
1782 2028 1813 2048 α.

363 2063 531 2099 Trecensis
557 2064 697 2100 Ecclesia
727 2066 785 2100 sul)
819 2066 1012 2111 protectione
1039 2065 1150 2111 Apost.
1173 2065 1268 2100 Sedis
1302 2066 1492 2112 suscipitur,
1520 2066 1589 2098 224
1613 2066 1641 2098 b.
1675 2063 1764 2098 Bona
1787 2064 1814 2097 ei

368 2113 609 2158 confirmantur,
637 2116 708 2149 224
748 2117 774 2148 b.
814 2114 936 2150 Statuta
969 2115 1008 2149 ab
1046 2116 1115 2150 eius
1143 2115 1305 2150 canonicis
1327 2114 1479 2150 servanda
1503 2113 1633 2154 dantur,
1674 2114 1746 2147 226
1783 2126 1814 2147 α.

265 2162 359 2209 Tregi
386 2176 464 2210 pons
487 2172 659 2210 reparatur,
683 2166 754 2199 492
777 2177 806 2199 α.

266 2211 428 2247 Trinitatis
452 2212 533 2257 (SS.)
557 2213 785 2260 redemptionis
811 2214 1007 2260 captivorum
1041 2213 1186 2248 fratribus
1211 2213 1316 2259 regula
1344 2212 1452 2253 datur,
1481 2213 1566 2247 iuxta
1594 2223 1687 2259 quam
1713 2212 1816 2246 vivere

367 2261 515 2302 debeant,
540 2264 610 2296 155
632 2264 658 2296 b.
683 2262 750 2297 Sub
775 2264 967 2310 protectione
995 2263 1195 2310 Apostolicae
1225 2262 1319 2297 Sedis
1346 2262 1577 2309 suscipiuntur,
1602 2262 1712 2307 eisque
1734 2259 1817 2295 bona

367 2311 609 2356 confirmantur,
637 2321 667 2346 et
691 2312 851 2359 privilegia
872 2312 1023 2348 nonnulla
1046 2312 1276 2353 conceduntur,
1299 2313 1370 2346 254
1392 2313 1421 2346 b.
1446 2310 1587 2357 Regutae
1601 2322 1710 2346 eorum
1735 2309 1819 2345 miti-

367 2369 482 2406 gantur
509 2368 539 2395 et
561 2361 773 2398 declarantur,
798 2363 868 2396 786
896 2364 923 2397 b.

269 2408 471 2444 Trinovitana
494 2410 636 2445 Ecclesia
661 2411 825 2458 primatiali
853 2411 1006 2457 dignitate
1034 2411 1218 2456 insignitur,
1248 2413 1316 2446 1188
1340 2412 1367 2445 b.

269 2457 515 2494 Truthenliusen
540 2460 600 2504 (de)
625 2461 841 2508 praepositura
869 2461 991 2495 ordinis
1012 2460 1046 2495 S.
1075 2460 1262 2506 Augustini,
1285 2460 1440 2495 dioecesis
1468 2459 1675 2504 Argentinae,
1698 2458 1737 2493 ab
1759 2457 1818 2493 Ho-

370 2508 582 2554 lienburgensi
608 2511 799 2545 monasterio
832 2510 1017 2557 dependens
1040 2510 1312 2544 confirmationem
1337 2508 1532 2543 fundationis
1554 2520 1629 2543 suae
1656 2507 1776 2543 obtinet
1802 2521 1818 2543 a

370 2557 530 2641 &52¹ss
552 2558 615 2592 PP.
631 2586 639 2602 7
663 2561 708 2593 22
732 2562 758 2593 b.
785 2559 812 2593 A
842 2559 959 2606 quibus
982 2560 1069 2594 fuerit
1101 2558 1241 2601 fundata,
1263 2561 1309 2594 25
1332 2571 1362 2593 α.
1388 2558 1451 2593 Dos
1478 2558 1504 2593 ei
1537 2567 1566 2592 et
1588 2565 1701 2592 statuta
1735 2556 1819 2601 data,

370 2620 379 2640 1
404 2621 410 2640 1
440 2635 446 2641 .
514 2616 544 2642 et
571 2621 630 2652 seq.
