2129 3223
387 270 455 304 660

336 332 471 379 sumpti,
507 329 625 364 nullius
661 328 789 364 alterius
815 327 968 362 iudicium
1003 326 1082 361 sub-

335 382 420 416 eatis.

383 430 403 476 g
425 433 456 463 4.
480 427 657 462 Statuimus
680 426 770 461 etiam
796 433 829 460 ut
853 436 992 468 eremus,
1015 436 1084 459 mo-

153 487 174 522 !21
197 488 236 521 ,ψ
266 493 320 507 emm
336 478 480 518 hasteria,
508 476 674 523 prioratus,
709 475 872 515 ecclesiae,
905 473 1083 520 hospitalia,

138 518 322 573 fihi'ssilissif'm'
334 526 507 574 cappellae,
534 537 570 560 ac
603 525 670 559 loca
693 532 723 559 et
757 535 908 570 personae
935 522 1008 556 dicti
1030 533 1084 556 or-

335 576 429 614 dinis,
450 582 569 610 tantum
588 573 733 608 Romano
750 572 895 608 Pontifici
910 572 971 606 sint
985 571 1084 605 subie-

334 634 393 659 cta.
417 623 598 659 Districtius
614 622 803 665 inhibentes,
826 633 864 655 ne
885 620 956 667 quis
979 619 1084 654 archi-

334 675 514 721 episcopus,
526 671 768 707 archidiaconns
782 683 836 705 seu
847 669 979 717 quilibet
993 669 1084 703 iudex

335 722 525 766 ordinarius,
552 722 582 755 in
602 732 757 759 eremum,
776 718 977 761 monasteria,
1001 718 1085 765 prio-

336 779 431 812 ratus,
459 771 625 809 ecclesias,
654 769 838 814 hospitalia,
872 767 1029 814 cappellas
1055 774 1086 801 et

335 821 412 861 loca,
440 832 495 855 seu
526 830 676 866 personas
698 817 840 852 eiusdem
868 816 997 860 ordinis,
1029 827 1085 850 ex-

335 868 644 912 communicationis,
665 865 887 913 suspensionis
923 865 969 899 vel
993 864 1086 899 inter-

335 918 410 953 dicti
439 917 611 952 sententias
645 915 861 963 promulgare,
894 922 946 948 aut
982 913 1012 947 in
1041 913 1085 947 eis

335 966 538 1002 correctionis
574 965 620 999 vel
644 964 829 998 visitationis
851 962 999 1002 officium,
1021 962 1085 996 sive

335 1015 582 1050 iurisdictionem
601 1013 736 1059 aliquam
757 1023 915 1056 exercere,
938 1019 989 1045 aut
1013 1023 1085 1058 per-

334 1076 428 1098 sonas
464 1064 549 1110 ipsas
587 1062 624 1096 ad
656 1060 813 1109 synodum
848 1071 995 1104 evocare,
1030 1071 1085 1094 seu

335 1114 373 1147 ab
418 1112 463 1147 eis
490 1111 669 1146 exactiones
710 1110 756 1143 vel
784 1109 934 1144 collectas
967 1109 1088 1155 aliquas

334 1163 457 1207 exigere
494 1160 542 1195 vel
570 1167 755 1205 extorquere
782 1165 992 1205 praesumant.
1016 1157 1085 1192 Non

335 1211 478 1245 obstante
505 1210 530 1244 si
566 1208 662 1255 aliqui
696 1207 927 1254 archiepiscopi
962 1214 993 1241 et
1019 1207 1088 1253 epi-

335 1260 423 1304 scopi
459 1266 570 1293 eontra
593 1268 744 1302 personas
763 1256 812 1290 vel
848 1256 913 1290 loca
940 1255 1014 1289 dicti
1037 1267 1088 1289 or-

336 1308 430 1347 dinis,
459 1319 515 1354 pro
536 1305 731 1340 subiectione
754 1306 864 1345 eremi,
884 1304 1089 1339 monasterio-

337 1369 424 1396 rum,
465 1356 677 1402 prioratuum,
713 1354 837 1394 eccles,
871 1353 999 1399 hospit.,
1031 1364 1088 1387 seu

337 1405 478 1439 locorum
502 1404 574 1438 dicti
598 1403 730 1445 ordinis,
752 1402 906 1436 moverint
930 1401 1089 1448 quaestio-

337 1465 422 1493 nem,
443 1451 643 1487 decernendo
666 1450 850 1485 huiusmodi
874 1450 1046 1484 sententias
1065 1450 1088 1484 si

339 1514 417 1549 quas
450 1502 480 1534 in
516 1512 680 1547 personas,
712 1506 898 1539 monaster.,
923 1498 1090 1544 prioratus,

339 1550 499 1589 ecclesias,
534 1549 649 1595 hospit.
683 1556 713 1582 et
739 1548 805 1582 loca
841 1547 1007 1593 praedicta,
1034 1558 1091 1593 per

339 1598 606 1644 archiepiscopos,
640 1597 823 1642 episcopos,
853 1595 1091 1630 archidiaconos

339 1656 369 1681 et
390 1646 510 1682 iudices
532 1646 716 1684 ordinarios,
739 1652 846 1679 contra
870 1643 1090 1678 inhibitionem

341 1694 534 1739 huiusmodi,
562 1694 751 1740 promulgari
779 1693 960 1738 contigerit,
990 1692 1092 1727 irritas

341 1753 370 1778 et
390 1745 511 1784 inanes,
526 1751 557 1778 et
574 1742 749 1790 praedictas
763 1753 914 1788 personas
927 1741 965 1775 ad
982 1741 1092 1776 obser-

341 1793 497 1827 vationem
526 1790 757 1839 praedictarum
776 1790 1005 1825 sententiarum
1034 1789 1093 1824 ali-

342 1850 496 1889 quatenus
515 1852 578 1874 non
605 1847 716 1874 teneri.

390 1890 410 1937 ἓ
438 1892 469 1924 5.
504 1888 669 1924 Praeterea
696 1887 890 1931 inhibemus,
925 1899 964 1922 ne
991 1887 1093 1934 aliqua

159 1941 236 1992 '²¹⁶⁰’ss
265 1945 329 1985 ³⁸⁰⁸j
345 1951 475 1986 persona
505 1940 605 1985 ipsius
631 1936 764 1979 ordinis,
800 1937 846 1971 vel
874 1936 948 1977 alia,
977 1948 1093 1970 mona-

145 1976 329 2023 isst'ffsfflgifefffri-
343 1996 472 2022 sterium
512 1986 656 2033 aliquod,
695 1986 880 2026 ecclesiam,
919 1985 1094 2032 hospitale,

146 2036 184 2053 '²⁵'
344 2037 530 2083 cappellam,
564 2046 616 2070 ani
643 2036 745 2070 locum
779 2035 915 2081 aliquem
943 2047 959 2069 a
993 2034 1095 2069 dictae

343 2085 597 2132 congregauonis
624 2084 740 2118 unitate
776 2094 934 2118 removere
962 2095 1095 2129 praesu-

345 2142 419 2174 mat,
440 2141 626 2177 statuentes,
651 2141 684 2167 ut
698 2133 792 2179 priori
809 2132 904 2167 eremi
929 2131 1095 2178 praefatae,

345 2185 398 2230 qui
434 2195 490 2230 pro
522 2190 664 2229 tempore
694 2182 798 2222 suerit,
826 2191 985 2228 tamquam
1011 2188 1096 2227 pater

142 284 192 310 An.
211 283 240 310 C.
256 283 322 309 1258

910 273 1013 297 BL‘LLA
1017 272 1101 296 lumi
1126 271 1291 296 ROMANUH

1885 269 1935 297 An.
1955 269 1985 298 C.
1999 270 2067 298 ¹288

1126 332 1156 359 et
1175 324 1315 360 instituta
1338 325 1466 373 praelati
1497 324 1618 360 ordinis
1641 324 1752 360 viderit
1772 337 1872 373 expe-

1126 373 1205 415 dire,
1240 385 1276 409 ac
1309 376 1434 410 omnem
1468 373 1717 410 iurisdictionem
1753 374 1785 409 in
1817 387 1873 416 eos

1125 422 1222 459 libere
1249 422 1349 458 valeat
1373 435 1528 458 exercere.

1176 472 1249 519 56.
1284 471 1334 507 Ad
1361 471 1439 507 haec
1472 472 1677 507 concedimus
1711 472 1813 513 vobis,
1841 481 1874 507 ut
1899 481 1996 504 Pneultu
2033 489 2070 504 u-

1125 520 1216 556 liceat
1244 521 1332 556 vobis
1361 521 1558 567 parochianis
1584 522 1694 569 vestris
1722 533 1778 570 per
1803 534 1874 557 mo·
1885 516 1994 565 ξζῖζῖξξζζ
2004 519 2056 566 ωᾩζ

1127 570 1244 605 nachos
1265 578 1294 605 et
1316 569 1438 605 oblatos
1461 577 1580 605 vestros
1600 571 1799 619 presbyteros
1825 571 1874 605 di·
1886 574 1974 595 ‘mdi-

1128 620 1197 654 vina
1219 619 1319 654 officia
1346 619 1506 655 celebrare
1527 622 1570 654 ac'
1586 619 1738 655 celebrari
1759 619 1874 660 facere,

1126 668 1290 714 iniungere
1312 667 1533 715 poenitentias,
1548 679 1725 715 proponere
1740 668 1873 704 verbum

1126 717 1201 758 Dei,
1243 717 1390 752 exhibere
1423 716 1482 751 alia
1520 716 1730 752 ecclesiastica
1770 729 1876 753 sacra-

1127 774 1244 805 menta,
1276 765 1526 801 contradictione
1556 765 1876 813 archiepiscoporum,

1127 815 1350 862 episcoporum
1384 823 1414 849 et
1435 814 1570 849 aliorum
1592 813 1754 850 Ecclesiae
1786 826 1877 862 prae-

1127 864 1261 899 latorum
1287 863 1486 910 aliquatenus
1507 875 1570 898 non
1592 863 1747 899 obstante.

1176 913 1196 960 g
1220 917 1251 946 7.
1282 911 1428 947 Chrisrna
1457 924 1544 953 vero,
1571 911 1687 947 Oleum
1714 919 1875 954 sanetum,
1894 923 2073 952 privinum„-

1127 961 1380 996 consecrationes
1413 960 1554 995 altarium
1583 972 1639 996 seu
1667 960 1876 1002 basilicarum,
1889 955 2076 1007 ξῇῗζζῗ““““““

1128 1010 1342 1045 ordinationes
1372 1009 1600 1044 monachorum
1627 1017 1658 1044 et
1678 1009 1877 1051 clericorum,

1129 1058 1366 1094 benedictiones
1382 1058 1543 1103 abbatum,
1559 1058 1800 1100 abbatissarum,
1815 1070 1880 1094 mo-

1130 1108 1273 1147 nialium,
1307 1119 1451 1143 vasorum
1483 1115 1513 1142 et
1543 1107 1677 1142 vestium
1705 1107 1878 1153 recipiendi

1129 1169 1145 1192 a
1159 1168 1364 1204 quocumque
1379 1156 1554 1191 malueritis
1565 1156 1720 1191 catholico
1731 1156 1881 1204 episcopo

1129 1206 1260 1251 gratiam
1301 1213 1332 1239 et
1377 1205 1635 1240 communionem
1679 1204 1882 1252 Apostolicae

1129 1254 1222 1289 Sedis
1243 1254 1390 1295 habente,
1412 1254 1466 1301 qui
1493 1262 1598 1289 nostra
1621 1253 1721 1288 fretus
1741 1253 1882 1289 auditori-

1132 1311 1205 1347 tate,
1227 1303 1311 1350 quod
1334 1303 1524 1350 postulatur,
1546 1303 1636 1338 vobis
1658 1303 1831 1350 impendat.

1179 1353 1199 1399 g
1225 1354 1257 1387 8.
1286 1351 1449 1386 Praeterea
1478 1363 1551 1386 cum
1576 1352 1721 1398 generale
1747 1351 1882 1387 interdi—

1131 1409 1216 1436 ctum
1243 1408 1344 1436 terrae
1366 1400 1470 1443 fuerit,
1491 1400 1582 1435 liceat
1606 1400 1695 1435 vobis
1716 1400 1748 1435 in
1769 1412 1882 1436 mona·

1109 1450 1234 1487 .steriis
1260 1457 1291 1484 et
1325 1449 1402 1484 locis
1429 1449 1559 1492 vestris,
1585 1449 1723 1484 exclusis
1753 1461 1883 1485 excom-

1132 1498 1301 1533 municatis
1334 1505 1364 1532 et
1398 1497 1588 1542 interdictis,
1621 1497 1722 1532 ianuis
1754 1499 1883 1542 clausis,

1132 1559 1195 1581 non
1223 1546 1354 1594 pulsatis
1376 1546 1552 1592 campanis,
1572 1553 1604 1581 et
1618 1558 1693 1582 voce
1713 1546 1883 1591 submissa,

1132 1595 1234 1629 divina
1257 1594 1358 1629 officia
1379 1594 1549 1630 celebrare.

1182 1644 1202 1691 g
1224 1647 1256 1679 9.
1275 1643 1375 1678 Porro
1393 1643 1533 1678 laborum
1554 1651 1725 1679 vestrorum
1748 1643 1787 1678 de
1808 1656 1884 1691 pos-

1133 1691 1331 1727 sessionibus
1357 1691 1471 1727 habitis
1495 1699 1567 1727 ante
1592 1692 1762 1727 concilium
1785 1703 1884 1738 gene-

1135 1741 1208 1782 rale,
1245 1753 1281 1776 ac
1310 1741 1403 1775 etiam
1431 1740 1606 1781 novalium,
1633 1752 1714 1787 quae
1750 1741 1885 1787 propriis

1134 1789 1282 1824 manibus
1308 1796 1363 1824 aut
1395 1789 1578 1836 sumptibus
1604 1789 1721 1830 colitis,
1747 1789 1787 1824 de
1812 1790 1885 1836 qui-

1134 1838 1194 1873 bus
1221 1837 1384 1873 novalibus
1405 1838 1520 1885 aliquis
1541 1838 1694 1873 hactenus
1724 1850 1787 1873 non
1810 1850 1887 1885 per-

1135 1887 1229 1934 cepit,
1256 1886 1322 1922 sive
1349 1887 1388 1921 de
1414 1887 1525 1927 hortis,
1552 1886 1696 1933 virgultis
1721 1894 1752 1922 et
1783 1887 1886 1934 pisca-

1135 1936 1287 1976 tionibus,
1315 1935 1361 1970 vel
1395 1935 1435 1970 de
1463 1936 1667 1971 nutrimentis
1701 1936 1885 1971 animalium

1137 1993 1323 2024 vestrorum,
1350 1984 1456 2019 nullus
1487 1997 1503 2019 a
1532 1984 1619 2020 vobis
1644 1984 1785 2021 decimas
1818 1985 1886 2020 exi-

1136 2045 1209 2080 gere
1231 2033 1277 2067 vel
1297 2041 1486 2080 extorquere
1507 2042 1696 2080 praesumat.

1185 2082 1206 2129 g
1243 2084 1296 2116 10.
1324 2082 1430 2117 Liceat
1456 2094 1583 2129 quoque
1617 2083 1705 2118 vobis
1737 2094 1886 2129 personas

1136 2131 1251 2166 liberas
1277 2138 1307 2165 et
1328 2131 1488 2166 absolutas
1517 2143 1534 2166 e
1562 2132 1688 2166 saeculo
1716 2131 1883 2178 fugientes,
1898 2122 1972 2150 '¹⁶¹²‘
1986 2122 2008 2144 ⁵¹²
2023 2121 2083 2144 ⁰³⁴¹*

1898 2157 1933 2173 ne.

1115 2178 1118 2232 ᾗ
1137 2180 1173 2215 ad
1196 2180 1433 2215 conversionem
1460 2182 1610 2228 recipere,
1631 2192 1668 2216 ac
1688 2192 1752 2225 eaS,
1767 2180 1886 2227 absque

346 2233 420 2267 dicti
444 2231 575 2272 ordinis,
597 2231 738 2275 abbates,
757 2231 889 2277 priores,
912 2229 1095 2264 monachos.
1115 2246 1119 2262 ι
1138 2229 1386 2264 contradictione
1400 2229 1516 2276 aliqua,
1539 2231 1687 2264 retinere.

347 2293 527 2324 conversos,
541 2280 725 2322 abbatissas,
743 2280 906 2318 moniales,
919 2290 1096 2320 conversas,
1115 2281 1119 2309 l

348 2331 577 2378 hospitalarios,
613 2329 800 2363 monasteria
834 2336 864 2363 et
898 2330 963 2362 ioca
998 2331 1119 2374 ipsius·

348 2381 467 2414 ordinis
489 2391 557 2413 sine
579 2378 824 2412 contradictione
841 2377 943 2424 aliqua
958 2377 1096 2417 visitare,

350 2440 404 2475 per
431 2440 476 2468 se,
508 2427 554 2463 vei
583 2427 691 2468 alium,
713 2435 767 2461 aut
788 2427 876 2465 alios,
896 2438 976 2472 quos
998 2425 1098 2460 duxe-

1186 2278 1206 2325 g
1241 2281 1295 2312 11.
1330 2277 1541 2313 prohibemus
1574 2278 1701 2324 insuper
1733 2285 1767 2313 ut
1806 2277 1884 2313 nulli
1898 2278 2084 2332 ,bp‘ffflfssffissssss

1139 2327 1267 2361 fratrum
1296 2327 1343 2361 vel
1365 2339 1509 2362 sororum
1538 2335 1725 2370 vestrorum,
1747 2335 1818 2374 post
1839 2327 1886 2362 fa·
1898 2345 1942 2362 m
1955 2340 2015 2362 iic-2.

1116 2383 1218 2412 .ctain
1256 2387 1287 2410 in
1322 2375 1402 2411 dicta
1435 2387 1554 2420 eremo,
1586 2387 1642 2411 seu
1676 2378 1885 2420 monasteriis,

1117 2435 1120 2468 g
1139 2433 1191 2459 aut
1207 2425 1284 2459 locis
1303 2427 1404 2471 ipsius
1423 2424 1556 2469 ordinis,
1578 2424 1821 2471 professionem,
1841 2424 1887 2460 fas

351 2480 389 2511 rit
426 2478 465 2512 ad
503 2478 562 2512 hoc
598 2475 807 2522 deputandos,
847 2488 882 2510 ac
918 2474 1120 2519 reformares
1337 2477 1341 2480 ’

1139 2484 1178 2508 sit
1201 2476 1269 2508 sine
1297 2477 1409 2521 prioris
1429 2477 1526 2509 eremi
1545 2472 1721 2521 praedictae
1749 2473 1886 2516 licentia,

1912 2092 2009 2114 Fatua-s
2024 2092 2084 2114 roei·
2115 2089 2118 2091 ’

352 2528 505 2571 praelatos
519 2526 549 2560 in
569 2525 770 2560 monasteriis
787 2533 817 2560 et
834 2524 911 2559 locis
932 2523 1099 2570 praedictis
1117 2523 1121 2572 ᾗ
1139 2525 1179 2558 de
1206 2535 1323 2565 eremo,
1362 2526 1558 2558 monasteriis
1589 2523 1634 2558 vel
1663 2522 1740 2558 locis
1765 2522 1886 2559 eisdem

355 2576 517 2610 ,nstituere
557 2586 592 2609 ac
631 2573 820 2617 destituere,
862 2582 892 2607 et
930 2572 1098 2608 electiones
1118 2576 1121 2614 j
1140 2572 1311 2607 discedere.
1327 2571 1551 2608 Discedentem
1563 2569 1764 2619 veroabsque
1775 2574 1887 2608 litteris

353 2633 462 2657 eoi-um
480 2622 678 2665 confirmare,
695 2630 786 2670 prout
807 2621 981 2658 secundum
994 2620 1099 2658 Deum
1118 2623 1121 2636 ¹
1140 2620 1214 2656 dicti
1245 2623 1358 2668 prioris
1373 2621 1479 2656 nullus
1491 2620 1603 2656 audeat
1625 2621 1769 2657 retinere.
1791 2619 1891 2664 Quod:
