2129 3223
143 271 189 296 Αη.
208 270 235 296 C.
255 271 321 296 ⁴⁶23&

148 1073 161 1094 Ξ
182 1076 209 1095 jis
242 1075 316 1102 Aponi

136 1107 155 1125 tn
172 1111 218 1126 eun
233 1106 317 1126 lenita&

151 1575 209 1596 Cadit
229 1576 249 1596 tn
271 1581 319 1596 cu-

138 1613 190 1627 mm.

154 1817 323 1838 Ezrommunicw

139 1851 172 1868 tur
185 1849 204 1867 in
221 1848 254 1868 die
268 1846 322 1868 Coe-

243 1877 323 1899 Domini

141 1913 244 1936 tamqnam
271 1910 323 1931 hu-

141 1945 226 1961 veniens.

384 259 454 291 588

336 325 384 358 tis.
411 323 515 365 Quem
541 321 694 369 siquidem
722 321 888 356 terminum
918 328 993 355 tuuc
1019 319 1078 353 sibi

333 385 370 408 ex
398 371 494 407 multa
516 370 718 417 ‚benignitate
752 370 954 418 Apostolicae
988 368 1079 404 Sedis

334 421 549 469 praefiximus,
587 432 657 455 cum
695 432 766 455 eum
793 420 902 455 salvari
929 419 1079 454 vellemus

333 471 438 517 potius
473 483 566 518 quam
603 470 713 518 perire.
755 470 936 518 lpsewero
971 476 1078 503 contra

332 520 435 556 Deum
464 528 495 554 et
522 527 627 555 contra
656 520 801 554 homines
826 519 908 553 collo
935 517 1078 553 rebellio-

333 571 381 605 nis
402 578 540 609 extento,
561 578 591 605 et
613 570 650 603 ad
673 581 799 604 omnem
823 568 910 603 Fidei
934 567 1078 602 christia-

333 632 390 654 nae
414 619 656 654 inobedientiam
674 619 784 665 spiritu
807 618 982 656 obfirmato,
1005 625 1079 650 tam-

332 681 425 716 quam
447 670 610 717 prolapsus
630 670 661 703 in
684 668 913 715 desperationis
930 666 1077 714 abyssum

332 728 362 753 et
384 719 510 754 hnmani
533 718 674 766 pudoris,
697 717 793 751 divini
823 716 942 755 iudicii,
966 728 1002 750 ac
1028 727 1078 750 sa-

333 769 441 804 lutaris
471 768 594 804 consilii
622 768 763 815 pertinax
797 774 989 813 aspernator,
1017 765 1079 798 im—

334 818 482 853 minentia
500 817 558 853 sibi
578 816 757 852 discrimina
773 826 991 863 quaecumque
1007 826 1080 849 con-

332 868 475 915 tempsit:
507 875 538 902 et
564 867 664 914 perire
692 866 796 913 potius
821 865 954 911 eligenS‚
984 876 1078 911 quam

335 929 453 960 parere,
486 929 545 951 nec
579 917 608 950 in
642 915 777 950 termino
811 914 869 948 sibi
908 925 945 948 ex
981 914 1078 948 multa

334 966 492 1002 Ecclesiae
525 965 734 1000 miserationis
758 964 884 999 lenitate
917 975 1079 1006 concesso⁷

333 1028 391 1051 nec
409 1015 608 1063 postmodum
634 1015 753 1049 diutius
774 1020 956 1060 expectatus
975 1013 1079 1047 venire

332 1066 462 1100 curavit.
483 1064 550 1100 Nos
570 1072 673 1099 autem
697 1062 781 1097 illius
804 1061 944 1109 periculo
965 1061 1080 1096 condo-

334 1115 443 1151 lentes.
470 1115 574 1149 adbuc
594 1114 752 1148 voluimus
769 1113 837 1147 eius
859 1111 1006 1146 duritiam
1026 1123 1079 1145 so-

336 1165 384 1197 lita
401 1164 493 1198 Sedis
504 1163 703 1211 Apostolicae
725 1161 917 1208 benignitate
929 1160 1078 1200 mulcere,

333 1216 357 1248 si
383 1213 460 1248 forte
494 1213 531 1247 ad
565 1211 803 1259 suspiciendum
833 1210 944 1245 salutis
971 1222 1081 1245 reme-

333 1265 419 1297 ilium
446 1263 549 1310 aliqua
571 1263 601 1296 in
624 1274 662 1296 eo
683 1260 818 1296 scintilla
840 1260 974 1294 sanioris
1001 1271 1079 1294 cou-

333 1313 394 1346 silii
428 1312 644 1347 remansisset:
684 1312 851 1358 ipsumque
884 1321 946 1344 uon
982 1309 1077 1343 semel

335 1363 380 1397 vel
415 1361 566 1404 secundo,
590 1360 644 1395 sed
672 1360 803 1408 pluries,
831 1359 893 1393 imo
921 1358 1080 1393 multoties

333 1411 370 1445 ad
377 1438 435 1445 .....
453 1410 602 1445 iudicium
618 1409 730 1444 edictis
741 1408 891 1455 legitimis
905 1415 1079 1451 evocatum,

334 1460 483 1495 duximus
510 1459 638 1507 prolixis
656 1459 693 1492 ad
715 1457 967 1493 convincendum
990 1458 1080 1491 inex—

334 1509 505 1544 cusabilem
523 1509 590 1543 eius
606 1507 754 1542 malitiam
773 1515 950 1553 temporum
971 1507 1081 1553 spatiis

335 1558 575 1606 expectandum.
604 1557 702 1592 Porro
729 1557 823 1596 idern,
852 1556 931 1591 sicut
964 1555 1081 1602 aspidis

335 1608 536 1643 surdissimae
565 1607 664 1647 filius,
695 1606 732 1641 ad
762 1617 886 1640 omnem
916 1605 1080 1639 monitoris

337 1670 442 1693 vocem
477 1656 627 1692 obturans
661 1655 815 1694 auditum,
844 1655 904 1689 iam
940 1666 996 1701 per
1027 1666 1080 1688 sex

336 1719 435 1742 annos
461 1714 491 1742 et
521 1705 658 1753 amplius
689 1706 864 1749 vocatione,
892 1703 1082 1750 longanimi-

337 1764 398 1791 tate
419 1764 450 1791 et
476 1754 701 1802 expectationis
723 1762 846 1789 nostrae
869 1752 1013 1800 patientia
1036 1760 1081 1786 est

337 1805 466 1840 abusus.
500 1804 564 1839 Nos
595 1804 691 1851 igitur
723 1815 761 1838 ex
794 1803 842 1836 bis
874 1802 1081 1840 attendentes,

337 1855 423 1903 quod
441 1854 649 1889 diuturnioris
662 1865 734 1900 erga
748 1852 896 1887 eumdem
918 1851 1081 1886 Ezelinum

339 1904 520 1940 tolerantiae
536 1903 635 1951 pietas
651 1903 682 1938 in
697 1914 898 1938 communem
914 1901 1082 1935 multorum

301 1962 309 1964 “
339 1962 444 2002 posset
477 1952 652 1989 redundare
679 1952 869 2000 perniciem,
898 1959 929 1985 et
958 1951 1085 1985 ulterior

339 2003 512 2051 expectatio
548 2002 627 2037 nibil
662 2009 845 2049 operaretur
871 2001 900 2035 in
935 2012 990 2039 eo.
1026 2000 1083 2034 nisi

339 2054 568 2088 contumaciam
587 2060 618 2086 et
644 2059 878 2096 contemptum:
902 2061 941 2084 ne
963 2056 1084 2084 tantum

340 2103 456 2138 malum
480 2103 510 2136 in
530 2101 636 2136 medio
653 2101 812 2136 christiani
836 2099 944 2147 populi
966 2098 1086 2133 diutius

339 2153 505 2188 toleratum
529 2151 621 2185 latius
645 2157 840 2196 pervagetur,
858 2148 897 2183 de
917 2148 1088 2196 praedicto-

341 2214 409 2237 rum
426 2201 555 2237 fratrum
571 2208 749 2234 nostrorum
764 2199 908 2237 consitio,
925 2204 1086 2246 praesente

342 2251 480 2286 fidelium
504 2251 633 2297 populo,
660 2250 713 2296 qui
744 2249 773 2283 in
797 2249 846 2282 die
868 2247 994 2282 Coenae
1021 2247 1088 2282 Do-

343 2302 417 2336 mini
440 2313 476 2335 ex
499 2300 631 2334 diversis
652 2298 760 2333 mundi
784 2297 924 2345 partibus
948 2297 985 2331 ad
1012 2308 1089 2343 apo-

342 2351 492 2386 stolorum
538 2349 646 2383 limina
692 2347 854 2386 confluxit,
895 2346 1088 2394 praedictum

342 2400 507 2435 Ezelinum
543 2399 624 2433 sicut
661 2396 860 2432 manifestum
898 2396 1087 2431 haereticum

343 2448 570 2484 sententialiter
586 2447 774 2486 iudicamus,
795 2447 897 2494 ipsum
913 2457 1090 2480 excommu-

344 2499 482 2534 nicatum
504 2505 534 2532 et
555 2497 849 2532 anathematizatum
872 2507 944 2530 cum
967 2495 1090 2529 damna-

346 2549 385 2582 tis
417 2547 580 2583 haereticis
614 2545 807 2594 deputando,
843 2544 998 2591 adscripta
1032 2543 1091 2578 illis

347 2597 557 2631 damnationis
590 2595 743 2642 stipendia
784 2602 998 2642 recepturum,
1032 2593 1091 2628 nisi

347 2638 474 2680 forsitan
496 2657 579 2684 eum,
602 2656 703 2692 usque
725 2644 764 2679 ad
786 2643 898 2679 festum
922 2642 1092 2678 Ascensio-

909 264 1097 288 Bt'ufltltxl
1122 263 1212 286 ROMA
1218 263 1284 285 Nt'n

1877 258 1926 286 An.
1943 257 1972 284 c:
1989 257 2055 285 ΗΒΕ

1120 318 1167 353 nis
1202 317 1386 353 Dominicae
1424 318 1565 365 proxime
1600 325 1784 358 venturum,
1822 317 1860 352 ad

1120 367 1327 415 praesentiam
1361 377 1497 403 nostram
1525 366 1729 415 personaliter
1757 368 1862 403 venire

1119 418 1299 453 audiemus:
1321 416 1405 464 quod
1427 416 1466 452 de
1490 416 1759 452 abundantissima
1781 416 1863 463 Apo-

1118 467 1245 502 stolicae
1272 466 1364 502 Sedis
1384 466 1548 502 clementia
1576 466 1724 501 duximus
1749 466 1862 501 adiun-

1117 517 1268 564 gendum.
1847 525 1849 527 ’

1167 566 1279 601 Datum
1314 566 1456 601 Laterani
1491 566 1601 613 quinto
1636 566 1705 601 idus
1741 565 1860 614 aprilis,

1119 616 1318 664 pontificatus
1342 616 1437 650 nostri
1464 628 1547 650 anno
1569 615 1745 651 undecimo.

1157 677 1217 707 Dat.
1237 678 1283 707 die
1301 678 1318 707 9
1341 677 1442 717 aprilis
1468 677 1552 712 1254,
1574 678 1676 717 pontif.
1695 687 1769 708 anno
1784 687 1821 707 xi.

1456 829 1523 864 XL.

1121 907 1208 951 Leqes
1224 908 1253 940 in
1269 907 1432 940 haereticos
1440 918 1601 952 eorumque
1608 907 1764 952 complices
1773 908 1861 942 latae.

1389 983 1602 1015 SUMMARtUM

1121 1050 1145 1080 l.
1178 1049 1474 1080 Excommunicantur
1494 1051 1643 1081 haeretiei.
1673 1067 1713 1074 —
1732 1051 1865 1083 Damnati

1159 1103 1210 1134 per
1227 1093 1388 1124 Ecclesiam
1407 1095 1549 1126 saeculari
1568 1096 1678 1125 indicio
1698 1096 1866 1137 relinquan-

1159 1144 1214 1169 tur.
1243 1155 1281 1162 -—
1308 1139 1335 1169 3.
1367 1137 1553 1170 poenitentes
1585 1145 1726 1180 perpetuo
1753 1144 1865 1172 carceri

1160 1183 1357 1221 mancipandi.
1378 1199 1416 1206 ——
1436 1184 1464 1213 t.
1482 1183 1686 1221 Defensorum,
1708 1185 1865 1223 fautorum,

1159 1232 1208 1258 etc.
1226 1236 1346 1267 poenae.
1360 1243 1400 1250 —
1421 1228 1448 1257 ὃ.
1470 1225 1508 1256 De
1524 1228 1670 1267 suspectis
1693 1237 1782 1267 super
1795 1229 1866 1260 hae-

1159 1273 1228 1302 resi.
1253 1288 1292 1294 —
1310 1271 1338 1302 6.
1367 1271 1465 1301 Laicis
1492 1272 1527 1302 de
1555 1272 1611 1302 fide
1640 1272 1791 1313 disputare
1808 1284 1865 1305 nou

1159 1316 1237 1345 licet.
1251 1332 1291 1338 —
1303 1316 1330 1346 7.
1348 1316 1389 1345 Ad
1405 1315 1568 1346 haereticos
1584 1316 1758 1348 indicandos
1771 1327 1867 1349 unus-

1159 1361 1285 1400 quisque
1307 1365 1430 1391 tenetur.
1459 1377 1496 1382 -—
1520 1360 1548 1390 8.
1569 1359 1724 1399 Haeretici,
1746 1364 1867 1400 conscii,

1160 1405 1195 1434 ad
1213 1404 1356 1435 beneficia
1374 1403 1452 1435 Eccl.
1475 1404 1630 1436 inhabiles.

1119 1478 1289 1508 Innocentius
1306 1480 1447 1516 episeopus
1470 1487 1565 1510 servus
1579 1488 1720 1512 servorum
1735 1481 1793 1517 Det.
1810 1485 1868 1513 nni-

1164 1529 1252 1558 versis
1300 1529 1523 1559 christifidelibus
1562 1532 1722 1567 praesentes
1753 1531 1870 1562 litteras

1164 1578 1338 1615 inspecturis,
1361 1579 1479 1608 satutem
1509 1580 1538 1608 et
1567 1580 1747 1617 apostolicam
1763 1581 1869 1612 benedi·

1165 1628 1294 1657 ctionem.

1170 1700 1190 1747 S
1212 1702 1240 1734 1.
1259 1699 1388 1735 Noverit
1410 1700 1596 1736 universitas
1630 1710 1745 1746 vestra,
1783 1703 1868 1751 quod

1123 1761 1181 1784 nos
1206 1749 1244 1783 ad
1266 1749 1362 1784 instar
1388 1749 1440 1785 fel.
1463 1749 1585 1785 record.
1610 1749 1752 1798 Gregorii
1765 1751 1869 1801 Papae

1125 1798 1373 1846 praedecessoris
1417 1799 1515 1834 nostri
1559 1801 1872 1837 excommunicamus

1102 1856 1153 1923 'et
1178 1847 1479 1883 anathematizamus
1501 1849 1665 1885 universos
1700 1851 1873 1888 haereticos

1124 1897 1872 1947 Catharos‚Patarenos‚PauperesdeLugduno.

1123 1947 1326 1994 passaginos,
1348 1947 1520 1995 tosepinos.
1549 1948 1744 1985 Arnaldistas
1759 1977 1768 1995 ‚
1789 1950 1872 2000 Spe-

1126 1997 1273 2041 ronistas,
1308 2005 1340 2032 et
1361 1997 1439 2033 alios
1477 1998 1733 2047 quibuscumque
1768 2002 1873 2036 nomi-

1127 2046 1219 2082 nibus
1233 2054 1433 2092 censeantur,
1457 2047 1548 2083 facies
1569 2049 1698 2096 quidem
1722 2049 1873 2086 habentes

1126 2096 1278 2139 diversas,
1296 2095 1352 2131 sed
1366 2097 1482 2132 caudas
1499 2097 1537 2132 ad
1549 2097 1685 2133 invicem
1700 2098 1872 2146 colligatas,

1127 2146 1201 2194 quia
1222 2145 1262 2180 de
1283 2146 1419 2181 vanitate
1440 2147 1632 2182 conveniunt
1646 2148 1677 2182 in
1701 2147 1731 2182 id
1754 2148 1869 2196 ipsum.
2101 2179 2109 2186 ,

1132 2195 1276 2230 Damnati
1314 2208 1387 2230 vero
1424 2207 1480 2244 per
1512 2196 1685 2232 Ecclesiam
1722 2197 1873 2234 saeculari
1899 2209 1994 2231 nmen
2031 2213 2068 2235 a„

1129 2244 1247 2280 iudicio
1269 2244 1486 2293 relinquantur
1511 2245 1781 2282 animadversione
1818 2247 1873 2283 de-

1128 2294 1191 2329 bita
1220 2294 1384 2341 puniendi,
1406 2295 1529 2331 clericis
1556 2296 1644 2343 prius
1664 2308 1680 2331 a
1717 2296 1784 2332 suis
1822 2309 1873 2332 or·
1885 2302 2038 2329 mmmm·

1129 2343 1258 2378 dinibus
1280 2343 1468 2390 degradatis.
1506 2366 1516 2375 -

1178 2397 1193 2437 ξ
1214 2397 1246 2427 2.
1270 2391 1301 2428 Si
1329 2394 1384 2441 qui
1406 2402 1511 2429 autem
1533 2394 1572 2430 de
1593 2394 1762 2443 praedictis
1787 2405 1874 2443 post·
1909 2420 2045 2442 Poenum.
2099 2434 2102 2435 ⁷

1130 2455 1223 2490 quam
1247 2443 1361 2478 fuerint
1388 2443 1590 2492 deprehensi,
1628 2443 1729 2479 redire
1763 2445 1990 2487 velue-perpetuo
2010 2458 2071 2487 ,ffl-
2108 2456 2109 2459 ’

1131 2493 1191 2527 rint
1214 2492 1251 2527 ad
1282 2493 1440 2540 agendum
1481 2493 1668 2540 condignam
1709 2495 1876 2541 poeniten-
1889 2489 1933 2535 ἵξῃ
1948 2488 2073 2509 ‘mmm‘

1132 2543 1218 2585 tiam,
1246 2543 1276 2577 in
1304 2551 1455 2591 perpetuo
1481 2554 1603 2578 carcere
1629 2542 1848 2580 detrudantur.

1180 2596 1195 2635 ξ
1219 2594 1250 2627 5.
1274 2591 1448 2628 Credentes
1461 2601 1564 2628 autem
1579 2603 1690 2627 eorum
1703 2594 1876 2636 erroribus,

1132 2641 1277 2677 similiter
1303 2641 1476 2677 haereticos
1497 2640 1685 2677 iudicamus.

1901 1711 2049 1734 Exeommnnt-

1882 1745 1956 1764 cantur
1988 1744 2065 1764 haero-

1883 1774 1928 1794 tici.

1886 2239 2003 2261 Ecclesiam
2019 2245 2069 2265 no-

1886 2270 1952 2292 tutari
1989 2269 2068 2292 indicio
2105 2295 2109 2298 ι
