2129 3223
385 257 455 290 47⁹2

337 329 493 369 pastorem
524 317 717 366 providentia
745 316 849 351 divina
871 315 1011 351 reducat.
1040 315 1086 349 Li-

160 380 303 402 ranrmeham
338 371 429 405 hrum
459 369 554 415 igitur
575 368 614 402 de
635 379 699 414 quo
721 365 841 401 dictum
864 373 910 401 est
931 365 1041 400 loanni
1055 365 1085 398 in

139 412 248 434 ¹⁴⁰'“¹¹'''
302 414 545 466 ¹¹¹Apocatypsi:
574 417 704 463 Accipe,
723 416 817 451 frater
832 416 1029 454 charissime,
1052 425 1087 448 ac

140 273 190 299 An.
207 269 237 298 c.
255 270 322 297 ηδε
899 261 1087 284 nouatum
1114 260 1278 283 nonum
1891 258 1940 286 An,
1959 258 1988 284 c⁸
2003 259 2071 286 ¹232

1175 319 1190 358 ἓ
1219 317 1274 349 16.
1299 315 1467 350 Revertere
1490 315 1585 362 igitur
1605 313 1801 359 Sunamitis,
1822 326 1874 350 re·
1887 318 2072 370 ⁸2⁶m⁰ggssffissg

1128 373 1247 400 vertere
1270 373 1304 399 ut
1327 366 1504 400 intueamur
1530 373 1571 409 te,
1596 365 1671 411 quia
1693 372 1770 400 tuuc
1790 373 1873 400 recte
1888 382 1990 407 gremium
1999 385 2073 401 reve:-
2094 393 2096 397 .

1128 414 1241 461 poterit
1262 415 1356 450 frater
1377 428 1393 450 a
1412 415 1504 450 fratre
1527 414 1636 459 iuvari,
1658 416 1683 449 si
1706 413 1800 458 iilius,
1821 414 1873 461 qui
1889 415 1952 433 ¹³⁸2'·

140 444 192 463 tuive
215 445 322 467 agnoscat,

139 477 160 493 et
177 474 306 499 profiteatur.

152 823 249 845 Ecclesia
264 823 322 845 Rom.

139 856 230 875 oninium
246 854 327 876 Eccle-

140 887 218 906 siarum
243 890 322 911 mater,

140 921 160 937 et
183 919 282 943 magistra
302 919 323 938 in

139 948 219 968 unitate
230 948 285 972 fidei,
303 951 324 969 et

140 980 227 1006 spiritu·
269 985 324 1000 cun-

141 1012 221 1031 cordis.

164 2056 218 2076 Mala
232 2061 258 2076 ex
279 2055 335 2075 divt-

151 2089 212 2107 sione
222 2091 268 2106 orta
279 2090 336 2106 com-

152 2121 264 2138 memorat*

337 468 450 503 devora
478 467 578 508 illum,
605 474 635 501 et
656 478 681 501 si
705 465 876 500 amaricare
897 464 989 500 faciat
1010 475 1087 498 ven-

338 526 415 552 trem
457 525 564 557 tuum,
608 523 738 563 propter
771 514 971 549 contritionis
1010 525 1088 548 acu-

337 566 415 606 leos,
438 567 492 614 qui
512 566 542 600 in
563 565 718 613 principio
741 572 906 612 pungunt3
930 573 1031 598 tamen
1056 562 1085 595 in

336 628 390 650 ore
417 624 471 651 tuo
498 615 556 650 erit
584 614 685 649 dulcis
713 622 872 661 tamquam
902 613 979 653 mel,
1014 623 1086 646 cum

337 677 435 701 sonus
472 664 687 700 confessionis
721 663 881 698 advenerit
915 662 1016 696 dulcis
1050 660 1086 695 ad

338 715 435 749 instar
450 714 566 758 mellis,
582 715 667 749 iuxta
678 713 808 748 verbum
822 712 940 759 Sponsi
954 711 1088 746 dicentis

338 764 368 798 in
397 763 552 799 Canticis:
589 763 688 798 Sonet
722 774 782 798 vox
809 770 859 796 tua
895 760 925 795 in
959 760 1089 795 auribus

337 814 430 854 meis,
457 825 516 848 vox
538 821 590 848 tua
613 812 734 851 dulcis,
760 820 791 847 et
812 819 885 846 tuae
907 810 1089 857 prudentiae

337 862 563 898 conscientiam
587 862 656 897 sine
678 860 781 908 aliqua
803 859 1027 907 superstitione
1046 870 1088 893 re·

337 912 438 960 quire,
460 920 491 946 et
516 911 712 946 illuminatus
739 909 895 949 invenies,
916 908 1001 956 quod
1026 907 1089 942 Ec—

337 962 429 996 clesia
453 961 615 1002 Romana,
648 971 729 1008 quae
761 959 903 994 omnium
930 958 1090 992 Ecclesia-

337 1023 407 1046 rum
435 1018 530 1057 caput
551 1019 599 1045 est
617 1017 647 1044 et
669 1008 830 1055 magistra,
857 1007 888 1041 in
916 1007 1045 1055 speculo
1074 1019 1088 1041 a

338 1068 368 1095 te
397 1060 569 1107 proposito,
592 1058 754 1104 Evangelii
782 1056 941 1101 videlicet,
963 1064 993 1091 et
1015 1056 1090 1103 epi-

338 1109 505 1149 stolarum,
528 1116 560 1144 et
581 1108 725 1143 doctrina
755 1106 889 1141 aliorum
911 1106 1090 1150 doctorum,

339 1158 416 1193 nihil
439 1158 635 1194 contrarium
663 1157 795 1196 invenit,
818 1155 902 1203 quod
927 1155 1091 1203 interpre-

339 1208 445 1248 tative,
472 1207 519 1243 vel
542 1207 754 1254 dispensative
776 1205 952 1240 secuudum
976 1213 1090 1239 statuta

339 1266 521 1292 sanctorum
550 1256 680 1292 Patruni
708 1256 739 1290 iu
776 1254 895 1290 unitate
932 1253 1024 1293 fidei,
1060 1263 1091 1289 et

338 1306 472 1354 spiritus
510 1318 573 1341 non
613 1304 794 1341 concordet.
827 1304 860 1339 lo
895 1304 986 1338 cuius
1020 1303 1091 1338 libri

339 1356 515 1402 aperitione
538 1355 692 1396 iuvenies,
719 1354 803 1401 quod
825 1353 990 1388 Romanus
1010 1353 1092 1388 Pon-

341 1404 418 1439 tifex
453 1404 602 1440 omnibus
635 1404 740 1439 omnia
771 1403 890 1443 factus,
925 1410 960 1436 ut
980 1414 1092 1437 omnes

340 1453 415 1488 salvi
444 1453 530 1499 fiant,
554 1465 618 1489 nou
653 1453 755 1500 turpis
789 1452 868 1486 lucri
899 1463 1009 1493 causa,
1046 1452 1091 1486 vel

342 1502 526 1544 voluntarie,
549 1502 603 1538 sed
625 1514 642 1537 a
664 1501 812 1537 fratribus
834 1501 900 1536 suis
921 1500 1026 1535 divina
1049 1501 1091 1535 in-

341 1552 514 1599 spiratione
542 1559 681 1596 vocatus,
717 1551 821 1586 statim
853 1562 963 1586 servus
985 1562 1093 1584 servo-

343 1613 413 1636 rum
434 1600 493 1636 Dei
521 1601 671 1645 effectus,
705 1613 831 1635 murum
859 1612 915 1647 pro
947 1599 1094 1634 fratribus

343 1658 375 1685 et
408 1651 605 1698 coepiscopis
636 1651 718 1691 suis,
750 1661 923 1696 eorumque
958 1648 1094 1683 subditis

344 1707 452 1735 contra
479 1699 666 1740 haereticos,
694 1699 912 1734 schismaticos
938 1706 969 1733 et
990 1706 1094 1745 tyran-

345 1760 414 1794 nos,
437 1748 476 1784 ad
498 1749 662 1784 tuitionem
686 1748 914 1784 ecclesiasticae
930 1748 1094 1791 libertatis,

344 1809 419 1833 cum
440 1798 509 1834 suis
539 1798 687 1834 fratribus
712 1809 746 1833 se
778 1797 920 1845 opponit.
956 1796 997 1831 Et
1024 1797 1096 1831 licet

345 1847 442 1894 aliqui
468 1847 600 1883 latenter
633 1847 817 1894 subrepant,
846 1845 972 1893 publice
992 1854 1094 1880 tamen

346 1896 437 1944 quasi
472 1897 511 1931 ab
546 1897 688 1932 omnium
717 1896 900 1931 incursibus
936 1895 1096 1930 modernis

347 1946 545 1993 temporibus
565 1945 708 1981 Ecclesia
731 1945 874 1980 Romana
904 1945 1045 1991 respirat.

397 1999 412 2038 ἓ
436 1999 492 2030 15.
525 1994 588 2030 Sed
611 1995 637 2030 si
659 1994 853 2030 Graecorum
876 1993 1019 2028 Ecclesia
1042 2006 1097 2040 pa-

349 2044 463 2080 tienter
488 2045 657 2088 sustineat⁷
684 2052 719 2078 ut
740 2043 803 2078 tuis
830 2043 931 2078 verbis
954 2052 1098 2082 utamur,

351 2093 442 2129 verba
464 2105 546 2142 quae
579 2092 756 2134 mordeant,
780 2101 901 2139 praeter
922 2092 1097 2127 animarum

351 2143 489 2190 pericula
516 2155 598 2190 quae
628 2154 670 2177 ex
695 2154 803 2178 eorum
829 2142 965 2177 scissura
988 2153 1100 2187 prove-

351 2201 484 2235 nerunt,
524 2193 676 2228 hactenus
715 2200 746 2226 et
783 2191 990 2239 proveniunt;
1025 2191 1100 2225 satis

351 2241 398 2276 eis
415 2243 536 2277 vexatio
563 2241 689 2277 dedisse
710 2241 860 2276 debuerat
894 2239 1100 2284 intellectum,

353 2291 384 2325 in
418 2303 553 2339 quorum
587 2291 734 2326 manibus
761 2290 841 2326 ordo
873 2289 1101 2325 ecclesiasticus

353 2351 408 2387 pet·
426 2341 576 2376 adversus
596 2340 737 2376 Orientis
758 2340 904 2375 nationes
926 2339 956 2373 in
979 2338 1101 2373 diversa

355 2390 487 2436 partitus
501 2390 719 2430 confunditur,
742 2389 956 2425 ecclesiastica
975 2387 1101 2423 libertas

354 2438 561 2487 deprimitur,
584 2448 615 2475 et
636 2438 838 2475 sacerdotalis
867 2438 1005 2485 dignitas
1032 2448 1103 2472 con-

355 2489 513 2532 culcatur,
540 2501 599 2525 nec
620 2497 668 2525 est
688 2489 742 2536 qui
765 2487 948 2523 consoletur
968 2499 1037 2522 eam
1065 2498 1102 2522 ex

356 2538 504 2575 omnibus
525 2539 607 2574 caris
630 2539 717 2582 eius,
748 2538 821 2584 quia
851 2544 1012 2585 tamquam
1030 2547 1104 2571 ace-

358 2587 441 2632 phali
464 2588 501 2623 ad
528 2595 623 2636 caput
649 2586 814 2623 Ecclesiae
836 2597 999 2622 recurrere
1020 2597 1104 2620 con-

357 2643 561 2683 tempserunt.

1128 464 1232 499 onmia
1267 466 1462 511 consumpsit
1486 464 1639 499 dissolute
1669 463 1822 505 vivendo,
1857 475 1874 498 a

1129 513 1266 549 Domino
1281 514 1452 562 inspiratus
1473 522 1593 560 surgat,
1611 521 1641 548 et
1656 512 1754 549 dicat:
1772 513 1875 553 Pater,

1131 564 1253 611 peccavi
1277 564 1308 598 in
1330 564 1464 604 caelum,
1493 571 1523 597 et
1545 574 1649 598 coram
1668 571 1710 607 te,
1733 563 1792 598 iam
1812 575 1875 598 nou

1129 626 1199 647 sum
1226 613 1341 659 dignus
1376 613 1478 648 vocari
1516 611 1598 646 [ilius
1625 619 1717 652 tuus,
1751 611 1800 647 fac
1827 624 1877 647 nie

1129 663 1210 698 sicut
1244 675 1341 697 unum
1379 662 1419 697 de
1454 661 1655 697 mercenariis
1681 662 1752 696 tuis.
1786 661 1878 696 Tunc

1129 712 1211 746 enim
1236 720 1324 759 pater
1338 724 1400 746 nou
1426 720 1457 746 ut
1474 710 1682 756 mercenario,
1694 710 1751 746 sed
1767 720 1799 746 ut
1813 711 1877 746 filio
1921 747 1928 750 ,

1130 762 1295 796 revertenti
1313 773 1495 805 occurrens,
1519 761 1651 807 primam
1673 760 1784 795 stolam
1804 772 1879 808 pro-

1130 810 1223 854 feret,
1246 811 1431 857 occidetque
1461 811 1593 845 vitulum
1621 809 1816 856 saginatum,
1846 817 1877 845 et

1130 860 1276 906 generale
1321 861 1499 894 convivium
1542 859 1683 899 faciens.
1721 859 1878 895 universis

1130 908 1388 944 christifidelibus
1417 921 1489 944 cum
1525 908 1719 943 exultatione
1745 920 1879 943 annun—

1130 958 1223 993 ciabit
1249 966 1279 993 et
1312 958 1440 1004 gaudio,
1461 957 1546 1005 quod
1569 966 1599 992 et
1620 956 1713 992 frater
1746 965 1777 993 et
1795 957 1878 992 filius

1131 1008 1185 1054 qui
1213 1015 1359 1043 mortuus
1386 1007 1498 1047 fuerat,
1525 1008 1585 1041 iam
1605 1006 1726 1047 revixit,
1754 1015 1785 1042 et
1805 1007 1879 1041 dra-

1131 1057 1222 1092 chma
1237 1069 1317 1104 quae
1332 1057 1465 1104 perierat
1485 1064 1532 1091 est
1553 1056 1691 1100 inventa,
1704 1064 1735 1091 et
1749 1056 1774 1090 si
1789 1064 1821 1091 te
1833 1058 1878 1099 (l)

1131 1107 1163 1141 in
1190 1107 1310 1153 gremio
1332 1107 1442 1141 matris
1468 1105 1628 1140 Ecclesiae
1657 1117 1730 1140 cum
1758 1105 1879 1140 honore

1132 1164 1276 1203 recepto,
1309 1156 1470 1191 veritatem
1499 1154 1663 1190 manifeste
1695 1154 1816 1189 videbis
1846 1155 1878 1189 in

1131 1205 1260 1252 speculo
1288 1206 1452 1252 puritatis,
1487 1217 1580 1251 quam
1611 1203 1754 1239 Ecclesia
1789 1204 1881 1238 latina

1131 1263 1235 1290 servat
1257 1255 1288 1289 in
1317 1254 1388 1289 fidei
1418 1255 1555 1298 unitate,
1577 1264 1659 1301 quae
1686 1265 1749 1288 non
1772 1252 1885 1300 recipit

1132 1304 1301 1345 maculam,
1325 1316 1429 1351 neque
1450 1315 1571 1350 rugam.

1181 1353 1297 1388 Datum
1323 1352 1435 1397 Reat.,
1470 1353 1606 1400 septimo
1646 1352 1706 1387 kal.
1742 1352 1886 1399 augusti,

1133 1402 1336 1450 pontificatus
1359 1402 1455 1437 nostri
1482 1414 1565 1437 anno
1592 1409 1693 1437 sexto.

1203 1456 1262 1486 Dat.
1283 1457 1329 1486 die
1344 1457 1382 1486 ΞΘ
1404 1456 1469 1486 iulii
1488 1455 1573 1490 1232,
1591 1454 1695 1495 pontif.
1719 1464 1765 1485 an.
1779 1462 1817 1484 vr.

1169 1521 1317 1564 Sequitur
1343 1521 1444 1554 altera
1468 1521 1510 1553 ad
1530 1520 1667 1553 eumdem
1694 1519 1848 1564 Epistola.

1400 1579 1615 1611 SUMMARtUM

1137 1636 1161 1665 t.
1184 1634 1320 1664 Schisma
1339 1634 1516 1664 Graecorum
1537 1634 1567 1663 in
1589 1633 1620 1663 V.
1641 1633 1672 1662 T.
1707 1634 1888 1673 praefigura-

1176 1679 1246 1704 tum.
1278 1691 1318 1697 —
1338 1674 1366 1704 2.
1383 1673 1545 1713 Explicatio
1569 1674 1694 1703 duorum
1713 1674 1888 1712 gladiorum,

1176 1723 1337 1753 eorumque
1353 1723 1435 1744 usus.
1455 1731 1493 1736 -
1511 1713 1634 1751 Legatos
1654 1722 1685 1743 se
1701 1713 1820 1744 misisse
1838 1714 1887 1744 di-

1175 1754 1215 1783 cit
1229 1754 1371 1784 Pontifex.
1386 1770 1425 1776 —
1441 1753 1481 1783 De
1500 1753 1649 1784 Ecclesiae
1668 1754 1779 1784 unitate
1797 1754 1887 1784 multa

1177 1794 1270 1824 docet.
1289 1810 1328 1816 —
1349 1794 1376 1823 3.
1399 1793 1433 1823 Et
1454 1794 1490 1823 de
1512 1793 1628 1823 diverso
1646 1793 1703 1823 ritu
1732 1793 1761 1822 in
1785 1803 1888 1824 sacra—

1177 1839 1275 1864 mento
1297 1833 1511 1864 Eucharistiae.

1137 1896 1283 1932 Gregorius
1301 1896 1441 1932 episcopus
1465 1902 1558 1924 servus
1573 1902 1714 1925 servorum
1732 1895 1788 1929 Dei,
1812 1903 1890 1926 vene·

1181 1941 1264 1970 rabili
1281 1940 1367 1969 fratri
1385 1940 1584 1976 archiepiscopo
1608 1941 1778 1974 Graecorum.
1816 1941 1889 1970 salu·

1182 1987 1239 2014 tem
1257 1987 1287 2014 et
1307 1985 1485 2021 apostoticam
1503 1985 1728 2014 benedictionem.

1188 2043 1270 2078 Cum
1293 2043 1377 2078 iuxta
1401 2044 1618 2078 testimonium
1639 2043 1805 2085 Veritatis,
1833 2055 1889 2078 oc-

1140 2094 1224 2128 casio
1257 2093 1296 2128 sit
1330 2105 1473 2128 errorum
1506 2092 1683 2138 ignorantia
1708 2092 1890 2140 Scriptura-

1141 2155 1230 2186 rum,
1270 2144 1395 2177 cunctis
1427 2142 1555 2189 expedit
1588 2141 1656 2176 illas
1683 2141 1806 2188 legere,
1841 2142 1889 2176 vel

1141 2191 1260 2235 audire,
1283 2192 1358 2238 quia
1380 2203 1458 2239 quae
1483 2192 1511 2225 in
1535 2192 1580 2226 eis
1602 2191 1768 2238 inspiratio
1785 2190 1891 2226 divina

1142 2241 1281 2287 reposuit
1298 2253 1353 2288 pro
1371 2241 1512 2276 doctrina
1531 2240 1746 2288 sequentium,
1767 2239 1805 2274 ad
1820 2251 1892 2275 cau-

1141 2291 1258 2325 thelam
1286 2290 1408 2325 trahere
1436 2290 1533 2325 voluit
1560 2289 1794 2324 modernorum.

1191 2343 1206 2382 g
1235 2342 1265 2373 t.
1290 2338 1372 2374 Sane
1394 2339 1454 2373 sub
1476 2338 1651 2382 Ieroboam,
1678 2337 1732 2385 qui
1759 2349 1891 2385 peccare

1142 2387 1234 2427 fecit,
1270 2396 1304 2423 ut
1339 2388 1473 2435 legitur,
1502 2387 1661 2427 lsraelem,
1689 2395 1890 2434 praesumpta
1912 2393 2009 2415 scm-m.
2022 2392 2093 2420 ora-,s

1143 2437 1254 2473 divisio
1283 2438 1421 2473 tribuum
1451 2444 1593 2484 patenter
1620 2437 1724 2483 signat
1754 2435 1889 2472 schisma
1904 2418 2089 2483 ssssiffissum'
2127 2458 2129 2474 2

1143 2486 1349 2529 Graecorum3
1369 2495 1400 2522 et
1423 2486 1591 2522 multitudo
1621 2485 1890 2521 abominationum

1144 2535 1314 2578 Samariae,
1347 2536 1484 2571 diversas
1515 2535 1659 2570 haereses
1680 2534 1892 2570 multitudiuis

1144 2597 1161 2620 a
1176 2586 1375 2621 veneratione
1398 2585 1459 2620 veri
1474 2583 1598 2631 Templi
1616 2583 1756 2625 Domini,
1772 2583 1892 2619 Roma-

1179 2646 1219 2680 (1)
1238 2645 1388 2681 Legendum
1403 2645 1512 2673 forsitan
1526 2648 1551 2672 et
1565 2647 1601 2670 sic
1621 2648 1681 2671 tu...
1694 2649 1823 2679 receptus,
1838 2651 1891 2672 etc.
