2129 3223
145 278 196 304 An.
215 277 242 303 C.
259 278 325 304 1265

148 1069 188 1087 Hm*
196 1073 257 1096 eaput
267 1075 323 1090 com·

139 1101 248 1126 venenati
258 1101 320 1120 ettam

138 1137 208 1156 regunt
228 1136 320 1151 rensuu—

137 1166 231 1186 sitinensi

145 1997 199 2018 cona
209 1999 277 2018 omnia
286 2000 320 2018 eo-

138 2028 263 2049 *tesiafltttts
283 2031 320 2048 re-

137 2066 143 2073 *
167 2063 207 2078 fflev
218 2059 239 2079 ds

392 266 462 299 756

932 267 1118 291 uenantum
1140 265 1302 289 ROMANUM

342 340 442 366 terras
468 329 630 364 Romanae
659 324 820 360 Ecclesiae
855 322 986 358 ubilibet
1012 333 1091 357 con·
1133 319 1364 367 possessionem
1400 318 1460 354 hoc
1493 318 1599 359 modo,
1635 317 1754 353 scilicet
1790 319 1876 366 quod

341 381 466 416 stitutas
492 375 716 422 occupaveritis
746 374 795 408 vel
825 384 982 420 occupare
1004 371 1090 406 sece-

341 430 407 464 ritis
447 435 499 462 aut
531 425 703 467 molestari,
730 430 760 457 et
793 430 959 470 postquam
993 432 1089 467 super

340 478 400 513 hoc
428 489 444 512 a
472 476 616 511 Romano
637 472 791 508 Pontifice
819 471 928 506 moniti
962 470 1010 504 vel
1038 481 1088 504 re-

340 526 446 574 quisiti
470 525 600 563 fueritis,
624 523 669 557 vel
695 521 862 557 commode
884 520 1003 554 moueri
1033 527 1086 553 aut

342 575 456 623 requiri
485 572 691 621 nequiveritis
717 571 802 606 iuxta
829 570 927 617 ipsius
952 569 1086 603 Romani

340 624 502 660 pontilicis
530 623 735 657 assertionem
765 620 810 654 vel
838 619 971 657 dictum,
1000 626 1087 664 post-

339 686 433 722 quam
469 673 507 708 de
534 672 594 706 ltoc
628 680 770 717 tempore
800 668 923 714 publice
950 675 1002 701 aut
1033 679 1087 701 so-

340 723 484 758 lemniter
506 733 561 756 vos
587 720 756 759 monuerit,
776 718 853 752 iufra
878 725 939 752 tres
960 728 1086 750 menses

338 784 400 807 non
429 770 629 806 restitueritis
651 770 770 814 integre
792 766 897 802 omnia
920 773 1083 812 occupata,

337 834 375 856 eo
397 821 465 866 ipso
486 821 524 855 ab
547 818 687 854 eiusdem
714 816 801 863 regni
824 815 952 849 Siciliae
975 822 1005 849 et
1028 822 1087 848 ter·

337 882 389 906 rae
412 871 478 904 iure
498 869 615 904 cadatis
633 866 777 901 totaliter.
801 865 935 911 lpsaque
954 875 1083 909 regnum

336 928 368 955 et
403 927 515 954 terram
552 929 680 963 prorsus
701 915 860 954 amittatis,
889 922 918 947 et
945 913 1020 947 haec
1047 912 1084 946 ad

336 967 512 1004 Romanam
540 966 716 1001 Ecclesiam
746 964 843 998 libere
870 961 1083 997 devolvantur.

385 1016 478 1060 Quod
511 1016 537 1051 si
565 1016 659 1050 etiam
688 1012 899 1055 restitueritis,
926 1011 1085 1045 nibilomi-

337 1079 396 1102 nus
422 1066 460 1102 ad
485 1065 612 1113 plenum
646 1063 685 1097 de
718 1061 871 1096 universis
904 1060 1028 1094 iniuriis
1055 1068 1085 1094 et

336 1116 460 1151 damnis
499 1115 608 1155 illatis,
647 1112 685 1147 ad
720 1110 903 1145 mandatum
942 1108 1083 1143 eiusdem

337 1165 469 1199 Romani
497 1163 659 1198 l'ontilicis
685 1160 867 1195 satisfacere
897 1158 1083 1193 teneamini:

334 1215 384 1249 alii
405 1225 533 1261 quoque
556 1211 706 1247 haeredes
730 1209 834 1253 vestri,
853 1207 1011 1250 videlicet,
1030 1207 1082 1254 qui

335 1263 422 1298 vobis
445 1275 506 1297 non
535 1261 708 1296 succedent
732 1259 763 1293 in
793 1269 902 1304 regno,
928 1268 1082 1302 occupare

335 1312 382 1346 vel
410 1312 510 1347 facere
550 1309 698 1357 occupari
733 1307 859 1342 easdem
895 1313 992 1341 terras
1016 1305 1083 1341 Ro-

334 1373 444 1396 manae
476 1360 643 1402 Ecclesiae,
667 1358 713 1392 vel
741 1356 905 1391 molestare
932 1355 979 1389 vel
1009 1367 1083 1390 mo-

334 1410 437 1444 lestari
461 1409 562 1444 facere
584 1419 682 1455 super
708 1406 770 1440 illis
792 1405 936 1439 eamdem
964 1403 1082 1439 Eccle-

334 1460 412 1493 siam
440 1471 502 1493 non
530 1464 700 1493 attentent:
725 1454 767 1488 illi
795 1465 880 1494 vero,
910 1453 964 1499 qui
991 1465 1083 1488 secus

334 1507 566 1549 attentaverint,
589 1505 777 1553 praemissas
797 1514 925 1549 poenas,
946 1509 979 1536 ut
1000 1502 1083 1536 vide-

334 1557 407 1592 licet
428 1568 465 1591 eo
492 1557 562 1603 ipso
583 1558 648 1590 sint
674 1551 953 1606 excommunicati,
966 1558 996 1585 et
1019 1558 1079 1586 tam

334 1606 405 1653 ipsi,
439 1617 531 1652 quam
565 1616 674 1639 eorum
710 1602 876 1649 posteritas
903 1612 932 1634 tn
969 1612 1082 1647 perpe-

335 1662 422 1689 tuum
457 1655 494 1688 a‹l
524 1653 759 1688 successionem
797 1649 946 1698 praedicti
980 1650 1080 1694 regui,

333 1704 358 1738 si
385 1703 555 1749 aliquando
583 1703 661 1736 sorte
683 1713 757 1735 casu
781 1699 923 1734 eiusdem
947 1710 1081 1733 succes-

333 1753 380 1787 sio
395 1752 614 1787 devolveretur
628 1751 665 1785 ad
683 1751 763 1788 illos,
778 1749 958 1782 nullatenus
972 1747 1082 1782 admit·

333 1810 450 1844 tantur,
466 1802 637 1841 incurran13
657 1808 686 1834 et
709 1811 763 1834 rex
776 1797 915 1840 Siciliae,
936 1798 988 1843 qui
1008 1806 1080 1831 tunc

333 1851 401 1890 erit,
431 1858 573 1885 teneatur
599 1850 745 1884 assistere
768 1846 913 1882 Romano
935 1846 1079 1881 Pontifici

334 1908 439 1934 contra
454 1900 549 1946 ipsos,
560 1907 651 1946 prout
664 1911 699 1932 su
707 1897 812 1944 perius
823 1904 870 1930 est
883 1908 1078 1943 expressum.

388 1951 440 1982 14.
465 1948 548 1984 Sane
584 1948 731 1982 omnibus
753 1945 914 1985 Ecclesiis,
942 1953 1002 1980 tam
1026 1957 1081 1980 ca-

335 1998 526 2036 tltedalibus,
541 2009 634 2044 quam
657 1997 723 2031 aliis
741 1994 955 2042 regularibus,
971 2003 1000 2029 et
1014 1996 1080 2042 qui-

334 2047 472 2082 buslibet
507 2047 663 2092 religiosis
693 2045 919 2085 saecularibus,
957 2055 1079 2079 necnon

335 2096 483 2132 omuibus
506 2096 651 2143 praelatis
672 2103 702 2129 et
721 2094 845 2129 clericis
867 2106 902 2128 ac
925 2094 1081 2128 universis

337 2147 483 2192 personis
522 2144 760 2184 ecclesiasticis,
798 2143 1012 2178 saecularibus
1051 2151 1080 2178 et

336 2194 544 2241 regularibus,
567 2202 596 2228 ct
610 2193 804 2242 quibuslibet
828 2193 980 2238 religiosis
1005 2192 1082 2227 locis

337 2244 472 2288 plenarie
494 2243 691 2278 dimittentur
712 2251 742 2277 et
769 2243 972 2277 restituentur
1000 2242 1081 2276 inte-

335 2305 388 2335 gre
410 2292 513 2326 omnia
540 2293 622 2327 bona
644 2304 753 2327 eorum
778 2291 948 2326 immobilia
970 2303 985 2325 a
1008 2291 1082 2338 qui-

337 2343 532 2388 buscumque
559 2342 660 2376 ablata
687 2341 735 2376 vel
757 2349 905 2387 occupata
940 2341 1014 2379 sint,
1052 2347 1083 2375 et

338 2403 392 2437 per
404 2402 623 2438 quoscumque
638 2390 850 2425 detineantur.
867 2389 993 2425 Mobilia
1011 2401 1082 2424 vero

336 2451 416 2486 quae
442 2448 548 2474 extant
580 2449 610 2474 et
643 2447 787 2486 poterunt
811 2439 955 2483 inveniri,
987 2439 1082 2474 simili

337 2488 429 2523 modo
457 2489 661 2523 restituentur
694 2489 826 2524 eisdem.
859 2487 944 2523 Haec
975 2496 1080 2523 autem

337 2538 490 2572 restitutio
531 2538 582 2572 fiet
609 2538 728 2585 absque
756 2538 1003 2573 contradictione
1035 2538 1081 2573 vel

337 2585 519 2621 difficultate
555 2587 705 2634 qualibet,
740 2587 821 2622 sicut
856 2586 1082 2622 nanciscemini

336 2634 570 2682 praedictorum
617 2636 702 2684 regni
744 2636 868 2672 Siciliae
914 2643 942 2671 et
983 2644 1082 2672 terrae

1130 370 1234 404 statim
1272 369 1302 403 in
1339 368 1392 403 illa
1423 375 1508 414 parte
1546 368 1686 415 ipsorum
1723 369 1812 414 regni
1847 375 1878 403 ct

1129 428 1242 459 terrae,
1265 429 1344 465 quae
1362 417 1450 453 vobis
1471 417 1608 458 obediet,
1632 417 1788 452 restitutio
1810 417 1875 464 ipsa

1131 467 1193 508 fiet,
1222 467 1351 515 ipsaque
1381 466 1561 502 successive
1593 466 1877 509 consummabitur,

1129 517 1211 552 sicut
1241 517 1352 552 eadem
1382 528 1513 563 regnum
1544 524 1575 550 et
1604 523 1686 551 terra
1717 515 1876 551 habebun-

1130 575 1189 601 tur.
1211 566 1258 601 Ne
1279 574 1385 601 autem
1414 577 1512 612 super
1528 565 1577 599 his
1599 565 1693 600 rebus
1715 565 1875 601 restituen-

1128 615 1176 650 (lis
1198 616 1296 662 ingeri
1325 615 1423 663 possit
1448 614 1550 661 aliqua
1573 614 1753 655 difficultas,
1779 615 1876 662 depu-

1128 665 1278 700 tabuntur
1295 677 1310 699 a
1333 664 1477 699 Romano
1499 663 1653 698 Pontifice
1675 663 1771 710 aliqui
1801 665 1876 700 iuris

1127 714 1267 759 discreti,
1295 714 1333 748 ad
1360 725 1497 761 quorum
1533 713 1715 747 mandatum
1742 720 1773 748 et
1798 714 1874 749 arbi-

1128 763 1220 798 trium
1238 763 1365 803 iurium,
1390 775 1493 798 rerum
1518 762 1731 797 immobilium
1753 771 1784 798 et
1806 775 1875 798 mo-

1128 813 1251 854 bilium,
1273 824 1354 859 quae
1376 820 1494 856 extant,
1517 812 1675 847 restitutio
1698 812 1790 859 plene
1810 812 1875 856 fiat,

1128 863 1167 896 ita
1202 862 1284 909 quod
1313 862 1351 896 de
1391 862 1451 905 bis,
1487 860 1526 896 de
1560 873 1695 908 quorum
1734 861 1875 897 dominio

1127 911 1173 946 vel
1203 911 1392 958 proprietate
1413 922 1467 945 seu
1495 911 1693 957 possessione
1715 911 1873 946 notorium

1127 961 1231 1004 suerit,
1253 960 1292 995 ad
1319 972 1428 994 eorum
1452 959 1633 995 mandatum
1656 967 1687 995 et
1707 959 1873 995 arbitrium

1127 1022 1199 1044 mox
1226 1009 1408 1044 reddentur.
1431 1009 1465 1043 ln
1489 1008 1595 1044 dubiis
1616 1021 1689 1044 vero
1712 1021 1767 1056 per
1788 1010 1874 1057 ipsos

1126 1058 1166 1093 de
1195 1058 1287 1106 plano
1309 1066 1340 1093 et
1367 1058 1485 1105 absque
1507 1058 1638 1106 strepitu
1661 1058 1771 1093 iudicii
1793 1059 1874 1094 veri-

1126 1116 1172 1143 tas
1204 1107 1388 1154 diligentius
1423 1107 1610 1154 inquiretur.
1639 1106 1763 1142 Sufficit
1788 1109 1873 1143 enim

1127 1158 1227 1192 vocari
1256 1157 1460 1192 camerarium
1484 1168 1541 1191 seu
1559 1156 1708 1192 bailivum
1727 1157 1759 1192 in
1782 1157 1874 1193 cuius

1126 1206 1344 1242 iurisdictione
1383 1205 1428 1241 vel
1470 1205 1594 1241 ballivia
1620 1218 1676 1242 seu
1714 1206 1873 1241 territorio

1127 1256 1218 1296 bona,
1232 1256 1398 1303 dequibus
1411 1262 1535 1301 agetur,
1556 1256 1744 1295 consistant,
1765 1255 1804 1290 ad
1831 1256 1873 1290 vi-

1124 1305 1265 1340 dendum
1299 1306 1401 1340 iurare
1433 1312 1540 1349 testes,
1566 1306 1620 1353 qui
1643 1305 1674 1339 in
1692 1304 1871 1340 huiusmodi

1126 1355 1327 1402 inquisitione
1357 1354 1527 1402 deponent.

1175 1407 1231 1439 15.
1265 1403 1387 1439 Omnes
1418 1404 1552 1450 insuper
1589 1402 1767 1445 Ecclesiae,
1808 1411 1868 1439 tam

1123 1453 1329 1494 cathedrales,
1351 1465 1445 1501 quam
1472 1452 1551 1488 aliae
1577 1454 1736 1500 regulares
1757 1460 1787 1488 et
1808 1464 1872 1488 sae-

1123 1503 1257 1547 culares,
1284 1514 1407 1537 necnon
1426 1512 1457 1538 et
1477 1514 1590 1537 omnes
1617 1502 1745 1550 praelati
1767 1503 1871 1537 etele-

1123 1551 1196 1595 rici,
1232 1563 1406 1598 omnesque
1451 1563 1603 1598 personae
1639 1551 1870 1587 ecclesiasticae

1122 1599 1299 1635 saeculares
1326 1608 1357 1634 et
1384 1601 1564 1646 religiosae,
1599 1607 1630 1635 et
1651 1607 1871 1648 quaecumque

1123 1649 1284 1696 religionis
1306 1649 1372 1684 loca
1406 1661 1477 1684 cum
1509 1649 1656 1685 omnibus
1682 1649 1773 1685 bonis
1804 1650 1881 1685 suis·

1123 1699 1152 1733 in
1175 1699 1395 1741 electionibus,
1420 1698 1700 1746 postulationibus,
1723 1699 1870 1734 nomina-

1123 1748 1276 1792 tionibus,
1299 1747 1532 1794 provisionibus
1567 1756 1597 1782 et
1631 1748 1781 1783 omnibus
1801 1747 1870 1783 aliis

1123 1796 1213 1844 plena
1242 1797 1382 1832 libertate
1408 1796 1604 1844 gaudebuut,
1627 1809 1686 1832 nec
1711 1805 1783 1832 ante
1803 1799 1870 1833 ele-

1122 1847 1258 1881 ctionem
1281 1846 1346 1881 sive
1373 1847 1405 1882 in
1429 1847 1582 1881 electione
1595 1846 1641 1881 vel
1663 1854 1744 1894 post,
1765 1858 1871 1882 assen-

1123 1908 1175 1930 sus
1197 1895 1245 1930 vel
1272 1896 1438 1930 consilium
1461 1895 1660 1942 aliquatenus
1683 1897 1866 1943 requiretur.

1121 1945 1222 1987 Quam
1251 1946 1357 1993 utique
1384 1945 1557 1981 libertatem
1579 1957 1634 1980 vos
1664 1953 1695 1980 et
1721 1946 1814 1980 vestri
1837 1946 1868 1980 in

1123 1994 1281 2042 praedicto
1303 2007 1400 2042 regno
1427 1995 1579 2030 haeredes
1604 2006 1730 2041 semper
1756 2007 1870 2030 manu—

1123 2044 1268 2079 tenebitis
1289 2052 1320 2079 et
1346 2044 1585 2087 conservabitis,
1620 2052 1651 2078 et
1674 2046 1868 2080 manuteneri

1123 2094 1252 2135 facietis,
1286 2094 1369 2140 quod
1397 2094 1428 2128 in
1450 2093 1600 2129 omnibus
1622 2093 1689 2128 aliis
1711 2094 1802 2141 plena
1830 2094 1870 2129 li—

1123 2143 1239 2178 bertate
1273 2142 1468 2188 gaudebunt,
1496 2155 1553 2178 nec
1574 2151 1645 2178 ante
1671 2142 1868 2184 electionem,

1122 2193 1186 2227 sive
1209 2193 1239 2227 in
1267 2192 1434 2237 electione,
1457 2192 1504 2227 vel
1523 2200 1604 2239 post,
1632 2192 1739 2240 regius
1759 2203 1869 2228 assert-

1122 2254 1176 2276 sus
1199 2241 1245 2276 vel
1267 2242 1433 2276 consilium
1461 2241 1660 2289 aliquatenus
1683 2242 1867 2289 requiretur.

1121 2291 1223 2333 Quam
1253 2291 1362 2338 utique
1389 2291 1562 2326 libertatem
1590 2302 1644 2326 vos
1672 2298 1703 2325 et
1723 2290 1814 2326 vestri
1837 2290 1869 2325 in

1123 2339 1280 2387 praedicto
1307 2351 1402 2386 reguo
1425 2340 1574 2376 haeredes
1599 2351 1725 2387 semper
1751 2351 1869 2375 manu-

1123 2388 1271 2425 tenebitis
1303 2397 1334 2424 et
1365 2390 1561 2424 manuteneri
1594 2389 1712 2424 facietis
1738 2388 1777 2424 ab
1799 2400 1870 2424 om-

1123 2439 1215 2474 nibus
1229 2438 1364 2474 subditis
1386 2439 1507 2479 vestris,
1530 2438 1693 2486 dictaeque
1707 2437 1870 2473 Ecclesiae

1123 2500 1157 2523 ac
1180 2500 1333 2535 personae
1353 2496 1479 2524 utentur
1500 2487 1597 2523 libere
1618 2486 1764 2522 omnibus
1779 2486 1870 2522 bonis

1123 2546 1153 2573 et
1175 2537 1298 2572 iuribus
1323 2537 1406 2581 suis,
1432 2537 1517 2572 salvo
1540 2536 1626 2572 vobis
1648 2543 1679 2571 et
1705 2537 1816 2572 vestris
1837 2536 1869 2571 in

1125 2598 1220 2633 regno
1243 2586 1430 2622 ltaeredibus
1455 2586 1523 2621 iure
1545 2592 1727 2633 patronatus
1749 2585 1780 2620 in
1807 2585 1870 2621 Ec-

1124 2635 1227 2671 clesiis
1248 2636 1286 2683 ¹in
1321 2643 1458 2678 tantum,
1481 2642 1632 2683 quantum
1668 2634 1716 2671 vel
1750 2635 1869 2684 antiqui

1891 265 1945 308 μη.
1964 264 1993 292 c.
2010 264 2077 291 ¹265

1899 1414 1992 1437 Libertas
2007 1418 2033 1436 its
2046 1417 2067 1437 in

1906 1446 2047 1467 electionibus

1884 1477 2003 1497 omnimoda
2023 1482 2068 1497 aer-

1937 1508 2012 1527 vanda.
