2129 3223
58 239 107 267 An.
125 239 154 267 C.
171 241 234 268 ¹201

848 241 1057 263 lNNOCEM‘tth
1079 242 1114 263 ΙΙΙ
1139 241 1184 263 ΙΨ.

251 295 400 335 adiuvari.
428 294 511 330 Cum
552 304 657 331 autem
697 296 787 331 nobis
821 296 859 332 ad
892 297 996 332 literas

251 345 337 386 istas,
363 357 441 392 quas
467 345 504 382 ad
530 345 646 380 multos
679 353 814 380 vestrum
852 348 996 382 novimus

250 395 440 442 pervenisse,
465 406 523 430 nec
544 394 639 430 verbo
667 395 789 439 suisset,
817 408 874 431 nec
915 396 996 431 sacto

249 455 448 490 responsum,
481 445 715 492 expectavimus
751 445 862 480 iterum
895 445 995 480 donec

246 492 438 534 audivimus,
465 493 548 541 quod
571 506 626 541 per
647 494 785 529 studium
813 502 842 529 et
875 495 995 530 sollici-

247 541 389 578 tudinem
413 542 512 578 bonae
538 544 710 578 memoriae
732 543 869 579 Conradi
893 545 995 578 archi-

245 592 387 639 episcopi
416 592 590 639 Maguntini
625 605 641 627 a
676 602 780 628 nostra
821 595 993 640 praesentia

246 641 406 677 redeuntis
433 642 524 677 fuerit
564 650 761 688 procuratum
799 651 831 678 ut
863 643 992 690 quidam

245 699 383 726 vestrum
411 691 448 726 ad
476 704 643 726 commune
671 691 860 738 colloquium
884 705 991 727 conve-

245 742 351 776 nirent
376 741 415 776 de
439 741 615 787 provisione
657 742 779 788 imperii
820 743 989 776 tractaturi.

244 791 336 826 Unde
363 803 401 826 ne
423 790 602 825 videremur
615 790 653 824 ab
675 791 800 838 incepto
826 791 991 836 desistere,

244 840 350 876 literas
370 848 495 876 nostras
515 840 553 875 ad
577 853 630 874 vos
654 853 708 888 per
723 841 884 887 proprium
913 854 991 877 nun-

243 890 320 925 tium
368 889 516 925 duximus
563 889 776 935 destinandas,
823 891 989 926 consilium

242 947 384 980 nostrum
415 939 505 974 vobis
537 947 731 986 exponentes
772 940 918 986 fideliter,
960 949 989 976 et

240 1001 336 1037 super
358 989 396 1027 iis
421 1001 502 1036 quae
527 990 703 1024 necessaria
727 989 913 1025 videbantur
942 990 990 1025 di-

239 1038 391 1086 ligentins
419 1039 621 1074 instruentes.
649 1038 815 1074 Caeterum
837 1052 909 1074 cum
932 1052 989 1075 nec

240 1100 296 1135 per
320 1089 576 1136 expectationem
605 1088 773 1130 diutinam,
793 1100 851 1123 nec
873 1089 989 1124 exhor-

240 1137 387 1173 tationem
434 1138 610 1178 honestam,
662 1150 697 1172 ac
750 1139 987 1173 instructionem

240 1187 409 1233 plenariam
440 1187 532 1222 fuerit
570 1187 748 1222 discordiae
784 1188 899 1234 prioris
938 1189 988 1222 in-

239 1236 440 1272 commodum
473 1237 635 1283 sequentis
671 1237 856 1271 concordiae
894 1249 987 1271 com-

240 1285 387 1321 moditate
409 1294 588 1333 purgatum,
622 1298 660 1320 ne
687 1286 762 1332 quid
792 1298 829 1320 cx
860 1287 987 1321 contin-

237 1335 385 1381 gentibus
406 1336 550 1370 omittere
569 1335 758 1374 videremur,
775 1336 984 1370 venerabilem

239 1385 362 1420 fratrem
383 1392 524 1420 nostrum
542 1384 779 1421 Praenestinum
802 1385 985 1432 episcopum

237 1433 437 1481 Apostolicae
463 1433 556 1469 Sedis
578 1434 738 1481 legatum,
773 1434 872 1469 virum
913 1435 987 1469 reli-

236 1483 329 1529 gione
355 1484 578 1530 conspicuum,
607 1484 781 1528 praeditum
809 1484 985 1524 honestate,

237 1545 385 1579 magnum
408 1532 570 1568 Ecclesiae
596 1533 653 1568 Dei
678 1532 867 1574 membrum,
891 1546 985 1580 quem

237 1583 318 1617 inter
348 1590 489 1617 caeteros
527 1582 637 1617 fratres
675 1590 799 1617 nostros
842 1584 986 1629 specialis

237 1631 418 1668 dilectionis
447 1632 583 1666 brachiis
609 1632 838 1678 amplexamur,
860 1641 890 1667 et
911 1645 984 1667 curn

236 1693 274 1716 eo
291 1681 442 1716 dilectum
466 1681 564 1716 filium
588 1682 771 1728 magistrum
800 1681 984 1729 Philippum

236 1731 392 1766 notarium
420 1738 578 1774 nostrum,
614 1732 713 1765 virum
753 1731 918 1777 providum
955 1740 985 1766 et

236 1780 424 1824 discretum,
459 1780 552 1815 nobis
595 1788 623 1814 et
664 1780 813 1815 fratribus
868 1782 986 1816 nostris

236 1830 350 1865 merito
371 1842 447 1865 suae
481 1829 644 1876 probitatis
673 1841 781 1864 earum
812 1829 984 1865 admodum

236 1887 268 1914 et
288 1888 465 1926 acceptum,
491 1879 529 1913 ad
553 1886 657 1926 partes
685 1888 802 1915 vestras
836 1879 985 1919 duximus

237 1928 454 1968 destinandos,
480 1929 532 1976 qui
565 1941 637 1963 cum
677 1929 847 1964 venerabili
892 1930 985 1965 fratre

238 1985 346 2014 nostro
372 1977 543 2013 Octaviano
565 1977 705 2013 Ostiensi
727 1980 876 2026 episcopo
903 1979 987 2027 Apo-

237 2027 366 2066 stolicae
386 2027 478 2062 Sedis
503 2028 616 2073 legato,
639 2029 775 2075 primum
797 2029 900 2064 locum
917 2039 986 2076 post

239 2090 296 2117 nos
317 2077 348 2112 in
376 2076 516 2112 Ecclesia
540 2076 680 2112 Romana
707 2086 845 2123 tenente,
880 2079 904 2113 si
944 2087 986 2114 ta-

240 2139 311 2171 men
335 2127 401 2174 ipse
422 2139 438 2161 a
461 2127 598 2173 negotiis
618 2126 678 2161 illis
691 2127 805 2174 quibus
822 2128 986 2163 tenebatur

240 2177 270 2214 in
291 2187 390 2223 regno
411 2174 603 2210 Francorum
630 2188 664 2211 se
678 2178 774 2223 possit
797 2178 914 2212 utiliter
932 2191 986 2213 ex-

240 2226 360 2273 pedire,
381 2225 418 2260 ad
442 2237 496 2260 vos
516 2225 610 2260 simul
638 2226 836 2266 accederent,
880 2236 910 2262 et
948 2240 985 2262 ex

240 2283 328 2323 parte
347 2284 451 2311 nostra
475 2283 638 2310 monerent
666 2275 832 2316 salubriter
867 2285 897 2312 et
937 2278 986 2311 in-

240 2324 393 2361 ducerent
410 2324 578 2371 diligenter
597 2332 630 2359 ut
658 2337 712 2372 per
739 2338 792 2361 vos
806 2327 893 2373 ipsos
913 2339 983 2361 cum

240 2386 362 2417 eorum,
388 2374 413 2409 si
433 2386 564 2409 necesse
586 2373 675 2417 soret,
697 2375 828 2411 consilio
849 2384 878 2410 et
895 2388 985 2423 prac-

240 2423 321 2460 sidio
347 2423 386 2458 ad
405 2424 603 2459 concordiam
628 2423 787 2459 intendere
824 2427 984 2465 curaretis,

241 2473 289 2510 vel
314 2473 340 2508 si
361 2472 441 2508 forte
463 2485 517 2520 per
539 2486 593 2508 vos
607 2472 781 2508 desiderata
796 2486 858 2509 non
878 2483 985 2522 posset

242 2522 406 2558 concordia
449 2523 623 2570 provenire,
666 2531 774 2557 nostro
812 2536 866 2563 νας
898 2537 986 2560 com-

244 2571 408 2609 mitteretis
423 2572 552 2608 arbitrio
578 2571 625 2607 vel
664 2571 805 2613 consilio,
831 2573 915 2618 salva
953 2574 984 2608 in

243 2620 390 2665 omnibus
417 2629 478 2656 tam
506 2621 646 2658 libertate
673 2630 786 2666 vestra,
808 2634 901 2668 quam
926 2624 986 2657 im—

1666 236 1734 268 179

1038 296 1114 343 perii
1158 297 1322 342 dignitate,
1361 312 1431 333 cum
1480 301 1638 335 neminem
1685 303 1783 348 magis

1036 358 1129 392 quam
1152 345 1331 381 Romanum
1362 347 1545 384 Pontificem
1581 350 1782 387 mediatorem

1037 395 1066 430 in
1092 395 1150 429 hoc
1178 408 1231 430 vos
1258 396 1372 431 habere
1404 398 1543 439 deceret,
1578 400 1631 447 qui
1666 401 1783 436 voluu-

1036 444 1151 480 tatibus
1170 452 1200 479 et
1226 446 1396 481 rationibus
1411 447 1576 483 intellectis
1591 450 1782 497 provideret,

1035 493 1120 541 quod
1148 503 1231 529 esset
1253 495 1368 530 iustum
1392 505 1422 531 et
1459 498 1543 542 utile,
1577 511 1694 547 vosque
1727 513 1783 547 per

1035 544 1253 579 auctoritatem
1287 545 1416 580 caelitus
1448 546 1506 580 sibi
1539 548 1641 584 datam
1687 563 1781 597 super

1035 593 1219 628 iuramentis
1241 594 1390 630 exhibitis
1416 596 1518 642 quoad
1534 597 1644 632 famam
1667 606 1697 633 et
1710 612 1781 634 con-

1034 643 1197 678 scientiam
1222 643 1379 688 liberaret,
1406 653 1437 679 et
1473 645 1508 679 ad
1549 659 1642 693 quem
1681 661 1779 696 nego-

1033 700 1112 727 tium
1132 694 1252 739 imperii
1276 706 1312 728 ex
1335 694 1439 729 causis
1453 697 1598 742 superius
1615 698 1780 744 assignatis

1033 753 1094 779 non
1114 751 1162 776 est
1184 742 1316 778 dubium
1345 744 1682 790 pertinere.Caeterum
1697 761 1779 795 quo-

1033 791 1114 826 niam
1137 792 1288 832 hactenus
1310 806 1369 828 nec
1395 795 1620 841 expectationis
1655 805 1778 833 nostrae

1033 841 1198 882 modestia,
1250 855 1309 877 nec
1351 843 1578 880 exhortationis
1624 846 1777 891 studium,

1032 902 1090 925 nec
1112 891 1233 926 consilii
1260 894 1432 934 maturitas,
1472 906 1529 928 nec
1563 895 1777 932 instructionis

1031 939 1179 975 discretio
1202 954 1255 976 vos
1290 943 1470 983 commovit,
1509 956 1566 979 nec
1605 945 1776 992 legatorum

1031 998 1210 1026 nostrorum
1235 1004 1333 1039 usque
1371 992 1449 1028 adeo
1486 993 1664 1029 sollicitudo
1703 1009 1777 1043 pro-

1031 1039 1114 1084 fecit,
1143 1049 1173 1074 ut
1199 1041 1242 1075 vel
1271 1054 1326 1088 per
1355 1054 1409 1077 vos
1449 1043 1534 1089 ipsos
1569 1045 1689 1090 sepulta
1728 1045 1777 1079 di-

1030 1089 1165 1133 scordia,
1192 1090 1274 1124 sicut
1297 1103 1351 1125 vos
1372 1103 1467 1138 saepe
1491 1094 1683 1133 monuimus,
1705 1107 1777 1129 con-

1029 1139 1166 1173 corditer
1187 1140 1223 1173 ad
1248 1141 1458 1187 provisionem
1488 1141 1691 1178 intenderetis
1724 1145 1775 1178 im-

1029 1188 1117 1234 perii,
1159 1188 1203 1222 vel
1237 1189 1370 1224 consilio
1410 1198 1463 1224 aut
1497 1191 1626 1226 arbitrio
1669 1201 1775 1228 nostro

1028 1238 1223 1272 committere
1251 1250 1304 1272 vos
1327 1239 1456 1279 velletis,
1478 1251 1549 1275 cum
1574 1241 1773 1288 dispendium

1028 1286 1199 1327 Ecclesiae,
1246 1300 1326 1334 quae
1372 1289 1493 1323 diutius
1527 1302 1584 1325 nec
1620 1291 1684 1326 vult
1716 1305 1774 1327 nec

1028 1335 1120 1370 debet
1146 1336 1259 1371 idoneo
1284 1337 1448 1373 defensore
1470 1351 1587 1380 carere,
1620 1342 1774 1377 sustinere

1028 1385 1188 1420 noluimus
1215 1387 1346 1421 ulterius
1370 1388 1414 1421 vel
1442 1388 1640 1424 dissimulare
1673 1391 1774 1426 factu-

1027 1446 1090 1468 ram
1121 1435 1226 1481 populi
1250 1436 1424 1477 christiani,
1447 1450 1518 1472 cum
1542 1439 1630 1473 alteri
1653 1440 1691 1475 de
1723 1454 1773 1476 ve-

1027 1485 1099 1518 stris
1120 1485 1228 1520 electis
1252 1485 1387 1522 favorem
1415 1487 1598 1534 impendere
1621 1503 1682 1525 non
1706 1504 1773 1538 pos-

1026 1533 1138 1577 simus,
1167 1544 1294 1581 propter
1320 1538 1680 1574 excommunicationem
1713 1554 1773 1588 pu-

1028 1582 1153 1624 blicam,
1177 1584 1349 1630 periurium
1384 1587 1603 1628 manifestum,
1637 1597 1668 1625 et
1706 1591 1773 1625 vul-

1026 1640 1128 1678 gatam
1153 1635 1417 1679 persecutionem,
1440 1649 1531 1683 quam
1556 1640 1773 1686 progenitores

1026 1682 1095 1716 eius
1117 1683 1236 1729 etipse
1266 1685 1295 1718 in
1340 1685 1552 1731 Apostolicam
1588 1688 1701 1724 Sedem
1742 1698 1772 1724 et

1026 1730 1184 1767 Ecclesias
1210 1745 1357 1768 exercere
1385 1735 1562 1771 nullatenus
1576 1738 1770 1778 dubitarunt,

1027 1789 1152 1827 propter
1179 1783 1380 1818 insolentiam
1407 1786 1513 1830 etiam,
1543 1800 1637 1834 quam
1675 1802 1772 1824 exer-

1026 1839 1157 1866 cuerunt
1185 1832 1214 1865 in
1245 1833 1404 1880 principes
1437 1843 1467 1869 et
1505 1836 1583 1872 alios
1609 1838 1667 1873 sibi
1695 1840 1771 1874 sub-

1027 1880 1134 1920 iectos,
1174 1888 1204 1916 et
1227 1894 1264 1916 ne
1292 1882 1418 1918 libertas
1445 1886 1623 1934 principum
1653 1889 1682 1923 in
1711 1890 1771 1924 im-

1027 1931 1177 1977 peratoris
1199 1931 1351 1967 electione
1379 1933 1515 1975 vilescat,
1554 1938 1579 1972 si
1622 1951 1682 1973 non
1718 1952 1772 1986 per

1025 1980 1223 2025 electionem,
1254 1982 1307 2016 sed
1343 1985 1578 2021 successionem
1612 1988 1770 2023 transferri

1026 2041 1041 2064 a
1065 2030 1208 2076 patribus
1230 2031 1260 2065 in
1289 2031 1368 2067 filios
1395 2043 1425 2068 et
1447 2034 1476 2069 in
1512 2036 1621 2071 fratres
1657 2050 1673 2071 a
1710 2038 1771 2073 fra-

1026 2079 1125 2113 tribus
1152 2080 1316 2127 imperium
1341 2083 1493 2127 videatur,
1521 2087 1699 2121 consentire
1740 2089 1768 2122 in

1025 2128 1159 2164 alterurn
1188 2142 1247 2165 nos
1269 2140 1402 2177 oportet.
1430 2133 1503 2168 Fuit
1538 2137 1622 2170 enim
1656 2137 1770 2172 nobilis

1028 2179 1072 2211 vir
1095 2178 1261 2226 Philippus
1283 2180 1348 2215 dux
1372 2181 1505 2217 Sueviae
1527 2196 1543 2219 a
1570 2185 1669 2220 bonae
1703 2198 1771 2220 ine-

1027 2229 1146 2263 moriae
1183 2227 1363 2265 Coelestino
1406 2231 1490 2279 Papa
1530 2235 1770 2281 praedecessore

1026 2285 1132 2312 nostro
1160 2288 1288 2326 propter
1322 2280 1514 2317 invasionem
1549 2293 1579 2317 et
1626 2284 1770 2320 devasta-

1026 2327 1143 2361 tionem
1173 2328 1352 2374 patrimonii
1383 2330 1463 2365 beati
1501 2331 1583 2367 Petri
1627 2345 1770 2369 commo-

1026 2376 1145 2411 nitione
1183 2377 1323 2411 secundo
1360 2381 1529 2425 praemissa
1570 2381 1696 2429 publice
1734 2396 1769 2419 ac

1026 2424 1207 2460 solemniter
1241 2430 1577 2465 excommunicationis
1616 2435 1767 2468 sententia

1026 2474 1204 2519 innodatus,
1236 2488 1306 2510 cum
1342 2478 1373 2511 in
1414 2478 1526 2514 Tuscia
1573 2492 1769 2525 moraretur,

1025 2523 1108 2571 quod
1132 2524 1199 2571 ipse
1225 2526 1425 2572 postmodum
1453 2531 1655 2576 recognovit,
1693 2532 1768 2569 dum

1027 2586 1082 2620 per
1104 2574 1255 2609 nuncium
1282 2588 1373 2610 suuni
1394 2577 1431 2613 ab
1445 2578 1514 2624 ipso
1528 2580 1768 2626 praedecessore

1027 2630 1132 2658 nostro
1153 2624 1358 2663 absolutionis
1381 2626 1568 2664 beneficium
1588 2632 1769 2679 postulavit,

1800 248 1845 273 An,
1865 248 1883 273 C
1914 250 1974 275 ¹201
