2129 3223
131 271 183 297 Αη.
200 270 227 296 C.
247 270 313 298 1228

140 675 210 696 saeris
241 677 308 696 inter*

128 708 210 728 five-tur.
247 708 308 734 eique

128 743 150 755 ιι
164 741 308 758 ministrantes

127 769 308 790 excommunican-

142 1964 160 1983 ξι
186 1968 308 1990 parnasi-‘c-

129 2000 153 2015 ΓἸ
184 1998 308 2015 ΕΟΙῚΙΠΠἮΧ.

129 2028 251 2048 absolvendi
299 2034 309 2045 a

130 2062 247 2080 -vsramento
262 2059 310 2079 fide·

130 2092 194 2110 Μειιε
218 2090 309 2110 subditi:

376 258 447 290 450

327 321 467 357 Ecclesia
500 319 537 354 ad
575 328 702 365 precum
736 315 805 350 eius
833 312 1008 348 instantiam
1032 312 1070 345 fi-

325 369 468 406 deiussit.
503 378 627 403 servare
653 364 839 401 contemnit:
868 372 897 398 et
922 363 994 409 quia
1016 373 1070 395 co-

326 421 433 455 mitem
481 417 656 464 Rogerium
710 413 966 460 crucesignatum
1012 410 1070 444 sub

325 467 526 517 Apostolicae
553 465 646 501 Sedis
674 463 866 512 protectione
892 468 1069 507 receptum,

324 519 490 557 comitatu,
518 524 549 551 et
573 515 643 550 aliis
670 513 759 549 terris
783 511 920 547 indebite
945 509 1069 557 spolia-

324 569 384 607 vit,
403 575 433 602 et
457 565 553 601 fitium
572 565 640 600 eius
662 564 692 598 in
716 562 892 609 captivitate
907 560 1067 595 detentum

323 617 360 652 ad
383 616 564 652 mandatum
595 613 802 662 apostolicum
824 610 950 657 saepius
977 609 1069 642 itera—

324 675 388 702 tum
412 665 544 701 reddere
569 663 744 710 denegavit.
772 660 956 696 Adiecimus
988 669 1068 704 quo-

322 729 405 764 que,
444 724 478 750 ut
503 714 572 750 loca
608 711 786 760 quaelibet,
813 709 850 744 ad
886 719 965 755 quae
1001 708 1068 752 ipse

323 765 510 813 pervenerit,
530 761 743 799 ecclesiastico
764 759 947 795 subiaceant
969 757 1069 791 inter-

321 816 422 860 dicto,
454 822 487 850 ut
518 812 668 861 quamdiu
697 821 845 856 praesens
878 807 970 842 fuerit
1005 805 1068 840 ihi—

321 866 406 910 dem,
430 864 516 899 nulla
538 863 643 898 divina
670 860 769 895 officia
796 857 1004 896 celebrentur,
1020 855 1068 890 of-

323 915 410 955 ficio,
437 912 654 958 beneficioque
689 909 846 957 privantes
872 917 981 941 omnes
1005 917 1067 940 cu—

323 965 435 1012 iusque
462 960 679 1011 professionis,
713 959 760 993 vel
794 956 924 996 ordinis,
951 955 1005 1001 qui
1040 954 1066 989 ei

323 1022 487 1061 postquam
505 1010 715 1047 denunciatus
737 1007 793 1042 fuit
817 1004 1069 1042 excommunica-

323 1072 371 1098 tus
389 1076 405 1098 a
438 1061 545 1105 nobis,
577 1059 681 1094 divina
713 1057 772 1092 sibi
794 1068 874 1091 ausu
901 1054 1068 1089 temerario

321 1113 536 1155 celebrarunt,
559 1117 588 1144 et
615 1116 783 1155 antequam
810 1105 847 1140 ad
884 1103 1066 1138 mandatnm

323 1162 480 1197 Ecclesiae
508 1159 612 1195 redeat
639 1158 676 1192 de
703 1164 826 1192 caetero
853 1152 1066 1188 celebrabunt.

322 1211 401 1247 Illud
429 1211 524 1245 etiam
559 1221 621 1243 non
656 1206 805 1241 duximus
836 1202 1067 1240 omittendum,

321 1261 404 1308 quod
439 1261 464 1294 si
503 1259 542 1294 de
577 1265 699 1293 caetero
738 1267 772 1290 se
811 1253 922 1289 officiis
954 1251 1069 1286 divinis

323 1309 499 1358 ingesserit,
523 1317 631 1343 contra
665 1318 754 1345 eum,
782 1312 938 1350 tamquam
962 1309 1068 1336 contra

322 1359 533 1402 haereticum,
559 1365 589 1392 et
615 1355 750 1391 clavium
789 1352 950 1388 Ecclesiae
992 1363 1068 1385 con-

322 1417 507 1456 temptorem
530 1405 694 1441 severitate
716 1403 820 1438 debita
847 1400 1066 1448 procedemus,

321 1466 351 1493 et
385 1459 409 1492 si
436 1457 476 1493 ab
508 1455 739 1493 Ecclesiarum,
775 1460 805 1486 et
838 1450 1068 1485 ecclesiastica-

324 1520 390 1543 rum
420 1517 623 1554 personarum
646 1500 905 1550 oppressionibus
927 1511 989 1533 non
1012 1499 1068 1532 de-

322 1557 450 1594 stiterit,
486 1562 539 1590 aut
573 1566 634 1589 non
669 1551 836 1588 cessaverit
867 1561 884 1583 a
907 1548 1069 1583 conculca-

323 1607 406 1642 tione
428 1604 658 1640 ecclesiasticae
682 1600 848 1640 libertatis,
870 1598 917 1633 vel
939 1609 1068 1632 excom-

323 1655 535 1691 municatione
566 1659 761 1698 contempta,
794 1648 896 1684 redire
921 1659 984 1681 non
1011 1659 1068 1681 cu-

323 1708 433 1741 raverit
464 1703 501 1739 ad
531 1702 712 1738 mandatum
747 1698 922 1738 Ecclesiae,
958 1708 1069 1731 omnes

322 1755 373 1803 qui
395 1762 469 1790 sunt
495 1753 521 1788 ei
549 1753 724 1787 iuramento
746 1747 906 1783 fidelitatis
935 1746 1067 1785 astricti,

322 1814 351 1840 et
369 1803 545 1851 specialiter
559 1801 705 1836 homines
719 1798 805 1845 regni
832 1809 849 1832 a
872 1796 1068 1835 iuramento,

323 1866 386 1902 quo
406 1853 465 1888 sibi
488 1859 648 1890 tenentur,
666 1848 878 1887 absolvemus,
897 1853 928 1881 et
943 1845 1069 1880 denun-

324 1904 478 1939 ciabimus
503 1901 676 1941 absolutos,
703 1898 776 1946 quia
799 1897 884 1931 iuxta
907 1895 1068 1930 decretum

325 1953 426 1989 felicis
447 1950 672 1987 recordationis
685 1947 804 1983 Urbani
816 1946 922 1992 Papae
939 1943 1069 1979 secundi

325 2001 576 2051 praedecessoris
598 1998 707 2041 nostri,
744 1995 940 2037 fidelitatem,
975 2005 1068 2040 quam

327 2052 471 2088 ltomines
504 2050 674 2085 christiano
715 2045 848 2092 principi
882 2044 1069 2082 iuraverint,

327 2103 411 2142 Deo,
444 2101 577 2147 eiusque
599 2098 716 2133 sanctis
742 2093 933 2134 adversanti,
966 2100 995 2127 et
1017 2103 1071 2126 eo-

329 2164 396 2187 rum
426 2156 590 2198 praecepta
613 2145 756 2186 calcanti,
783 2143 866 2178 nulla
889 2142 1072 2177 auctoritate

329 2200 505 2249 persolvere
532 2197 728 2234 cohibentur.
764 2193 803 2229 Et
823 2194 848 2228 si
876 2205 938 2227 non
967 2203 1072 2226 cessa-

288 2263 313 2277 Μ
331 2252 404 2286 verit
436 2249 475 2285 ab
501 2247 707 2296 oppressione
735 2243 928 2291 pupillorum
951 2241 1072 2288 orplta—

331 2313 442 2336 norum
482 2307 513 2334 et
551 2297 719 2332 viduarum
753 2305 807 2328 seu
835 2291 1009 2333 nubilium,
1043 2297 1074 2324 et

330 2351 460 2385 aliorum
484 2347 647 2382 bominum
675 2344 773 2389 regui,
796 2342 841 2376 vel
864 2342 931 2376 eius
954 2340 1074 2374 destru-

331 2400 448 2437 ctione,
489 2396 574 2444 quod
601 2395 639 2430 ad
681 2394 854 2428 Romanam
901 2389 1073 2425 Ecclesiam

332 2447 508 2496 specialiter
535 2445 676 2481 noscitur
710 2443 890 2490 pertinere,
928 2451 983 2486 pro
1012 2450 1075 2485 quo

333 2498 423 2532 etiam
448 2493 742 2543 praedecessoribus
765 2490 901 2530 nostris,
923 2498 953 2524 et
968 2488 1076 2523 Eccle-

334 2547 398 2581 siae
418 2546 580 2581 Romanae
602 2544 813 2578 iuramentum
835 2538 994 2574 fidelitatis
1023 2549 1077 2572 ex-

337 2595 436 2629 ltibuit
473 2604 503 2630 et
536 2593 719 2639 homagium
758 2589 934 2638 praestitit,
967 2587 1078 2623 merito

337 2644 448 2692 poterit
463 2643 630 2679 formidare
642 2654 674 2677 se
695 2642 761 2676 iure
774 2638 859 2675 feudi
880 2636 1076 2686 privandum.

916 247 1106 281 'normaton
1134 255 1294 277 nonnum

1112 309 1249 356 {deoque
1272 308 1506 343 unitersitatem
1526 314 1658 341 vestram
1691 316 1856 347 monemus

1111 366 1240 399 attente,
1257 370 1312 406 per
1328 357 1498 405 apostolica
1520 356 1609 391 vobis
1630 355 1744 402 scripta
1767 366 1857 402 prae-

1110 407 1259 456 cipiendo
1297 406 1499 446 mandantes,
1541 413 1697 453 quatenus
1738 403 1854 448 singuli

1112 457 1301 506 praedictam
1324 456 1512 491 sententiam
1535 454 1717 491 solemniter
1750 453 1856 501 publi-

1110 516 1218 544 cantes
1251 506 1448 541 denuncietis
1479 518 1547 540 eam
1583 503 1717 551 singulis
1744 503 1855 538 diebus

1110 556 1278 593 dominicis
1302 565 1331 591 et
1354 555 1479 590 festivis.

1159 606 1273 641 Datum
1308 605 1464 644 Laterani,
1491 603 1680 639 duodecimo
1707 602 1855 638 kalendas

1109 657 1229 705 aprilis,
1249 655 1448 703 pontificatus
1469 653 1564 688 nostri
1588 665 1670 688 anno
1686 653 1852 700 primo(l).

1169 718 1229 747 [tat.
1251 717 1297 747 dic
1320 717 1353 746 υ,21
1377 716 1470 745 martii
1494 715 1578 751 1228,
1594 715 1695 755 pontif.
1710 724 1758 744 an.
1778 724 1794 744 ι.

1452 879 1505 913 ΙΧ.

1110 958 1249 989 Caso-am
1267 957 1404 990 Avt'llant‘
1423 968 1442 990 α
1460 957 1565 990 comite
1585 957 1763 990 sabaudiae
1780 957 1856 991 Sedi

1157 1007 1351 1051 Apostolt'cae
1377 1007 1524 1040 donatum
1548 1007 1643 1039 eidem
1664 1007 1768 1040 comiti
1786 1018 1855 1040 con-

1158 1057 1274 1090 ceditur
1293 1057 1327 1089 in
1351 1057 1477 1100 feudum
1505 1057 1560 1099 (2).

1109 1135 1252 1172 Gregorius
1270 1136 1409 1171 episcopus
1427 1142 1522 1164 servus
1534 1142 1672 1163 servorum
1686 1135 1742 1168 Dei.
1755 1135 1854 1165 macto

1152 1185 1206 1214 filio
1224 1184 1308 1213 nobili
1322 1184 1382 1213 viro
1400 1185 1492 1214 comiti
1510 1184 1668 1216 sabaudiae.
1690 1184 1807 1214 salntem
1825 1186 1853 1214 at

1154 1234 1333 1271 apostolicam
1347 1234 1569 1263 benedictionem.

1158 1301 1375 1337 Sinceritatem
1413 1309 1499 1336 tuam
1531 1301 1561 1335 in
1595 1301 1734 1337 Domino
1767 1314 1855 1337 com·-

1110 1356 1311 1396 mendamus,
1341 1356 1425 1403 quod
1452 1368 1577 1403 semper
1599 1356 1683 1392 fuisti
1716 1356 1855 1403 Aposto-

1109 1411 1186 1446 licae
1209 1410 1300 1445 Sedis
1322 1410 1471 1448 devotus,
1499 1418 1530 1445 et
1551 1410 1582 1444 in
1605 1410 1771 1445 devotione
1794 1410 1854 1447 hu-

1110 1465 1244 1500 iusmodi
1264 1465 1415 1500 continno
1436 1475 1577 1499 crescere
1590 1463 1748 1499 studuisti.
1763 1462 1855 1499 Nunc

1109 1520 1202 1554 etiam
1231 1527 1260 1554 te
1281 1519 1471 1554 devotiorem
1494 1517 1658 1562 exhibens,
1677 1529 1714 1552 ex
1742 1517 1855 1553 devoto

1109 1574 1284 1608 Romanam
1319 1572 1492 1607 Ecclesiam
1533 1580 1662 1606 matrem
1692 1580 1721 1606 et
1752 1571 1854 1606 domi—

1110 1641 1181 1663 nam
1203 1627 1364 1662 desideras
1385 1626 1554 1673 specialem
1579 1625 1705 1666 babere‚
1729 1634 1855 1673 paratus

1111 1682 1223 1722 fidelis,
1250 1690 1280 1717 et
1315 1680 1466 1716 vassallus
1492 1680 1592 1728 ipsius
1614 1679 1700 1724 fieri,
1726 1687 1755 1714 et
1782 1679 1854 1715 dare

1109 1736 1168 1772 sihi
1197 1743 1331 1771 castrum
1360 1735 1506 1779 Avillani,
1528 1734 1613 1782 quod
1649 1734 1726 1769 iuris
1751 1735 1795 1769 tui
1825 1742 1854 1769 et

1111 1791 1308 1838 proprietatis
1321 1789 1434 1830 existit,
1449 1797 1480 1824 et
1492 1789 1566 1824 illud
1587 1789 1617 1823 in
1631 1788 1760 1824 feudum
1777 1788 1855 1824 reci-

1112 1858 1184 1894 pere
1198 1845 1236 1880 ab
1246 1844 1365 1880 eadem.
1381 1843 1487 1886 Quare
1503 1843 1612 1878 vestris
1633 1845 1677 1887 (5)
1691 1842 1857 1878 desideriis

1110 1908 1297 1942 annuentes,
1335 1898 1450 1933 dilecto
1473 1897 1537 1932 filio
1574 1906 1680 1932 nostro
1710 1894 1856 1944 Georgeo

1112 1955 1188 1989 tituli
1223 1953 1328 1989 Sancti
1362 1952 1457 1987 Marci
1490 1951 1670 1999 presbytero
1692 1951 1855 1992 cardinali,

1112 2009 1309 2056 Apostolicae
1335 2007 1428 2042 Sedis
1452 2007 1567 2053 legato,
1595 2006 1709 2041 nostris
1745 2006 1857 2042 damus

1112 2063 1208 2098 literis
1236 2063 1266 2096 in
1295 2061 1467 2104 mandatis,
1491 2069 1524 2095 nt
1556 2060 1718 2095 Ecclesiae
1737 2059 1857 2095 Roma-

1113 2130 1169 2152 nae
1196 2116 1324 2152 nomine
1346 2129 1361 2150 a
1390 2124 1430 2156 te,
1459 2124 1518 2149 tam
1544 2115 1752 2149 iuramentum
1775 2113 1856 2149 fide—

1113 2172 1218 2216 litatis,
1241 2183 1335 2218 quam
1358 2170 1475 2205 dictum
1499 2178 1653 2213 castrum,
1674 2168 1744 2203 sine
1766 2179 1857 2216 prae-

1114 2226 1231 2261 iudicio
1255 2225 1330 2260 iuris
1351 2225 1443 2259 alieni
1473 2223 1618 2270 recipiat,
1644 2230 1674 2258 et
1695 2221 1772 2257 illud
1801 2222 1856 2257 tibi

1115 2282 1181 2316 vice
1203 2288 1308 2315 nostra
1331 2278 1481 2314 concedat
1511 2278 1541 2313 in
1569 2277 1709 2312 seudum.

1164 2335 1277 2370 Datum
1300 2334 1421 2368 Romae
1443 2331 1524 2380 apud
1547 2331 1696 2367 Sanctum
1717 2330 1858 2375 Petrum,

1116 2398 1224 2438 quarto
1252 2388 1323 2423 idus
1363 2387 1487 2435 aprilis,
1528 2384 1728 2434 pontificatus
1760 2384 1858 2419 nostri

1116 2456 1198 2480 anno
1225 2442 1375 2478 secundo.

1156 2506 1216 2536 Dat.
1239 2505 1286 2535 die
1306 2505 1343 2536 10
1367 2504 1468 2544 aprilis
1489 2503 1573 2539 11228,
1591 2500 1692 2541 pontif.
1724 2511 1769 2530 au.
1793 2510 1821 2530 11.

1153 2568 1191 2603 (t)
1209 2569 1281 2595 Patet
1296 2567 1356 2594 hinc
1380 2567 1547 2601 computatos
1570 2571 1584 2591 a
1609 2562 1737 2598 Gregorio
1756 2562 1861 2598 pontili-

1118 2611 1192 2635 eatus
1207 2608 1247 2634 sui
1263 2615 1346 2634 annos
1361 2614 1375 2633 a
1391 2606 1434 2633 die
1455 2603 1672 2634 intronizationis,
1699 2610 1750 2629 non
1775 2605 1862 2629 autem

1119 2647 1260 2675 electionis.
1300 2646 1338 2682 (2)
1354 2646 1393 2672 Ex
1411 2646 1513 2679 Regest.
1534 2642 1616 2669 Vatic.
1655 2642 1694 2677 (5)
1705 2642 1771 2677 Lege
1783 2644 1844 2668 tuis.

1871 249 1919 276 An.
1938 249 1965 276 C.
1987 248 2052 276 ¹228
