2129 3223
132 272 184 299 An.
198 271 228 299 C.
248 271 315 299 1202

144 1363 199 1383 Ante
232 1361 315 1387 legato·

132 1393 252 1420 ponttttcton
261 1397 315 1413 con-

132 1428 165 1444 tm
206 1425 315 1445 monaste-

133 1454 314 1481 riumquerelaesi

132 1491 185 1513 quac
208 1489 256 1506 ειιιιι.
277 1485 316 1505 de·

133 1516 241 1537 terendae·

379 260 450 295 180

328 337 433 362 sanae.
460 337 476 359 a
499 335 701 371 quocumque
724 323 895 359 malueritis
922 324 1075 359 catholico

329 374 488 421 accipiatis
514 374 674 419 episcopo.
709 373 742 407 lu
769 373 838 408 aliis
866 385 938 409 vero
966 386 1075 408 mona-

328 425 433 458 steris
458 432 488 457 et
513 422 702 457 obedientiis
721 424 828 457 vestris
852 423 931 458 baec
952 435 969 457 a
988 423 1076 456 dioe-

328 483 442 506 cesano
467 472 618 518 episcopo
650 472 737 518 prius
774 472 992 518 postulabitis,
1031 472 1076 506 si-

328 520 456 567 quidem
479 522 611 567 gratiam
639 528 670 557 et
703 522 960 556 communionem
983 519 1076 555 Sedis

329 570 529 615 Apostolirae
566 570 750 611 habuerint,
782 579 815 605 ut
841 583 875 606 ea
910 571 1011 625 gratis
1047 578 1077 604 et

328 619 448 666 absque
475 620 624 667 pratitate
645 620 801 655 voluerit
795 621 959 667 impartiri.
989 619 1077 654 Alio-

329 669 406 715 quin
433 668 523 703 liceit
545 668 633 703 vobis
646 681 881 724 quemcumque
905 668 1076 704 malueritis

329 717 415 753 adire
441 718 630 758 antistitem,
667 719 719 765 qui
749 727 852 753 nostra
889 718 986 752 fretus
1017 730 1076 752 au-

329 767 484 811 ctoritate,
505 767 589 814 quod
606 769 782 814 postulatur
802 767 973 814 indulgeat.
989 767 1076 822 Bap-

329 817 459 851 tismum
488 828 579 857 vero,
612 828 648 851 ac
676 817 872 851 intirmorum
902 816 1008 851 oleum
1032 816 1077 850 vi-

329 865 492 901 sitationes
520 878 574 913 per
600 878 674 906 vos
708 875 737 900 et
766 878 821 912 per
851 865 982 900 clericos
1017 877 1077 900 ve-

329 923 424 954 stros,
449 927 504 950 seu
533 916 705 949 monachos
741 915 772 949 in
799 914 927 961 oppidis
955 916 1076 955 vestris,

329 963 476 1004 castellis,
495 976 549 999 seu
568 965 648 999 villis
667 964 818 999 habeatis.
840 963 955 999 Missas
971 973 1076 999 autem

330 1012 473 1060 publicas
498 1012 538 1048 ab
559 1012 664 1060 aliquo
685 1013 837 1060 episcopo
859 1022 921 1048 tam
944 1013 975 1047 in
998 1025 1078 1048 coe—

327 1062 435 1106 nobio,
465 1073 558 1108 quam
582 1062 611 1096 in
635 1062 851 1097 adiacentibus
882 1062 952 1097 eius
974 1061 1079 1097 eccle-

328 1111 385 1145 siis
398 1111 562 1150 celebrari
577 1111 746 1147 citationes
763 1111 843 1150 fieri,
860 1111 1079 1158 processiones

329 1160 440 1198 deduci
462 1159 585 1208 absque
607 1160 730 1195 licentia
745 1160 867 1195 abbatis
881 1169 911 1195 et
927 1160 1078 1207 priorum,

329 1222 382 1244 seu
422 1218 576 1248 rectorum
608 1210 750 1245 locorum
787 1210 946 1245 voluntate
980 1210 1080 1244 omni-

330 1257 422 1293 mode
445 1258 659 1304 prohibemus,
696 1270 734 1294 ne
766 1259 799 1294 in
827 1271 991 1297 servorum
1020 1257 1077 1293 Dei

330 1307 506 1343 recessibus
526 1307 739 1343 saecularibus
753 1309 876 1343 occasio
892 1307 1080 1356 praebeatur

330 1356 391 1391 ulla
417 1357 639 1392 conventibus.
661 1356 695 1392 Si
721 1358 792 1404 quis
810 1365 914 1392 autem
929 1356 1079 1392 adversus

331 1406 525 1451 praedictum
562 1405 749 1441 coenobium
781 1405 896 1442 iustam
924 1418 957 1441 se
991 1414 1079 1453 putat

331 1454 445 1490 babere
470 1455 649 1501 querelam,
671 1467 706 1490 ac
732 1455 815 1501 apud
845 1455 987 1490 eiusdem
1011 1467 1080 1490 coe-

331 1503 414 1538 nobii
441 1503 603 1543 abbatem,
630 1503 677 1539 vel
705 1504 877 1538 monachos
910 1503 995 1539 litem
1025 1517 1080 1551 per

330 1553 517 1588 senientiam
537 1552 695 1597 decidere,
717 1561 769 1587 aut
783 1553 918 1597 diffinire
934 1553 1079 1597 noluerit,

329 1602 511 1640 statuimus.
540 1610 573 1636 ut
598 1611 670 1637 ante
707 1602 824 1649 legatos
858 1611 983 1637 nostros
1008 1614 1079 1650 que·

329 1651 463 1686 rimonia
485 1651 653 1691 deferatur,
676 1660 833 1698 quatenus
859 1652 1015 1698 aequitate
1038 1652 1079 1686 iu

330 1700 403 1735 dicii
420 1701 490 1735 sine
510 1712 715 1747 personarum
737 1701 921 1747 acceptione
948 1701 997 1735 sui
1015 1701 1080 1735 cui-

329 1761 392 1796 que
415 1750 532 1784 iustitia
554 1749 621 1784 Deo
642 1757 770 1784 auctore
791 1758 945 1784 servetur.
968 1749 1079 1804 Sepul-

331 1807 432 1833 tnram
447 1810 574 1845 quoque
596 1798 738 1834 coenobii
753 1799 860 1839 vestri,
888 1807 918 1833 et
936 1799 1078 1833 omnium

330 1848 535 1883 ecclesiarum
583 1860 638 1882 seu
673 1847 922 1883 obedientiarum
966 1855 1081 1882 vestra-

331 1909 400 1932 rum
424 1896 555 1931 liberam
577 1908 646 1931 esse
675 1896 805 1931 omnino
832 1907 1011 1936 censemus,
1045 1905 1079 1931 ut

331 1958 439 1981 eorum
463 1945 641 1986 devotioni,
676 1953 707 1980 et
731 1953 890 1980 extremae
917 1945 1079 1985 voluntati,

332 1995 387 2041 qui
422 2006 456 2029 se
482 1994 546 2029 illic
579 1994 704 2040 sepeliri
732 1993 986 2035 deliberaverint,
1021 1994 1078 2028 nisi

330 2043 411 2079 forte
436 2043 720 2082 excommunicati,
743 2043 790 2077 vel
821 2043 977 2078 interdicti
1004 2043 1079 2087 sint,

332 2093 438 2128 nullus
463 2092 606 2127 obsistat.
628 2092 719 2127 Salva
750 2099 852 2126 tamen
877 2092 993 2127 institia
1017 2092 1081 2127 illa·

331 2154 400 2178 rum
435 2140 664 2186 Ecclesiarum,
697 2153 714 2176 a
740 2140 859 2188 quibus
884 2149 1078 2176 mortuorum

331 2202 462 2238 corpora
497 2199 712 2225 assumuntur.
755 2189 903 2224 Obcuute
944 2201 1017 2224 vero
1052 2198 1081 2224 te

332 2253 418 2275 nunc
449 2239 590 2274 eiusdem
619 2240 677 2274 loci
711 2238 835 2279 abbite,
873 2238 920 2274 vel
955 2247 1079 2273 tuorum

331 2288 472 2337 quolibet
492 2300 724 2328 successorum,
748 2289 853 2322 nullus
875 2287 916 2322 ibi
939 2287 1081 2335 qualibet

332 2338 561 2393 subreptionis
575 2338 687 2373 astutia
721 2348 778 2372 seu
812 2336 956 2372 violentia
987 2342 1107 2528 prae-¹

905 269 1094 294 nt'LLAmmt

335 2396 481 2433 ponatur,
503 2387 561 2422 nisi
584 2399 678 2434 quem
703 2386 812 2421 fratres
833 2398 994 2422 communi
1009 2397 1069 2421 con

333 2448 449 2474 sensu,
471 2436 519 2471 vel
549 2435 678 2470 fratrum
706 2447 778 2483 pars
799 2435 922 2470 consilii
948 2446 1082 2470 sanioris

333 2486 508 2520 secundum
533 2484 592 2520 Dei
622 2486 787 2529 timorem,
821 2492 851 2520 et
874 2484 955 2519 beati
976 2484 1082 2519 Bene-

333 2534 407 2568 ‹licti
446 2534 586 2581 regulam
630 2533 840 2581 praeviderint
887 2533 1080 2580 eligendum.

333 2581 461 2617 Electus
487 2592 591 2618 autem
615 2583 652 2618 ad
680 2582 860 2618 Romanum
896 2581 1080 2617 Pontificem

334 2630 569 2667 benedicendus
589 2632 729 2667 accedat

1121 269 1191 293 ROM
1195 269 1283 292 ANUM

1166 322 1374 357 Decernimus
1400 335 1475 370 ergo
1495 331 1526 358 ut
1555 322 1631 358 nulli
1655 322 1786 359 omnino
1813 322 1865 357 ho-

1117 372 1237 406 minum
1270 371 1362 406 liceat
1398 371 1568 419 praefatum
1595 371 1785 407 coenobium
1818 380 1865 405 te-

1118 432 1203 456 mne
1237 420 1437 467 perturbare,
1463 429 1515 456 aut
1551 422 1621 456 eius
1648 420 1865 476 possessiones

1117 470 1255 511 auferre,
1289 470 1336 505 vel
1365 470 1481 505 ablatas
1502 471 1648 511 retinere,
1674 470 1720 505 vet
1751 470 1866 506 iniuste

1116 519 1204 554 datas
1230 519 1296 557 suis
1317 519 1428 555 usibus
1450 519 1620 560 vindicare,
1643 520 1797 563 minuere,
1819 519 1864 553 vel

1118 569 1293 604 temerariis
1315 569 1533 604 vexationibus
1554 568 1702 615 fatigare:
1729 568 1785 604 sed
1801 580 1867 604 om-

1118 619 1168 652 nia
1191 618 1310 664 integre
1332 626 1558 653 conserventur
1578 630 1687 653 eorum
1711 629 1767 665 pro
1784 629 1867 664 quo-

1118 679 1186 702 rum
1215 668 1443 702 sustentatione
1475 675 1505 702 et
1538 667 1764 714 gubernatione
1789 679 1867 702 con·

1117 728 1203 751 cessa
1227 725 1301 751 sunt
1316 717 1424 751 usibus
1445 715 1625 763 profutura3
1646 716 1727 751 salva
1751 716 1782 750 in
1797 727 1867 751 om-

1118 765 1212 800 nibus
1243 765 1443 812 Apostolicae
1479 765 1572 801 Sedis
1606 765 1802 801 auctoritate.
1830 764 1864 799 Si

1117 827 1177 862 qua
1200 815 1295 861 igitur
1317 815 1346 850 in
1371 814 1510 849 futurum
1524 814 1734 850 ecclesiastica
1755 825 1867 849 saecu-

1118 864 1228 899 larisve
1251 876 1384 910 persona
1398 864 1478 899 hanc
1493 871 1616 899 nostrae
1634 864 1868 899 constitutionis

1120 914 1263 960 pagiuam
1286 914 1410 957 sciens,
1437 922 1544 948 contra
1572 925 1640 948 eam
1669 922 1787 949 temere
1807 924 1867 948 ve·-

1119 963 1186 997 nire
1222 963 1405 1003 tentaverit,
1440 962 1582 998 secundo
1616 962 1745 998 tertiove
1779 973 1868 997 com-

1120 1012 1236 1047 monita
1258 1012 1283 1046 si
1311 1024 1375 1047 non
1399 1012 1691 1059 praesumptionem
1714 1023 1804 1046 suam
1818 1010 1869 1049 di-

1118 1073 1177 1107 gna
1217 1061 1429 1097 satisfactione
1467 1062 1662 1105 correxerit,
1709 1060 1870 1108 potestatis

1119 1111 1312 1157 honorisque
1333 1111 1380 1145 sui
1403 1110 1557 1157 dignitate
1578 1118 1694 1154 careat,
1721 1121 1869 1156 reamque

1119 1172 1153 1195 se
1185 1159 1296 1195 divino
1324 1160 1443 1195 iudicio
1477 1160 1611 1195 existere
1632 1159 1671 1196 de
1694 1165 1869 1214 perpetrata

1121 1209 1283 1256 iniquitate
1321 1217 1512 1255 cognoscat,
1546 1216 1577 1244 et
1610 1220 1626 1244 a
1657 1208 1870 1246 sacratissimo

1120 1257 1262 1304 Corpore
1283 1266 1313 1293 et
1333 1257 1497 1305 Sanguine
1516 1257 1588 1301 Dei,
1611 1265 1641 1292 et
1666 1257 1795 1292 Domini
1813 1268 1870 1296 no·

1119 1308 1172 1342 stri
1196 1307 1266 1343 [esu
1289 1307 1407 1343 Christi
1434 1308 1537 1343 aliena
1563 1307 1628 1352 fiat,
1654 1315 1749 1354 atque
1769 1306 1800 1342 in
1819 1318 1871 1342 ex-

1120 1364 1220 1392 tremo
1247 1357 1393 1392 examine
1426 1356 1585 1392 districtae
1618 1356 1730 1391 ultioni
1761 1354 1871 1390 subia-

1119 1415 1197 1441 ceat.
1243 1405 1376 1441 Cunctis
1408 1414 1513 1441 autem
1548 1406 1649 1441 eidem
1687 1405 1757 1441 loco
1789 1405 1868 1442 iusta

1119 1456 1315 1491 servantibus
1337 1456 1378 1490 sit
1403 1468 1462 1502 pax
1482 1455 1625 1492 eiusdem
1657 1453 1786 1489 Domini
1808 1466 1870 1489 no-

1119 1505 1174 1539 stri
1203 1504 1273 1539 lesu
1301 1504 1432 1545 Christi,
1467 1513 1634 1552 quatenus.
1667 1511 1698 1539 et
1723 1503 1775 1539 hic
1801 1502 1869 1538 fru-

1119 1561 1204 1588 ctum
1229 1553 1328 1588 bonae
1355 1554 1487 1589 actionis
1509 1554 1697 1601 percipiant,
1729 1560 1761 1588 et
1785 1551 1869 1599 apud

1120 1603 1295 1637 districtum
1316 1602 1457 1638 ludicem
1472 1615 1611 1650 praemia
1624 1611 1771 1638 aeternae
1786 1601 1872 1648 pacis

1121 1652 1292 1687 inveniant
1321 1653 1434 1687 Amen.

1169 1700 1284 1736 Datum
1309 1701 1465 1742 Laterani,
1490 1712 1545 1748 per
1567 1713 1695 1736 manum
1718 1699 1815 1735 Blasii
1837 1698 1870 1734 S.

1120 1749 1159 1784 R.
1190 1749 1227 1784 E.
1251 1750 1437 1786 subdiaconi
1460 1758 1491 1785 et
1513 1751 1637 1789 notarii,
1665 1749 1770 1784 idibus
1792 1748 1871 1786 iulii,

1122 1799 1295 1834 indictione
1326 1800 1458 1846 quinta‚.
1480 1799 1706 1834 incarnationis
1727 1797 1872 1834 domini-

1120 1860 1186 1891 cae,
1203 1860 1287 1883 anno
1302 1848 1472 1883 millesimo
1486 1848 1704 1884 ducentesimo
1717 1846 1871 1890 secundo,

1123 1898 1321 1944 pontificatus
1347 1910 1420 1932 vero
1446 1897 1565 1932 domini
1593 1897 1768 1933 Innocentii
1803 1895 1872 1931 Pa-

1123 1958 1179 1993 pae
1202 1947 1283 1981 tertii
1305 1959 1389 1982 anno
1410 1947 1532 1994 quinto.

1170 2003 1231 2033 Dat.
1255 2004 1302 2034 die
1324 2003 1362 2033 15
1380 2003 1445 2034 iulii
1464 2002 1550 2041 1202,
1572 2003 1676 2043 pontif.
1699 2012 1777 2037 anne
1797 2011 1823 2034 v.

1410 2141 1586 2178 xxxvnt.

1125 2214 1245 2248 Creati‘o
1273 2213 1468 2248 Coloioanm's
1493 2215 1525 2248 in
1547 2225 1644 2259 regem
1662 2215 1870 2258 Balyarorum

1171 2271 1197 2296 et
1219 2263 1421 2302 Blaclzorum,
1438 2275 1505 2297 cum
1520 2265 1683 2298 donatione
1703 2264 1870 2308 insignium

1171 2313 1333 2357 regalium,
1354 2320 1381 2346 et
1400 2319 1544 2356 potestate
1560 2314 1691 2347 cudendi
1707 2320 1866 2347 monetam.

1170 2362 1214 2395 Et
1239 2362 1371 2405 facultas
1392 2362 1612 2407 archiepiscopi
1633 2362 1806 2396 Innovitan.
1820 2362 1869 2407 ip-

1169 2412 1232 2444 sius
1258 2412 1337 2455 repis
1356 2422 1415 2456 pro
1437 2418 1567 2456 tempore
1586 2422 1775 2449 successores,
1796 2423 1871 2456 apo·

1170 2461 1277 2493 stolt'ca
1304 2460 1485 2494 auctoritate
1503 2461 1682 2494 coronandi.

1389 2532 1602 2564 SUMMARIUM

1122 2591 1245 2623 Romani
1274 2592 1425 2624 pontificis
1456 2602 1531 2633 quae
1553 2594 1591 2623 sit
1618 2593 1765 2632 dignitas,
1793 2604 1867 2634 quae

1161 2643 1300 2677 potestas
1322 2656 1361 2663 —
1374 2639 1457 2675 Quod
1475 2639 1601 2678 sumptis
1620 2647 1654 2669 ex
1675 2638 1764 2673 Sacra
1784 2639 1867 2672 Scri-

1881 270 1930 296 An.
1945 268 1974 295 C.
1993 268 2061 298 ¹202

1891 324 2002 347 Decretum
2020 325 2062 346 tm·

1877 358 1985 378 munnam
2023 362 2061 383 pm

1878 387 2012 414 supr-dietis.

2070 746 2099 788 ’ᾗ

1893 822 1934 843 Sub
1946 827 2066 844 exeommu-

1879 853 1993 875 nicationis
2011 857 2064 880 poe-

1880 891 1908 905 na
1934 889 1972 912 pro
1994 883 2065 904 vict·-

1881 916 1969 936 toribus.

1895 1414 2049 1438 obedientibus

1883 1451 1987 1468 concessa
1999 1445 2066 1466 bene-

1882 1477 1975 1499 stotton-
1981 1478 2003 1497 οι
2007 1479 2068 1502 paco.
