2129 3223
38 246 88 276 Αιι.
109 248 138 277 C.
153 250 220 277 ¹206

232 305 427 347 exhibentes,
452 315 485 341 ut
513 308 543 342 in
574 308 721 346 fidelitate
751 322 854 348 nostra
880 324 978 351 vestra

231 353 355 390 devotio
382 355 491 391 fortius
509 357 712 401 accendatur,
736 361 897 398 vobiscum
918 365 979 400 mi-

229 403 292 438 tius
326 416 417 451 agere
454 405 620 452 volumus,
656 416 686 444 et
715 422 825 457 preces
861 421 977 450 vestras

228 460 380 500 quantum
409 467 479 490 cum
514 456 634 493 honore
666 467 772 495 nostro
807 474 977 508 possumus

229 501 398 549 benignius
431 505 590 541 exaudire.
630 507 769 556 Ideoque
807 513 974 548 consulum

43 552 77 575 Bi·
91 555 212 605 mndlfftu·
226 551 412 589 electionem
433 555 583 602 quamdiu
607 557 696 593 nobis
715 558 869 605 placuerit
889 562 975 598 vobis

29 584 212 642 iiiiii⁸⁸i³iffiii²f
225 599 374 637 duximus
395 604 645 647 concedendam,
678 607 717 642 ita
745 609 829 655 quod
853 622 889 645 ex
914 611 973 647 hoc

29 645 182 669 ⁶⁰³'⁸'⁸⁸¹'⁸”·
224 650 313 686 nobis
352 652 474 687 nullum
511 655 740 701 praeiudicium
780 668 970 704 generetur,

223 712 280 746 per
300 702 469 748 apostolica
493 704 607 751 scripta
636 707 859 754 praecipiendo
882 722 971 744 man-

220 748 332 785 dantes
356 759 513 799 quatenus
538 766 698 802 nunquam
730 758 877 794 consules
911 760 969 794 eli-

218 809 291 845 gere
319 803 525 847 praesumatis
553 803 672 852 absque
702 813 805 841 nostra
834 808 880 843 vel
914 822 967 844 ca—

217 847 339 884 stellani
358 851 457 885 nostri
477 853 675 889 conniventia
698 863 728 889 et
746 868 889 902 assensu,
911 859 966 893 sed

216 909 288 932 cum
319 898 506 936 electionem
535 902 635 950 ipsam
664 904 882 942 celebrandam
907 907 967 942 du-

215 946 336 992 xeritis,
360 957 500 985 nostrum
519 952 567 986 vel
596 953 756 989 castellani
788 958 883 991 nostri
917 970 965 992 re-

31 997 104 1050 menen}
121 996 347 1044 consu-quimus
369 1010 545 1035 assensum.
571 1001 634 1037 Sed
662 1011 830 1051 antequam
859 1007 962 1054 ipsum

18 1028 201 1089 iflssssiiiiifflffi
213 1057 377 1083 assensum
400 1051 583 1085 mereamini
607 1052 762 1099 obtinere,
786 1066 847 1089 non
873 1068 963 1102 prae-

17 1092 170 1114 '¹¹¹⁶‘¹⁶¹'⁹³‘*
212 1104 340 1131 sumant
366 1097 456 1133 electi
484 1101 632 1136 consules
653 1114 799 1138 exercere
824 1105 960 1140 officium

210 1145 396 1182 consulatus
419 1147 551 1184 iuraturi
575 1151 713 1187 rationes
734 1161 764 1187 et
788 1163 961 1189 consuetu-

209 1192 301 1229 dines
321 1203 445 1232 nostras
471 1211 505 1233 se
540 1199 673 1236 fideliter
703 1210 898 1243 servaturos;
934 1205 959 1239 si

208 1244 387 1292 vero‚quod
396 1246 489 1291 absit,
500 1256 606 1283 contra
621 1250 804 1286 mandatum
818 1260 959 1288 nostrum

207 1291 310 1329 facere
327 1298 619 1344 praesumpseritis,
643 1300 772 1346 periurii
801 1311 906 1337 notam
930 1312 958 1338 et

207 1340 420 1379 fideiussionis
442 1357 574 1392 poenam
597 1349 714 1395 pariter
735 1349 912 1387 incurratis,

246 1390 370 1427 'Datum
398 1393 518 1430 Romae
540 1397 623 1442 apud
652 1397 804 1434 Sanctum
827 1400 956 1437 Petrum

206 1439 357 1476 kalendas
369 1442 530 1491 februarii,
546 1447 747 1493 pontificatus
763 1450 860 1485 nostri
875 1462 957 1486 anno

204 1493 324 1525 octavo.

212 1545 273 1577 Dat.
296 1547 343 1578 die
368 1549 378 1578 l
402 1549 543 1581 februarii
564 1552 650 1589 1206,
667 1555 769 1594 pontis.
789 1566 864 1586 anno
884 1566 940 1588 νιιι.

528 1714 624 1749 XLV.

205 1777 370 1813 Coronatio
392 1781 470 1824 regis
497 1782 680 1826 Araqonum
702 1785 819 1819 Romae
837 1788 868 1819 ιή
893 1799 954 1820 mo-

250 1830 384 1862 uastari«)
420 1831 531 1864 Sancti
566 1832 745 1877 Pancratii,
781 1846 849 1868 cum
882 1837 953 1870 insi-

248 1877 356 1921 9m‘um
377 1880 527 1923 reyalium
544 1883 739 1923 concessione,
762 1895 799 1917 ac
815 1885 948 1924 licentia,

249 1927 334 1971 quod
352 1927 416 1962 eius
436 1940 614 1964 successores
632 1932 669 1965 de
689 1939 805 1967 caetero
824 1946 882 1979 per
903 1947 951 1969 ar-

249 1975 471 2022 ehiepiscopum
514 1979 718 2015 Tarraconen.
772 1986 952 2019 atterort'tate

249 2026 419 2070 apostolica
445 2030 593 2062 coronari
611 2032 737 2075 possint.

457 2099 672 2134 SUMMARlUM

199 2163 258 2196 Rex
280 2165 315 2196 ad
344 2165 483 2197 Sanctum
512 2166 697 2200 Pancratium
727 2177 893 2204 coronatus.
912 2192 949 2199 --

239 2209 266 2239 1.
286 2209 405 2249 Regalia
425 2211 451 2241 ei
471 2212 535 2242 data
560 2213 686 2252 insignia
705 2215 740 2245 ab
766 2216 946 2250 Innocentio.

237 2268 277 2276 —
293 2253 321 2284 2.
338 2254 399 2285 Rex
425 2265 555 2286 annuum
579 2265 701 2288 censum
717 2261 862 2299 promittit
879 2261 948 2293 Sedi

194 2299 198 2303 ’
237 2295 433 2336 Apostolicae.
461 2315 499 2321 —
530 2299 557 2329 3.
588 2299 720 2332 Pontifex
752 2305 887 2336 concedit
918 2312 949 2338 ut

239 2349 324 2380 reges
343 2346 375 2380 ,et
400 2344 519 2382 reginae
542 2353 731 2377 successores
751 2348 786 2378 ab
816 2350 945 2391 archiep.

238 2384 434 2417 Tarraconen.
457 2393 643 2420 coronentur.

197 2455 370 2486 Innocentius
387 2457 529 2494 episeopus
545 2465 641 2489 servus
665 2467 805 2492 servorum
824 2464 879 2497 nei,
901 2465 947 2494 Pe-

242 2506 289 2536 tro
307 2506 416 2536 illustri
436 2509 495 2544 regi
514 2509 678 2545 aragonum.

246 2572 327 2609 Cum
365 2582 480 2623 quanta
521 2576 619 2623 gloria
646 2585 676 2613 et
712 2578 848 2626 honore,
884 2581 945 2617 im·

198 2621 323 2668 pendiis
348 2631 379 2659 et
405 2624 578 2673 applausu,
607 2627 727 2674 regium
756 2626 876 2665 Romae
906 2631 945 2666 de
961 2629 969 2699 ἑ

837 261 1046 287 ΙΝΝΟΕΕΝΤΙΕΞ
1068 265 1105 288 tn
1130 267 1175 288 ΡΡ.

1659 263 1724 294 107

1023 329 1115 353 manu
1140 329 1243 356 nostra
1270 323 1299 356 in
1337 325 1528 360 monasterio
1556 326 1591 360 B.
1616 326 1770 362 I’ancrani
1788 328 1843 380 effi
1872 329 1972 381 ᾏΜξζζ]

1020 373 1198 420 susceperis
1220 375 1375 418 diadema,
1404 388 1566 427 postquam
1592 392 1646 428 per
1674 391 1969 416 vene-nummasius-

1019 425 1146 462 rabilem
1171 427 1296 465 sratrem
1311 440 1452 468 nostrum
1471 433 1600 469 Petrum
1617 434 1768 470 Portuen.

1017 480 1201 528 episcopum
1225 483 1255 518 in
1280 497 1385 531 regem
1408 494 1438 521 te
1460 487 1592 524 fecimus
1614 491 1768 531 coronari,

1016 539 1067 568 tua
1091 535 1269 572 sublimitas
1291 550 1352 573 non
1377 539 1510 586 ignorat.

1064 587 1083 634 g
1116 593 1142 622 t.
1181 589 1222 624 Ut
1258 601 1363 628 autem
1396 593 1574 631 dilectionis
1600 597 1966 656 ³ff⁰⁰t¹¹¹¹¹vjff³⁵ssssiss⁶3⁶1³ss

1014 653 1107 687 quem
1136 644 1174 678 ad
1203 652 1285 680 tuam
1315 647 1469 683 habemus
1497 662 1674 695 personam,
1713 640 1891 699 peruntinae.

1012 695 1238 733 exhibitionem
1263 701 1378 747 operis.
1406 702 1584 739 evidentius
1608 714 1765 741 monstra-

1012 760 1129 790 remus,
1153 754 1266 799 regalia
1291 755 1424 802 insignia
1444 758 1600 799 universa,
1625 768 1762 795 mantum

1012 802 1165 842 videlicet.
1201 807 1373 849 colobium,
1396 818 1555 857 sceptrum
1575 820 1604 847 et
1621 826 1763 860 pomum,

1009 868 1156 893 coronam
1201 868 1231 895 et
1255 863 1379 898 mitram
1409 864 1447 899 ad
1476 877 1567 912 opuS,
1596 866 1670 902 dum
1701 882 1762 905 non

1008 911 1115 947 minus
1143 915 1275 960 pretiosa
1307 930 1401 964 quam
1437 920 1590 965 speciosa,
1628 922 1762 959 lecimus

1008 969 1201 1013 praeparari,
1229 981 1260 1005 et
1285 983 1318 1006 ea
1348 972 1519 1008 liberaliter
1544 974 1598 1008 tibi
1622 975 1760 1012 donavi-

1006 1031 1088 1059 mus,
1117 1021 1146 1055 in
1176 1022 1302 1070 signum
1331 1026 1448 1072 gratiae
1476 1028 1634 1074 specialis.

1053 1074 1127 1120 §2-
1164 1076 1211 1111 Tu
1255 1091 1325 1114 vero
1361 1088 1508 1128 tanquam
1548 1084 1695 1130 princeps
1729 1094 1759 1121 et

1004 1127 1180 1164 catholicus
1202 1143 1267 1171 rex,
1295 1145 1390 1180 super
1411 1134 1509 1170 altare
1527 1136 1563 1171 B.
1581 1136 1664 1172 Petri
1682 1151 1757 1186 apo·

1003 1182 1155 1218 stolorum
1184 1185 1337 1233 principis
1377 1201 1510 1236 regnum
1539 1198 1628 1226 tuum
1652 1193 1756 1240 nobis,

1002 1243 1032 1269 et
1055 1247 1110 1282 per
1138 1249 1195 1273 nos
1222 1238 1424 1284 Apostolicae
1445 1243 1521 1279 Sedi
1555 1257 1627 1280 cum
1656 1248 1756 1284 multo

1001 1288 1177 1326 devotionis
1204 1293 1330 1334 affeetu,
1359 1308 1413 1342 per
1432 1297 1584 1346 privilegii
1609 1301 1753 1347 paginam

1000 1341 1153 1389 obtulisti,
1188 1346 1265 1381 illud
1293 1349 1320 1383 ei
1353 1351 1550 1387 constituens
1586 1354 1615 1388 in
1640 1368 1755 1403 perpe-

1002 1404 1089 1430 tuum
1104 1401 1262 1441 censuale,
1279 1401 1410 1438 firmiter
1424 1406 1650 1452 promittendO,
1667 1411 1752 1457 quod

1000 1450 1209 1488 iuramentum
1234 1455 1396 1493 fidelitatis
1417 1466 1446 1493 et
1475 1459 1685 1503 obedientiae,
1721 1466 1751 1500 in

998 1507 1200 1542 coronatione
1225 1517 1274 1544 tua
1298 1511 1389 1547 nobis
1426 1513 1613 1557 exhibitum,
1649 1516 1752 1554 invio-

998 1558 1130 1594 labiliter
1157 1562 1350 1605 observabis,
1378 1573 1408 1600 et
1431 1566 1467 1601 ad
1493 1567 1567 1603 illud
1596 1570 1752 1608 exhiben-

996 1612 1071 1646 dum
1106 1621 1136 1648 et
1167 1618 1420 1654 conservandum
1456 1633 1656 1659 successores
1679 1634 1751 1661 tuos

995 1665 1128 1713 obligari
1153 1670 1289 1705 volebas.

1044 1720 1064 1767 5
1092 1723 1123 1755 5.
1152 1722 1217 1757 Nos
1248 1724 1341 1771 igitur
1362 1727 1493 1772 gratiam
1528 1729 1582 1764 tibi
1611 1743 1626 1765 a
1655 1732 1748 1768 nobis

995 1773 1184 1820 exhibitam,
1217 1778 1253 1812 ad
1282 1791 1482 1817 successores
1510 1791 1579 1819 tuos
1613 1784 1743 1822 derivari

995 1827 1151 1870 volentes,
1180 1834 1394 1878 praesentium
1426 1837 1610 1873 auctoritate
1631 1851 1746 1877 conce-

994 1880 1114 1923 dimus,
1142 1892 1173 1918 ut
1197 1897 1269 1920 cum
1292 1887 1352 1934 ipsi
1366 1888 1564 1926 decreverint
1590 1895 1744 1937 coronari,

993 1946 1140 1972 coronam
1171 1951 1186 1973 a
1213 1939 1298 1976 Sede
1322 1941 1504 1989 Apostolica
1538 1946 1745 1993 requirentes,

993 1988 1031 2023 de
1070 1990 1204 2038 speciali
1235 1994 1382 2030 mandato
1411 2008 1467 2044 per
1502 1997 1745 2036 Tarraconensis

992 2043 1264 2095 archiepiscopum
1288 2048 1372 2096 apud
1395 2049 1680 2100 Caesaraugustam
1699 2069 1746 2091 so-

992 2096 1137 2134 lemniter
1148 2110 1350 2148 coronentur,
1375 2105 1522 2151 praestita
1541 2119 1637 2154 super
1653 2121 1744 2155 prae=

991 2150 1084 2186 dictis
1107 2152 1218 2190 idonea
1246 2157 1403 2193 cautione.
1433 2158 1471 2193 Et
1498 2161 1646 2206 quoniam
1676 2162 1743 2198 iure

990 2204 1072 2239 civili
1101 2215 1253 2244 statutum
1278 2219 1336 2256 est,
1374 2219 1407 2246 ut
1441 2213 1591 2249 mulieres
1613 2216 1742 2250 marito-

990 2269 1059 2292 rum
1082 2259 1257 2297 honoribus
1292 2264 1493 2305 decorentur,
1529 2269 1740 2313 praesentium

989 2312 1177 2350 auctoritate
1215 2317 1440 2362 concedimus,
1480 2328 1512 2354 ut
1548 2333 1603 2367 per
1630 2334 1741 2357 manus

988 2364 1129 2400 eiusdem
1148 2368 1377 2417 archiepiscopi
1399 2383 1452 2406 eas
1474 2371 1563 2408 liceat
1585 2376 1737 2411 coronari.

1036 2418 1056 2465 ἓ
1078 2422 1111 2453 4.
1141 2420 1223 2456 Nulli
1248 2434 1322 2469 ergo
1344 2431 1412 2463 etc„
1448 2432 1572 2461 nostrae
1606 2440 1740 2465 conces-

987 2471 1085 2507 sionis
1106 2480 1157 2508 etc.
1186 2474 1219 2509 Si
1243 2476 1315 2523 quis
1336 2484 1440 2512 autem
1463 2485 1515 2513 etc.

1037 2525 1149 2561 Datum
1177 2526 1350 2575 Ferentin.‚
1378 2532 1422 2565 15
1444 2530 1504 2567 kal.
1528 2532 1605 2579 iulii,
1633 2536 1738 2583 ponti=

987 2578 1098 2614 ficatus
1121 2582 1219 2617 nostri
1246 2593 1329 2619 anno
1355 2596 1451 2619 nono.

1034 2639 1093 2670 fiat.
1118 2641 1165 2672 die
1185 2643 1220 2672 17
1239 2643 1312 2674 iunii
1333 2643 1420 2682 1206,
1436 2646 1537 2685 pontif.
1557 2657 1631 2679 anno
1648 2659 1684 2680 ix.

1790 273 1837 299 Αιι.
1861 273 1888 299 C.
1905 273 1972 298 ¹²20ss

1788 1087 1828 1108 Rex
1867 1096 1956 1113 annuum

1774 1123 1858 1141 censum
1871 1123 1957 1147 promit*

1772 1150 1796 1169 tit
1825 1150 1872 1172 Sodi
1900 1152 1958 1179 Apo-

1773 1180 1860 1202 italicae

1777 1732 1873 1754 Pontilex
1894 1741 1946 1755 con-

1762 1765 1817 1785 cedit
1841 1768 1862 1785 ut
1884 1771 1945 1791 regen

1762 1797 1780 1814 et
1798 1796 1883 1821 reginae
1900 1803 1946 1817 sut:-

1761 1830 1858 1847 cessores
1874 1827 1898 1847 ab
1909 1834 1945 1847 ar-

1759 1856 1829 1882 chiep.
1846 1857 1945 1878 Tarraco·

1760 1893 1808 1909 nen.
1838 1893 1944 1910 cotom-n*

1760 1922 1800 1940 tur.
