2129 3223
53 233 100 260 Διι.
119 233 149 260 C.
164 233 231 260 ¹225

864 235 1026 257 uosotttt's
1054 235 1089 256 ΙΙΙ
1114 235 1162 257 ΡΡ.

246 299 276 324 et
303 290 445 325 absoluta
469 301 571 336 perse
598 301 864 336 successoresque
891 302 986 330 suos·‚

245 339 399 379 homines,
433 338 557 378 milites,
579 338 738 381 vassallos,
766 338 888 378 fideles
922 351 988 374 ser-

246 389 363 423 vientes
388 396 418 422 et
445 400 552 422 servos
590 388 619 422 in
649 395 834 442 perpetuum
863 400 987 443 perma-

245 449 318 473 nere
338 437 378 472 ab
405 437 554 472 omnibus
575 449 710 483 augarus
731 445 761 471 et
783 438 986 493 parangariis,

244 487 340 527 taliis,
365 487 500 521 servitiis
526 496 556 521 et
582 486 788 521 servitutibus
816 488 987 530 universis,

242 544 374 583 excepto
395 536 546 571 acrostico
573 544 713 579 tantum,
747 536 830 583 quod
859 537 904 571 eis
936 536 989 571 de-

244 585 318 621 bent
344 586 448 620 cuncti
471 586 536 620 sive
562 585 663 621 Latini
690 587 754 619 sive
775 584 901 629 Graeci,
924 593 986 620 tam

243 635 273 669 in
295 634 509 681 dignitatibus,
542 647 633 682 quam
663 636 693 669 in
715 634 892 670 minoribus
919 635 985 669 offi-

241 684 300 720 ciis
322 693 352 719 et
370 684 532 719 ordinibus
553 685 712 719 constituti
730 693 856 731 propter
878 692 986 728 terras,

240 746 318 780 quas
346 741 452 769 tenent
473 733 513 768 ab
534 734 628 780 ipsis,
655 734 678 768 si
706 746 784 780 quas
811 742 918 769 tenent
941 712 986 769 vel

242 791 430 823 tenuerunt,
463 782 548 831 quod
572 791 712 829 tempore
734 783 888 830 captionis
909 783 987 818 civi-

241 833 312 868 tatis
345 833 446 880 regiae
482 831 847 879 Constantinopolitanae
882 832 987 867 solve-

242 881 333 917 batur
365 895 380 916 a
408 880 552 924 Graecis,
579 890 609 916 et
636 881 713 916 nihil
741 882 823 916 aliud
852 881 985 924 debent,

241 940 271 965 et
303 930 382 966 nihil
409 931 490 966 aliud
524 931 650 978 praefati
685 930 818 966 barones
846 943 900 977 per
934 943 985 969 se

240 992 439 1016 successores
460 992 554 1024 suos,
583 980 748 1020 vassallos,
771 979 925 1024 homines,
948 980 986 1014 fi-

240 1029 338 1069 deles,
360 1030 533 1064 servientes
556 1038 586 1063 et
607 1041 730 1072 servos,
756 1028 814 1063 sibi
844 1030 872 1063 in
898 1042 986 1073 prae-

239 1078 334 1114 dictis
349 1079 500 1114 Ecclesiis
515 1080 579 1113 sive
596 1079 795 1113 monasteriis
809 1079 985 1118 vendicare,

239 1128 382 1176 nihilque
405 1129 434 1163 in
464 1136 622 1175 posterum
657 1140 828 1175 usurpare;
870 1128 924 1162 sed
959 1128 984 1162 si

239 1178 354 1225 quiex
377 1178 541 1225 praedictis
576 1178 698 1212 clericis
732 1186 794 1211 tam
823 1177 985 1224 praelatis,

239 1239 334 1274 quam
367 1227 499 1262 caeteris
536 1227 683 1261 ecclesias
719 1227 764 1261 vel
798 1227 984 1261 monasteria

239 1276 402 1312 destruere
426 1277 591 1316 voluerint,
626 1276 741 1310 debent
763 1283 917 1323 quantum
939 1277 985 1310 eis

238 1326 362 1361 licuerit
385 1338 561 1373 repugnare
579 1326 736 1366 decenter,
759 1334 787 1359 et
805 1324 931 1360 turbare
947 1337 985 1359 ne

238 1375 420 1430 compleant
455 1375 540 1422 quod
579 1375 723 1422 nequiter
759 1382 983 1421 conceperunt

237 1424 271 1460 Si
293 1437 346 1472 qui
370 1436 442 1460 vero
465 1425 581 1459 suerint
607 1424 646 1458 de
668 1424 790 1458 clericis
815 1424 919 1458 latinis
939 1424 984 1458 vel

237 1474 373 1521 graecis,
406 1474 470 1508 sive
509 1473 687 1516 monachis,
721 1472 901 1521 papatibus,
937 1472 983 1507 vel

237 1523 408 1570 calogeris,
444 1524 474 1557 in
502 1522 719 1569 dignitatibus,
743 1522 788 1557 vel
811 1521 985 1557 minoribus

237 1573 423 1612 ordinibus,
458 1573 504 1607 vel
527 1572 636 1607 officiis
658 1572 839 1615 constituti,
867 1571 918 1618 qui
941 1571 986 1605 di-

237 1631 359 1658 ctorum
389 1622 542 1657 baronum
565 1630 663 1657 terras
689 1621 861 1660 detineant,
891 1630 921 1656 et
944 1621 987 1655 la-

237 1671 364 1713 borent.
400 1679 431 1707 et
457 1671 646 1706 acrosticum
673 1672 794 1706 solvere
815 1670 985 1710 noluerint,

237 1721 372 1757 termino
393 1721 475 1756 inter
495 1732 551 1755 eos
577 1728 706 1763 statuto,
747 1720 807 1754 nisi
838 1720 985 1755 solverint

238 1771 324 1818 quod
346 1778 511 1813 tenentur,
546 1777 729 1817 potestatem
766 1769 899 1803 babeant
927 1781 986 1803 no-

238 1820 348 1856 minati
375 1820 509 1855 barones
537 1818 711 1866 accipiendi
739 1818 778 1853 de
811 1818 901 1852 bonis
932 1831 984 1852 eo-

238 1882 310 1904 rum
346 1878 484 1909 tantum,
511 1868 594 1915 quod
629 1879 739 1902 eorum
779 1867 920 1902 debitum
957 1876 984 1902 et

238 1918 317 1953 nihil
338 1918 477 1965 amplius
499 1917 709 1964 persolvatur;
732 1917 786 1951 sed
810 1918 840 1951 in
863 1917 987 1952 cunctis

239 1967 373 2003 absoluti
399 1976 430 2002 et
457 1966 565 2007 liberi,
590 1975 743 2014 quantum
766 1966 803 2000 ad
837 1979 985 2013 personas

239 2025 270 2052 et
306 2029 357 2052 res
397 2017 536 2064 ipsorum
573 2024 604 2050 et
633 2015 864 2055 Ecclesiarum‚
906 2028 986 2062 quae

239 2066 500 2115 superabundant
526 2065 687 2107 debitum,
723 2074 872 2112 perpetuo
897 2066 987 2112 inpo-

239 2125 357 2152 sterum
391 2122 600 2163 perseverent
640 2113 800 2149 Haeredes
840 2126 985 2161 quoque,

240 2166 306 2202 siie
331 2165 412 2200 filios
450 2164 651 2201 clericorum,
673 2164 737 2198 site
762 2172 929 2210 papatum,
956 2172 985 2198 et

240 2228 356 2250 uxores
377 2226 484 2249 eorum
504 2226 566 2248 non
589 2213 725 2260 capiant,
747 2214 793 2247 vel
816 2213 986 2256 detineant,

241 2265 290 2300 vel
311 2264 425 2300 faciant
459 2263 610 2305 detineri,
645 2261 690 2296 vel
717 2263 807 2309 capi,
834 2262 984 2309 quamdiu

242 2314 280 2350 ad
316 2313 442 2350 mobilia
469 2325 577 2347 eorum
615 2323 689 2345 suas
716 2313 851 2358 poterint
882 2320 986 2347 exten<

243 2364 317 2400 dere
342 2375 465 2407 manus,
503 2362 568 2396 sive
598 2360 636 2395 de
673 2373 781 2395 eorum
816 2361 985 2395 mobilibus

244 2413 290 2449 eis
315 2413 430 2462 poterit
455 2423 550 2459 super
571 2409 667 2445 debiti
697 2411 866 2457 quantitate
892 2412 986 2445 satis-

245 2462 312 2498 fieri
335 2469 563 2516 competenter:
602 2460 656 2494 filii
684 2472 809 2506 quoque
836 2459 984 2494 laicorum

245 2523 446 2557 graecorum,
468 2511 534 2546 sive
559 2509 743 2545 clericorum
762 2520 817 2544 seu
841 2518 985 2556 papatum

1653 228 1723 259 593

1028 289 1073 323 vel
1097 290 1275 336 episcopos,
1298 291 1342 325 vel
1371 291 1409 326 de
1431 303 1540 326 eorum
1563 291 1688 327 licentia
1709 294 1773 327 l'ue-

1028 339 1088 372 rint
1111 339 1254 373 ordinati
1278 339 1352 374 Post
1378 340 1608 376 ordinationem
1627 353 1697 377 vero
1723 354 1773 377 eo-

1027 388 1097 422 dem
1139 388 1301 435 privilegio
1335 390 1512 435 gaudeant,
1539 404 1601 438 quo
1629 391 1773 427 fruuntur

1027 437 1130 472 clerici
1156 451 1184 472 ιιι
1214 438 1390 473 obedientia
1424 439 1584 474 Romanae
1612 440 1772 476 Ecclesiae

1027 487 1198 522 constituti.
1227 487 1260 522 Si
1283 488 1335 535 qui
1361 501 1432 524 vero
1454 499 1612 536 papatum,
1636 490 1681 525 vel
1711 503 1771 526 mo-

1028 536 1199 572 nachorum
1240 549 1420 584 graecorum
1448 538 1599 574 baronum
1627 540 1772 576 detinue-

1028 586 1129 621 rintet
1151 585 1357 622 laboraverint
1385 596 1502 627 terras,
1541 601 1621 636 quae
1654 589 1691 624 ad
1711 589 1772 624 Ec-

1027 635 1192 671 clesiarum
1232 636 1278 671 vel
1317 638 1576 672 monasteriorum
1613 651 1672 673 non
1706 652 1772 685 per-

1028 685 1145 720 tineant
1168 685 1246 728 iura,
1273 686 1383 721 eodem
1406 687 1499 721 modo
1523 688 1689 734 praedictis
1705 701 1771 724 res-

1028 734 1186 781 pondeant
1208 734 1365 779 dominis,
1388 747 1449 782 quo
1468 735 1597 771 fecerint
1615 738 1696 776 laici,
1715 751 1768 785 ιιιιι

1026 795 1134 819 eorum
1163 793 1260 819 terras
1287 784 1429 820 detinent
1449 794 1479 820 et
1501 785 1651 821 laborant.
1682 788 1771 821 Alio-

1026 834 1101 880 quin
1124 834 1147 868 si
1172 833 1299 880 praefati
1322 833 1454 869 barones
1475 843 1582 870 contra
1606 837 1666 870 iam
1689 836 1770 871 dicta

1028 883 1167 917 ιειιειίιιῑ
1195 883 1240 918 vel
1263 883 1389 931 aliquod
1413 885 1673 941 praemissorum,
1702 896 1771 933 post

1026 931 1272 967 admonitionem
1296 945 1353 980 per
1367 945 1442 968 suos
1457 936 1772 970 excommunicentur

1027 981 1198 1027 praelatos,
1220 990 1250 1015 et
1263 982 1401 1016 tamdiu
1396 995 1425 1017 tn
1441 985 1770 1020 excommunicatiom-

1027 1031 1208 1077 persistant,
1231 1033 1379 1078 quamdiu
1399 1032 1439 1066 de
1461 1033 1585 1067 damnis
1607 1035 1771 1068 etiniuriis

1026 1081 1175 1115 canonice
1194 1080 1402 1116 satisfecerint
1429 1082 1580 1129 irrogatis.
1604 1081 1645 1118 Ut
1667 1093 1769 1118 autem

1027 1130 1206 1175 praemissis
1234 1130 1310 1164 fides
1338 1131 1457 1177 plenior
1475 1131 1634 1171 habeatur,
1659 1133 1697 1167 de
1718 1145 1770 1167 vo-

1026 1179 1143 1213 luntate
1176 1188 1205 1213 et
1243 1192 1399 1215 consensu
1433 1189 1462 1214 et
1495 1182 1676 1217 auctoritate
1707 1182 1770 1217 do—

1027 1228 1181 1262 minorum
1210 1228 1350 1264 Thomae
1377 1230 1582 1276 patriarchae,
1608 1240 1638 1266 et
1663 1232 1770 1278 impe-

1026 1278 1136 1312 ratoris
1162 1277 1290 1312 Henrici
1312 1277 1650 1326 Constantinopolitan.
1674 1289 1705 1315 et
1720 1293 1770 1315 ar-

1025 1326 1316 1374 cbiepiscoporum,
1340 1337 1369 1362 et
1391 1329 1532 1363 omnium
1557 1329 1708 1365 baronum
1739 1331 1769 1364 in

1026 1376 1181 1421 praesenti
1209 1376 1346 1412 chartula
1371 1377 1545 1433 posito-rum
1568 1391 1707 1426 appensa
1728 1380 1771 1414 si—

1024 1425 1095 1470 gilla
1130 1425 1318 1461 consistunt.
1345 1426 1480 1462 Salvis
1475 1441 1503 1462 ιιι
1533 1429 1683 1463 omnibus
1714 1429 1771 1463 do-

1026 1474 1101 1508 mini
1137 1474 1240 1521 Papae
1278 1477 1481 1517 auctoritate,
1522 1478 1696 1513 reverentia
1742 1488 1770 1513 et

1025 1522 1163 1565 honore,
1188 1532 1254 1559 acta
1277 1534 1350 1560 sunt
1365 1526 1442 1561 baec
1463 1527 1545 1573 apud
1568 1527 1772 1570 Raxenicam,

1025 1585 1108 1608 anno
1121 1573 1249 1608 Dom1ni
1266 1586 1366 1611 mcx
1389 1575 1559 1611 indictione
1581 1589 1656 1615 xm,
1679 1589 1772 1632 prae-

1026 1622 1168 1657 sentibus
1207 1625 1450 1671 archiepiscopis
1485 1635 1515 1660 et
1555 1627 1711 1673 episcopis
1741 1635 1771 1660 et

1026 1671 1134 1706 electis
1155 1681 1185 1707 et
1220 1673 1341 1708 clericis
1375 1683 1404 1709 et
1431 1675 1601 1719 militibus,
1628 1676 1770 1710 videlicet

1026 1720 1232 1762 Hei-,aetiensi
1256 1723 1452 1763 Atheniensi
1479 1723 1663 1763 Larissensi
1691 1725 1773 1759 Neo*

1028 1772 1163 1817 patrensi
1193 1771 1448 1820 archiepiscopis,
1464 1774 1677 1813 Avallonensi,
1698 1774 1772 1809 Fet-

1027 1820 1210 1866 mopilensi,
1243 1819 1438 1866 Βῑιιιιίἰθιιεί,
1466 1822 1684 1864 Zaratoriensi
1710 1824 1772 1859 Ca-

1026 1870 1182 1909 storiensi,
1201 1870 1396 1916 Sidoniensi,
1419 1873 1619 1920 episcopis,
1609 1873 1773 1908 Nazarien-

1026 1919 1070 1957 si,
1098 1918 1234 1954 Citrensi
1253 1921 1370 1961 electis
1398 1921 1437 1956 de
1460 1934 1594 1969 quorum
1613 1935 1770 1958 consensi

1026 1977 1054 2003 et
1079 1968 1234 2004 ιοΙιιιιῑιιῑε
1253 1978 1284 2005 et
1297 1979 1484 2006 auctoritate
1505 1981 1578 2006 sunt
1601 1973 1751 2020 praemiss
1757 1992 1769 2006 t

1027 2027 1171 2065 peracta,
1211 2027 1241 2054 et
1278 2021 1497 2066 praesentibus
1530 2030 1656 2057 cantore
1690 2022 1771 2057 Leo-

1027 2067 1135 2108 nardo‚
1162 2067 1276 2103 lacobo
1310 2069 1505 2117 presbytero,
1527 2070 1678 2114 Henrico,
1710 2084 1771 2105 ma-

1026 2117 1122 2162 gistro
1159 2117 1321 2153 Bonil'acio
1361 2120 1511 2154 canonico
1539 2119 1697 2155 Ecclesiae
1736 2120 1768 2154 S*

1025 2165 1164 2213 Sophiae
1203 2167 1242 2201 de
1280 2166 1571 2215 Constantinopoli,
1606 2178 1636 2203 et
1670 2170 1770 2216 priore

1026 2216 1250 2250 cruciferorum
1266 2216 1438 2257 Bononiae,
1455 2218 1672 2253 archidiacono
1687 2218 1770 2252 The-

1027 2264 1121 2304 bano,
1143 2265 1261 2300 decano
1275 2265 1466 2307 Davaliensi,
1485 2267 1612 2301 domino
1627 2268 1769 2302 Arduino

1026 2324 1055 2348 et
1084 2314 1225 2349 Arnuldo
1259 2315 1428 2362 capellanis
1461 2317 1657 2362 imperatoris
1681 2330 1768 2364 prae-

1027 2363 1097 2407 ἲιιι,
1134 2372 1164 2398 et
1200 2364 1417 2410 praesentibus
1473 2365 1636 2401 Guifl'redo
1672 2379 1770 2401 mare-

1026 2413 1129 2448 scalco
1156 2414 1250 2447 totius
1276 2414 1396 2460 imperii
1433 2414 1620 2456 Romaniae,
1649 2424 1678 2450 et
1709 2415 1770 2451 Ro-

1026 2461 1088 2496 lan
1080 2462 1154 2496 lino
1173 2462 1210 2496 de
1231 2461 1365 2503 Canosa,
1387 2470 1416 2498 et
1440 2463 1594 2511 Raynerio
1617 2465 1656 2500 de
1672 2464 1769 2500 Gum-

1027 2511 1123 2555 bulla,
1151 2519 1180 2546 et
1207 2511 1376 2547 Guillelmo
1408 2512 1446 2547 de
1480 2514 1572 2558 Sarz,
1603 2522 1632 2549 et
1658 2514 1767 2550 Bonuz

246 2561 278 2595 in
305 2559 456 2596 baronum
489 2559 613 2596 seriitio
648 2559 731 2593 iuxta
764 2570 881 2592 morem
910 2554 1065 2608 soli—lde
1091 2561 1205 2596 Sancto
1239 2561 1433 2608 sepulchro,
1460 2571 1489 2597 ei
1515 2561 1694 2599 Gerandino
1729 2566 1767 2599 ΑΒ

248 2617 312 2645 ‘um
338 2617 548 2656 perseverent,
570 2610 628 2643 sslSl
652 2620 706 2655 pel*
723 2608 847 2645 abeleffu
842 2620 1009 2654 ilSC⁰PON3

327 2667 400 2696 Ball.
417 2666 492 2695 Ηιηι.
514 2666 567 2694 tol.
587 2666 628 2694 Ill
793 2665 831 2693 50

1005 2610 1209 2645 ’2G1Ummuta
1235 2620 1263 2644 et
1290 2611 1401 2645 Iacobo
1423 2612 1462 2645 cle
1484 2613 1628 2649 Assrsso
1654 2622 1682 2648 et
1704 2613 1767 2648 Hu-

1788 238 1835 263 Αιι.
1853 239 1872 264 C
1904 241 1966 266 1223
