2129 3223
41 255 90 283 Αῃ.
108 254 135 282 C.
155 254 222 281 {255

55 606 104 628 Post
136 611 223 640 mongus

42 640 122 665 patrat·
146 642 224 660 recen-

824 250 1039 275 tNNocethns
1061 250 1093 271 IV
1117 249 1162 271 t't’.

236 316 339 348 muto,
373 309 513 343 immisso
541 306 638 354 digito
670 306 698 340 in
721 318 757 342 os
778 306 858 345 eius,
886 316 1001 340 suae-⁴

235 370 297 405 que
330 358 452 404 linguae
479 356 582 392 soluto
603 356 762 402 ligamine,
790 355 978 390 beneficium

238 407 377 455 loquelae
398 406 564 442 concessit.
600 405 706 443 Haec,
733 413 764 440 et
790 405 847 439 alia
876 404 1002 452 plut·a„=

236 456 312 491 dum
341 456 466 500 viveret,
493 455 639 502 dignatus
664 462 711 489 est
738 465 792 501 per
814 466 887 488 eum
909 452 1002 499 Do-l

237 505 342 540 miuus
363 505 495 552 operari.
528 545 530 547 ‚

285 553 359 601 56.
396 553 471 588 Post
496 561 627 588 mortem
657 564 728 588 vero
762 552 869 599 ipsiuS,
904 551 982 585 lam-

239 604 332 650 pades
353 602 390 638 ad
416 602 617 650 sepulchrum
645 603 714 636 eius
738 601 911 636 venerabile
932 601 984 635 de-

239 652 430 700 pendentes,
471 652 585 699 pluries
621 663 674 698 per
708 651 831 698 seipsas
865 650 982 696 absque

237 703 322 736 omui
351 701 490 737 humano
517 700 622 736 studio
648 708 677 735 et
710 700 901 739 ministerio,
934 699 982 733 di—

239 751 354 786 vinitus
387 759 459 786 sunt
486 762 646 786 accensae.
677 749 760 792 Quia
790 748 983 784 couveniens

239 801 333 835 nimis
349 808 425 840 erat,
449 809 492 845 ut,
514 799 660 848 quoniam
699 800 770 846 igne
804 811 840 833 ac
864 798 983 833 lumine

239 849 309 884 fidei
337 849 524 884 excellenter
558 848 732 888 claruerat,
759 847 919 894 singulare
946 847 985 882 de

240 900 308 946 ipso
345 899 425 943 ignis
453 907 482 933 et
511 898 640 933 luminis
667 897 852 932 miraculum
886 908 985 944 appa-

240 957 329 984 reret.
352 947 488 990 Quidam
504 956 608 982 autem
625 947 699 981 dum
716 955 897 981 vesceretur
911 959 983 980 cum

239 997 318 1037 aliis,
345 1004 375 1031 et
396 997 482 1032 illius
508 997 701 1031 sanctitatem
719 1005 748 1031 et
764 995 913 1031 miracula
936 995 986 1029 de-

241 1055 396 1094 pravaret,
429 1055 556 1092 sumpto
583 1046 717 1093 quodam
741 1045 799 1079 sub
826 1045 883 1079 ltac
906 1053 985 1079 atte-

239 1096 371 1132 statione
390 1096 550 1139 morsello,
564 1095 648 1142 quod
664 1107 734 1129 cum
753 1107 812 1129 uon
831 1103 947 1141 posset,
960 1094 984 1128 si

239 1146 319 1181 circa
334 1144 414 1180 haec
428 1145 635 1192 deliuqueret,
657 1145 866 1190 transglutire,
892 1145 986 1178 sentit

240 1207 312 1230 mox
335 1196 437 1241 ipsum
461 1194 576 1241 gutturi
599 1205 656 1228 suo
678 1194 723 1228 sic
743 1195 934 1237 haerentem,
954 1201 986 1227 ut

241 1244 327 1278 illum
350 1244 484 1279 educere
517 1243 563 1278 vel
589 1243 738 1277 inducere
761 1255 823 1277 non
859 1243 985 1277 valeret.

240 1293 346 1336 Quare
367 1293 449 1328 illico
471 1293 649 1339 poenitens,
671 1299 702 1327 et
723 1292 781 1326 iam
799 1291 903 1326 vultus
919 1304 988 1325 mu-

242 1349 304 1377 tato
325 1342 441 1386 colore,
469 1341 556 1390 quasi
579 1342 717 1376 sentiens
740 1341 857 1375 vicinae
878 1341 987 1375 mortis

241 1400 401 1433 eventum,
429 1391 509 1426 sacto
532 1391 609 1426 intra
632 1402 666 1425 se
690 1398 780 1431 voto,
808 1390 892 1437 quod
925 1389 987 1423 lin-

241 1452 335 1487 guam
356 1439 395 1475 de
409 1448 531 1475 caetero
552 1440 589 1474 ad
611 1439 683 1474 talia
701 1451 762 1474 nou
787 1440 913 1481 laxaret,
930 1439 987 1474 fuit

243 1489 385 1537 protinus
423 1489 477 1524 illo
503 1489 638 1524 evomito
671 1488 828 1523 liberatus.
866 1488 988 1536 Hydro-

243 1538 310 1586 pica
332 1538 484 1586 quaedam
508 1538 544 1573 ad
571 1538 672 1573 locum
697 1538 850 1583 passionis
878 1538 987 1585 ipsius,

242 1588 358 1622 auxilio
383 1588 437 1622 viri
463 1587 660 1635 perveniens,
684 1586 748 1622 fusa
773 1586 812 1621 ibi
836 1587 987 1631 oratioue,

242 1637 404 1672 sanitatem
420 1637 574 1683 integram
589 1649 662 1671 mox
683 1637 812 1683 accepit.
835 1636 988 1671 Obsessas
1007 1621 1009 1677 l

243 1699 258 1721 a
286 1686 493 1721 daemonibus
519 1686 612 1732 longo
651 1695 792 1732 tempore
818 1685 987 1729 mulieres,

243 1743 359 1783 martyr
379 1735 458 1782 ipse,
483 1735 614 1770 deiectis
636 1735 696 1769 illis
711 1747 781 1769 cum
805 1735 905 1769 multo
921 1747 989 1769 san-

243 1784 346 1830 guinis
383 1785 500 1819 vomitu
536 1784 574 1819 de
605 1783 808 1830 corporibus,
836 1783 985 1818 liberarit.

243 1833 361 1868 Febres
387 1833 524 1880 expulit,
551 1833 716 1878 languores
742 1833 860 1867 curavit
886 1833 988 1880 pluri-

245 1894 313 1918 mos
338 1889 368 1917 et
393 1882 542 1918 diversos.
565 1881 739 1917 Cuiusdam
761 1882 904 1917 sinistrae
928 1895 987 1917 ma-

245 1945 304 1966 nus
325 1931 478 1978 digitum,
512 1944 548 1966 ex
571 1931 680 1966 morbo
708 1931 829 1966 fistulae
851 1932 986 1979 plurium

244 1981 431 2017 foraminum
463 1981 654 2016 concavitate
688 1980 870 2021 defossum,
910 1982 987 2016 mira

245 2029 491 2066 consolidatione
528 2030 658 2065 sanavit.
697 2029 831 2072 Quidam
860 2031 988 2077 insuper

247 2093 322 2127 puer
349 2092 387 2116 ex
413 2092 486 2114 casu
512 2091 694 2126 gravissimo
728 2092 773 2114 sic
804 2092 987 2127 oppressus,

247 2138 278 2164 ut
299 2136 385 2164 motu
413 2136 444 2164 et
476 2128 622 2164 sensibus
651 2129 776 2174 penitus
803 2129 987 2171 destitutus,

247 2188 405 2227 tamquam
424 2185 566 2213 mortuus
587 2177 767 2219 defleretur,
791 2191 862 2213 mox
889 2191 989 2226 appo-

246 2230 303 2264 sita
325 2228 365 2263 de
393 2236 474 2263 terra
495 2239 553 2262 suo
580 2227 695 2274 pectori
727 2240 815 2262 sacro
847 2229 987 2263 eiusdem

247 2278 391 2326 martyris
411 2289 522 2312 cruore
543 2284 695 2317 contacta,
712 2276 876 2312 incolumis
898 2290 990 2312 exur-

248 2328 338 2363 rexit.
355 2326 518 2369 Quaedam
540 2326 631 2360 cuius
649 2337 772 2361 carnem
788 2339 899 2361 cancer
909 2327 986 2362 edax

247 2375 355 2412 sedula
376 2376 554 2411 corrosione
583 2374 718 2415 vorabat,
752 2375 848 2410 linitis
879 2375 989 2411 liuius-

249 2425 332 2462 modi
365 2433 445 2461 terra
483 2424 672 2466 vulneribus,
705 2433 751 2458 est
785 2432 898 2459 curata.
926 2425 988 2460 Alii

247 2475 340 2510 etiam
358 2474 488 2510 diversis
506 2474 739 2509 infirmitatibus
760 2475 913 2521 occupati,
935 2475 987 2522 qui

248 2523 448 2571 sepulchrum
483 2525 574 2568 eius,
608 2524 638 2557 in
673 2523 823 2558 vehiculis
855 2533 885 2558 et
919 2524 1010 2559 aliis*

249 2572 493 2609 substentaculis
519 2572 674 2613 adierunt,
712 2571 824 2607 exinde
847 2581 990 2619 postmo-

249 2621 324 2657 dum
346 2621 436 2670 plena
458 2622 671 2658 incolumitate
693 2629 829 2669 recepta,
850 2622 919 2657 sine
936 2622 990 2657 ali-

1644 237 1714 271 565

1021 303 1136 351 quibus
1155 302 1308 337 subsidiis
1324 303 1453 337 rediere.
1477 302 1523 337 Ad
1540 301 1632 346 haec,
1653 313 1766 348 magna

1022 353 1248 388 haereticorum
1264 360 1293 386 et
1316 352 1454 399 ipsorum
1473 350 1670 387 credentium
1688 350 1766 386 mul-

1022 402 1132 441 titudo,
1155 414 1227 437 cum
1257 409 1370 436 tantam
1395 401 1464 436 fidei
1488 400 1683 436 adverterent
1701 400 1767 436 effi-

1022 452 1151 490 caciam,
1179 459 1209 486 et
1235 450 1271 485 ad
1295 463 1362 485 eam
1399 458 1442 485 tot
1468 451 1561 485 certis
1586 458 1616 485 et
1650 451 1769 497 apertis

1779 247 1827 272 An.
1852 245 1878 271 C.
1895 244 1961 271 ¹255

1001 502 1183 547 'signorum
1212 499 1351 540 indiciis,
1388 508 1546 547 tamquam
1577 499 1767 546 quibusdam

1023 550 1231 585 clamantibus
1251 549 1469 595 praeconibus,
1493 556 1689 587 vocarentur,
1711 561 1769 584 nec

1025 607 1152 647 possent
1173 599 1261 646 quasi
1285 607 1345 633 tam
1370 598 1487 633 validae
1510 598 1633 633 illorum
1648 598 1768 633 instan-

1024 649 1083 684 tiae
1102 661 1164 683 non
1189 660 1308 695 parere,
1331 647 1369 682 ad
1389 648 1486 694 ipsius
1509 647 1611 682 lucem
1633 647 1705 682 fidei
1729 647 1768 682 de

1025 698 1071 733 sui
1110 698 1223 733 erroris
1261 697 1369 732 nubilo
1401 705 1448 732 est
1482 709 1643 732 conversa.
1684 696 1767 740 Quid

1026 747 1132 795 plura?
1153 747 1201 782 his
1222 755 1252 783 et
1274 759 1367 794 quam
1391 746 1497 781 multis
1519 746 1587 782 aliis
1609 746 1769 781 miraculis

1024 797 1168 844 gloriosis
1194 796 1406 843 magnificavit
1432 796 1587 831 Dominus
1617 795 1768 831 Sanctum

1025 859 1134 886 suum,
1156 854 1186 881 et
1206 845 1374 881 colendum
1393 845 1535 880 exhibuit
1559 845 1721 880 universis.

1075 896 1094 943 S
1122 898 1152 929 7.
1187 896 1335 930 Laetetur
1374 896 1478 942 itaque
1513 902 1596 930 totus
1628 894 1768 930 fidelium
1796 902 1965 938 Qunntamemt-

1026 954 1146 989 coetus,
1173 954 1202 980 et
1224 944 1353 980 laudum
1377 945 1514 979 carmina
1536 943 1603 979 Deo
1625 944 1768 980 concinat
1783 933 1966 984 ὶῖζῗὲῗξῖζῖῑξῗ

1026 995 1085 1029 alta
1113 1007 1202 1036 voce,
1226 994 1309 1042 quod
1332 1006 1346 1029 a
1369 994 1436 1029 suis
1467 1001 1626 1042 tamquam
1652 992 1769 1029 Christi

1026 1043 1255 1079 cohaeredibus
1289 1044 1470 1079 mansiones
1503 1043 1637 1078 coelicae
1669 1044 1772 1090 possi-

1026 1093 1150 1128 dentur.
1173 1093 1300 1128 Exultet
1318 1100 1416 1128 mater
1429 1092 1582 1137 Ecclesia,
1603 1092 1686 1140 quod
1706 1092 1772 1141 pal-

1028 1154 1095 1177 mes
1116 1155 1211 1186 suus,
1247 1154 1339 1190 quem
1374 1142 1404 1177 in
1432 1154 1507 1189 agro
1530 1141 1600 1177 fidei
1623 1142 1773 1190 plantavit

1027 1200 1055 1226 et
1071 1191 1180 1231 coluit,
1203 1192 1233 1226 in
1255 1191 1389 1227 coeleste
1412 1191 1597 1238 plantarium
1612 1200 1659 1226 est
1677 1200 1774 1226 trans-

1028 1241 1118 1276 latus.
1153 1240 1295 1276 Gaudeat
1316 1249 1347 1275 et
1368 1241 1499 1287 insignis
1525 1240 1655 1275 fratrum
1682 1240 1774 1276 Prae-

1028 1289 1203 1325 dicatorum
1244 1290 1340 1335 ordo,
1377 1290 1459 1338 quod
1492 1302 1529 1324 ex
1567 1301 1605 1325 eo
1640 1290 1774 1337 prosiliit

1028 1339 1115 1374 stella
1151 1339 1285 1379 micans,
1319 1339 1411 1374 cuius
1445 1339 1601 1386 fulgentes
1628 1339 1704 1374 radii
1742 1341 1771 1374 in

1029 1388 1133 1423 lumen
1160 1389 1211 1424 hic
1241 1388 1507 1436 peregrinantium
1538 1388 1771 1424 diffunduntur.

1077 1438 1097 1485 S
1135 1441 1167 1473 8.
1207 1438 1405 1473 Erubescant
1446 1438 1571 1473 fallaces
1605 1438 1772 1482 haeretici,
1799 1443 1959 1479 fl³e=jetieorum

1028 1487 1225 1533 evangelicae
1242 1487 1368 1534 quidem
1385 1487 1497 1523 falsarii
1519 1488 1668 1529 veritatis,
1687 1488 1771 1536 quod
1785 1475 1971 1527 2221351323'132'3233

1028 1549 1083 1571 sua
1105 1536 1258 1572 mendacii
1281 1546 1459 1572 commenta
1477 1537 1640 1578 vilescunt,
1654 1545 1685 1572 et
1701 1537 1860 1573 con-'⁰⁵²³‘-

1029 1586 1187 1621 valescunt
1226 1586 1376 1622 catholica
1412 1595 1443 1622 et
1473 1586 1640 1633 apostolica
1673 1587 1773 1622 docu-

1029 1643 1146 1670 menta.
1173 1635 1402 1671 Obmutescant
1429 1636 1535 1671 dolosa
1559 1636 1699 1682 ipsorum
1722 1636 1774 1671 la-

1029 1684 1096 1723 bia,
1125 1694 1155 1719 ct
1182 1686 1381 1732 impudentes
1408 1685 1525 1720 frontes
1547 1685 1693 1721 decidant
1714 1686 1773 1721 iam

1028 1734 1188 1775 confusae,
1204 1746 1275 1768 cum
1297 1734 1360 1775 ille,
1387 1735 1477 1770 cuius
1494 1747 1634 1769 veracem
1659 1735 1775 1770 instru-

1028 1783 1161 1818 ctionem
1196 1792 1226 1818 et
1262 1783 1406 1819 salutaria
1434 1785 1550 1819 monita
1580 1784 1773 1825 renuebant,

1028 1833 1142 1880 cuique
1179 1833 1287 1868 mortis
1323 1833 1457 1868 intulere
1497 1834 1706 1882 supplicium,
1743 1835 1773 1869 in

1028 1882 1116 1917 coelo
1137 1882 1197 1916 iam
1217 1891 1324 1929 regnet
1346 1883 1426 1918 inter
1446 1884 1569 1930 agmina
1597 1883 1772 1919 beatorum.

1028 1931 1068 1966 Et
1094 1931 1227 1976 mirum,
1259 1944 1330 1967 cum
1352 1940 1459 1980 aperte
1492 1933 1689 1981 conspiciant
1714 1933 1772 1968 Dei

1028 1981 1202 2016 Ecclesiam
1219 1980 1333 2016 talibus
1354 1981 1455 2017 fulciri
1471 1981 1639 2027 columnis,
1659 1983 1773 2018 talibus

1029 2030 1200 2078 parietibus
1234 2031 1460 2078 circumcingi,
1497 2032 1610 2067 talibus
1641 2044 1775 2068 consur—

1028 2093 1102 2126 gere
1130 2080 1350 2121 incrementis,
1385 2081 1499 2126 talibus
1532 2082 1774 2129 propugnaculis

1029 2129 1236 2174 communiri,
1275 2130 1388 2166 talibus
1423 2130 1577 2166 defensari
1615 2131 1773 2178 patronis,

1029 2178 1145 2214 talibus
1169 2179 1327 2214 miraculis
1354 2180 1515 2220 illustrari,
1547 2180 1630 2227 quod
1658 2179 1774 2215 nihilo-

1029 2229 1136 2262 minus
1159 2228 1188 2262 iu
1211 2229 1310 2263 noctis
1324 2229 1463 2264 tenebris
1477 2237 1506 2264 et
1519 2229 1627 2264 mortis
1640 2228 1772 2276 caligine

1030 2277 1229 2324 gradiuntur,
1252 2277 1401 2325 quodque
1423 2291 1437 2312 a
1469 2278 1533 2313 suis
1554 2277 1654 2314 oculis
1676 2290 1773 2327 squa-

1030 2339 1096 2361 mas
1124 2338 1184 2361 non
1217 2326 1369 2362 abiiciunt
1400 2328 1574 2368 caecitatis,
1603 2335 1634 2362 ut
1662 2339 1770 2362 verum

1030 2376 1134 2410 lumen
1163 2375 1285 2410 videant
1311 2385 1340 2410 et
1362 2385 1543 2424 sequantur.

1078 2425 1098 2472 ἓ
1119 2426 1151 2459 9.
1175 2424 1341 2460 Caeterum
1356 2426 1429 2473 quia
1447 2427 1604 2467 convenit,
1624 2432 1654 2460 ut
1676 2438 1770 2474 quem
1787 2430 1828 2472 ,Sss-
1854 2435 1965 2467 {nattum

1030 2473 1184 2508 Dominus
1218 2474 1248 2508 in
1283 2474 1371 2510 coelo
1407 2475 1599 2521 magnificat,
1633 2462 1966 2513 mundusfflnaaffli„

1029 2523 1120 2567 colat,
1143 2535 1200 2558 nos
1226 2523 1265 2558 de
1290 2524 1451 2560 sanctitate
1479 2525 1556 2559 vitae
1584 2537 1619 2559 ac
1646 2526 1771 2561 veritate

1030 2572 1249 2607 miraculorum
1277 2572 1375 2620 ipsius
1408 2574 1550 2622 martyris
1577 2574 1693 2622 inquiri
1724 2574 1771 2610 fe-

1030 2622 1130 2657 cimus
1150 2621 1327 2668 diligenter.
1355 2621 1393 2657 Et
1408 2622 1481 2663 quia
1504 2631 1573 2671 post
1599 2623 1772 2672 inquisitio-
