2129 3223
118 244 168 268 An.
189 241 218 268 c.
233 241 299 268 issi
361 229 430 262 482

312 294 399 333 mini,
427 300 562 327 castrum
585 289 784 330 Stronconis,
815 289 999 331 Mirandan.,
1022 298 1052 325 et

312 352 446 377 castrum
485 340 617 376 Oriculi.
654 339 688 374 ln
731 339 874 384 Sabinia,
914 340 1050 375 Roccam

311 392 491 439 Antiquam,
513 400 542 426 et
564 398 658 425 totam
686 388 846 425 Sabiniam
873 402 944 425 cum
985 401 1053 423 om-

311 441 404 476 nibus
425 440 534 476 castris
559 449 588 474 et
615 439 706 474 vittis.
729 439 762 474 In
784 439 919 476 Marchia
947 440 1053 473 Anco-

311 492 432 532 nitana,
455 489 591 525 Roccam
611 490 650 524 de
663 488 809 537 Plorago,
827 488 1010 529 Serravalle‚
1024 496 1053 522 et

310 544 435 580 Turrim
457 544 496 580 de
516 543 639 580 Parma.

358 599 441 634 Nulli
475 610 550 645 ergo
596 599 725 634 omnino
766 597 928 633 bominum
965 596 1055 631 liceat

131 659 222 710 :sum
243 664 297 686 νῦν·
311 654 390 689 lianc
410 654 553 701 paginam
573 661 695 688 nostrae
707 652 936 688 constitutionis
952 650 1055 685 infrin-

309 720 394 754 gere,
417 707 464 742 vel
486 708 514 743 ei
536 720 614 743 ausu
638 707 801 742 temerario
828 706 992 741 contraire.
1019 704 1054 740 Si

309 763 380 809 quis
405 770 508 797 autem
531 762 592 797 hoc
613 770 763 797 attentare
798 761 1054 808 praesumpserit,

309 816 555 863 indignationem
583 815 807 862 omnipotentis
825 814 882 849 Dei
909 825 945 848 ac
973 813 1054 848 bea-

310 879 412 905 torum
434 871 526 906 Petri·
545 879 574 905 et
612 870 700 905 Pauli
734 868 945 916 apostolorum
986 867 1055 901 eius

309 937 342 959 se
364 926 484 960 noverit
506 925 720 960 incursurum.

355 978 426 1014 Dat.
450 979 591 1014 Laterani
617 981 660 1012 17
678 976 779 1012 kalen.
802 976 960 1021 februarii,
978 987 1056 1023 pon-

310 1033 445 1069 tificatus
468 1033 564 1068 nostri
591 1045 674 1068 anno
700 1031 846 1079 septimo.

329 1095 390 1126 Dat.
406 1096 452 1126 die
471 1095 508 1126 ¹6
530 1095 655 1125 ianuarii
678 1093 764 1130 1234,
787 1092 888 1133 pontif.
911 1101 958 1122 un.
988 1100 1035 1122 vu.

609 1267 669 1302 XX
675 1266 757 1302 xlx.

315 1353 406 1392 Quod
422 1351 587 1397 principes,
610 1357 664 1384 aut
689 1349 816 1387 nobiles,
839 1360 890 1382 seu
903 1348 1056 1381 Ecclesia-

360 1413 429 1435 rum
448 1401 592 1446 praelati,
614 1401 768 1434 occasione
787 1399 1056 1442 iurispacronatus,

361 1451 549 1488 advocatiae,
577 1450 741 1487 custodiae,
770 1455 823 1482 aut
844 1448 935 1481 aliter
956 1459 975 1480 a
996 1459 1054 1480 mo-

361 1502 501 1534 nasteriis
526 1500 643 1533 ordinis
667 1498 867 1532 Cisterciensis
887 1497 1056 1542 quidquam

361 1552 493 1595 ccipere,
511 1550 558 1584 vel
584 1549 665 1583 taliis
690 1558 819 1593 gravare
844 1558 906 1580 non
929 1547 1054 1591 possint.

578 1625 791 1659 SUMMARIUM

313 1697 404 1728 Causa
422 1696 540 1727 decreti.
557 1711 596 1718 —
623 1694 650 1724 t.
668 1692 878 1724 cistercienses
909 1700 923 1721 a
943 1690 1055 1730 princi-

353 1741 439 1781 pibus
459 1745 487 1770 et
505 1739 642 1779 praelatis
658 1738 774 1776 gravati:
792 1753 830 1759 —
848 1736 874 1766 Ξ.
894 1735 935 1765 Ab
956 1736 1057 1765 liuius-

354 1787 431 1817 modi
443 1784 662 1824 gravaminibus
673 1783 815 1813 levamur.
840 1797 878 1803 —-
893 1779 1056 1810 Clausulae.

312 1862 455 1899 Gregorius
468 1862 608 1898 episcopus
618 1865 712 1888 servus
724 1864 864 1888 servorum
878 1856 934 1890 Dei,
951 1855 1058 1884 dilectis

357 1912 421 1941 filiis
439 1911 534 1940 abbati
552 1909 687 1942 cistercii,
706 1909 737 1938 ot
756 1906 890 1937 univorsis
922 1905 1057 1934 coabbati-

356 1962 408 1991 bus
426 1961 584 1993 cistercien.
603 1958 717 1993 ordinis,
740 1957 859 1987 salutem
877 1957 905 1985 ot
927 1955 1059 1991 apostoli-

358 2018 416 2041 cam
433 2009 653 2040 benedictionem.

362 2084 444 2127 Quia
470 2082 690 2129 refrigescente
706 2079 855 2115 charitate
877 2078 1058 2118 multorum,

131 2142 198 2166 ‘³⁵⁸¹‘
211 2138 393 2174 du“madeo
419 2137 567 2185 iniquitas
592 2133 771 2179 abundavit,
794 2140 826 2168 ut
847 2131 1057 2180 quorumdam

315 2203 466 2228 succensa
492 2190 576 2225 velut
616 2189 699 2236 ignis
737 2187 908 2235 impietas,
952 2194 1058 2221 contra

315 2246 472 2282 Ecclesias
493 2252 524 2280 et
545 2255 694 2291 personas
721 2240 947 2277 ecclesiasticas
976 2247 1059 2274 tanto

316 2301 448 2336 validius
482 2299 708 2341 inflammetur,
751 2303 867 2343 quanto
903 2293 1060 2338 rariores,

316 2355 368 2402 qui
391 2367 443 2390 eas
471 2360 626 2396 tueantur,
659 2358 765 2386 contra
806 2359 970 2397 pravorum
1011 2346 1061 2380 in-

317 2421 440 2449 cursus,
462 2407 580 2442 invenit
600 2405 774 2441 obiectores
791 2417 798 2445 ;
828 2414 885 2438 nos
902 2429 910 2442 ,
947 2399 1062 2448 quibus

318 2462 453 2510 ipsarum
485 2474 558 2497 cura
605 2468 637 2495 et
669 2458 845 2494 sollicitudo
884 2454 1062 2500 incumbit,

319 2516 362 2550 ibi
384 2516 493 2552 fortius
520 2516 682 2562 insurgere
704 2514 870 2560 cogimur,
897 2510 950 2545 ubi
989 2521 1062 2557 per-

320 2577 497 2605 secutorum
526 2569 702 2605 immanitas
733 2566 941 2616 periculosius
974 2575 1062 2599 exar-

320 2621 428 2657 descit.

895 235 1082 259 BULLAROEM
1109 234 1269 257 ROMANUM

1139 288 1160 336 g
1182 291 1214 323 1,
1237 288 1325 323 Sicut
1346 288 1429 324 enim
1455 287 1544 322 nobis
1565 300 1602 323 ex
1625 295 1711 334 parte
1738 295 1836 323 vestra

1091 343 1192 390 gravis
1213 351 1260 378 est
1285 342 1386 378 oblata
1409 341 1547 390 querela,
1575 341 1715 377 nonnulli
1749 342 1837 390 prin-

1092 397 1188 444 cipes,
1210 409 1246 432 ac
1268 397 1399 441 nobiles,
1425 397 1589 432 occasione
1612 396 1838 443 iurispatrona-

1094 460 1154 490 tus,
1176 450 1367 495 advocatiae,
1388 451 1453 486 sive
1474 450 1648 491 custodiae,
1670 462 1764 498 quam
1808 451 1838 485 in

1093 505 1305 545 monasteriis,
1326 505 1478 552 grangiis,
1499 505 1644 548 cellariis,
1669 505 1713 540 vel
1736 505 1840 540 domi-

1094 559 1153 594 bus
1170 559 1280 594 vestris
1309 571 1343 595 se
1370 559 1485 594 babere
1512 567 1704 606 proponunt,
1739 559 1840 596 inter-

1094 612 1168 648 dum
1191 613 1282 648 etiam
1303 625 1358 660 pro
1384 624 1459 648 suae
1482 611 1569 648 libito
1595 613 1775 657 voluntatis,
1808 623 1838 650 et

1094 668 1220 715 quidam
1254 667 1464 702 Ecclesiarum
1498 666 1638 715 praelati,
1670 680 1686 703 a
1724 668 1840 716 quibus

1094 721 1252 757 deberetis
1275 733 1338 756 non
1371 733 1563 768 gravamen,
1598 722 1652 757 sed
1700 721 1839 758 solamen

1096 777 1199 823 potius
1225 784 1403 824 expectare,
1431 775 1570 816 bladum,
1610 776 1727 821 vinum,
1765 788 1840 812 eve-

1095 830 1225 871 ctiones,
1252 830 1408 871 animalia,
1430 838 1460 865 et
1481 842 1531 865 res
1557 829 1643 871 alias,
1666 842 1723 878 pro
1749 830 1840 866 aedi—

1095 883 1238 919 ficatione
1260 896 1295 919 ac
1321 884 1494 919 munitione
1513 892 1684 920 castrorum
1720 893 1751 920 et
1773 884 1840 920 vil-

1095 937 1206 983 larum,
1240 951 1362 974 necnon
1402 951 1457 987 pro
1498 939 1670 987 tyrociniis,
1714 947 1840 976 tornea-

1096 995 1222 1037 mentis,
1256 993 1521 1042 expeditionibuS,
1556 1001 1587 1029 et
1628 993 1697 1029 aliis
1730 994 1841 1030 usibus

1851 230 1901 257 An.
1918 229 1946 256 C.
1967 228 2034 257 123⁴

1859 285 2014 307 cineret-rues
2022 291 2035 306 ι

1852 316 1983 344 principibus
2012 318 2034 337 et

1851 348 1951 375 praelatis
1985 353 2035 374 grn-

1852 379 1902 399 nti:

1095 1047 1293 1093 eorumdem,
1306 1060 1322 1082 a
1340 1047 1426 1083 vobis
1447 1048 1576 1094 exigunt
1596 1055 1627 1083 et
1640 1056 1839 1096 extorquent,
1874 1060 1880 1063 ·

1095 1102 1169 1137 alias
1196 1114 1250 1137 vos
1275 1102 1358 1137 taliis
1392 1109 1423 1137 et
1449 1101 1666 1137 exactionibus
1691 1101 1841 1138 indebitis

1097 1155 1309 1203 multipliciter
1334 1155 1542 1203 aggravando.
1570 1155 1737 1192 Praeterea
1768 1157 1840 1205 qui-

1096 1209 1166 1245 dam
1194 1222 1231 1245 ex
1258 1210 1348 1259 ipsis,
1375 1211 1489 1255 etalii,
1529 1223 1639 1246 carnes
1673 1211 1840 1247 comedere

1096 1264 1126 1299 in
1158 1266 1267 1300 vestris
1298 1265 1455 1307 domibus,
1489 1277 1525 1300 ac
1567 1265 1715 1302 mulieres
1747 1266 1840 1303 etiam

1095 1318 1221 1354 easdem
1244 1318 1368 1355 domos·
1386 1319 1520 1366 ingredi,
1559 1327 1666 1361 contra
1699 1320 1841 1357 instituta

1096 1373 1188 1408 vestri
1211 1373 1332 1409 ordinis
1353 1385 1415 1408 non
1432 1381 1588 1415 verentur,
1605 1373 1841 1422 propterquod,

1096 1436 1126 1463 et
1152 1429 1242 1475 quies
1270 1427 1432 1464 monastici
1460 1427 1580 1463 ordinis
1618 1427 1840 1476 perturbatur,

1097 1489 1127 1516 et
1168 1494 1260 1528 grave
1293 1482 1471 1517 commissis
1513 1482 1602 1517 vobis
1642 1482 1841 1518 monasteriis

1098 1536 1240 1571 imminet
1261 1535 1494 1571 detrimentum.
1522 1535 1628 1578 Quare
1653 1535 1745 1572 nobis
1780 1536 1841 1572 hu—

1097 1590 1212 1626 militer
1229 1590 1440 1639 supplicastis,
1467 1598 1501 1625 ut
1527 1602 1623 1638 super
1644 1590 1693 1626 his
1713 1598 1841 1638 paterna

1098 1644 1260 1691 providere
1281 1644 1493 1680 sollicitudine
1525 1644 1740 1691 dignaremur.

1145 1698 1164 1745 ἓ
1191 1701 1223 1733 2.
1251 1699 1315 1734 Nos
1344 1700 1449 1745 igitur,
1473 1707 1504 1734 et
1525 1707 1643 1735 vestrae
1676 1698 1840 1747 providere

1097 1753 1207 1800 quieti,
1230 1761 1260 1788 et
1286 1753 1518 1788 molestantium
1558 1752 1683 1788 malitiis
1716 1752 1842 1788 obviare

1098 1806 1247 1847 volentes,
1270 1807 1453 1842 auctoritate
1486 1807 1696 1854 praesentium
1734 1806 1841 1843 distri-

1098 1862 1179 1897 ctius
1205 1861 1395 1901 inhibemus,
1418 1873 1457 1897 ne
1480 1862 1549 1909 quis
1575 1873 1592 1896 a
1623 1861 1713 1896 vobis
1746 1872 1843 1909 prae-

1100 1917 1190 1951 missa
1218 1916 1342 1962 exigere
1363 1915 1410 1951 vel
1438 1924 1634 1963 extorquere,
1655 1924 1708 1950 aut
1729 1915 1761 1950 in
1789 1927 1843 1950 ve-

1098 1971 1172 2005 stris
1193 1969 1341 2005 domibus
1361 1970 1405 2005 uti
1421 1969 1578 2011 carnibus,
1600 1982 1654 2005 seu
1678 1968 1842 2005 mulierem

1099 2024 1233 2071 aliquam
1276 2036 1328 2058 eas
1370 2023 1484 2059 intrare
1518 2031 1696 2071 praesumat
1736 2030 1842 2058 contra

1098 2077 1218 2113 ordinis
1239 2078 1390 2113 instituta.

1147 2131 1232 2166 Nulli
1248 2144 1322 2179 ergo
1336 2132 1466 2168 omnino
1481 2132 1642 2167 hominum
1658 2131 1749 2168 liceat
1763 2131 1842 2166 lianc

1101 2187 1243 2233 paginam
1263 2195 1385 2222 nostrae
1412 2185 1607 2221 inhibitionis
1628 2193 1657 2221 et
1691 2185 1844 2220 constitu-

1101 2240 1194 2274 tionis
1237 2239 1416 2287 infvingere,
1439 2240 1484 2274 vel
1506 2240 1535 2274 ei
1562 2252 1641 2275 ausu
1680 2239 1844 2274 temerario

1101 2294 1264 2328 contraire.
1296 2293 1330 2328 Si
1354 2294 1424 2342 quis
1463 2302 1567 2329 autem
1603 2293 1662 2328 hoc
1694 2300 1844 2328 attentare

1103 2348 1358 2395 praesumpserit,
1366 2348 1612 2395 indignationem
1623 2346 1845 2393 omnipotentis

1101 2401 1170 2443 Dei,
1189 2414 1225 2437 ac
1240 2402 1400 2437 beatorum
1419 2401 1504 2438 Petri
1531 2409 1560 2436 et
1581 2400 1669 2436 Pauli
1687 2400 1845 2448 apostolo-

1103 2467 1169 2489 rum
1193 2456 1260 2490 eius
1281 2468 1314 2491 se
1336 2456 1456 2491 noverit
1482 2455 1692 2490 incursurum.

1151 2509 1264 2545 Datum
1286 2510 1430 2546 Laterani
1464 2509 1588 2544 decimo
1619 2507 1767 2543 kalendas
1785 2507 1845 2543 ··fe-

1103 2563 1230 2609 bruarii,
1252 2565 1450 2612 pontificatus
1476 2563 1572 2598 nostri
1600 2574 1681 2597 anno
1698 2561 1844 2610 septimo.

1122 2625 1183 2657 Dat.
1207 2627 1252 2658 die
1278 2626 1316 2657 ⁶23
1333 2626 1457 2657 ianuarii
1478 2624 1562 2662 1234,
1584 2623 1686 2665 pontif.
1715 2633 1760 2655 an.
1778 2632 1826 2655 vn.

1868 1708 1898 1730 Ab
1917 1708 2035 1730 huiusmodi

1868 1739 2022 1766 gravaminibus

1895 1769 1999 1791 levantur.

1888 2135 2003 2158 manuum.

2085 2516 2097 2524 ιι
2092 2468 2094 2470 ψ
2084 1883 2109 2446 <m-vffl-oessaestmtxfxm00-ff‘ffluoz—-27-
2095 1823 2108 1866 u:
2100 1797 2102 1801 <
2104 1749 2106 1753 -
2100 1699 2108 1703 ι
2101 1670 2107 1674 ‹
2102 1644 2103 1647 „
2102 1601 2105 1603 ν
