2129 3223
117 269 156 295 Au
185 268 214 295 C.
232 268 298 295 12⁸7

132 521 187 543 [icet
203 523 301 544 moniali—

118 555 154 574 *εκ
166 556 184 573 in
197 555 300 574 mmmuni

118 590 139 603 ’ρ
150 586 211 605 [stitus
221 589 239 605 et
251 590 300 610 pos—

118 617 225 635 ·ecsiones
244 616 300 636 reci-

137 970 283 992 procuratoris

116 999 226 1021 facultates

134 2002 283 2024 §lona-terium

119 2040 169 2055 eura
200 2033 304 2055 minantis

119 2065 264 2086 demandatur.

365 259 433 292 554

315 323 354 358 de
387 321 625 357 couversatione
648 320 778 355 honesta
806 320 946 368 ipsarum
972 320 1063 355 aedi-

316 371 398 417 ficari
426 370 547 405 valeant
574 370 743 414 intuentes,
769 377 798 404 et
829 369 981 417 quidquid
1017 370 1062 405 eis

314 420 419 455 datum
449 419 558 463 fuerit,
589 419 636 454 vel
667 419 872 465 promissum,
901 420 1062 465 resignent

315 476 345 504 et
375 469 562 504 renuncient
587 467 780 513 abbatissae,
813 468 859 503 vel
890 469 986 512 aliae,
1013 468 1060 503 cui

316 518 392 552 baec
418 517 612 552 commiserit
637 518 721 553 vicos
741 529 823 552 suas.
853 518 901 552 Ad
924 517 1001 552 baec
1028 517 1063 551 li-

315 574 383 602 ceat
404 566 493 602 vobis
514 566 545 601 iu
574 567 734 602 communi
757 566 916 607 redditus,
941 575 971 601 et
1015 579 1063 600 os-

314 616 473 651 sessiones
491 616 630 663 recipere
652 624 680 650 et
703 615 828 660 babere,
849 628 886 651 ac
906 627 942 650 ea
963 578 1061 651 ligere

315 665 459 705 retinere,
483 677 539 712 pro
554 665 670 712 quibus
690 665 945 712 possessionibus
967 664 1062 700 modo

314 714 420 749 debito
442 714 669 761 pertractandis
691 723 872 760 procurator
891 726 972 748 unus
994 726 1061 761 pru-

313 762 392 799 dens
414 763 528 810 pariter
554 773 584 798 et
612 763 713 798 fidelis
739 764 768 798 in
791 763 925 810 singulis
951 775 1063 798 mona-

312 813 416 848 steriis
450 812 541 848 vestri
581 812 699 847 ordinis
737 811 888 847 habeatur
919 812 1062 860 quando-

313 874 449 910 cumque
476 861 626 909 expedire
654 861 831 906 videbitur,
853 862 905 908 qui
936 873 990 908 per
1017 862 1061 895 vi-

314 911 473 946 sitatorem
514 911 662 946 constitui
694 919 723 944 et
761 911 897 950 amoveri
935 910 1060 950 debeat,

314 961 392 996 sicut
419 959 530 995 viderit
569 959 731 1006 expedire.
767 960 826 994 Hic
861 972 934 994 vero
959 959 1063 995 taliter

314 1010 505 1045 constitutus
531 1008 571 1044 de
598 1008 748 1044 omnibus
773 1009 832 1043 sibi
864 1009 1061 1051 commissis,

313 1059 448 1106 receptis
475 1058 608 1105 pariter,
636 1066 665 1093 et
689 1059 855 1105 expensis,
887 1058 1062 1093 abbatissae

313 1116 344 1142 et
370 1108 471 1142 tribus
500 1107 570 1142 aliis
596 1107 757 1142 sororibus
778 1107 817 1142 ad
844 1108 903 1142 boc
932 1107 1062 1154 specia—

313 1156 385 1191 liter
406 1157 587 1203 assignatis,
601 1166 632 1192 et
646 1156 807 1200 visitatori,
822 1168 893 1191 cum
917 1157 1062 1200 voluerit,

314 1207 465 1241 rationem
494 1205 626 1240 reddere
661 1214 815 1249 teneatur,
838 1215 868 1240 et
897 1205 972 1240 nihil
991 1218 1063 1240 om-

314 1255 390 1291 nino
416 1255 454 1290 de
477 1254 574 1289 rebus
600 1255 777 1290 monasterii
806 1254 952 1295 vendere,
979 1266 1062 1289 com-

314 1312 454 1349 mutare,
484 1303 644 1350 obligare,
678 1304 725 1339 vel
759 1304 896 1338 alienare
933 1316 1062 1350 quoquo

315 1353 409 1388 modo
432 1353 549 1396 valeat,
581 1353 641 1388 nisi
669 1352 707 1388 de
728 1352 854 1388 licentia
886 1352 1062 1388 abbatissae

317 1403 442 1448 pariter,
464 1411 493 1436 et
516 1410 701 1443 conventus,
723 1410 753 1437 et
771 1402 927 1448 quidquid
954 1411 1062 1437 contra

318 1451 376 1486 hoc
394 1451 487 1486 fuerit
509 1458 695 1486 attentatum
717 1451 838 1486 irritum
861 1451 1062 1485 decernimus

317 1508 347 1535 et
368 1500 470 1535 inane.
495 1499 597 1535 Possit
618 1508 722 1535 tamen
750 1499 789 1534 de
811 1499 981 1534 mobilibus
1005 1513 1063 1546 pa-

316 1561 386 1584 rum
415 1549 589 1584 valentibus
609 1549 711 1596 aliqua
733 1561 826 1596 parva
853 1561 891 1583 ex
913 1560 1004 1584 causa
1025 1549 1062 1583 li-

315 1599 375 1633 cita
391 1598 547 1633 interdum
571 1598 640 1634 aliis
657 1598 794 1644 elargiri.
818 1597 935 1633 Verum
964 1610 1003 1632 ne
1024 1598 1063 1632 ab

316 1647 535 1682 observatione
558 1648 734 1695 praesentis
752 1647 904 1682 formulae
926 1647 1064 1682 breviter

315 1697 567 1744 suprascriptae,
595 1709 689 1743 quam
724 1695 919 1731 uniformiter
948 1696 1063 1743 ubique

316 1745 355 1780 ab
381 1745 530 1781 omnibus
552 1745 698 1781 volumus
723 1753 754 1780 et
775 1745 963 1780 mandamus
991 1745 1064 1779 dili-

314 1795 442 1842 gentius
473 1795 649 1836 observari,
677 1806 733 1841 pro
758 1794 882 1829 defectu
909 1795 984 1830 certi
1013 1808 1063 1829 re-

315 1844 442 1890 giminis
469 1844 500 1879 in
532 1852 692 1892 posterum
720 1843 868 1879 recedere
897 1856 950 1878 vos
985 1856 1063 1878 con-

317 1894 432 1940 tingat,
473 1901 525 1928 aut
558 1893 617 1928 sub
650 1893 847 1928 diversorum
881 1893 1064 1939 magisterio

317 1943 439 1977 vivendi
469 1943 578 1977 modos
605 1943 766 1977 incurrere
791 1942 990 1977 disserentes:
1008 1942 1065 1977 Di-

318 1992 409 2027 lectis
429 1991 503 2026 filiis
528 1991 664 2038 generali
688 1999 719 2026 et
739 1990 987 2039 provincialibus
1009 1992 1065 2026 mi·

319 2041 424 2076 nistris
449 2041 571 2076 ordinis
609 2040 737 2075 fratrum
765 2040 923 2076 Minorum
956 2053 1063 2076 curam

319 2090 410 2125 vestri
443 2097 474 2125 et
505 2091 647 2125 omnium
682 2090 944 2125 monasteriorum
972 2090 1063 2124 vestri

319 2139 441 2174 ordinis
479 2139 573 2186 plene
605 2140 637 2173 in
673 2138 821 2173 omnibus
853 2139 1065 2185 praesentium

318 2189 502 2224 auctoritate
534 2188 772 2223 committimus.
809 2187 1004 2227 statuentes,
1032 2196 1066 2222 ut

318 2236 378 2273 sub
411 2249 521 2273 eorum
553 2245 584 2272 et
604 2237 796 2283 aliquorum,
818 2237 872 2283 qui
896 2249 950 2283 pro
978 2245 1067 2271 tem-

318 2299 395 2335 pore
428 2287 562 2322 ministri
591 2286 723 2327 suerint,
751 2286 948 2330 obedientia,
984 2287 1067 2333 regi-

319 2336 404 2372 mine
439 2348 470 2371 et
508 2336 652 2371 doctrina
687 2335 827 2370 debeatis
862 2335 901 2369 de
941 2344 1067 2370 caetero

319 2397 517 2431 permanere,
531 2384 647 2432 quibus
669 2384 838 2420 teneamini
853 2384 983 2419 tirmiter
997 2384 1069 2419 obe-

319 2434 396 2470 dire.
418 2434 460 2470 Et
485 2435 544 2482 ipsi
572 2434 748 2469 animarum
779 2441 948 2468 vestrarum
980 2433 1068 2468 solli-

320 2484 492 2519 citudinem
508 2492 663 2530 gerenteS‚
685 2491 715 2518 et
729 2495 837 2517 curam
859 2481 978 2517 eisdem
999 2495 1068 2518 mo-

320 2533 467 2568 nasteriis
486 2545 541 2579 per
558 2545 607 2573 se,
628 2533 674 2567 vel
698 2544 752 2579 per
772 2532 852 2567 alios
870 2531 980 2567 fratres
994 2543 1069 2568 suos
1087 2532 1091 2538 '

320 2581 359 2616 ad
381 2581 439 2617 lroc
463 2582 606 2626 idoneos,
628 2581 804 2617 secundum
826 2580 958 2616 formam
978 2592 1069 2628 prae-

321 2637 433 2665 tactam
457 2629 623 2679 deputatos
644 2630 683 2666 ab
705 2630 780 2678 ipsis
802 2631 949 2678 quotiens
970 2641 1068 2678 expe-

891 266 1080 289 mmmmm!
1106 266 1266 289 ROMANUM

1861 263 1915 292 An.
1930 264 1961 292 C.
1976 264 2043 291 12!ss

1103 319 1170 355 dire
1193 320 1336 360 viderint,
1352 319 1541 356 visitationis
1561 319 1703 355 officium
1722 320 1848 366 impen—

1103 369 1176 404 dere
1203 369 1362 409 studeant‚
1383 368 1571 416 corrigendo
1591 377 1622 403 et
1649 367 1848 404 reformando

1103 417 1234 458 ibidem,
1256 427 1318 453 tam
1342 419 1371 453 in
1394 419 1494 465 capite
1515 431 1608 465 quam
1632 418 1662 453 in
1685 417 1848 457 membris,

1103 479 1184 514 quae
1205 468 1425 511 correctionis,
1452 480 1508 502 seu
1535 466 1768 502 reformationis
1793 466 1848 502 of-

1103 517 1173 551 ficio
1201 517 1342 552 noverint
1373 517 1526 563 indigere.
1550 516 1717 552 Instituant
1738 515 1850 551 nibilo-

1103 566 1210 601 minus
1229 573 1260 600 et
1286 565 1469 606 destituant,
1491 573 1614 601 mutent
1635 573 1668 600 et
1690 565 1849 609 ordinent,

1104 623 1193 660 prout
1210 615 1386 651 secundum
1409 615 1511 650 Deum
1535 614 1667 649 viderint
1687 614 1848 662 expedire.

1104 663 1223 700 Electio
1251 673 1352 699 tamen
1376 664 1559 701 abbatissae?
1577 663 1673 699 libere
1695 664 1849 711 pertineat

1103 713 1138 748 ad
1167 722 1368 748 conventum.
1400 712 1606 748 Confirmatio
1632 725 1706 747 vero
1732 712 1848 760 ipsius,
1871 721 2044 743 Abbansetecuo

1102 770 1136 797 et
1161 763 1329 797 infirmatio
1356 764 1430 797 liant
1452 775 1508 810 per
1540 762 1720 808 generalem
1754 761 1844 797 mini·
1861 754 2044 804 ζξῃξῗζζζῖῗῗῖᾱ

1103 821 1222 856 strum,
1249 812 1274 847 si
1297 811 1397 847 aderit
1424 812 1453 846 in
1477 811 1646 858 provincia,
1668 820 1698 846 et
1725 810 1757 845 iu
1779 811 1848 846 eius
1861 815 1970 865 mulium*
2004 812 2044 859 ³¹³:

1103 861 1242 896 absentia
1272 873 1327 908 per
1355 860 1576 908 provincialem
1604 860 1689 896 illius
1723 860 1850 907 provin·
1861 851 1976 897 merum
1991 850 2028 871 W

1103 910 1181 954 ciae,
1204 910 1234 944 iu
1258 922 1317 957 qua
1347 910 1572 945 monasterium
1595 908 1688 945 fuerit
1709 918 1851 944 constru-
1934 911 1936 914 '

1103 968 1198 994 ctum.
1240 959 1463 994 Confessiones
1502 966 1620 994 vestras
1651 958 1781 994 audiant
1820 967 1852 994 et

1104 1009 1279 1043 ministrent
1302 1008 1390 1043 vobis
1410 1008 1617 1043 ecelesiastica
1643 1015 1848 1043 sacramenta.

1102 1057 1142 1092 Et
1164 1070 1203 1092 ne
1226 1070 1280 1104 pro
1307 1069 1356 1102 eo,
1382 1057 1466 1105 quod
1495 1057 1527 1092 in
1555 1057 1665 1092 vestris
1692 1067 1851 1093 monaste-

1103 1108 1156 1141 riis
1182 1107 1292 1142 fratres
1314 1106 1388 1142 dicti
1412 1106 1532 1141 ordinis
1554 1106 1692 1142 residere
1718 1114 1781 1141 non
1809 1115 1851 1144 te-

1103 1164 1230 1197 nentur,
1258 1168 1313 1201 pro
1338 1155 1462 1191 defectu
1490 1156 1660 1190 sacerdotis
1681 1156 1780 1203 possit
1802 1168 1850 1203 pe-

1104 1205 1236 1240 riculum
1255 1205 1430 1244 imminere,
1447 1204 1485 1238 ad
1501 1204 1716 1251 confessiones
1734 1214 1852 1241 vestras

1104 1255 1134 1288 in
1158 1254 1355 1289 necessitatis
1381 1253 1512 1289 articulo
1535 1252 1711 1289 audiendas
1732 1262 1763 1289 et
1790 1254 1851 1289 mi—

1103 1303 1265 1338 nistranda
1291 1311 1485 1337 sacramenta
1521 1310 1696 1350 praetacta,
1728 1314 1850 1338 necnon

1103 1353 1207 1387 divina
1225 1352 1326 1388 officia
1348 1351 1534 1387 celebranda
1555 1352 1708 1399 deputent
1729 1352 1850 1400 aliquos

1103 1402 1257 1437 discretos
1287 1410 1317 1436 et
1354 1401 1502 1448 providos
1536 1401 1750 1448 cappellanus.
1784 1400 1850 1437 Nec

1103 1451 1230 1498 aliquod
1269 1451 1493 1485 monasterium
1533 1451 1629 1485 vestri
1655 1450 1776 1485 ordinis
1810 1450 1850 1486 de
1875 1457 2048 1493 ⁸⁰!1w1m0112-

1103 1509 1226 1535 caetero
1247 1499 1286 1534 ab
1308 1500 1413 1546 aliquo
1441 1499 1608 1535 inchoetur
1629 1499 1698 1535 sine
1720 1491 1951 1547 capituliiiffi'iffl
1961 1488 2048 1546 32⁵5?ssss

1103 1549 1258 1595 generalis
1276 1548 1398 1583 ordinis
1420 1549 1583 1583 memorati
1603 1548 1728 1584 licentia
1748 1557 1779 1583 ct
1796 1561 1851 1584 as—
1863 1550 1969 1602 {gnefflss
1987 1550 2048 1571 ΜΡ

1103 1610 1210 1633 sensu.
1233 1597 1450 1645 Cappellanns
1467 1605 1497 1632 et
1513 1598 1655 1633 conversi
1674 1598 1850 1633 secundum
1891 1586 1917 1601 η
1933 1586 1946 1602 ⁰
1970 1595 1975 1600 ⁹

1104 1647 1343 1694 dispositionem
1373 1647 1541 1681 visitatoris
1564 1647 1746 1694 promittant
1773 1647 1850 1682 obe—

1104 1696 1252 1731 dientiam
1280 1696 1468 1740 abbatissae,
1496 1704 1643 1731 voventes
1664 1696 1725 1731 loci
1753 1695 1851 1732 stabi-

1104 1746 1234 1790 litatem,
1261 1753 1291 1780 et
1319 1753 1471 1792 perpetuo
1498 1745 1600 1780 vivere
1627 1746 1695 1781 sine
1724 1746 1852 1792 proprio

1105 1803 1136 1830 et
1173 1795 1205 1829 in
1244 1795 1400 1829 castitate:
1436 1794 1527 1828 liceat
1561 1802 1666 1829 tamen
1703 1795 1850 1830 visitatori

1105 1852 1167 1879 tam
1194 1843 1416 1891 cappellanum
1443 1852 1473 1878 et
1506 1844 1680 1879 servientes
1707 1855 1852 1886 sorores,

1105 1905 1199 1940 quam
1221 1905 1390 1929 conversos
1418 1905 1472 1939 pro
1495 1892 1631 1928 evidenti
1655 1894 1853 1938 necessitate,

1105 1951 1157 1977 ant
1179 1941 1344 1977 manifesta
1364 1943 1509 1983 utilitate,
1527 1942 1564 1977 de
1580 1954 1642 1978 uno
1656 1944 1850 1978 monasterio

1105 1991 1142 2026 ad
1170 1991 1255 2026 aliud
1286 1999 1511 2032 transmutare,
1545 1991 1700 2027 ieiunium
1730 2004 1854 2028 servare

1106 2040 1240 2076 debeant
1276 2050 1307 2076 ut
1342 2052 1482 2076 sorores:
1511 2040 1583 2076 licet
1619 2049 1721 2076 tamen
1749 2040 1855 2077 abba-

1107 2091 1201 2124 tissae
1235 2102 1331 2137 super
1367 2089 1428 2124 hoc
1459 2102 1531 2125 cum
1565 2091 1611 2125 eis
1640 2098 1770 2135 aestus,
1807 2090 1853 2125 vel

1108 2139 1239 2178 itineris,
1256 2139 1304 2173 vel
1326 2138 1442 2173 laboris
1463 2139 1603 2183 alterius,
1629 2151 1686 2174 seu
1707 2139 1767 2175 alia
1781 2151 1855 2186 qua—

1107 2190 1153 2223 vis
1179 2188 1355 2223 rationabili
1384 2200 1478 2223 causa
1507 2188 1749 2224 misericorditer
1781 2189 1854 2224 dis-

1108 2249 1249 2285 pensare.
1278 2237 1417 2272 Tunicas
1449 2237 1488 2273 de
1514 2238 1566 2272 vili
1601 2249 1727 2285 panno,
1769 2238 1853 2273 iuxta
1881 2243 2034 2280 eamr-sorum

1107 2299 1216 2322 eorum
1253 2286 1455 2333 indigentiam
1489 2286 1606 2322 habere
1632 2287 1753 2323 valeant
1785 2287 1854 2322 sine
1867 2275 2049 2327 sssssJmemh'*

1108 2336 1243 2382 caputio,
1271 2347 1404 2382 quarum
1433 2337 1574 2371 manicae
1599 2336 1660 2370 sint
1689 2335 1799 2372 breves
1823 2344 1854 2372 et

1107 2385 1233 2420 strictae
1262 2384 1480 2419 tantummodo
1518 2385 1600 2419 circa
1626 2396 1753 2419 manus:
1783 2385 1855 2420 lon—

1107 2434 1219 2480 gitudo
1241 2441 1344 2468 autem
1367 2434 1542 2469 tunicarum
1565 2434 1606 2468 sit
1632 2433 1714 2475 talis,
1736 2433 1820 2481 quod
1838 2446 1855 2470 a

1109 2483 1217 2518 cavilla
1246 2483 1361 2530 pedum
1384 2482 1501 2518 distent
1521 2484 1622 2530 spatio
1649 2490 1784 2530 quatuor
1806 2483 1858 2518 di-

1108 2533 1258 2579 gitorum.
1284 2532 1346 2567 Pro
1368 2532 1494 2578 cingulo
1516 2543 1589 2566 vero
1615 2532 1782 2578 corrigiam
1804 2533 1858 2568 bo-

1110 2591 1230 2616 nestam
1253 2581 1389 2616 habeant
1411 2593 1484 2616 cum
1505 2579 1646 2625 cultello,
1668 2592 1857 2628 caparonem

1108 2630 1200 2666 etiam
1223 2642 1319 2669 super
1341 2631 1464 2665 tunicas
1484 2637 1621 2678 portent,
1639 2630 1731 2666 cuius
1751 2629 1858 2679 longi-
