2129 3223
43 277 94 307 in.
114 278 145 306 G.
158 277 225 307 ¹¹⁸⁸

235 333 270 370 S.
290 334 416 369 Antonii
433 346 504 370 cum
523 334 672 369 omnibus
691 334 885 385 pertinentiis
902 334 978 369 suis-

234 382 269 423 ln
291 384 474 430 episcopatu
500 382 729 418 Urbevetanen.
752 382 979 419 fn'onasterium

73 440 103 475 '253
235 430 368 468 Sanctae
388 431 504 466 Mariae
523 432 554 466 in
576 430 679 480 Sylva,
701 444 773 467 cum
792 433 825 468 S.
846 432 980 467 Foelicis

233 488 263 516 et
283 480 317 516 S.
340 479 464 525 Crucis,
490 480 664 528 Sanctique
691 480 797 516 Severi
828 481 979 525 ecclesiis,

232 537 264 565 et
292 528 441 564 omnibus
466 529 664 577 pectinentiis
690 530 766 564 suis.
794 529 827 564 ln
855 530 980 576 episco-

223 584 306 626 patu
348 577 456 613 AEsin.
495 579 720 612 monasterium
761 578 918 613 Eremitae
949 586 980 612 et

231 626 398 662 ecclesiam
425 626 532 661 Sancti
557 625 704 672 Georgii,
732 638 802 661 cum
830 627 978 662 omnibus

231 675 430 722 pertinentiis
451 676 528 710 suis.
551 675 586 709 ln
609 676 790 722 episcopatu
809 675 976 710 Auximan.
997 687 1000 717 t

231 725 459 768 monasterinm
494 723 627 759 Sanctae
660 724 775 758 Mariae
808 725 837 758 in
873 724 978 768 Serra,

230 784 301 808 cum
323 772 472 808 omnibus
494 773 691 818 pertinentiis
709 774 785 807 suis.
808 773 840 807 ln
861 774 979 819 episco-

230 830 303 869 patu
325 821 448 856 Ancon.
471 820 636 856 ecclesiam
654 821 688 856 S.
711 821 838 857 Luciae.
857 821 890 855 In
915 822 979 868 epi·
997 843 999 847 ‹

229 878 361 918 scopatu
402 870 563 905 Pisauren.
604 872 830 905 monasterium
869 869 975 906 Sancti
996 868 999 877 ’

229 918 428 966 Decentiisst
453 919 550 954 eremi
578 918 685 953 Saioli.
709 919 742 953 ln
765 920 977 966 archiepisco-

229 975 304 1016 patu
324 967 443 1003 Raven.
468 969 693 1002 monasterium
716 967 822 1003 Sancti
854 968 977 1014 Apolli-

229 1017 316 1052 naris
337 1017 367 1052 in
383 1016 491 1052 Classe
513 1028 583 1051 cum
608 1016 755 1051 omnibus
783 1017 978 1062 pertinentiis

228 1065 305 1102 suis.
336 1065 385 1100 In<
398 1066 583 1113 episcopatu
618 1065 734 1100 Montis
759 1065 880 1100 Feretr.
909 1078 978 1100 mo-

228 1115 401 1150 nasterium
435 1114 569 1149 Sanctae
603 1113 765 1148 Trinitatis
797 1114 837 1148 de
869 1114 977 1150 Monte

228 1162 386 1198 Herculis.
428 1162 463 1197 In
502 1164 685 1210 episcopatu
728 1162 974 1209 Foropopulien.

229 1223 259 1246 m
342 1212 454 1248 terium
489 1211 528 1246 de
549 1210 667 1251 Urano,
694 1222 764 1246 cum
794 1212 912 1246 iuribus
946 1219 977 1246 et

228 1272 284 1307 per
354 1261 426 1295 ntiis
459 1260 537 1295 suis.
569 1259 730 1305 Hospitale
762 1259 920 1307 Aymerici
947 1268 997 1309 et!

227 1308 403 1344 Ecclesiam
428 1308 463 1343 S.
491 1308 671 1343 Paterniani
693 1308 732 1343 de
758 1307 973 1343 Ferracciano.
995 1325 996 1328 ¹

228 1357 263 1392 ln
289 1358 469 1405 episcopatu
492 1357 669 1392 Ariminen.
696 1369 836 1392 eremum
860 1349 996 1392 Montis*

227 1406 357 1450 Salutis,
383 1418 454 1441 cum
490 1406 651 1441 omnibus·
667 1406 864 1452 pertinentiis
896 1407 973 1440 suis.
994 1442 995 1447 ,

186 1461 192 1465 ’
227 1455 262 1490 ln
288 1455 471 1502 episcopatu
504 1454 637 1489 Caesen.
660 1454 814 1501 hospitale
841 1455 880 1489 de
907 1454 975 1489 Ro-

226 1503 346 1547 bereto‚
367 1503 532 1539 ecclesiam
565 1503 698 1538 Sanctae
724 1504 853 1543 Mariae,
879 1515 972 1550 quam

226 1551 350 1588 habetis
370 1553 402 1587 in
424 1552 506 1596 loco,
527 1553 581 1599 qui
605 1552 720 1586 dicitur
741 1551 864 1593 Casale,
890 1553 973 1586 iuxta

226 1601 383 1636 civitatem
415 1600 551 1635 Foroliv.
583 1601 810 1635 Monasterium
844 1600 878 1634 S.
906 1600 973 1635 Ma-

227 1649 290 1684 riae
309 1649 350 1685 de
371 1649 487 1690 Insula,
515 1661 587 1685 cum
614 1649 762 1684 omnibus
786 1650 852 1684 suis
875 1650 974 1695 perti-

226 1698 352 1734 nentiis.
375 1698 526 1733 Eremum
548 1699 586 1733 de
607 1698 724 1739 Faiola,
747 1699 972 1732 monasterium

225 1745 258 1782 S.
287 1746 403 1782 Mariae
438 1747 470 1781 in
505 1746 621 1781 Trivio.
654 1746 688 1781 ln
724 1747 821 1794 episc.
854 1746 970 1781 Faven.

226 1796 451 1831 monasterium
472 1795 507 1830 S.
526 1795 702 1843 ‚Hyppolitu
725 1807 796 1830 cum
823 1796 972 1830 omnibus

225 1844 424 1892 pertinentiis
456 1842 532 1878 suis.
563 1843 735 1878 Ecclesiam
767 1843 875 1878 Sancti
905 1843 993 1891 Ett-j

225 1892 337 1929 stachii
357 1893 448 1928 sitam
470 1904 568 1940 prope
589 1892 742 1927 civitatem
769 1884 969 1927 Imoiensem.
992 1895 993 1899 ’

225 1940 260 1976 ln
295 1941 480 1989 episcopatu
514 1941 690 1976 Bononien.
720 1941 753 1975 S.
781 1941 969 1988 Archangeli

225 1990 310 2026 iuxta
331 1990 492 2025 castellum
514 1989 709 2030 Brictonum‚
728 1990 761 2024 S.
779 1989 970 2031 Cliristinae‚

223 2038 258 2074 S.
287 2039 429 2074 Damiani
458 2046 488 2074 et
514 2037 548 2074 S.
575 2038 690 2073 Mariae
718 2039 756 2072 de
784 2038 991 2074 Bethlehem*

224 2088 432 2131 monasteria,
469 2099 542 2122 cum
584 2087 730 2121 omnibus
773 2088 970 2134 pertinentiis

224 2137 420 2176 eorumdem.
444 2135 594 2171 Eremum
616 2134 848 2171 Bononiensem
860 2145 889 2171 et
903 2137 968 2171 hos-

247 2184 320 2221 itale
345 2186 384 2221 de
404 2184 546 2228 Ravona,
567 2196 640 2220 cum
680 2185 873 2231 pertinentiis
891 2186 967 2220 suis.

223 2199 259 2270 i’n
307 2234 490 2282 episcopatu
536 2232 694 2268 veronen.
742 2235 967 2269 monasterium

224 2282 357 2320 Sanctae
376 2283 493 2318 Mariae
514 2282 553 2317 de
568 2282 760 2328 Vangaticia,
782 2295 853 2317 cum
872 2284 968 2318 omni·

223 2332 285 2367 bus
310 2332 508 2379 pertinentiis
529 2333 607 2366 suis.
629 2330 854 2366 Monasterium
881 2332 966 2379 quod

223 2379 478 2416 Camaldulinum
512 2380 637 2420 dicitur,
664 2392 735 2414 cum
771 2381 968 2426 pertinentiis

222 2429 299 2465 suis.
326 2429 501 2465 Ecclesiam
523 2428 556 2464 S.
580 2429 643 2463 Viti
661 2440 759 2475 prope
780 2428 967 2470 Vicentiam,

223 2490 294 2514 cum
316 2479 385 2514 suis
406 2478 612 2527 pertinentiis.
634 2477 669 2512 In
689 2478 870 2524 episcopatu
889 2478 968 2512 Tar-

222 2527 526 2565 vis.².m0nasterium
549 2526 583 2561 S.
606 2525 785 2563 christinae
806 2538 877 2561 cum
901 2539 967 2574 pcr-

224 2574 362 2621 tinentiis
386 2577 464 2612 suis.
487 2575 662 2611 Ecclesiam
689 2574 722 2610 S.
749 2573 911 2611 Michaelis
936 2576 966 2610 in

222 2623 343 2660 Palude
380 2637 478 2674 prope
515 2624 679 2669 venetias,
715 2636 784 2659 cum
820 2624 967 2660 omnibus

831 279 1028 303 Auzxmmut
1044 279 1084 320 ‘w
1110 279 1158 303 ΡΙ).

1648 269 1717 304 659

1022 334 1222 380 pertinentiis
1249 335 1327 378 suis,
1349 342 1378 368 et
1399 346 1539 370 eremum
1567 333 1600 369 S.
1630 333 1766 370 Mathiae

1021 383 1059 417 de
1094 382 1237 417 Murano.
1273 383 1306 417 ln
1346 382 1434 418 Istria
1471 383 1698 418 monasterium
1731 382 1765 419 S.

1020 431 1182 466 Michaelis
1208 431 1246 465 dc
1275 431 1383 471 Lemo,
1405 444 1474 466 cum
1498 432 1646 467 omnibns
1669 433 1768 478 perti-

1020 481 1135 516 nentiis
1155 480 1233 515 suis.
1257 479 1290 514 ln
1313 482 1452 526 episcop.
1475 480 1593 517 Senen.
1613 481 1647 516 S.
1670 479 1766 516 Geor-

1019 529 1063 576 gii
1101 528 1140 563 de
1175 529 1233 575 Api
1261 537 1292 563 et
1317 528 1351 564 S.
1386 528 1489 575 Vigilii
1517 530 1666 565 eeclesias
1692 542 1764 565 cum

1019 577 1168 612 omuibus
1189 577 1384 625 pertinentiis
1398 578 1590 613 earumdem.
1610 578 1643 614 In
1663 578 1765 614 insula

1020 626 1183 662 Sardiniae
1209 626 1435 661 monasterium
1469 626 1502 661 S.
1530 626 1694 662 Trinitatis
1726 627 1765 662 de

1019 675 1176 719 Saccaria‚
1198 687 1270 710 cum
1293 675 1440 710 omnibus
1467 677 1666 722 pertinentiis
1686 677 1762 710 suis.

1019 724 1052 759 S.
1081 723 1253 771 Eugeffiae,
1281 723 1315 758 S.
1344 723 1515 763 Laurentii,
1542 724 1575 758 S.
1605 724 1766 760 Michaelis

1019 773 1049 807 in
1072 772 1198 814 vanari,
1219 773 1253 808 S.
1282 772 1410 815 Mariae,
1437 771 1470 808 S.
1494 772 1619 808 Ioannis
1645 774 1674 807 in
1703 773 1766 808 Al-

1020 831 1111 862 tasar‚
1133 821 1166 857 S.
1201 821 1318 856 Mariae
1353 822 1384 855 in
1413 820 1540 860 Contra.
1571 822 1604 857 S.
1628 821 1765 863 Ioannis,

1780 280 1830 307 An.
1848 279 1960 307 (1428ss

1018 870 1052 904 S.
1079 870 1238 905 Simeonis
1265 871 1296 905 in
1319 870 1501 911 Salvanero,
1523 870 1557 905 S.
1585 870 1704 905 Nicolai
1727 871 1766 905 de

996 913 1139 963 ἶΤι-ιιΙΙα,
1165 920 1199 954 S.
1236 919 1319 954 Petri
1351 920 1381 953 in
1409 919 1529 958 Seanu,
1554 919 1590 955 S.
1619 919 1707 954 Pauli
1735 921 1765 954 in

1018 967 1208 1003 Cortoniauo
1231 976 1261 1003 et
1282 967 1315 1003 S.
1339 967 1423 1002 Petri
1446 969 1477 1002 in
1497 967 1581 1004 Olim
1604 968 1765 1010 ecclesias,

1017 1029 1088 1051 cum
1111 1016 1257 1052 omnibus
1286 1017 1482 1061 pertinentiis
1508 1017 1701 1052 earumdem.
1729 1017 1764 1053 In

1017 1065 1198 1113 episcopatu
1220 1065 1381 1113 Spoletan.
1400 1067 1625 1101 monasterium
1641 1066 1673 1101 S.
1693 1065 1765 1113 Syl-

1018 1115 1111 1149 vestri
1143 1114 1183 1149 de
1215 1114 1322 1149 Monte
1355 1114 1484 1154 Subaci,
1511 1127 1583 1149 cum
1616 1114 1765 1150 omnibus

1018 1163 1216 1210 pertinentiis
1246 1164 1321 1198 suis.
1347 1162 1381 1197 In
1410 1163 1594 1210 episcopatu
1620 1163 1763 1199 Cameri-

1017 1223 1090 1247 neu.
1120 1213 1345 1247 monasterium
1373 1211 1406 1247 S.
1429 1211 1568 1248 Helenae
1590 1213 1673 1248 iuxta
1702 1213 1761 1248 flu-

1016 1273 1088 1295 men
1111 1260 1273 1301 AEsinum,
1300 1273 1371 1295 cum
1394 1261 1541 1296 omnibus
1567 1262 1762 1308 pertinentiis

1016 1310 1092 1344 suis.
1116 1309 1265 1344 Eremum
1287 1309 1397 1356 Aquae
1415 1310 1546 1345 Perellis
1567 1319 1597 1345 et
1618 1322 1761 1346 eremum

994 1364 996 1401 ξ
1017 1358 1055 1392 de
1079 1358 1284 1404 Quadrigatia
1306 1371 1378 1392 cum
1402 1359 1504 1401 terris,
1527 1360 1634 1406 pratis,
1652 1360 1761 1399 vineis,

1016 1407 1212 1446 nemoribus,
1241 1407 1391 1451 usuagiis,
1426 1409 1562 1453 pascuis,
1588 1409 1619 1442 in
1655 1418 1762 1443 monte

1015 1464 1045 1490 et
1073 1456 1177 1501 plano,
1205 1455 1234 1489 in
1263 1457 1354 1502 aquis
1374 1464 1405 1490 et
1427 1457 1629 1496 molendinis,
1651 1456 1682 1491 in
1705 1458 1763 1492 viis

1015 1514 1045 1540 et
1070 1505 1203 1544 semitis,
1237 1513 1267 1538 et
1298 1504 1445 1540 omnibus
1471 1506 1541 1540 aliis
1567 1506 1762 1542 libertatibus

1015 1562 1044 1588 et
1071 1553 1320 1587 immunitatibus
1341 1554 1419 1588 suis.

1063 1602 1083 1649 S
1104 1604 1136 1637 3.
1158 1602 1242 1636 Sane
1263 1602 1432 1637 statuimus
1450 1605 1650 1644 monasteria,
1673 1605 1760 1651 prio·
1787 1607 1862 1641 ⁰³³⁹st
1882 1613 1959 1629 ΜΨ

1015 1659 1111 1692 ratus,
1145 1651 1306 1691 ecclesias,
1341 1651 1516 1698 hospitalia,
1545 1653 1704 1699 cappellas
1730 1663 1759 1688 et
1773 1640 1868 1694 {mian
1883 1640 1958 1695 ἓὶἑῖἷιῗ

1014 1700 1078 1734 loca
1103 1700 1268 1746 praedicta,
1290 1713 1362 1734 cum
1386 1701 1580 1746 pertinentiis
1606 1710 1636 1735 et
1658 1714 1759 1736 mem·
1774 1698 1811 1719 ‘¹³²

1013 1748 1078 1783 bris
1099 1761 1221 1792 eorum,
1247 1757 1405 1795 tamquam
1434 1761 1550 1795 corpus
1577 1762 1672 1784 unum
1700 1750 1759 1785 sub

1015 1810 1075 1831 uno
1102 1798 1215 1843 capite,
1243 1797 1302 1831 sub
1337 1798 1440 1844 priore
1475 1797 1635 1833 dumtaxat
1660 1800 1758 1834 eremi

1013 1846 1210 1892 supradictae
1234 1847 1392 1897 perpetuis
1417 1847 1612 1894 temporibus
1634 1860 1759 1894 perma-

1013 1907 1099 1939 nere,
1125 1907 1161 1930 ac
1193 1894 1253 1929 sub
1280 1896 1366 1930 illius
1393 1895 1576 1943 disciplinae
1608 1896 1758 1932 observa-

1013 1944 1098 1978 tione
1121 1943 1298 1990 persistere3
1321 1943 1379 1979 sub
1397 1945 1461 1988 illo⁷
1485 1946 1625 1991 inquam,
1643 1946 1756 1992 priore,

1011 1993 1064 2039 qui
1095 1992 1133 2027 ab
1161 1993 1260 2039 ipsius
1281 1994 1420 2028 eremitis
1442 2001 1472 2027 et
1495 2006 1644 2040 congreg.
1667 1995 1755 2029 abba·
1772 1995 1953 2047 ὃξξζιῗξυξῐάζῖξζ

1011 2041 1096 2076 tibus
1117 2049 1148 2076 et
1174 2042 1331 2088 prioribus
1357 2043 1455 2089 ipsius
1488 2043 1607 2077 ordinis
1633 2043 1755 2089 regula-
1771 2060 1838 2082 gatar,
1913 2037 1920 2045 k

1012 2091 1085 2125 riter
1129 2090 1220 2125 fuerit
1262 2091 1391 2126 electus.
1437 2090 1587 2126 Eremum
1618 2104 1755 2139 quoque,

1010 2144 1210 2188 monasteria,
1225 2145 1390 2191 prioratus,
1405 2145 1565 2189 ecclesias,
1578 2145 1755 2192 hospitalia,

1009 2198 1165 2244 cappellas
1179 2206 1209 2233 et
1231 2198 1296 2233 loca
1317 2199 1517 2245 praescripta,
1541 2211 1755 2246 personasque

1018 2253 1114 2299 ipsius
1129 2251 1248 2286 ordinis
1268 2252 1308 2287 ab
1329 2253 1414 2286 omni
1436 2253 1520 2298 iuga,
1543 2253 1757 2287 iurisdictione

1008 2312 1039 2340 et
1061 2298 1130 2350 lege
1151 2305 1333 2339 dioecesana
1356 2305 1678 2351 archiepiscoporum,
1692 2305 1753 2351 epi·
1781 2308 1859 2350 Omm-
1876 2342 1880 2347 ,
1898 2317 1950 2332 vero

1008 2370 1186 2405 scoporum,
1209 2358 1499 2393 archidiaconorum
1521 2366 1551 2392 et
1574 2359 1753 2405 quorumli-
1767 2345 1949 2407 iiiiffiiimeiifss

1008 2411 1061 2445 bet
1093 2410 1322 2445 ordinariorum
1362 2411 1502 2446 iudicum
1531 2412 1658 2458 penitus
1685 2401 1934 2446 exi-‘¹⁰⁰¹‘¹²m⁰⁰*³'

1008 2464 1134 2498 mimus.
1164 2462 1300 2499 Retento
1330 2464 1421 2498 nobis
1443 2472 1473 2499 et
1499 2464 1658 2499 Ecclesiae
1684 2463 1754 2499 Ro-

1008 2529 1117 2552 manae
1149 2529 1255 2552 annuo
1285 2530 1381 2553 censu
1416 2518 1511 2554 unius
1547 2518 1665 2565 unciae>
1686 2518 1753 2554 auri

1008 2572 1039 2605 in
1062 2571 1187 2617 signum
1217 2580 1385 2619 perpetuae
1403 2572 1566 2614 libertatis,
1589 2579 1625 2607 ut
1644 2583 1699 2608 vos
1720 2571 1752 2607 in

1007 2623 1161 2672 speciales
1207 2624 1289 2659 filios
1340 2624 1540 2672 Apostolicae
1577 2624 1670 2661 Sedis
1707 2637 1750 2661 as-
