2129 3223
37 286 86 312 An.
105 285 135 313 C.
151 284 217 312 ¹265

46 933 205 960 ῈιιΙςίιηιειιςυ

31 969 93 986 antea
106 966 216 992 episcopa—

32 999 53 1016 tu
68 997 142 1023 print!
151 1004 155 1021 3

44 1430 74 1450 Ad
90 1429 212 1450 fidelitatem

30 1463 171 1481 revertentes.

45 2020 120 2042 Eadem
137 2021 214 2042 donan-

31 2054 73 2072 mr.

856 283 999 307 (1851th
1021 283 1055 306 tv
1078 283 1124 306 ΡΙ).

233 347 265 374 nt
284 351 363 386 quos
385 350 400 373 a
424 337 578 372 fidelitatis
598 337 704 373 debito
721 338 811 385 culpa
835 339 976 386 propriae

233 389 417 424 temeritatis
437 387 561 431 avertit,
588 386 656 421 ad
651 387 747 443 ipsius
767 388 973 423 constantiam

231 438 434 485 congruentis
460 437 568 472 saltem
601 438 777 472 severitatis
810 438 974 482 disciplina

231 495 400 527 convertat,
427 487 473 522 sic
492 495 649 521 maternae
671 487 794 534 pietatis
820 496 865 522 est
884 487 975 522 debi-

229 546 308 577 tum,
330 537 379 575 iis,
401 536 452 584 qui
476 544 546 583 post
568 536 778 571 indevotionis
800 538 921 593 lapsum
945 545 975 571 et

231 586 462 634 persequtionis
496 597 659 620 excessum
688 586 831 621 fortiores
858 587 889 621 in
913 586 975 621 ob-

229 636 379 684 sequendi
422 636 581 683 proposito
616 644 644 670 et
677 636 904 671 continuandae
944 637 973 670 in

231 694 389 732 posterum
424 684 599 720 devotionis
637 686 830 720 exhibitione
869 698 975 720 resur-

229 744 317 782 gunt,
349 747 406 770 nec
428 735 566 769 eiusdem
592 735 660 782 piae
681 736 789 770 matris
815 735 975 771 Ecclesiae

229 785 333 819 sinum
357 784 576 831 praecludere,
606 797 663 820 nec
689 785 897 820 miserationis
919 785 974 833 ip-

228 835 295 869 sius
316 834 411 869 ubera
439 834 606 880 denegare.

279 884 299 932 S
330 886 361 918 l.
395 883 477 918 Sane
509 884 628 918 dudum
665 884 847 930 Apostolica
875 884 974 919 Sedes

229 934 402 968 Ecclesiam
429 941 460 967 et
485 933 636 968 civitatem
665 933 822 980 Fulginat.
847 942 974 981 propter

230 982 431 1017 rebellionem
455 990 485 1017 et
511 983 712 1029 pertinaciam
736 984 937 1018 incolarum
932 996 975 1030 ip-

228 1032 304 1073 sius,
325 1032 378 1079 qui
401 1032 512 1079 spiritu
535 1032 572 1067 ad
607 1033 787 1079 superbiam
810 1033 974 1068 obfirmato

227 1090 258 1116 et
292 1082 436 1116 indurato
475 1082 582 1116 animo
614 1082 772 1129 quondam
814 1082 973 1117 Friderico

227 1131 301 1166 olim
325 1130 541 1166 Romanorum
566 1132 743 1179 imperatori
766 1140 795 1166 et
822 1133 889 1167 eius
912 1132 975 1166 fau-

227 1179 349 1216 toribus
373 1189 480 1215 contra
508 1181 682 1216 Romanam
710 1181 883 1216 Ecclesiam
912 1181 973 1216 ad—

228 1230 356 1265 haerere
378 1230 596 1266 damnabiliter
623 1231 886 1277 praesumebant,
922 1231 973 1277 ip-

227 1291 292 1315 sam
321 1292 382 1315 una
415 1292 487 1314 cum
523 1280 584 1314 illis
618 1280 831 1327 multipliciter
866 1292 973 1327 perse-

226 1338 379 1377 quentes,
405 1329 577 1377 episcopali
607 1330 758 1376 dignitate
785 1331 923 1378 privavit.

276 1378 354 1426 52.
402 1378 483 1413 Cum
523 1387 626 1414 antem
665 1379 784 1415 incolae
823 1379 972 1425 praedicti

227 1440 302 1463 suae
323 1428 395 1462 fidei
422 1429 600 1475 puritatem,
622 1428 659 1463 ad
689 1442 783 1476 quam
809 1429 909 1464 eidem
926 1437 973 1462 te-

228 1486 342 1513 nentur
359 1476 534 1521 Ecclesiae,
561 1491 750 1526 quamquam
779 1478 878 1514 taliter
900 1486 973 1513 nota

227 1530 417 1566 infidelitatis
438 1530 619 1576 infecerant,
641 1532 704 1567 imo
731 1533 909 1568 notabiliter
923 1533 974 1567 de-

227 1585 411 1626 formarent,
444 1584 481 1620 ad
505 1585 703 1621 devotionem
733 1595 761 1622 et
791 1586 972 1622 fidelitatem

227 1639 326 1686 ipsius
358 1638 518 1674 Ecclesiae
544 1640 723 1680 redeuntes,
755 1653 811 1688 per
831 1649 916 1688 grata
944 1649 972 1676 et

227 1694 426 1730 continuatae
441 1694 642 1742 postmodum
662 1695 777 1730 multae
798 1695 974 1730 devotionis

226 1747 376 1796 obsequia
411 1747 588 1784 studuerint
609 1748 789 1793 reformare,
826 1749 974 1796 illamque

226 1803 411 1838 successivis
445 1803 644 1849 augumentis
674 1815 707 1838 se
737 1802 974 1838 continuaturos

226 1865 384 1901 asserant,
422 1865 452 1891 et
488 1856 696 1891 indeficientis
730 1857 974 1892 continuationis

226 1911 330 1947 studio
360 1919 584 1957 augumentare
611 1911 807 1957 promittant:

275 1966 295 2013 S
318 1968 349 1999 5.
378 1963 455 2009 Nos,
477 1976 564 1998 more
596 1964 635 2011 pii
654 1965 761 2011 patris,
784 1964 972 1999 offensarum

228 2021 441 2059 immemores,
468 2017 523 2052 ubi
545 2016 582 2052 ad
611 2017 670 2052 boc
692 2018 903 2065 poenitentiae
929 2019 974 2053 si—

227 2073 297 2120 gnis
323 2071 571 2118 congruentibus
599 2071 779 2116 invitamur,
809 2072 975 2120 cupientes

227 2127 316 2174 ipsos
336 2126 368 2161 in
396 2125 542 2174 pollicitis
573 2126 674 2173 magis
708 2125 860 2162 sollicitos
891 2135 922 2162 et
945 2128 972 2161 in

229 2181 390 2228 proposito
411 2179 594 2215 huiusmodi
620 2180 845 2216 beneficiorum
869 2181 976 2216 libera-

227 2235 311 2270 litate
338 2242 484 2282 prompta
512 2243 542 2269 et
569 2234 816 2281 promptitudine
854 2234 974 2270 liberali

228 2287 350 2323 efficere
373 2287 544 2328 firmiores,
572 2287 610 2323 de
639 2287 767 2323 fratrum
796 2297 974 2323 nostrorum

229 2343 375 2387 consilio,
393 2342 510 2377 civitati
538 2350 568 2376 et
602 2340 762 2376 Ecclesiae
794 2342 975 2377 memoratis

231 2396 420 2443 praedictam
440 2395 651 2442 episcopalem
675 2394 858 2442 dignitatem
885 2397 976 2431 resti-

232 2450 348 2485 tuimus
369 2450 407 2484 de
433 2450 530 2496 gratia
556 2447 694 2495 speciali.

278 2503 362 2541 Nulli
385 2517 460 2551 ergo
482 2504 611 2539 omnino
634 2511 686 2537 etc.

278 2559 392 2595 Datum
412 2558 546 2599 Perusii3
568 2556 708 2592 secundo
723 2555 872 2591 kalendas
890 2556 977 2604 apri-

231 2613 286 2654 lis,
315 2612 514 2660 pontificatus
541 2611 638 2646 nostri
663 2622 744 2645 anno
771 2610 881 2656 primo.

270 2671 332 2702 Dat.
356 2673 403 2702 die
425 2673 458 2702 31
485 2672 580 2701 martii
601 2671 685 2703 '1-255,
705 2669 805 2710 pontif.
825 2678 900 2699 anno
919 2678 935 2698 ι.

1643 270 1710 303 727

1363 337 1414 372 lV.

1057 419 1223 461 Prt'vileqia
1245 420 1379 463 fratrum
1402 419 1537 452 Militum
1563 418 1723 463 hospitalis

1111 468 1146 501 S.
1170 469 1289 502 Lazari
1308 469 1580 514 Hierosolymitani
1601 470 1660 511 (l).

1280 546 1493 578 SEMMARIUM

1021 617 1042 645 1.
1069 614 1154 644 Hisce
1173 613 1318 644 militibus
1346 623 1531 648 concessum,
1558 619 1590 644 ut
1619 615 1708 645 semel
1733 616 1760 646 in

1054 668 1130 689 anno
1163 658 1364 698 eleemosynas
1394 658 1529 697 colligant
1556 659 1585 688 in
1614 659 1760 690 ecclesiis.

1053 719 1093 725 —
1112 702 1140 732 2.
1158 702 1334 739 Mandatum,
1354 707 1384 732 ut
1406 703 1442 732 iis
1463 703 1518 732 hoc
1542 703 1644 742 exequi
1667 703 1761 733 liceat.

1053 764 1092 770 —
1109 747 1138 778 3.
1166 747 1208 777 Ab
1237 747 1481 787 oppressionibus
1500 747 1702 777 defendantur.
1724 765 1764 771 —

1052 792 1081 822 4.
1101 792 1142 823 Ad
1169 792 1311 830 hospitale
1341 791 1414 821 alios
1431 792 1562 830 recipere
1585 792 1707 831 possint.
1724 810 1763 814 —

1054 837 1080 867 5.
1093 836 1280 877 Sepeliantur
1292 838 1440 875 gratis.—
1455 836 1482 866 6,
1509 836 1644 866 Decimae
1660 836 1696 866 ab
1719 837 1762 866 eis

1054 891 1111 911 non
1141 881 1309 920 exigendae.
1335 898 1375 903 —
1404 882 1429 910 7.
1447 879 1627 910 Coemeteria
1649 881 1761 919 possint

1053 926 1219 956 aedificare.
1236 943 1275 948 —
1291 926 1317 955 8.
1332 926 1517 965 Deponentes
1532 924 1663 954 habitum
1679 934 1762 954 coer-

1053 975 1184 1000 ceantur.
1207 987 1247 993 —
1268 971 1294 1000 9.
1313 969 1440 1000 Mortuos
1462 969 1599 1009 sepelire,
1620 973 1649 999 et
1669 969 1760 999 colle-

1053 1015 1166 1044 ctiones
1194 1015 1326 1054 recipere
1345 1015 1468 1053 possint,
1489 1030 1528 1035 —
1550 1014 1598 1044 10.
1617 1012 1651 1043 Et
1668 1013 1761 1043 sacris

1053 1060 1166 1097 operari
1183 1060 1212 1089 in
1229 1059 1302 1088 locis
1323 1059 1478 1088 interdicto
1492 1057 1644 1088 subiectis.
1661 1073 1702 1079 —
1715 1057 1761 1087 11.

1053 1103 1129 1133 llaec
1147 1103 1317 1132 constitutio
1340 1102 1576 1141 publicanda.—
1598 1101 1643 1131 12.
1655 1100 1760 1131 Clerici

1054 1148 1190 1187 hospitali
1212 1147 1321 1177 servire
1339 1147 1459 1186 possint.

1014 1214 1134 1243 Clemens
1153 1214 1294 1251 episcopus
1311 1220 1406 1242 servus
1425 1220 1565 1242 servorum
1592 1212 1649 1245 Dei,
1684 1219 1760 1241 vene-

1057 1264 1187 1293 rabilibus
1206 1264 1342 1293 fratribus
1365 1263 1584 1299 archiepiscopis.
1617 1263 1761 1298 episeopis.

1057 1316 1087 1343 et
1122 1315 1232 1343 dilectis
1258 1314 1324 1343 filiis
1343 1313 1498 1346 abbatibus.
1516 1312 1663 1348 prioribus.
1683 1318 1761 1348 prae·

1057 1365 1168 1400 positis,
1187 1364 1305 1397 decanis,
1325 1362 1581 1399 archipresbyter-ts.
1598 1363 1627 1391 et
1645 1361 1762 1390 aliarum

1057 1413 1237 1442 &etesiarum
1255 1412 1400 1448 praelatis,
1420 1412 1454 1440 ad
1473 1418 1540 1447 quos
1557 1411 1631 1440 istae
1647 1411 1762 1440 litterae

1056 1463 1241 1499 pervenerint.
1276 1462 1392 1491 salutem
1411 1462 1440 1490 et
1459 1461 1638 1497 apostoticam
1654 1460 1760 1488 benedi·

1057 1513 1184 1541 ctionem.

1062 1581 1077 1620 ἕ
1114 1579 1145 1610 t.
1173 1575 1255 1611 Cum
1282 1575 1402 1610 dilectis
1428 1575 1517 1615 filiis,
1544 1573 1694 1620 magistro
1729 1583 1759 1610 et

1016 1626 1161 1661 fratribus
1181 1625 1307 1661 Militiae
1329 1624 1491 1671 bospitalis
1516 1623 1622 1658 Sancti
1650 1623 1757 1659 Lazari

1015 1675 1302 1723 Hierosolymitani,
1329 1674 1422 1708 fuerit
1443 1686 1458 1707 a
1480 1673 1530 1708 fel.
1558 1673 1680 1708 record.
1706 1673 1758 1708 ln-

1015 1726 1162 1760 nocentio
1183 1724 1266 1771 Papa
1298 1723 1539 1771 praedecessore
1573 1731 1680 1757 nostro
1710 1723 1759 1757 in-

1015 1775 1155 1814 dultum,
1187 1783 1216 1809 et
1242 1786 1258 1809 a
1293 1772 1384 1807 nobis
1411 1772 1608 1819 postmodum
1643 1772 1758 1807 confir-

1016 1833 1152 1868 matum,
1179 1832 1212 1858 ut
1230 1822 1326 1858 semel
1354 1823 1383 1856 in
1407 1833 1489 1856 anno
1516 1821 1707 1867 recipiantur
1728 1822 1758 1856 in

1015 1873 1156 1910 ecclesiis
1204 1873 1240 1907 ad
1282 1873 1496 1919 eleemosynas
1543 1870 1757 1917 colligendas:

1015 1923 1142 1971 (Ῑυίᾶθιη
1169 1931 1271 1957 autem
1306 1930 1454 1965 restrum,
1484 1921 1628 1956 avaritiae
1649 1920 1759 1956 ardore

1016 1973 1170 2011 succensi
1205 1971 1388 2007 confratrias
1411 1982 1484 2005 suas
1510 1969 1757 2006 confraternitati

1016 2023 1138 2057 illorum
1155 2021 1262 2056 eadem
1289 2020 1369 2055 die
1361 2032 1508 2076 ipsorum
1520 2019 1654 2054 adventu
1675 2031 1761 2067 prae-

1017 2080 1154 2120 ponunt:
1183 2080 1211 2105 et
1243 2071 1287 2105 sic
1315 2070 1424 2105 fratres
1451 2070 1509 2116 ipsi
1545 2069 1685 2113 confusi,
1706 2077 1758 2104 aut

1015 2121 1092 2156 nibil
1114 2120 1240 2160 exinde,
1263 2128 1314 2155 aut
1332 2119 1490 2154 modicum
1509 2127 1757 2166 consequuntur.

1064 2175 1079 2214 ξ
1100 2173 1121 2205 6)
1161 2170 1242 2212 Quia
1270 2170 1363 2215 igitur
1384 2169 1444 2203 boc
1464 2177 1510 2203 est
1532 2167 1698 2211 indecens,
1729 2176 1758 2202 et

1016 2221 1047 2254 in
1081 2228 1294 2264 contemptum
1318 2219 1374 2253 Dei
1397 2217 1619 2264 Ecclesiaeque
1640 2216 1759 2252 Roma-

1017 2281 1073 2303 nae
1101 2268 1267 2307 redundat;
1297 2267 1545 2322 praedecessoris
1578 2266 1677 2321 ipsius
1704 2278 1760 2301 ve—

1016 2319 1115 2365 stigiis
1153 2318 1367 2357 inhaerentes,
1403 2316 1596 2351 unixersitati
1639 2324 1759 2350 vestrae

1018 2380 1072 2415 per
1106 2366 1274 2423 apostolica
1301 2366 1416 2412 scripta
1449 2365 1633 2400 mandamus
1667 2373 1760 2420 atque

1018 2417 1244 2463 praecipimus,
1278 2424 1431 2463 quatenns
1462 2427 1532 2449 cum
1565 2414 1674 2449 fratres
1699 2415 1758 2462 ipsi

1017 2467 1082 2501 loca
1113 2474 1212 2500 ιο5ιι3
1244 2477 1299 2510 pro
1331 2464 1539 2511 eleemosynis
1574 2463 1761 2510 colligendis

1017 2516 1214 2554 accesserint,
1241 2514 1378 2560 benigne
1402 2513 1559 2558 recipiatis
1580 2521 1610 2548 et
1630 2513 1760 2549 honeste

1018 2565 1170 2608 tractetiS,
1201 2563 1329 2599 eosdem
1364 2563 1440 2610 ipsis
1473 2562 1623 2598 Ecclesiis
1649 2563 1760 2599 vestris

1053 2633 1091 2668 tt)
1113 2633 1187 2659 Hunc
1213 2631 1340 2660 Ordinem
1356 2631 1522 2659 confirmavit
1547 2632 1695 2660 Alexander
1714 2632 1758 2665 lv,

1017 2672 1127 2699 Constit.
1147 2680 1174 2703 x,
1192 2680 1250 2707 pag.
1269 2672 1319 2698 tio-2
1337 2672 1416 2699 huius
1432 2673 1502 2699 tomi.

1773 280 1824 304 An.
1841 278 1872 305 C.
1892 278 1956 305 ¹263

1783 1574 1845 1596 Hisce
1857 1574 1956 1595 nutum-i,

1774 1611 1911 1630 eoncessum,
1935 1611 1957 1625 ut

1774 1638 1838 1658 §eniel
1861 1639 1881 1657 in
1902 1643 1950 1656 nnnv

1792 1670 1938 1694 eleemosmn

1774 1699 1872 1724 colligant
1887 1700 1906 1718 in
1917 1697 1957 1717 Ec-

1774 1730 1852 1750 etesiis.

1787 2166 1817 2186 lttz
1820 2168 1910 2190 nestum,
1935 2171 1956 2187 ut

1774 2198 1800 2218 iis
1818 2197 1857 2219 hoc
1882 2203 1956 2225 exequ.

1774 2226 1794 2247 li
1796 2231 1843 2248 wat.
