2129 3223
63 234 104 264 Άιι
133 237 160 263 C.
177 236 243 264 ¹225

258 291 368 327 eodem
392 289 509 338 populo
531 288 660 323 vitulum
693 288 805 323 obtulit
827 289 998 333 labiorum,

256 350 287 377 et
309 351 457 376 manuum
491 338 678 374 sacrificium
715 351 776 373 non
804 339 908 374 omisit
931 346 1000 385 post

255 388 494 440 supplicationis
515 389 661 431 hostiam,
689 388 870 423 holocausto
902 389 1000 424 satis-

255 439 400 476 factionis
437 438 554 483 oblato,
580 449 705 473 causam
749 437 854 485 populi
893 450 996 473 coram

255 489 392 525 Domino
412 487 571 535 precibus,
604 496 633 522 et
655 486 711 522 Dei
734 499 859 522 causam
887 488 916 522 in
942 500 999 535 po-

254 540 329 587 pulo
341 537 453 586 gladiis
470 545 692 584 prosequutus.
713 536 797 572 Sane
812 538 841 571 in
861 537 998 583 maligno

253 589 345 635 positi
368 588 477 623 mundi
501 587 629 626 malitia,
657 587 731 622 dum
760 586 920 633 impunitis
942 600 998 621 ex-

252 638 394 674 cessibus
432 649 487 684 per
512 648 657 684 campum
686 635 829 670 licentiae
851 635 999 671 discurrit

251 688 420 733 effraenis,
438 687 572 722 claustra
599 687 676 720 iuris
698 685 850 731 infringit,
877 686 995 721 aditum

252 738 359 784 pandit
386 737 529 780 iniuriis,
567 737 667 782 legem
701 735 826 770 damnat
854 734 996 777 honesti,

252 787 445 835 privilegium
467 786 616 832 promittit
631 785 738 825 errori,
760 793 790 819 et
813 785 887 819 dum
907 797 995 832 spem

250 837 447 884 impunitatis
473 836 512 872 ad
533 836 612 871 alios
634 843 791 882 prorogat,
818 835 854 869 ad
871 834 994 890 culpam

250 887 418 923 nonnullos
446 887 564 930 invitat,
587 886 696 932 sicque
720 885 752 918 [it
774 884 913 931 poenalis
934 897 997 918 tm-

249 937 391 983 punitas,
424 949 496 971 cum
530 935 642 984 poenis
665 942 803 969 reservet
824 934 996 969 maioribus

10 975 44 1105 ἃ
83 969 88 972 <
247 986 439 1033 puniendos,
477 994 507 1020 et
534 997 589 1033 per
615 984 787 1030 impunitae
815 991 995 1038 transgres-

12 1031 13 1034 ¹
245 1035 345 1071 sionis
375 1035 538 1080 exemplar
572 1034 750 1069 blandiatur
783 1033 851 1067 alus
876 1034 914 1068 ad
947 1033 996 1067 of-

12 1107 25 1143 ]
245 1084 378 1120 sensam.
410 1084 502 1121 Unde
526 1083 685 1119 interdum
710 1090 881 1129 utcumque
897 1082 996 1117 tiran—

246 1134 316 1170 nice
338 1135 498 1182 parcitur,
524 1141 555 1169 et
575 1132 822 1168 misericorditer
840 1132 994 1176 deficitur,

246 1196 317 1219 cum
344 1185 491 1232 publicae
512 1183 655 1218 utilitatis
681 1182 814 1224 intersit,
842 1189 995 1217 utexces·

246 1246 302 1268 sus
324 1234 459 1269 vindicta
483 1241 635 1275 coereeat,
663 1240 694 1266 et
715 1243 813 1278 poena
841 1232 879 1265 sit
903 1231 995 1266 limes

245 1282 394 1319 offensae.
423 1284 505 1319 Hinc
532 1290 601 1326 est,
629 1283 711 1329 quod
748 1288 876 1328 propter
903 1293 994 1327 prae-

245 1340 403 1380 sumptam
427 1334 457 1368 in
480 1332 632 1380 quosdam
649 1331 687 1365 de
708 1330 858 1365 fratribus
880 1332 994 1365 nostris

246 1382 432 1417 temeritatis
464 1381 645 1421 audaciam
673 1392 749 1421 nos,
777 1392 815 1414 ne
848 1379 994 1415 coelestis

244 1430 341 1478 Regis
353 1431 590 1472 contumeliam,
604 1430 657 1477 qui
681 1430 852 1464 honoratur
866 1437 896 1464 et
909 1442 995 1476 sper-

245 1481 330 1516 nitur
362 1481 393 1516 in
421 1480 586 1521 ministris,
618 1479 861 1514 dissimulationi
897 1480 994 1513 relin-

243 1541 360 1577 quere,
395 1543 432 1567 ac
454 1530 641 1566 christianae
680 1528 842 1575 religionis
876 1541 993 1576 oppro-

244 1579 362 1624 brium,
393 1580 469 1616 dum
496 1580 640 1615 Christos
675 1578 820 1617 Domini,
853 1590 933 1625 quos
955 1579 991 1613 ad

244 1629 487 1666 christianorum
510 1630 651 1665 omnium
679 1628 804 1662 salubre
831 1628 992 1663 servitium

243 1679 422 1726 Apostolica
437 1679 538 1716 Sedes
550 1678 693 1717 assumit,
708 1677 878 1712 crudeliter
892 1678 993 1724 impe-

19 1752 35 1764 «
243 1736 325 1770 tunt,
351 1729 425 1765 dare
452 1729 663 1776 negligentiae
685 1727 790 1762 locum
813 1726 992 1771 videamur,
1013 1747 1014 1757 i

244 1791 307 1813 non
321 1787 466 1826 tanquam
477 1779 661 1813 iniuriarum
676 1776 792 1811 ultores
804 1784 992 1817 nostrarum,

244 1827 298 1870 sed
320 1828 451 1863 honoris
471 1827 614 1868 Sponsae
635 1825 764 1865 Christi,
781 1834 811 1861 et
835 1827 993 1860 immuni-

48 1877 119 1930 ᾗ]-
135 1877 158 1900 ¹³·
181 1877 316 1912 ⁶¹‘·tatis
340 1877 464 1913 Domus
484 1877 613 1912 Domini
645 1875 877 1931 zelatoresffide
904 1888 992 1931 corn-

12 1922 14 1925 *
47 1915 133 1965 iiiii-10⁰5,
150 1915 232 1961 3355ss
246 1927 332 1962 muni
355 1926 484 1962 fratrum
512 1934 691 1961 nostrorum
719 1925 852 1960 consilto
873 1925 932 1960 hac
960 1939 990 1960 in

47 1970 230 2023 guinisi-iiiwe‘iiss
247 1985 431 2024 perpetuum
461 1976 590 2011 valitura
626 1975 991 2030 constitutione-‘sanei—

46 2029 230 2059 hannopunoenn,
247 2036 330 2066 mus,
356 2034 390 2061 ut
416 2026 442 2060 si
464 2026 537 2073 quis
570 2025 601 2060 in
630 2025 690 2059 hoe
716 2024 869 2071 sacrilegii
892 2037 991 2071 genus

48 2061 427 2122 2323053222133rrepserit,
462 2075 546 2123 quod
582 2082 707 2109 sanctae
739 2074 899 2109 Romanae
927 2074 991 2109 Ec-

49 2125 89 2144 ¹'²'·
246 2125 361 2160 etesiae
384 2124 575 2159 cardinalem
598 2124 753 2158 hostiliter
782 2123 874 2158 fuerit
907 2124 991 2159 inse-

245 2182 374 2222 quutus,
397 2175 443 2208 vel
473 2174 675 2221 percusserit,
696 2181 750 2207 aut
776 2174 923 2219 caeperit,
943 2174 990 2208 vel

244 2225 350 2259 socius
370 2224 465 2258 fuerit
497 2223 650 2262 facientis,
683 2231 735 2257 aut
771 2222 836 2258 fieri
860 2223 988 2258 manda-

245 2275 346 2315 verit,
372 2273 419 2308 vel
448 2273 563 2308 factum
600 2280 698 2307 ratum
735 2271 900 2316 habuerit,
936 2281 990 2307 aut

245 2322 412 2358 consilium
431 2323 562 2360 dederit,
582 2321 629 2356 vel
646 2322 792 2363 savorem,
814 2330 866 2356 aut
883 2330 988 2368 postea

244 2372 468 2419 receptaverit,
516 2371 563 2406 vel
605 2369 815 2405 defensaverit
855 2371 990 2406 scienter

244 2420 411 2466 eumdem,
437 2421 517 2456 sicut
534 2432 606 2455 reus
620 2420 720 2454 laesae
736 2419 875 2455 criminis
897 2421 989 2455 maie-

244 2470 331 2506 statis
357 2479 509 2518 perpetuo
535 2473 576 2504 sit
603 2468 738 2509 infamis
765 2468 921 2504 diffidatus
947 2471 989 2504 ni-

245 2519 417 2555 hilominus
437 2528 467 2554 et
489 2519 638 2554 bannitus
669 2519 708 2553 sit
730 2518 927 2563 intestabilis,
956 2528 989 2554 ut

245 2581 304 2604 nec
329 2570 508 2604 testamenti
530 2568 659 2603 liberam
675 2567 786 2602 habeat
809 2567 986 2607 {actionem

246 2630 305 2653 nee
325 2618 361 2652 ad
389 2618 520 2653 alieuius
541 2618 621 2652 bona
655 2630 691 2652 ex
721 2626 916 2657 testamento,
938 2617 985 2652 vel

861 233 982 257 nomm
987 233 1022 258 US
1043 235 1080 257 ΙΙΙ
1102 234 1150 257 ΡΡ.

1668 230 1731 262 411
1804 240 1980 268 meta-25

1041 289 1080 324 ab
1108 289 1252 325 intestato
1276 301 1412 333 vocetur,
1447 302 1602 341 quatenus
1634 295 1672 331 ab
1698 298 1782 333 omni

1040 341 1239 375 successione
1268 342 1422 388 repulsus,
1451 344 1637 393 publicaque
1659 348 1781 394 repulsa

1041 388 1191 424 confusus
1228 391 1331 426 minus
1370 393 1506 428 inveniat
1539 407 1614 430 suae
1648 397 1782 434 malitiae

1040 451 1265 474 successorem.
1304 439 1393 476 Fiant
1432 455 1542 479 omnes
1576 445 1782 483 habitationes
1810 451 1868 473 ΑΗΒ·
1888 456 1977 477 ⁹⁰0³*

1039 489 1107 523 eius
1129 488 1281 531 desertae,
1305 499 1337 526 ut
1360 504 1420 526 non
1444 493 1483 527 sit
1509 493 1562 540 qui
1585 507 1637 530 eas
1656 496 1782 532 inhabi-

1039 546 1099 578 tet,
1139 538 1253 573 dentur
1290 550 1400 576 cuncta
1439 543 1538 589 ipsius
1575 545 1714 580 aedilicia
1751 548 1780 582 in

1040 588 1180 632 ruinam,
1207 596 1238 623 et
1264 597 1296 623 ut
1321 599 1489 637 perpetuae
1511 601 1616 628 notam
1639 595 1782 631 infamiae

1040 646 1188 684 perpetua
1215 638 1304 674 ruina
1342 648 1491 681 testetur,
1519 643 1606 677 nullo
1640 652 1781 692 tempore

1040 694 1231 733 reparentur.
1255 688 1368 724 Nullus
1381 690 1407 724 ei
1427 690 1529 726 debita
1554 693 1696 734 reddere,
1716 695 1781 730 nul-

1041 736 1088 770 lus
1110 737 1301 784 respondere
1323 739 1353 773 in
1373 739 1492 775 iudicio
1513 749 1670 777 teneatur:
1694 744 1782 790 quid-

1038 786 1110 832 quid
1149 787 1241 822 etiam
1271 789 1301 822 in
1330 789 1420 824 bonis
1453 790 1629 826 invenietur
1668 793 1780 839 ipsius,

1039 836 1122 877 fisci,
1160 836 1206 871 vel
1242 838 1432 885 reipublicae
1466 840 1606 876 dominio
1638 843 1782 889 applice-

1038 894 1098 926 tur,
1114 894 1146 921 ut
1160 899 1195 921 ex
1214 887 1275 921 illis
1296 888 1337 922 nil
1369 890 1594 925 transmittatur
1614 891 1652 926 ad
1676 901 1782 938 poste-

1037 947 1103 974 ros.
1138 936 1193 972 sed
1222 937 1327 984 potius
1360 951 1431 974 cum
1460 940 1526 987 ipso
1548 941 1782 988 quodammodo

1037 985 1228 1020 damnentur
1252 996 1282 1021 et
1304 1000 1369 1022 sua.
1404 987 1437 1023 Si
1466 1001 1524 1036 qna
1560 1003 1633 1026 vero
1667 990 1780 1034 feuda,

1037 1034 1217 1076 locationes,
1240 1036 1389 1082 officium,
1413 1038 1457 1073 vel
1482 1039 1668 1074 beneficium
1692 1042 1782 1088 spiri·

1036 1084 1119 1118 tuale
1147 1085 1191 1119 vel
1215 1086 1385 1132 temporale
1416 1087 1454 1122 ab
1482 1088 1638 1135 aliquibus
1669 1090 1782 1126 Eccle-

1036 1135 1092 1168 siis
1118 1134 1248 1175 obtinet,
1276 1136 1315 1170 sit
1350 1136 1396 1171 eis
1431 1138 1500 1184 ipso
1533 1140 1599 1173 inre
1626 1140 1781 1186 privatus,

1036 1195 1115 1229 quae
1140 1184 1186 1218 sic
1213 1183 1309 1219 libere
1330 1185 1368 1220 ad
1395 1186 1552 1223 Ecclesias
1575 1197 1780 1235 revertantur,

1035 1233 1118 1279 quod
1142 1233 1353 1269 Ecclesiarum
1378 1245 1513 1271 rectores
1541 1237 1581 1272 de
1612 1239 1689 1285 ipsis
1725 1252 1780 1286 pro

1035 1294 1090 1316 sua
1119 1282 1278 1319 voluntate
1301 1284 1487 1331 disponant:
1524 1287 1607 1334 quod
1631 1288 1656 1323 si
1682 1288 1778 1324 lilium

1036 1331 1128 1366 habet
1149 1332 1297 1367 clericum
1326 1346 1387 1368 non
1423 1336 1596 1381 praelatum
1628 1337 1780 1373 ecclesia-

1035 1381 1146 1416 sticum
1171 1381 1358 1417 beneficium
1386 1384 1591 1424 obtinentem,
1615 1386 1668 1421 illo
1684 1388 1781 1433 prive-

1034 1440 1097 1471 tur,
1124 1444 1181 1477 spe
1202 1431 1376 1467 collationis
1402 1435 1528 1470 alterius
1550 1437 1678 1471 omnino
1700 1437 1780 1472 suh-

1035 1480 1105 1514 lata.
1154 1480 1237 1515 Nulli
1288 1490 1446 1529 praeterea
1491 1485 1597 1520 talium
1642 1486 1778 1522 filiorum

1035 1538 1128 1577 atque
1169 1539 1317 1576 nepotum
1355 1544 1391 1566 ex
1420 1533 1496 1567 virili
1534 1547 1610 1569 sexu
1646 1536 1780 1571 ‹lescen-

1034 1580 1173 1614 dentium
1196 1580 1235 1615 ab
1262 1581 1379 1616 eisdem
1402 1582 1535 1619 alieuius
1556 1585 1712 1631 aperiatur
1734 1588 1780 1621 ia·

1036 1642 1094 1664 nua
1122 1628 1293 1676 dignitatis,
1328 1640 1379 1665 aut
1414 1631 1541 1668 honoris
1563 1636 1779 1680 ecelesiastici,

1035 1678 1081 1713 vel
1110 1679 1279 1713 mundani:
1312 1680 1348 1714 ad
1383 1681 1517 1716 alicuius
1544 1683 1600 1718 loci
1636 1686 1776 1731 regimen

1035 1740 1095 1762 non
1130 1728 1237 1763 adeat:
1272 1730 1310 1763 sit
1336 1730 1363 1763 ei
1401 1732 1578 1777 postulandi
1603 1743 1709 1780 negata
1734 1735 1778 1768 fai-

1034 1777 1148 1812 cultas:
1177 1779 1216 1812 sit
1237 1779 1357 1813 notorie
1377 1780 1541 1823 iudicatus,
1563 1790 1593 1816 et
1614 1784 1777 1830 quodlibet

1034 1827 1117 1861 aliud
1140 1827 1277 1862 officium
1306 1840 1362 1863 seu
1390 1830 1596 1866 ministerium
1615 1833 1775 1880 publicum

1035 1877 1243 1912 interdictum.
1269 1878 1300 1912 In
1326 1879 1450 1913 iudiciis
1468 1881 1535 1915 eius
1556 1884 1685 1917 assertio
1699 1896 1776 1918 con-
1790 1888 1973 1926 ⁰00¹³f³¹¹²²¹‘0,¹·

1034 1935 1077 1960 tra
1105 1939 1294 1974 quemquam
1323 1928 1396 1962 nihil
1426 1930 1515 1973 fidet,
1540 1932 1615 1966 nihil
1638 1933 1776 1968 creduli·
1808 1921 1954 1979 iffffiiiiff'

1033 1976 1104 2011 tatis
1131 1977 1278 2020 inveniat,
1297 1985 1332 2012 ut
1353 1978 1390 2013 ad
1413 1980 1627 2015 testimonium
1651 1995 1777 2027 prorsus

1034 2025 1181 2060 reddatur
1219 2027 1388 2073 indignus:
1428 2030 1465 2062 sit
1499 2030 1526 2063 ei
1568 2031 1605 2065 ad
1638 2030 1776 2068 Ordines

1033 2087 1183 2110 ascensus
1221 2076 1389 2111 inhibitus:
1430 2079 1468 2112 sit
1507 2079 1544 2113 ad
1588 2080 1774 2116 beneficium

1032 2125 1078 2159 vel
1112 2124 1247 2160 officium
1286 2126 1534 2162 ecclesiasticum
1564 2138 1695 2176 negatus
1728 2143 1776 2166 ac—

1031 2186 1155 2213 cessus,
1183 2183 1212 2209 et
1240 2183 1274 2209 ut
1300 2177 1399 2221 magis
1426 2176 1542 2212 famosa
1569 2180 1607 2212 sit
1630 2181 1698 2214 eius
1723 2181 1775 2215 in·

1032 2223 1135 2264 famia,
1162 2224 1199 2257 ad
1234 2233 1321 2259 actus
1349 2226 1501 2271 legitimos
1535 2228 1642 2263 nullus
1668 2229 1694 2263 ei
1718 2242 1774 2277 pa-

1030 2280 1093 2307 teat
1119 2273 1233 2311 aditus,
1267 2274 1349 2308 nulla
1380 2284 1464 2320 porta
1488 2277 1640 2323 pandatur
1659 2279 1773 2319 eidem,

1031 2334 1126 2368 super
1152 2323 1256 2368 aliquo
1279 2325 1522 2369 praemissorum
1545 2328 1629 2361 omni
1651 2340 1707 2372 spe
1724 2329 1773 2362 di-

1030 2372 1240 2418 spensationis
1253 2372 1408 2418 adempta.
1436 2373 1595 2409 Praesenti
1615 2376 1774 2412 nibilomi—

1030 2432 1090 2455 nus
1116 2421 1279 2456 adiicimus
1312 2423 1478 2462 sanctioni,
1511 2433 1545 2458 ut
1579 2436 1616 2460 ex
1645 2427 1774 2474 insequ-

1031 2470 1113 2504 tione
1141 2469 1315 2516 praedicta,
1349 2472 1429 2506 sicut
1451 2485 1488 2507 ex
1516 2473 1683 2510 iniectione
1705 2489 1773 2512 ma-

1030 2530 1128 2554 nuum
1156 2519 1303 2564 violenta,
1338 2520 1407 2568 ipso
1442 2522 1520 2557 facto
1553 2528 1771 2561 excommuni—

1029 2568 1160 2603 cationis
1181 2570 1365 2605 sententiam
1388 2572 1459 2618 quis
1482 2573 1636 2619 incurrat,
1658 2582 1769 2611 ettam

1031 2618 1204 2665 inseqetor,
1231 2632 1323 2666 quam
1347 2620 1397 2655 alii
1418 2623 1588 2670 sapradicti
1611 2625 1685 2660 tanti
1700 2627 1770 2661 mali
