2129 3223
35 261 83 288 Αιι.
104 260 215 288 c.1¹99

821 255 1029 280 INNOCENHUS
1051 255 1086 277 ΙΙΙ
1111 254 1159 277 1³1³.

230 328 300 351 mus
334 316 471 362 insuper,
507 323 539 349 ut
567 313 643 349 nulli
669 321 720 348 etc.
753 312 835 348 Cum
867 320 970 347 autem

229 370 373 416 generale
399 377 450 403 etc.
479 368 585 403 Liceat
614 368 706 403 etiam
728 367 818 403 vobis
841 367 872 402 iu
894 366 972 401 locis

230 423 338 458 vestris
361 423 429 458 sine
455 422 621 457 manifesto
654 421 820 470 dispendio
855 421 971 456 vicina-

227 489 295 512 rum
318 476 402 512 Eccl.
425 477 558 512 oratoria
577 485 771 516 construere,
800 477 830 510 in
859 475 972 523 quibus

226 530 337 566 fratres
358 539 388 566 et
410 531 544 566 familiae
577 530 845 566 resti-aedivinum
863 530 971 564 audire

225 584 381 626 officium,
416 594 447 621 et
474 586 674 621 christianam
707 585 820 620 habere
852 585 971 619 valeant

225 639 428 685 sepulturam.
469 639 583 675 Clerici
617 652 744 687 quoque
773 638 893 674 ordinis
924 650 973 673 ve-

225 693 278 728 stri
312 693 465 730 clericum
490 695 624 742 priorem
649 694 798 738 habeant,
830 693 880 728 cui
903 704 973 740 pro-

224 746 393 784 sessionem
420 748 544 788 faciant,
577 748 782 783 reverentiam
810 759 846 782 ac
871 746 972 782 subie-

224 801 362 838 ctionem
410 803 606 851 impendant.
647 802 859 837 Nihilominus
900 814 971 837 vero

225 858 380 904 praesenti
415 858 541 894 decreto
567 858 743 901 sancimus,
780 864 812 892 ut
839 857 864 892 si
899 857 971 905 quis

224 910 256 945 in
287 911 423 960 aliquem
458 913 588 949 fratrum
615 920 808 953 vestrorum,
842 922 972 948 temera-

223 965 285 1000 rias
296 977 408 1002 manus
422 967 576 1013 iniecerit,
593 967 652 1002 nisi
669 966 862 1002 rationabilis
877 978 969 1002 causa

222 1017 364 1062 obsistat,
394 1021 730 1057 excommunicationis
756 1020 910 1056 sententia
932 1021 972 1055 sit

222 1073 379 1120 astrictus,
412 1083 442 1110 et
470 1075 544 1110 illud
572 1088 629 1124 pro
655 1075 752 1111 tutela
787 1084 886 1110 vestra
909 1083 970 1110 tam

223 1138 255 1162 in
284 1130 454 1174 sententia,
486 1142 580 1177 quam
613 1131 644 1165 in
677 1142 777 1177 poena
811 1138 970 1171 servetur,

222 1181 309 1228 quod
335 1182 396 1218 sub
416 1183 600 1219 Innocentio
617 1183 702 1232 Papa
721 1184 759 1219 de
785 1184 969 1219 clericorum

223 1235 356 1272 tuitione
389 1237 530 1273 noscitur
556 1238 746 1273 institutum.
782 1237 970 1283 Regulares,

222 1297 255 1324 et
274 1290 419 1338 antiquas
452 1292 698 1327 consuetudines
731 1292 851 1326 ordinis
873 1292 969 1327 vestri

222 1356 239 1380 a
255 1345 549 1392 praedecessoribus
571 1346 693 1385 vestris,
720 1355 749 1380 et
764 1358 780 1381 a
796 1346 884 1381 vobis
901 1346 970 1380 hac·

223 1407 316 1434 tenus
344 1399 523 1436 observatas
548 1400 652 1447 aliqua
685 1400 807 1434 levitate
839 1400 970 1444 mutari,

222 1464 278 1488 seu
303 1454 396 1489 etiam
419 1455 635 1502 possessiones
657 1454 824 1490 domorum
852 1462 970 1489 vestra-

223 1518 294 1542 rum
307 1506 452 1549 alienari,
474 1508 534 1544 nisi
550 1508 590 1544 de
613 1508 752 1555 magistri
774 1508 969 1557 providentia

223 1559 301 1606 flat,
321 1573 393 1597 cum
420 1574 578 1598 consensu
600 1562 739 1610 capituli,
767 1563 811 1597 vel
845 1562 971 1597 maioris

223 1623 254 1650 et
273 1615 406 1651 sanioris
435 1617 552 1664 partis,
587 1617 768 1652 auctoritate
801 1617 970 1664 apostolica

224 1669 427 1716 prohibemus
464 1671 542 1707 fieri.
581 1671 792 1706 Prohibemus
832 1671 971 1719 insuper,

226 1730 259 1758 ut
291 1723 370 1759 inl'ra
406 1725 486 1760 fines
526 1725 743 1772 parochiarum
782 1733 971 1771 vestrarum,

225 1789 305 1825 quas
325 1790 343 1813 a
363 1778 546 1815 Sarracenis
576 1780 769 1827 acquisistis,
797 1780 842 1815 vel
870 1781 973 1830 impo-

227 1840 347 1868 sterum
367 1833 548 1881 acquiretis,
582 1834 718 1881 capellas
752 1836 798 1870 vel
821 1838 972 1879 oratoria,

228 1897 285 1922 seu
314 1887 463 1922 ecclesias
483 1888 591 1923 nullus
617 1889 728 1924 audeat
749 1890 817 1925 sine
842 1903 971 1927 assensu

229 1948 332 1976 vestro
357 1949 551 1981 construere,
578 1943 604 1977 si
627 1954 682 1978 vos
709 1956 766 1990 pro
788 1946 974 1983 necessitate

230 1994 338 2043 populi
361 1994 512 2030 duxeritis
533 1998 776 2033 construendas:
804 1999 835 2034 in
859 2001 975 2048 quihus

230 2060 302 2085 cum
325 2057 522 2085 constructae
544 2051 675 2092 fuerint,
698 2052 787 2087 liceat
809 2054 897 2090 vobis
919 2055 975 2091 cle-

231 2103 315 2140 ricos
348 2103 484 2150 eligere,
517 2112 548 2151 et
578 2105 726 2154 episcopo
760 2118 974 2154 praesentaree

232 2157 349 2205 quibus
369 2157 394 2193 si
413 2157 516 2193 idonei
532 2157 658 2204 suerint,
680 2160 850 2209 episcopus
868 2175 975 2200 curam

233 2212 418 2248 animarum
432 2212 618 2254 committat,
641 2221 674 2248 ut
695 2214 723 2248 ei
745 2214 784 2250 de
809 2216 977 2264 spirituali-

236 2266 311 2308 bus,
343 2266 433 2302 vobis
467 2274 570 2301 antem
598 2266 637 2302 de
669 2269 890 2316 temporalibus
922 2272 978 2307 de-

235 2320 329 2356 beant
367 2320 567 2369 respondere.
607 2320 769 2358 Praeterea
816 2337 912 2360 novas
948 2334 979 2361 et

237 2373 392 2410 indebitas
430 2374 609 2410 exactiones
643 2374 683 2409 ab
714 2377 978 2426 archiepiscopis,

235 2428 405 2476 episcopis,
427 2428 666 2473 archidiaconis,
679 2440 733 2463 seu
747 2429 883 2471 decanis,
899 2432 980 2467 aliis-

237 2494 273 2517 ve
293 2483 528 2524 ecclesiasticis,
550 2482 801 2519 saecularibusve
824 2487 979 2533 personiS,

238 2535 326 2572 vobis
346 2536 475 2572 omniuo
496 2536 562 2571 fieri
594 2536 809 2584 prohibemus.
835 2538 980 2574 Chrisma

240 2596 310 2620 vero
331 2593 384 2620 etc.
405 2585 589 2621 Inhibemus
610 2586 711 2622 adhuc
737 2599 776 2622 ne
801 2589 980 2624 interdictos

236 2641 289 2668 etc.
311 2634 386 2671 Paci
403 2647 530 2683 quoque
552 2644 604 2670 ete.
636 2636 683 2671 Ad
719 2635 796 2672 haec
825 2637 982 2673 libertates

1637 238 1706 270 145

1011 318 1064 344 etc.
1092 309 1298 344 Decernimus
1325 319 1399 354 crgo
1425 316 1477 341 etc.
1513 306 1604 341 Salva
1628 306 1658 339 in
1681 316 1755 339 om-

1012 363 1105 398 nibus
1138 362 1230 398 Sedis
1272 362 1468 409 Apostolicae
1496 360 1687 396 auctoritate.
1721 358 1755 393 Si

1011 430 1070 465 qua
1095 418 1187 464 igitur
1208 426 1260 452 etc.

1060 471 1175 507 Datum
1194 470 1350 513 Laterani,
1379 482 1432 517 per
1459 481 1585 504 manum
1613 468 1755 504 Rainaldi

1012 526 1130 561 domini
1164 525 1278 573 Papae,
1314 525 1423 560 notarii
1456 523 1630 558 cancellarii
1660 525 1755 558 vicem

1012 581 1142 626 agentis,
1164 588 1273 627 quarto
1297 580 1354 614 kal¹
1376 579 1460 617 maii,
1483 578 1587 613 indict.
1607 578 1756 620 secunda,

1013 635 1130 670 incarn.
1159 646 1233 669 vero
1266 634 1350 668 dom.
1385 645 1468 668 anno
1490 644 1624 673 mcxcix,
1647 633 1755 678 pontil'.

1014 701 1085 724 vero
1120 689 1240 724 domini
1276 689 1382 723 lnnoc.
1422 686 1525 735 Papae
1558 688 1639 722 tertii
1676 699 1757 722 anno

1012 743 1164 780 secundo.

1046 811 1105 841 Dat.
1126 811 1171 841 die
1189 810 1226 840 28
1243 810 1345 850 aprilis
1366 809 1450 845 1199,
1471 808 1571 848 pontis.
1594 817 1669 837 anno
1693 817 1722 837 ιι.

1344 986 1430 1021 xxi.

1058 1065 1283 1098 'l'iironensv'bus
1305 1064 1539 1109 archiepiscopis
1558 1066 1711 1108 primatus

1012 1119 1185 1152 conceditur
1205 1130 1296 1163 super
1318 1118 1486 1151 Ecclesiam
1519 1118 1676 1151 notensem
1701 1119 1756 1160 (1).

1284 1200 1496 1232 SUMMARIL'M

1012 1269 1200 1301 Prooemium.
1222 1285 1261 1291 —
1282 1267 1421 1303 Quaestio
1447 1268 1523 1297 inter
1540 1267 1639 1298 Dolen.
1658 1272 1686 1298 et
1702 1267 1759 1298 'ru-

1052 1323 1152 1344 ronen.
1186 1312 1343 1344 Ecclesias.
1365 1329 1402 1334 —
1428 1311 1502 1348 Quid
1526 1313 1639 1343 factum*
1664 1313 1702 1343 sit
1723 1313 1759 1342 ab

1053 1358 1222 1387 lnnocentio
1254 1357 1328 1397 Papa
1363 1358 1396 1387 ad
1431 1366 1493 1386 eam
1517 1357 1759 1396 componendam.

1051 1420 1088 1425 —
1106 1402 1206 1432 Partes
1229 1403 1363 1439 auditae,
1386 1403 1574 1442 rationesque
1592 1402 1706 1433 allatae.
1722 1419 1760 1425 -—

1052 1447 1242 1478 Decessorum
1263 1448 1382 1478 firmans
1401 1448 1526 1481 decreta,
1544 1446 1695 1477 Dolensern
1707 1447 1760 1477 Er.-

1051 1493 1170 1522 clesiam
1189 1492 1354 1522 Turonensi
1377 1492 1537 1522 subiectam
1557 1492 1695 1522 declarat.
1723 1509 1760 1514 -ο

1053 1536 1161 1566 Solitae
1184 1537 1346 1568 clausulae.

1012 1612 1182 1641 Innocentius
1202 1612 1343 1648 episcopus
1359 1619 1452 1642 servus
1470 1618 1609 1641 servorum
1628 1611 1682 1645 Dei,
1697 1611 1762 1641 Bar-

1057 1663 1208 1692 tholomaeo
1243 1662 1373 1690 Tui-ouen.
1405 1661 1604 1697 archiepiscopo
1617 1682 1624 1694 ‚
1652 1661 1761 1697 eiusque

1058 1712 1258 1741 successoribus
1273 1710 1397 1740 canonice
1417 1711 1626 1744 substituendis,
1651 1711 1680 1739 in
1701 1717 1761 1747 per·

1058 1763 1179 1797 potuum.

1063 1823 1149 1868 Licet
1192 1833 1327 1881 primum
1364 1842 1392 1866 et
1442 1834 1647 1881 praecipuum
1696 1834 1761 1869 Ec-

1015 1886 1128 1922 clesiae
1150 1886 1386 1922 fundamentum
1409 1888 1449 1922 sit
1488 1888 1669 1935 unigenitus
1703 1888 1760 1924 Dei

1016 1940 1099 1976 filius
1125 1940 1215 1976 Iesus
1251 1941 1409 1986 Christus,
1436 1942 1519 1977 iuxta
1560 1942 1645 1990 quod
1686 1942 1761 1978 dicit

1016 1995 1288 2044 ApostoluszQuia
1304 1994 1542 2032 fundamentum
1555 1997 1689 2044 positum
1703 2006 1761 2036 est.

1018 2059 1140 2099 praeter
1159 2050 1243 2098 quod
1271 2049 1354 2085 aliud
1377 2051 1451 2098 poni
1466 2063 1527 2085 non
1542 2058 1659 2098 potest,
1677 2049 1760 2098 quod

1017 2113 1064 2140 est
1078 2103 1224 2139 Christus
1254 2103 1342 2139 Iesus
1368 2106 1428 2149 (ἢκ
1456 2104 1630 2140 secundum
1647 2112 1761 2145 tamen³

1018 2167 1047 2194 et
1072 2158 1292 2194 secundarium
1332 2158 1492 2194 Ecclesiae
1525 2159 1761 2194 fundamentum

1019 2213 1123 2248 existit
1143 2212 1345 2248 beatissimus
1373 2213 1533 2261 apostolus
1567 2212 1692 2258 Petrus,
1725 2212 1763 2247 ad

1019 2279 1112 2315 quern
1134 2267 1248 2302 veritas
1269 2268 1320 2302 ait:
1348 2267 1395 2303 Tu
1417 2280 1451 2303 es
1477 2267 1600 2306 Petrus,
1622 2275 1651 2301 et
1671 2279 1764 2315 super

1020 2321 1100 2356 hanc
1111 2329 1229 2368 petram
1239 2320 1408 2356 aedificabo
1415 2321 1589 2357 Ecclesiam
1598 2333 1698 2356 meam
1709 2323 1764 2367 (5),

1020 2375 1072 2422 qui
1103 2375 1183 2409 sicut
1226 2387 1241 2408 a
1277 2373 1402 2410 Christo
1434 2383 1522 2422 petra
1568 2375 1672 2411 dictus
1719 2384 1765 2411 est

1022 2428 1143 2467 Petrus,
1173 2429 1211 2463 ita
1243 2429 1334 2463 etiam
1378 2441 1393 2463 a
1430 2428 1557 2465 Christo
1589 2430 1689 2476 capite
1711 2442 1766 2465 vo-

1021 2491 1108 2517 catus
1146 2491 1192 2517 est
1228 2491 1333 2530 caput,
1366 2483 1433 2530 ipso
1468 2483 1527 2518 sibi
1549 2483 1692 2519 dicente:
1717 2484 1765 2520 Tu

1022 2536 1180 2572 vocaberis
1205 2537 1319 2584 cephas
1341 2539 1398 2582 (4),
1415 2546 1446 2572 ut
1470 2549 1526 2584 per
1552 2537 1611 2573 hoc
1631 2538 1765 2574 universi

1058 2607 1096 2643 (¹)
1112 2607 1151 2634 Ex
1168 2607 1269 2640 Baluz.‚
1289 2607 1372 2644 Epist.
1391 2609 1433 2635 79.
1490 2608 1530 2644 (2)
1550 2609 1560 2635 1
1580 2609 1641 2637 Cor.
1658 2617 1704 2641 ιιι,
1723 2612 1765 2637 Η.

1022 2651 1061 2687 (3)
1079 2651 1171 2678 Matth.
1191 2660 1246 2684 xvi,
1270 2652 1301 2679 18
1351 2652 1388 2688 (ὰ)
1405 2653 1475 2680 loan.
1495 2660 1513 2686 ι,
1534 2654 1576 2680 1ιὲ.

1769 246 1807 272 An
1836 241 1862 272 C,
1884 241 1950 271 ¹¹9⁹

1801 1839 1932 1861 Frooemium.
