2129 3223
95 283 133 307 An
161 281 189 307 C.
210 282 275 309 1⁵²ssss

340 271 408 303 :itss

289 336 358 370 dem
387 334 514 368 fratrum
543 339 720 366 nostrorum
742 329 947 366 cardinalium
960 340 1032 364 con-

287 385 369 423 silio,
395 383 475 417 sicut
503 381 675 416 viderimus
701 380 858 427 expedire.

336 433 450 468 Datum
478 431 638 478 Lugduni,
660 431 783 466 decimo
804 436 892 464 sexto
920 428 1029 463 kalen-

286 484 341 518 das
354 481 489 529 augusti,
504 480 705 529 pontificatus
721 480 817 515 nostri
830 491 912 514 anno
927 478 1027 512 tertio.

337 543 397 575 Dat.
414 544 461 574 die
477 543 512 574 17
528 543 592 574 iulii
610 543 695 578 1245,
718 542 818 582 pontit.
837 550 913 571 anno
932 549 972 570 tu.

596 616 710 623 —..-—.-.

626 702 692 736 Vll.

286 782 497 826 Portunalliae
518 792 584 824 roqe
610 792 702 824 reqno
728 780 887 812 deturbato
907 784 1029 822 propter

331 831 566 868 inhabilitatem,
590 831 676 874 requi
694 840 830 874 proceres
858 834 1027 865 morientur,

331 888 362 914 ut
388 881 492 914 comiti
512 880 673 913 Bolonien.
703 879 798 923 ipsius
823 878 903 922 regis
934 877 1030 920 fratri

330 931 487 969 obediant,
513 929 598 962 saluo
633 936 734 962 tamen
768 928 897 961 eiusdem
932 927 1024 970 regis,

329 981 451 1025 eiusque
470 979 610 1025 filiorum
632 979 696 1011 iure
724 979 778 1019 (1).

546 1055 759 1086 SUMMARlUM

279 1124 446 1154 Exordium.
468 1140 507 1146 —
524 1122 634 1152 Causae
657 1122 734 1160 regis
754 1121 930 1160 deponendi.
953 1137 991 1143 -
1006 1122 1027 1150 Α

318 1168 458 1206 Gregorio
475 1167 551 1208 Papa
569 1166 705 1196 censuris
725 1165 891 1195 innodatus.
913 1181 951 1187 —
965 1163 1027 1194 Mo-

318 1214 396 1243 nitus
426 1212 582 1252 promissis
606 1219 663 1240 non
690 1214 754 1240 stat.
778 1225 817 1232 —
838 1208 947 1239 Damna
979 1218 1029 1247 per

318 1258 383 1287 eius
412 1256 620 1296 negligentiam
651 1255 733 1294 regni
762 1253 901 1284 Ecclesiis
933 1254 1030 1291 illata3

318 1318 355 1325 —
380 1300 413 1331 Et
435 1301 581 1338 religioni.
605 1317 643 1322 -—
668 1299 738 1329 Eius
768 1299 880 1328 desidia
900 1299 929 1328 in
948 1298 1028 1337 regni

318 1347 416 1377 rebus.
440 1363 476 1367 -
498 1344 614 1375 iteratis
633 1344 729 1383 Papae
752 1344 857 1373 litteris
883 1343 1028 1379 monitus,

319 1395 346 1420 et
372 1390 577 1429 episcoporum
601 1388 719 1419 libellis.
746 1404 783 1410 -
811 1387 956 1418 Processu
974 1388 1029 1417 ita-

319 1444 375 1474 que
393 1442 482 1473 super
496 1433 542 1463 his
560 1433 706 1463 consecto:
726 1450 763 1454 —-
782 1431 873 1470 Regni
893 1441 1029 1469 proceres

319 1479 490 1509 adhortatur
513 1476 718 1513 Innocentius,
752 1480 780 1505 ut
810 1476 909 1506 comiti
941 1475 1028 1505 Bolo-

318 1523 414 1554 niensi
434 1522 511 1560 regis
530 1520 612 1551 fratri
625 1520 809 1551 obedientiae
831 1521 1028 1550 iuramentum

318 1570 474 1606 praestent:
489 1582 528 1589 ·-
547 1565 630 1596 Salvo
650 1565 782 1595 eiusdem
802 1564 890 1603 regis,
905 1565 1029 1604 eiusque

318 1609 447 1642 filiorum
469 1611 543 1641 iure.

278 1687 448 1716 Innocentius
472 1686 718 1722 episcopusservus
731 1692 870 1713 servorum
889 1685 944 1718 Del,
965 1685 1029 1713 ‹lile-

323 1737 378 1765 ctis
396 1735 462 1765 filiis
479 1735 635 1767 baronibus,
643 1735 893 1767 communitatibus,
911 1735 1032 1763 consitiis

323 1787 382 1815 tam
398 1785 554 1817 civitatum,
576 1790 657 1820 quam
677 1784 843 1817 castrorum.
863 1785 893 1812 et
918 1783 1031 1812 alioruin

322 1836 452 1867 locorum.
473 1841 503 1862 ao
522 1833 659 1863 universis
689 1833 826 1862 militibus
861 1834 892 1862 et
925 1833 1032 1869 populis

323 1892 371 1923 per
387 1891 500 1920 regnum
518 1883 704 1919 Portugatttao
723 1883 896 1915 constitutis.
913 1883 1031 1912 salutem

324 1937 353 1965 ot
367 1934 547 1971 apostoticam
567 1933 791 1962 benedictionem.

329 2005 449 2042 Grandi
483 2017 545 2040 non
588 2005 746 2039 immerito
781 2004 960 2039 exultamus
999 2004 1029 2038 in

193 2070 202 2083 υ
229 2079 231 2081 ·
281 2057 419 2094 Domino
445 2054 571 2102 gaudio,
594 2066 664 2089 cum
697 2054 885 2089 christianae
909 2054 1030 2101 profes—

282 2107 380 2142 sionis
402 2118 496 2152 regna
523 2106 567 2139 sic
594 2104 711 2139 salubri
739 2103 917 2149 diriguntur
938 2111 1031 2147 statu,

285 2157 368 2205 quod
398 2154 578 2197 Ecclesiae,
618 2167 653 2189 ac
684 2153 740 2188 alia
776 2154 841 2188 loca
869 2153 965 2188 cultui
1002 2160 1032 2187 et

284 2206 436 2253 obsequio
473 2204 620 2252 deputata
656 2203 780 2245 divinis,
814 2211 843 2237 et
880 2214 1031 2249 personae

284 2256 528 2297 ecclesiasticae,
550 2254 728 2300 caeterique
757 2252 866 2287 fideles
889 2253 1029 2300 ipsorum

285 2306 370 2353 pacis
393 2303 617 2352 tranquillitate
640 2303 810 2342 laetantur,
835 2302 912 2337 fides
934 2302 964 2336 in
988 2303 1032 2337 eis

286 2354 437 2390 catholica
465 2353 572 2389 maiori
601 2354 750 2387 continue
778 2352 889 2387 robore
916 2364 1031 2387 conva-

287 2404 385 2443 lescit,
413 2412 551 2439 servatur
580 2402 655 2437 inibi
685 2403 821 2442 iustitia,
849 2410 878 2437 et
905 2401 1031 2436 audacia

288 2454 408 2489 cunctis
443 2452 558 2488 ibidem
601 2452 809 2487 interdicitur.
846 2451 1030 2487 Veliementi

288 2511 389 2538 autem
412 2503 519 2537 dolore
548 2502 721 2542 turbamur,
743 2502 767 2536 si
790 2501 915 2549 quando
937 2513 1030 2547 regna

290 2553 367 2599 ipsa,
388 2552 472 2600 quod
494 2551 585 2594 absit,
608 2559 794 2599 procurante
815 2551 943 2586 humani
971 2563 1032 2597 ge-

290 2601 373 2636 neris
388 2601 526 2645 inimico,
548 2601 735 2637 scinduntur
753 2601 928 2640 discordiis,
951 2602 1032 2635 circa

325 2672 364 2705 (¹)
380 2671 416 2698 Ex
435 2673 537 2705 Repe-st.
560 2673 642 2699 Vatic-

872 274 972 297 Bt'LLA
978 273 1058 296 RlUM
1081 272 1242 295 Ronlanum

1075 326 1144 361 tidei
1172 327 1293 361 cultum
1329 328 1460 361 remisso
1499 326 1676 361 devotionis
1702 326 1816 361 ardore

1073 384 1260 423 tepescunt,
1292 376 1440 411 iustitiam
1469 376 1649 423 negligunt,
1672 375 1754 411 etin
1782 388 1816 410 se

1073 426 1149 473 ipsis
1172 425 1355 473 permittunt
1384 425 1489 461 illicita
1516 426 1696 473 perpetrari.
1724 424 1816 460 Unde

1073 475 1168 510 multa
1190 475 1401 511 sollicitudine
1424 488 1601 523 magnoque
1626 475 1731 510 studio
1747 487 1815 522 pro·

1071 537 1180 560 curare
1222 537 1279 560 nos
1317 525 1477 570 convenit,
1509 534 1541 559 ut
1574 525 1813 560 christianorum

1072 587 1178 621 regna,
1200 587 1280 622 quae
1307 575 1337 609 in
1361 582 1440 609 statu
1468 581 1542 609 sunt
1575 586 1743 622 prospero,
1770 575 1814 609 in-

1070 624 1332 659 commutabiliter
1353 624 1382 658 in
1406 624 1458 659 illo
1485 631 1648 670 regantur,
1681 632 1711 659 et
1733 637 1813 671 quae

1071 674 1246 721 periculoso
1273 686 1367 708 ruere
1393 673 1636 720 dignoscuntur,
1664 673 1813 708 reforma-

1070 723 1154 759 tione
1193 723 1338 758 laudabili
1378 730 1570 769 reparentur.
1613 722 1698 758 Sane
1739 735 1810 756 cuin

1070 774 1274 808 charissimus
1290 772 1321 807 in
1336 771 1463 808 Christo
1477 772 1560 807 filius
1574 780 1724 807 noster....
1741 772 1812 807 Por-

1070 822 1214 870 tugalliae
1233 835 1285 857 rex
1301 821 1432 857 illustris
1445 834 1460 857 a
1477 821 1607 868 pueritia
1622 834 1690 862 sua,
1711 821 1812 857 clarae
1839 828 1917 850 Cau-‘1³⁶
1939 830 2008 864 ,vesi-

1070 872 1239 908 memoriae
1261 879 1345 918 patre
1370 884 1429 907 suo
1455 872 1534 906 viam
1556 871 1720 907 universae
1737 883 1813 907 car-
1826 860 1952 887 ‘¹⁹⁹⁰'⁸¹¹‘¹''

1070 923 1118 957 nis
1156 922 1311 969 ingresso,
1342 921 1430 968 regui
1457 920 1668 968 Portugalliae
1693 920 1812 968 guber-

1070 972 1196 1006 natione
1215 978 1373 1018 suscepta,
1395 970 1553 1006 Ecclesias
1572 979 1603 1006 et
1625 972 1812 1007 monasteria

1069 1021 1232 1056 existentia
1259 1021 1289 1055 in
1312 1020 1434 1061 eodem,
1460 1032 1555 1068 pravo
1576 1033 1651 1056 usus
1671 1020 1813 1065 consilio,

1070 1071 1099 1105 in
1122 1082 1246 1117 gravem
1273 1070 1332 1105 Dei
1362 1069 1512 1105 offensam
1548 1079 1578 1105 et
1601 1070 1813 1106 conculcatio-

1071 1132 1140 1154 nem
1168 1119 1397 1155 ecclesiasticae
1429 1119 1590 1162 libertatis,
1617 1120 1813 1155 multimodis

1070 1169 1286 1205 exactionibus
1315 1177 1346 1204 et
1383 1169 1643 1217 oppressionibus
1681 1182 1735 1217 per
1766 1183 1809 1205 se.

1070 1231 1206 1267 suosque
1231 1219 1407 1254 immaniter
1427 1219 1598 1262 afflixisset,
1621 1227 1653 1254 et
1678 1218 1718 1254 ab
1743 1220 1813 1254 aliis

1071 1282 1125 1315 pro
1173 1269 1313 1316 ipsorum
1356 1268 1445 1303 libito
1485 1269 1580 1303 libere
1622 1269 1812 1315 permisisset

1070 1318 1180 1364 affligi;
1216 1318 1341 1354 tandem
1379 1318 1568 1365 quibusdam
1602 1318 1813 1353 Ecclesiarum

1073 1369 1216 1412 praelatis
1241 1367 1385 1403 eiusdem
1425 1368 1510 1414 regni
1538 1368 1619 1415 apud
1657 1367 1816 1403 Romanos

1072 1418 1239 1453 Pontifices
1266 1417 1524 1464 praedecessores
1549 1426 1672 1452 nostros
1702 1429 1814 1464 quere-

1072 1468 1114 1502 las
1148 1466 1339 1514 multiplices
1371 1480 1468 1514 super
1503 1466 1552 1501 his
1580 1466 1814 1514 deponentibus

1070 1525 1175 1551 contra
1207 1528 1291 1556 eum,
1313 1516 1411 1551 felicis
1436 1516 1660 1552 recordationis
1691 1515 1996 1572 Gi·eg0-P>⁴G¹'0=³⁰“⁰.

1072 1568 1136 1601 rius
1164 1565 1246 1613 Papa
1276 1565 1497 1612 praedecessor
1528 1574 1634 1601 noster
1657 1574 1727 1613 post
1753 1557 2009 1605 liu-anil’ssiiaiiii'i'um

1072 1615 1207 1650 iusmodi
1240 1615 1384 1662 querelas
1416 1623 1447 1650 et
1479 1614 1710 1651 admonitiones
1744 1615 1815 1651 l're-

1070 1672 1203 1712 quentes
1241 1664 1305 1712 regi
1337 1673 1465 1712 propter
1491 1664 1551 1700 boc
1577 1665 1672 1700 factas
1698 1664 1813 1710 eidem,

1071 1727 1105 1749 ac
1127 1714 1361 1761 expectationes
1381 1714 1532 1755 diutinas,
1555 1726 1676 1750 necnon
1699 1722 1730 1749 et
1759 1715 1814 1750 in-

1072 1763 1192 1799 terdicti
1222 1775 1258 1798 ac
1288 1763 1620 1799 excommunicationis
1644 1765 1816 1799 sententias

1072 1813 1111 1848 ob
1138 1812 1237 1859 ipsius
1259 1813 1488 1848 contumaciam
1514 1813 1545 1847 in
1572 1825 1658 1857 eum,
1680 1821 1710 1848 et
1733 1825 1814 1860 prae-

1073 1862 1167 1897 fatum
1192 1874 1324 1909 reguum
1347 1863 1530 1898 auctoritate
1550 1862 1721 1911 apostolica
1748 1875 1816 1911 pro-

1072 1912 1242 1959 mulgatas,
1273 1912 1392 1959 diuque
1418 1911 1596 1948 observatas
1618 1912 1734 1948 ibidem
1762 1925 1816 1948 su-

1073 1974 1128 2009 per
1151 1962 1244 1997 certis
1277 1961 1454 2009 praedictae
1488 1962 1637 1997 libertatis
1665 1963 1822 2002 articulis,-

1071 2021 1100 2046 et
1123 2011 1310 2059 quibusdam
1337 2011 1409 2047 aliis
1430 2012 1468 2047 ab
1495 2024 1532 2047 eo
1559 2020 1589 2047 et
1621 2012 1687 2048 suis
1713 2013 1817 2059 impo-

1071 2069 1188 2096 sterum
1223 2061 1439 2105 observandis,
1468 2070 1499 2097 et
1524 2061 1735 2098 satisfactione
1756 2062 1817 2096 im-

1073 2110 1238 2158 pendenda
1279 2111 1476 2146 monasteriis
1515 2119 1545 2146 et
1588 2111 1738 2147 Ecclesiis
1778 2111 1816 2146 de

1072 2160 1194 2195 damnis
1228 2173 1264 2195 ac
1300 2160 1423 2196 iniuriis
1457 2173 1513 2208 per
1546 2161 1650 2208 ipsum
1683 2169 1714 2196 et
1741 2174 1816 2197 suos

1072 2210 1217 2256 irrogatis
1244 2210 1383 2252 eisdem,
1412 2222 1447 2245 ac
1469 2210 1609 2257 ipsorum
1636 2210 1816 2246 defensione

1072 2259 1158 2294 duxit
1181 2259 1346 2295 salubriter
1368 2260 1609 2307 providendum,
1628 2260 1721 2295 certis
1741 2273 1817 2295 exe-

1072 2309 1254 2356 qutoribus,
1281 2310 1334 2356 qui
1362 2322 1432 2344 eum
1456 2309 1494 2345 ad
1522 2309 1583 2345 hoc
1607 2309 1815 2345 ecclesiastica

1072 2371 1202 2394 censura
1221 2358 1458 2406 compellerent,
1473 2359 1710 2407 deputatis.Sed
1721 2359 1815 2403 idem,

1073 2409 1206 2456 receptis
1239 2409 1482 2456 apostolicarum
1516 2409 1729 2457 provisionum
1756 2409 1817 2443 lit-

1073 2458 1158 2498 teris,
1194 2459 1266 2493 licet
1301 2459 1478 2506 promiserit
1505 2471 1560 2505 per
1580 2470 1654 2494 suas
1676 2467 1816 2506 patentes

1074 2508 1206 2552 litteras,
1234 2508 1318 2556 quod
1341 2508 1488 2544 articulos
1516 2516 1680 2543 contentos
1708 2508 1739 2542 in
1762 2520 1816 2543 ea-

1074 2558 1217 2593 rumdem
1253 2557 1466 2606 provisionum
1501 2557 1609 2593 litteris
1638 2565 1669 2592 et
1708 2557 1819 2593 obser—

1074 2615 1157 2643 varet
1179 2615 1209 2642 et
1230 2607 1343 2643 faceret
1365 2620 1381 2642 a
1403 2607 1470 2643 suis
1489 2606 1625 2642 subditis
1646 2606 1816 2649 observari;

1074 2656 1277 2704 postmodum
1313 2666 1413 2692 tamen
1442 2668 1503 2692 non
1539 2655 1641 2692 solum
1672 2657 1818 2704 praelatis

1844 2365 1933 2387 Monztui
1961 2371 2012 2392 pro-

1830 2399 1900 2418 missis
1910 2401 1952 2418 non
1962 2400 2010 2418 etat.

1833 270 1883 297 An.
1901 271 1929 298 C.
1945 272 2012 299 {Mb

2078 1886 2122 2074 ‹waima-⁸·
2107 1867 2109 1869 —
