2129 3223
66 215 104 242 An
133 213 246 240 019ιὸ

73 1103 163 1124 [nassae
203 1104 243 1124 de-

60 1135 120 1154 rretl.

71 2033 171 2057 Hortatur
195 2034 242 2056 hle-

886 215 1050 238 ntixotttt's
1074 217 1107 238 ΙΙΙ
1132 217 1178 238 ΙΨ,

569 267 696 303 XXVII.

265 341 450 374 Exhortatio
471 341 513 373 ad
538 340 777 374 Mediolanenses
815 353 915 374 omnes
930 370 938 379 ,
980 349 1013 375 ut

309 397 414 422 contra
437 389 567 423 Pisanos
588 389 737 434 quosdam
759 391 928 424 Sardiniae
959 403 1012 424 oc-

309 446 476 482 eupatoros,
498 450 576 482 quae
596 440 674 472 iuris
701 440 891 483 Apostolicae
925 440 1012 473 Sedis

308 487 422 524 eaet'stit.
451 495 627 532 assuryant,
651 500 718 521 cum
750 489 1012 532 iitdnlyenlt'arum

308 536 489 580 elargitione
516 538 569 580 (l).

526 609 624 640 SUMM
628 609 712 640 Attin
718 610 739 639 Μ

257 676 383 706 Caussae
405 675 525 706 decreti.
548 692 588 698 —
609 675 746 706 Hortatur
777 676 1011 707 Mediolanenses

298 724 329 750 ut
347 719 490 759 repellant
518 719 641 750 Pisanos
663 719 831 750 Sardiniam
863 721 1010 751 violientia

297 764 477 799 invadentes,
495 768 522 794 et
539 764 603 794 iura
626 763 654 794 S.
674 764 704 793 A.
726 763 893 794 defendant.

256 839 387 868 Honorius
401 839 543 876 episeopus
561 846 656 868 servus
680 846 821 869 servorum
832 839 889 873 Bai,
902 841 1012 869 dilectis

299 888 366 917 tuiis
395 888 530 917 universis
560 887 785 919 christifidelibus
811 895 859 924 pei·
882 889 1009 918 Mediola-

299 943 408 966 nensem
440 936 608 972 provinciam
626 936 801 970 constitutis.
838 937 958 967 salutem
980 939 1011 967 et

298 985 480 1022 apostolicam
499 985 723 1014 benedictionem.

304 1047 386 1083 Cum
412 1047 625 1083 Ecclesiarum
654 1049 796 1083 omnium
821 1049 886 1084 iura
909 1050 1009 1084 exin-

256 1097 364 1132 inncto
391 1097 484 1132 nobis
507 1096 609 1132 officio
632 1097 804 1132 defendere
831 1106 1007 1140 teneamur,

253 1158 364 1193 graves
393 1155 423 1182 et
437 1146 649 1182 intolerabiles
665 1147 827 1182 Ecclesiae
846 1147 1008 1183 Romanae

254 1196 386 1231 iniurias
407 1195 605 1231 dissimulare
628 1197 709 1230 salva
734 1197 927 1232 conscientia
945 1209 1006 1232 non

254 1245 405 1280 valemus.
434 1244 518 1280 Hinc
539 1253 589 1280 est
613 1246 696 1292 quod
724 1245 763 1280 ad
786 1254 919 1281 vestram
949 1258 1007 1281 co-

253 1295 360 1340 gimur
381 1294 520 1341 perferre
550 1295 702 1337 notitiam,
743 1295 827 1341 quod
864 1294 1007 1330 Ubaldus

254 1352 284 1378 et
319 1343 509 1378 Lambertus
542 1342 634 1378 frater
668 1344 748 1383 eius,
771 1343 855 1377 cives
888 1344 1005 1385 Pisani,

253 1405 324 1427 cum
352 1392 543 1439 quibusdam
559 1391 770 1438 complicibus
791 1393 858 1427 suis
889 1401 1004 1428 terram

254 1441 430 1485 Sardiniae,
451 1453 532 1488 quae
568 1441 644 1476 iuris
666 1449 695 1475 et
713 1442 910 1488 proprietatis
923 1442 1007 1490 Apo·

253 1490 382 1526 stolicae
405 1489 498 1525 Sedis
519 1491 635 1534 existit,
673 1489 731 1525 Dei
765 1491 875 1526 timore
911 1499 1006 1538 post—

255 1541 370 1587 posito,
395 1539 598 1583 invadentes,
625 1548 742 1586 partem
770 1549 1006 1587 occupaverunt

255 1589 366 1636 ipsius,
387 1597 417 1624 et
438 1589 475 1623 ad
503 1589 595 1623 aliam
618 1589 834 1636 occupandam
857 1589 1005 1624 anhelant

255 1639 286 1673 in
308 1650 433 1685 gravem
456 1637 618 1673 Ecclesiae
653 1637 815 1673 Romanae
860 1639 1003 1674 iniuriam

253 1695 284 1722 et
310 1695 541 1734 contemptum
570 1699 630 1722 nec
668 1699 724 1722 eos
765 1687 803 1722 ab
838 1688 1003 1735 iniquitate

254 1736 434 1772 huiusmodi
448 1737 646 1784 aliquatenus
664 1748 809 1771 revocare
831 1737 1004 1783 potuimus,

253 1786 325 1821 licet
347 1786 453 1821 multis
480 1785 710 1820 monitionibus
743 1785 880 1832 benigne
914 1786 1006 1820 insti-

254 1835 385 1870 terimus
398 1834 482 1882 apud
505 1847 571 1879 eos,
594 1834 677 1869 unde
700 1835 838 1880 ipsorum
854 1835 1003 1881 exigente

253 1885 468 1927 contumacia,
490 1883 521 1918 in
555 1894 611 1918 eos
649 1891 680 1918 et
723 1883 861 1919 fautores
893 1896 1003 1919 eorum

252 1933 350 1968 coacti
392 1945 504 1968 sumus
546 1932 881 1967 excommunicationis
928 1946 1004 1968 sen—

253 1982 384 2018 tentiam
407 1981 801 2029 promulgare.Monemus
822 1982 917 2028 igitur
932 1983 1004 2017 uni-

255 2032 432 2067 versitatem
443 2039 589 2075 vestram,
610 2039 641 2066 et
663 2030 865 2066 obsecramus
887 2032 916 2066 in
939 2031 1005 2067 Do·

59 2066 195 2088 niutau-nse:
219 2069 242 2087 ut
292 2081 298 2087 .

59 2096 164 2124 repellant
179 2095 242 2117 Pna-

59 2133 98 2149 nos
124 2127 241 2149 Sardiniam

59 2157 162 2180 violenti·
184 2159 243 2180 inv-a—

60 2189 143 2215 dentes,
158 2191 180 2210 et
196 2190 242 2210 tura

60 2218 79 2240 S.
89 2220 113 2240 Α.
120 2218 240 2241 detendunt.

257 2092 344 2116 mino
369 2092 427 2128 per
447 2080 617 2126 apostolica
643 2079 731 2114 vobis
759 2081 873 2127 scripta
908 2093 1004 2116 man-

254 2130 367 2165 dantes
387 2138 417 2164 et
453 2129 653 2174 iniungentes
681 2129 711 2162 in
747 2137 919 2164 vestrorum
955 2142 1004 2165 re-

255 2179 395 2215 medium
423 2186 636 2226 peccatorum,
658 2186 815 2224 quatenus
842 2178 1004 2214 Romanae

254 2228 415 2265 Ecclesiae
438 2228 528 2263 matri
552 2235 671 2262 vestrae
699 2226 729 2261 in
752 2226 811 2262 hac
828 2240 883 2263 sua
911 2240 1003 2263 causa

257 2278 381 2326 propria
397 2277 479 2312 sicut
505 2276 683 2311 devotionis
704 2275 757 2310 filii
781 2277 911 2312 viriliter
925 2278 1005 2312 assi-

1682 210 1751 241 345

1053 282 1239 306 succursum
1263 273 1292 306 in
1316 274 1417 307 istanti
1456 274 1566 308 martio
1599 282 1697 309 terras
1730 274 1801 308 mit-

1053 320 1136 364 tatis,
1180 328 1211 355 ut
1244 320 1452 357 defendentes
1493 323 1558 358 iura
1595 322 1676 358 beati
1718 322 1801 358 Petri

1055 369 1140 415 regni
1167 369 1327 405 coelorum
1361 372 1522 418 clavigeri,
1569 384 1640 406 eum
1683 372 1713 407 in
1750 372 1803 407 di-

1053 418 1160 453 stricto
1183 419 1299 454 iudicio
1327 420 1468 456 invenire
1488 422 1658 468 propitium
1689 421 1802 457 merito

1053 467 1202 503 debeatis.
1226 468 1289 503 Nos
1316 478 1419 504 autem
1442 470 1481 504 de
1504 470 1559 505 Dei
1578 471 1801 514 misericordia,

1053 525 1082 552 et
1110 517 1271 553 beatorum
1299 517 1382 553 Petri
1405 528 1434 554 et
1469 519 1557 554 Pauli
1584 520 1801 568 apostolorum

1052 567 1120 601 eius
1166 568 1352 603 auctoritate
1394 568 1518 612 confisi,
1556 570 1703 605 omnibus
1747 570 1800 617 qui

1053 629 1124 651 cum
1159 616 1325 652 devotione
1357 618 1395 652 ad
1431 618 1598 666 praefatam
1644 619 1801 655 Ecclesiae

1053 674 1167 700 terram
1189 665 1421 702 defendendam
1443 668 1641 709 accesserint,
1660 677 1801 717 quartam

1053 724 1172 760 partem
1195 714 1233 751 de
1252 716 1400 751 iniunctis
1427 716 1485 752 sibi
1507 717 1709 764 poenitentiis
1744 730 1800 754 re-

1052 763 1203 799 laxamus.

1101 813 1214 848 Datum
1230 813 1374 850 Laterani
1395 823 1506 862 quarto
1523 815 1594 851 idus
1611 816 1800 861 novembris,

1053 862 1254 909 pontificatus
1276 865 1370 898 nostri
1393 876 1476 899 anno
1495 866 1597 900 tertio.

1051 923 1112 955 Dat.
1137 924 1184 955 die
1201 925 1238 955 10
1256 925 1425 956 novembris
1445 926 1531 965 1218,
1554 928 1657 967 pontis.
1680 936 1756 958 anno
1771 936 1801 957 ιι.

1355 1085 1498 1121 XXVIII.

1203 1158 1404 1203 Confirmatio
1423 1159 1656 1203 privilegiorum

1263 1209 1349 1252 reyni
1375 1208 1497 1241 Scoliae
1514 1210 1572 1251 (1).

1317 1279 1531 1311 SUMMARIUM

1048 1345 1213 1376 Exordium.
1245 1362 1284 1368 ·-
1316 1345 1471 1376 Scoticana
1491 1345 1622 1377 Ecclesia
1650 1346 1798 1378 Romanae

1086 1390 1226 1430 specialis
1255 1389 1324 1419 filia.
1354 1406 1394 1412 -
1414 1389 1565 1421 Ecclesiae
1587 1391 1614 1421 ei
1637 1390 1798 1422 subiectae.

1086 1450 1124 1456 —-
1146 1433 1301 1472 Privilegia
1321 1434 1347 1464 ei
1367 1434 1550 1464 confirmata.
1572 1451 1612 1458 —-
1632 1434 1798 1466 Clausulae.

1046 1509 1178 1539 Honorius
1196 1511 1338 1546 episcopus
1356 1517 1452 1539 servus
1468 1516 1608 1540 servornm
1626 1510 1681 1545 Dei.
1695 1510 1797 1540 charis·

1092 1560 1160 1589 simo
1180 1560 1208 1589 in
1226 1560 1333 1589 Christo
1359 1559 1414 1588 tilio
1434 1560 1585 1589 Alexandro
1604 1559 1711 1589 illustri
1737 1560 1799 1589 Sco-

1090 1610 1183 1638 torum
1202 1610 1260 1645 regi
1279 1609 1391 1646 eiusque
1425 1609 1627 1638 successoribus
1655 1609 1684 1638 in
1701 1615 1799 1645 perpe·

1091 1659 1180 1691 tunm.
1201 1658 1321 1688 satutem
1340 1659 1370 1687 et
1390 1659 1567 1694 apostolicam
1576 1658 1797 1688 benedictionem.

1095 1738 1176 1773 Cum
1189 1739 1329 1774 universi
1348 1738 1458 1774 fideles
1479 1738 1560 1786 apud
1580 1738 1699 1775 Sedem
1715 1739 1796 1786 Apo-

1045 1787 1187 1822 stolicam
1228 1789 1437 1834 patrocinium
1481 1789 1622 1823 invenire
1662 1787 1797 1823 debeant

1046 1845 1075 1871 et
1097 1836 1247 1878 favorem;
1276 1837 1346 1872 illos
1367 1846 1471 1872 tamen
1511 1838 1681 1885 specialius
1719 1849 1796 1872 con—

1046 1887 1131 1920 venit
1153 1887 1225 1921 eius
1248 1887 1449 1933 protectionis
1475 1887 1653 1921 munimine
1687 1885 1797 1921 confo-

1048 1935 1122 1975 veri,
1152 1948 1288 1983 quorum
1328 1935 1422 1971 fidem
1457 1948 1493 1972 ac
1526 1935 1726 1971 devotionem
1767 1936 1795 1969 in

1046 1984 1191 2031 pluribus
1213 1993 1263 2020 est
1283 1994 1423 2032 experta,
1445 1993 1480 2019 ut
1501 1985 1540 2020 ad
1568 1985 1669 2032 ipsius
1708 1984 1796 2019 dile-

1046 2034 1159 2068 ctionis
1199 2034 1354 2070 fervorem
1391 2042 1477 2070 tanto
1514 2035 1651 2081 amplius
1683 2045 1794 2080 provo-

1045 2092 1167 2124 centur,
1189 2092 1218 2118 et
1241 2084 1311 2119 eius
1333 2084 1524 2118 reverentiae
1548 2083 1699 2118 devotiori
1723 2082 1797 2117 affe-

1045 2133 1150 2167 ctione
1177 2132 1364 2174 subdantur,
1397 2141 1517 2180 quanto
1556 2131 1794 2167 benevolentiae

1047 2182 1160 2227 ipsius,
1182 2191 1211 2217 et
1233 2182 1347 2228 gratiae
1375 2183 1490 2229 pignus
1511 2193 1543 2216 se
1567 2183 1708 2217 noverint
1731 2191 1793 2215 cer‘

1023 2232 1027 2303 Ι
1047 2232 1107 2265 tius
1133 2239 1307 2278 assequtos.

1096 2279 1138 2314 Ea
1167 2289 1306 2334 propter,
1327 2279 1514 2314 charissime
1540 2280 1570 2314 in
1594 2278 1720 2314 Christo
1738 2279 1793 2323 fili,

254 2335 385 2371 stentes,
411 2326 527 2361 dilecto
549 2325 613 2360 filio
639 2324 736 2359 nobili
764 2325 830 2361 viro
864 2326 1004 2361 Mariano
1046 2338 1250 2364 reverentiam
1291 2341 1327 2363 ac
1368 2329 1581 2369 devotionem,
1621 2340 1714 2376 quam
1755 2329 1792 2364 ad

255 2376 352 2413 iudici
380 2375 560 2416 Turritano,
582 2374 634 2421 qui
663 2386 736 2409 cum
758 2374 836 2415 aliis,
858 2387 939 2422 quos
966 2374 1004 2410 ad
1046 2378 1220 2413 Romanam
1244 2377 1415 2412 Ecclesiam
1438 2389 1454 2412 a
1476 2377 1579 2424 longis
1607 2386 1688 2413 retro
1713 2386 1794 2414 tem-

254 2427 324 2461 eius
344 2426 518 2461 excitamus
540 2423 702 2464 auxilium,
725 2423 894 2470 magnifice
911 2436 945 2459 se
958 2436 1005 2459 ac·
1047 2429 1176 2474 poribus
1208 2436 1236 2461 te
1262 2438 1297 2461 ac
1338 2426 1596 2473 praedecessores
1635 2435 1705 2462 tuos
1739 2427 1796 2463 lia-

255 2475 355 2522 cingit
379 2474 417 2510 ad
454 2473 687 2522 praedictorum
716 2474 1006 2509 excommunicato·
1023 2495 1028 2532 ε
1047 2477 1154 2511 buisse
1170 2476 1381 2523 cognovimus
1398 2476 1606 2516 attendentes.
1624 2477 1795 2523 praesentis

256 2536 326 2559 rum
348 2522 526 2559 violentiam
554 2521 780 2570 repellendam,
817 2521 1004 2558 bellatorum
1023 2534 1028 2551 ¹
1046 2525 1152 2573 scripti
1177 2526 1288 2573 pagina
1316 2525 1354 2560 ad
1381 2525 1542 2572 exemplar
1569 2524 1669 2562 felicis
1696 2538 1797 2563 recor·

292 2593 332 2630 (l)
346 2593 386 2622 Ex
403 2593 509 2629 Regest.
526 2593 611 2621 Vatic.

374 2637 447 2668 Ball.
466 2636 543 2668 Rom.
565 2637 619 2666 Vol.
642 2635 692 2666 111.
827 2636 864 2666 44

1083 2595 1121 2630 (l)
1138 2595 1177 2622 Ex
1194 2594 1295 2630 Regest.
1321 2595 1403 2622 Vatic.

1817 218 1999 245 An.C.1218

1843 1747 1962 1771 Exordiu-

1821 2286 1936 2310 Scoticana
1953 2287 1993 2310 Βιν-

1808 2317 1876 2340 clena
1888 2317 1994 2341 Rom-nae

1807 2349 1909 2377 spectatis
1942 2350 1991 2373 tilia.
