2129 3223
412 258 483 292 ⁶206

363 332 494 359 stentur.
528 321 609 364 Quia
643 332 716 354 vero
752 330 813 354 non
842 319 871 353 in
915 317 982 352 solo
1028 328 1108 364 pane

166 376 348 428 Πξζζξξξξζωξζζξ
364 377 436 412 vivit
461 377 568 414 homo,
596 374 651 409 sed
690 374 720 408 in
758 373 844 409 omni
886 371 980 406 verbo
1022 370 1107 416 quod

166 443 210 457 ΝΜ
233 420 347 458 {ardim-
364 430 505 478 procedit
531 442 568 465 ex
590 441 644 464 ore
665 428 735 469 Dei,
757 427 850 463 debet
878 426 950 462 huic
984 426 1106 460 stationi

164 467 208 488 bl*
361 485 524 521 Romanus
550 482 694 519 Pontifex
716 494 786 517 curn
809 481 875 517 suis
896 479 1107 515 cardinalibus

360 541 524 585 interesse,
551 546 585 574 ut
611 547 641 574 et
672 538 838 572 missarum
879 534 1029 570 solemnia
1065 534 1104 568 ibi

359 594 506 634 celebret,
528 601 559 629 et
585 591 828 629 exhortatorium
851 589 943 624 faciat
975 588 1014 623 de
1049 588 1106 622 hac

358 649 537 684 celebritate
566 658 758 685 sermonem,
794 656 871 679 neve
912 642 1012 677 fidelis
1046 655 1104 690 po-

357 704 452 750 pulus
477 702 639 738 famelicus
655 701 694 736 ab
720 700 770 734 his
792 698 910 746 nuptiis
922 704 1104 741 revertatur,

358 766 478 805 praeter
499 756 691 792 materialem
714 762 744 789 et
784 750 1000 804 doctrinalem,
1038 751 1104 798 spi-

357 812 501 848 ritualem
534 822 661 858 quoque
694 808 752 843 sibi
788 806 890 842 cibum
932 804 1103 852 impendat,

356 867 575 902 remissionem
609 864 704 899 unius
746 861 819 896 anni
867 859 906 894 de
953 858 1104 906 iniunctis

355 920 416 956 sibi
455 918 656 968 poenitentiis
690 913 896 962 indulgendo.
938 912 1103 947 Monemus

170 980 197 1022 ‚¹⁴⁰-
215 982 295 1016 ¹fi³⁶r³⁶
312 976 449 1022 111-1151101
470 983 501 1010 et
522 974 726 1009 obsecramus
747 979 946 1005 successores
981 973 1103 1002 nostros

157 1016 268 1064 “il—¹32&
292 1019 340 1034 ΞΜ-
356 1042 409 1077 per
430 1029 533 1064 lesum
566 1026 740 1065 Christum,
775 1025 828 1071 qui
868 1029 1018 1057 venturus
1056 1030 1102 1057 est

354 1085 493 1120 iudicare
520 1083 606 1117 vivos
628 1090 657 1116 et
684 1087 838 1123 mortuos,
866 1085 899 1112 ut
939 1077 1020 1111 hanc
1053 1076 1102 1110 in-

353 1139 560 1177 stitutionem,
583 1147 663 1183 quae
681 1134 750 1182 ipso
789 1140 879 1176 teste,
913 1130 951 1165 de
980 1130 1102 1177 pietatis

354 1195 439 1229 1111110
467 1191 632 1240 processit,
651 1189 765 1224 13013111
786 1185 1008 1222 inviolabiliter
1045 1184 1101 1219 ob-

352 1247 480 1291 servari,
526 1245 584 1281 5011
624 1242 822 1279 attestatione
863 1239 958 1274 divini
995 1239 1100 1274 iudicii

354 1301 568 1349 prohibentes,
597 1307 629 1333 ut
663 1296 741 1332 nulli
772 1295 901 1330 omnino
936 1293 1099 1328 hominum

352 1356 441 1391 liceat
464 1354 545 1389 hanc
572 1352 718 1400 paginam
742 1358 865 1385 nostrae
887 1348 1102 1383 concessionis

352 1419 382 1446 ct
402 1408 551 1445 iussionis
573 1407 744 1452 infringere
770 1413 822 1438 etc.
863 1403 895 1437 Si
940 1403 1010 1449 quis
1044 1414 1101 1436 311-

353 1473 414 1499 tem
437 1472 490 1498 ecc.

401 1518 515 1553 Datum
543 1517 663 1551 Romae
685 1513 767 1561 apud
790 1513 939 1547 Sanctum
972 1510 1099 1544 Petrum

351 1572 443 1608 tertio
466 1583 565 1606 nonas
599 1569 742 1609 ianuarii,
776 1566 976 1614 pontificatus
1004 1564 1099 1599 nostri

352 1639 434 1662 anno
461 1625 596 1660 decimo.

384 1683 443 1714 Dat.
464 1683 510 1713 (110
534 1683 551 1712 3
567 1681 692 1711 ianuarii
717 1681 799 1717 1208,
822 1679 922 1719 pontis.
943 1688 1018 1707 311110
1041 1687 1068 1705 x,

166 271 217 297 An>
236 269 265 297 C.
281 270 347 297 1208

691 1836 769 1871 LIV.

356 1924 585 1968 Confirmantw·
608 1919 773 1965 priuileqhz
794 1918 944 1951 Ecclesiae
966 1918 1103 1950 Trecensi

415 1987 551 2010 concessa
571 1986 624 2019 per
649 1985 747 2017 raqem
770 1973 959 2005 Francorum
996 1973 1051 2013 (11.

623 2050 834 2083 SUMMARIUM

356 2127 545 2157 Prooemium.
569 2141 608 2146 —
625 2123 779 2162 Philippus
799 2131 846 2151 rex
869 2121 991 2151 benefic.
1015 2121 1102 2150 colla-

397 2174 488 2202 tiones
507 2171 646 2210 episoopo
661 2168 796 2197 restituit.
815 2184 853 2189 —
872 2166 1008 2196 Eiusdem
1025 2166 1103 2202 regis

395 2217 532 2256 diploma.
551 2232 590 2237 —
608 2213 684 2243 Bona
704 2211 841 2242 Trecensi
860 2211 1007 2241 Ecclesiae
1029 2211 1103 2239 data.

394 2280 433 2286 —
450 2260 598 2299 Exemptio
616 2269 630 2288 a
648 2257 831 2288 subiectione
848 2256 963 2287 00101115
982 2255 1103 2285 Treccn.

396 2326 430 2328 —
464 2305 546 2335 Aliae
579 2302 801 2333 concessiones.
834 2318 873 2323 —
904 2300 979 2330 llaec
1006 2302 1103 2332 onmia

396 2352 550 2381 confirmat
570 2348 710 2379 Pontifex.

355 2427 528 2456 innocentius
546 2425 688 2461 episcopus
707 2430 802 2452 servus
817 2429 957 2451 servorum
973 2421 1026 2454 Dei.
1044 2421 1104 2450 tter·

402 2484 450 2506 vco
469 2475 596 2505 'trecensi
615 2474 748 2510 episcopo.

408 2543 495 2577 Solet
516 2553 653 2577 annuere
668 2549 733 2581 ela,
760 2552 797 2575 ex
825 2530 935 2574 litteris
951 2537 1105 2585 siquidem

189 2595 318 2617 mmmm·
360 2592 558 2628 fraternitatis
589 2600 660 2626 tuae
700 2589 912 2625 intelleximus
945 2589 1107 2623 evidenter

396 2662 436 2695 (1)
456 2662 493 2688 Ex
511 2661 611 2693 Baluz.,
633 2661 716 2696 Epist.
736 2660 797 2688 216.

944 261 1130 286 BULIARIUM
1159 258 1320 282 ROMANmt

1909 256 1958 284 An.
1977 255 2007 284 C.
2025 256 2085 289 1205

1149 313 1233 361 quod
1261 313 1334 348 licet
1361 320 1441 348 inter
1463 321 1502 353 tc,
1533 324 1569 347 ac
1608 311 1825 347 charissimum
1863 312 1893 348 in

1149 363 1275 399 Christo
1304 363 1399 397 filiurn
1422 370 1562 398 nostrum
1586 361 1770 410 Philippum
1792 361 1893 397 Fran-

1148 425 1255 448 corum
1279 425 1384 460 regem
1419 412 1570 447 illustrem
1615 412 1779 447 occasione
1813 425 1894 459 quo-

1149 463 1280 498 rundam
1317 462 1624 497 archidiaconatuum
1664 469 1695 496 et
1738 461 1893 508 praeben-

1147 512 1269 553 darum,
1316 524 1393 560 quas
1431 511 1616 559 quibusdam
1651 510 1775 550 clericis
1807 511 1892 548 idem

1147 574 1198 597 rex
1227 561 1368 597 Ecclesia
1411 569 1463 596 tua
1505 569 1634 596 vacante
1680 570 1890 607 concesserat,

1146 612 1308 647 emerserit
1338 611 1505 658 scrupulus
1539 610 1742 658 quaestionis,
1777 611 1888 647 eodem
1917 619 2025 657 Phffirrus
2051 626 2087 642 rex

1146 673 1218 708 rege
1246 661 1376 696 tirmiter
1399 668 1558 695 asserente
1592 660 1777 696 donationes
1799 674 1890 710 prae-
1904 651 2088 709 ξ’ῑίᾪῐζζρὶξὲᾞζ

1146 711 1318 746 bendarum
1347 710 1384 745 ad
1412 723 1464 750 se,
1488 711 1554 757 ipsa
1576 709 1715 745 Ecclesia
1751 720 1889 757 vacante,
1904 713 2005 734 ¹⁹⁵¹³²⁰³¹·

1144 769 1304 807 spectare;
1325 760 1405 795 idem
1454 768 1557 794 tamen
1601 772 1653 793 rex
1688 760 1888 806 postmodum

1145 810 1194 844 ius
1216 818 1304 845 tuum
1329 819 1358 845 et
1388 809 1565 844 libertatem
1605 808 1764 844 Ecclesiae
1798 822 1889 846 reco-

1143 872 1311 906 gnoscens,
1339 859 1421 906 regia
1445 859 1637 905 benignitate
1663 860 1829 902 concessit,
1857 868 1890 895 ut

1143 909 1426 953 archidiaconatus,
1450 909 1657 956 praebendae,
1684 921 1719 945 ac
1745 909 1804 945 alia
1839 909 1891 945 be·

1143 959 1265 1003 0011013,
1304 971 1384 1006 quae
1422 958 1538 994 ibidem
1578 971 1686 993 vacare
1708 959 1889 1006 contigerit,

1143 1008 1281 1043 Ecclesia
1313 1009 1379 1055 ipsa
1413 1009 1548 1056 pastoris
1585 1007 1688 1043 officio
1726 1008 1887 1050 destituta,

1143 1057 1303 1092 donationi
1327 1058 1537 1093 substituendi
1565 1057 1728 1093 Pontificis
1756 1058 1794 1093 de
1816 1070 1889 1094 cae-

1142 1115 1210 1142 tero
1240 1116 1449 1152 reserventur,
1495 1115 1636 1142 statuens
1670 1107 1889 1153 nihilominus,

1143 1165 1177 1191 ut
1198 1157 1236 1192 de
1264 1157 1436 1198 beneficiis,
1468 1169 1548 1204 quae
1587 1169 1689 1203 nuper
1722 1157 1798 1192 sede
1835 1171 1889 1194 va-

1142 1215 1231 1241 cante
1264 1215 1471 1247 concesserat,
1510 1215 1594 1241 tuam
1633 1207 1749 1241 faceres
1776 1208 1889 1242 volun-

1142 1264 1234 1290 tatem
1264 1257 1360 1291 libcre
1384 1256 1561 1303 profitendo
1587 1269 1621 1291 se
1643 1257 1672 1291 in
1695 1256 1772 1304 ipsis
1811 1257 1888 1292 nihil

1143 1306 1219 1340 iuris
1246 1306 1371 1354 penitus
1394 1306 1552 1341 habuisse.
1585 1306 1805 1341 Possessiones
1838 1307 1890 1341 in-

1142 1367 1249 1402 super,
1271 1363 1301 1390 et
1329 1355 1481 1402 quaedam
1505 1355 1564 1390 alia
1593 1364 1653 1390 tam
1692 1355 1758 1400 tibi,
1793 1369 1888 1404 quam

1143 1405 1203 1439 tuis
1226 1405 1461 1440 successoribus
1484 1405 1598 1440 ibidem
1623 1417 1674 1440 rex
1707 1406 1889 1441 auctoritate

1143 1455 1226 1500 regia
1254 1455 1462 1495 confirmavit,
1485 1454 1566 1489 sicut
1603 1455 1681 1489 11300
1719 1455 1823 1490 omnia
1857 1455 1888 1490 in

1143 1504 1305 1551 privilegio
1328 1504 1454 1550 praefati
1478 1504 1559 1550 regis
1596 1504 1720 1551 plenius
1759 1517 1889 1553 perspe-

1142 1554 1245 1588 ximus
1267 1553 1431 1588 contineri.
1460 1552 1561 1587 Cuius
1575 1561 1716 1588 tenorem
1740 1554 1779 1588 de
1793 1554 1888 1589 verbo

1141 1603 1178 1637 ad
1207 1602 1336 1637 verbum
1366 1602 1583 1649 praesentibus
1610 1603 1720 1638 litteris
1740 1603 1888 1639 duximus

1142 1651 1354 1687 inserendum.

1191 1702 1224 1736 ln
1253 1701 1380 1736 nomine
1407 1701 1542 1736 Sanctae
1564 1709 1594 1736 et
1611 1701 1793 1737 lndividuae
1820 1702 1889 1738 Tri·
1915 1711 2011 1748 titusdem
2027 1714 2083 1739 rests

1143 1751 1258 1786 11113115.
1282 1751 1394 1785 Α111011.
1420 1751 1585 1799 Philippus
1607 1750 1663 1786 Dei
1698 1753 1797 1799 gratia
1832 1765 1886 1788 rex
1902 1743 2000 1770 ⁶¹⁰¹⁰¹¹¹³'

1142 1801 1347 1836 Francorum.
1375 1800 1525 1835 Noverint
1547 1800 1684 1836 universi
1707 1810 1889 1849 praesentes

1143 1851 1258 1898 pariter
1279 1858 1308 1885 01
1331 1850 1424 1885 futuri
1447 1850 1530 1898 quod
1558 1850 1762 1886 charissimus
1783 1864 1889 1899 quon-—

1143 1900 1213 1935 dam
1241 1901 1367 1947 genitor
1392 1909 1499 1935 noster
1524 1900 1702 1936 Ludovicus
1719 1901 1888 1943 Matthaeo,

1144 1958 1219 1985 tunc
1245 1950 1395 1997 temporis
1417 1950 1565 1985 Trecensi
1580 1950 1740 1998 episcopo,
1757 1951 1888 1999 eiusque

1143 1999 1390 2040 successoribus,
1412 2012 1492 2047 quac
1513 2000 1620 2035 subter
1657 2013 1777 2036 annexa
1814 2009 1888 2037 sunt

1144 2049 1174 2083 in
1204 2057 1390 2096 perpetuum
1423 2050 1587 2091 concessit,
1617 2057 1648 2085 et
1680 2051 1886 2092 confirmavit,
2128 2091 2129 2094 Ἴ

1144 2098 1288 2133 videlicet
1311 2098 1424 2143 villam,
1446 2111 1525 2146 quac
1540 2100 1654 2135 dicitur
1674 2100 1809 2136 Sanctus
1821 2100 1887 2136 Leo
1908 2110 2082 2148 ,nominee-asi

1144 2160 1215 2183 curn
1239 2148 1432 2194 appendiciis
1458 2150 1536 2191 suis,
1562 2158 1593 2184 et
1620 2150 1768 2197 quicquid
1807 2150 1887 2185 iuris
1901 2142 2009 2163 ’ΜΘΝ
2028 2142 2082 2162 “““““

1145 2197 1227 2232 idem
1254 2197 1421 2245 episcopus
1461 2198 1594 2234 habebat
1624 2200 1654 2234 in
1690 2199 1772 2244 villa,
1806 2212 1887 2247 quae

1145 2246 1260 2282 (licitur
1282 2248 1398 2289 Avenz,
1420 2248 1570 2295 quicquid
1594 2249 1670 2284 iuris
1695 2248 1829 2284 habebat
1856 2251 1886 2284 in

1146 2297 1227 2337 villa,
1249 2309 1329 2344 quae
1345 2295 1469 2332 ¹dicitur
1496 2298 1609 2342 Lanos,
1635 2298 1787 2346 quicquid
1811 2299 1888 2334 iuris

1147 2345 1279 2381 habebat
1301 2347 1331 2380 111
1359 2347 1440 2387 villa,
1462 2360 1541 2395 quae
1567 2348 1683 2382 dicitur
1703 2347 1886 2394 Angularia,

1145 2405 1175 2431 et
1197 2395 1344 2441 insulam,
1371 2409 1451 2444 quae
1478 2398 1561 2432 iuxta
1583 2409 1651 2432 eam
1678 2398 1735 2432 sita
1767 2405 1814 2432 est
1856 2399 1886 2432 10

1147 2445 1275 2480 {lumine
1303 2445 1392 2495 Alba:
1417 2446 1531 2490 villam,
1557 2459 1636 2493 quae
1659 2447 1771 2482 dicitur
1785 2446 1887 2494 Aquis

1125 2507 1216 2541 ,cum
1250 2495 1446 2542 appendiciis
1479 2496 1557 2540 suis,
1599 2496 1628 2530 in
1669 2508 1704 2531 ea
1738 2496 1888 2542 libertate,

1125 2544 1206 2627 *ipsi
1236 2545 1383 2580 Trecensi
1410 2547 1556 2593 episcopo
1602 2557 1617 2580 3
1664 2545 1800 2581 dominis
1850 2547 1889 2582 de

1148 2594 1216 2629 villa
1240 2595 1337 2630 Mauri
1361 2606 1509 2631 concessa
1531 2602 1588 2636 est,
1611 2594 1755 2630 videlicet
1771 2603 1888 2631 utcum

1147 2644 1334 2681 Trecensem
1358 2645 1526 2680 Ecclesiam
1567 2656 1625 2679 suo
1664 2645 1800 2681 antistite
1836 2658 1891 2682 va—
