2129 3223
145 270 202 301 An.
221 270 247 296 C.
268 271 330 298 ¹25¹

190 718 238 738 Sam
246 720 281 739 tio.

169 1310 284 1331 [Rutulae

397 260 467 293 544

347 324 386 358 sit
409 333 507 359 rectae
525 323 604 357 vitae
625 320 802 370 speculum,
821 320 995 357 salutiferae
1018 333 1087 357 con·

346 373 528 408 versationis
549 371 720 417 exemplar,
742 371 874 406 velimus
899 383 1024 419 semper
1049 371 1086 407 de

346 422 428 457 bono
454 422 485 457 in
499 421 623 465 mehus⁷
635 421 703 456 Deo
725 421 872 469 propitio,
896 421 1084 468 prosperari:

906 266 1042 290 BULLAR!
1048 267 1091 289 mt
1119 266 1280 290 Romnum!

344 471 527 508 auctoritate
536 479 745 519 praesentium
755 470 794 506 de
802 470 955 518 speciali
938 479 1032 505 uratia
1042 470 1086 504 dt
1126 481 1297 511 tnnocentins
1319 483 1460 520 episcopus
1477 490 1572 513 servus
1591 491 1731 514 servorum
1748 483 1868 517 Dei.tt1-

342 520 677 565 strictiusiuhibemus,
692 529 726 555 ut
741 520 815 555 nulli
830 520 956 568 praefati
969 520 1086 554 ordinis

342 571 773 627 fratres,sieosinepiscopos
783 569 867 617 eligi
876 569 1082 616 autpostulari

341 620 419 655 forte
436 621 613 668 contigerit,
629 618 784 661 electioni,
799 620 864 654 sive
881 618 1081 666 postulationi

340 669 379 704 de
399 681 433 705 se
455 669 552 706 factae
579 669 713 705 audeant
734 669 924 709 consentire,
948 680 1004 703 nec
1026 668 1083 702 ali-

339 719 410 766 quis
430 719 701 767 archiepiscopus,
719 731 775 754 seu
794 719 984 766 quicumque
1002 718 1083 753 alius

339 768 505 815 praelatuS,
519 769 666 805 veletiam
676 769 795 814 legatus
807 768 866 815 Ap.
879 767 971 802 Sedis
985 767 1082 814 ipsius

337 818 438 853 dictos
465 818 586 860 fratres,
614 818 671 853 nisi
699 818 738 852 de
768 825 831 861 tua,
858 816 904 851 vel
940 817 1079 864 ipsorum

337 867 477 914 priorum
506 867 758 915 provincialium,
780 866 833 914 qui
857 878 913 913 pro
940 874 1080 913 tempore

336 916 462 963 suerint,
497 917 618 953 licentia
651 924 682 952 et
713 928 884 957 consensu,
911 923 964 950 aut
989 915 1080 950 Sedis

336 966 477 1002 eiusdem
499 966 625 1015 speciali
648 966 794 1001 mandato
815 965 852 1000 ad
879 965 1080 1012 episcopatus

335 1023 366 1050 et
385 1015 462 1051 alias
487 1015 654 1064 dignitates
680 1025 762 1050 extra
790 1015 907 1050 dictum
935 1015 1076 1050 ordinem

335 1077 494 1101 assumere
527 1065 575 1101 vel
607 1064 753 1100 ordinare
790 1072 978 1112 praesumat.
1013 1064 1078 1099 Nos

333 1115 417 1150 enim
450 1115 649 1151 decernimus
670 1115 790 1150 irritum
813 1122 843 1149 et
871 1114 962 1148 inane
986 1115 1077 1161 quie-

333 1164 410 1212 quid
450 1173 557 1200 contra
595 1164 813 1200 inhibitionem
847 1163 1027 1198 huiusmodi
1060 1176 1076 1199 a

333 1214 585 1263 quibuscumque
606 1215 773 1261 contigerit
789 1221 952 1254 attentare,
973 1221 1078 1248 aucto-

335 1264 424 1299 ritate
459 1263 551 1300 Sedis
586 1264 784 1320 Apostolicae
819 1274 943 1309 semper
981 1263 1073 1298 salva.

332 1312 414 1349 Nulli
441 1326 517 1361 ergo
538 1314 667 1349 omnino
697 1314 860 1349 hominum
884 1312 972 1347 liceat
996 1312 1076 1347 hanc

333 1371 456 1399 nostrae
483 1364 715 1399 constitutionis
740 1371 768 1398 et
800 1361 996 1397 inhibitionis
1021 1375 1076 1417 pa-

330 1412 434 1458 ginam
469 1412 649 1469 infringere,
676 1413 721 1448 xel
749 1413 776 1447 ei
805 1424 883 1447 ausu
913 1411 1076 1447 temerario

330 1461 502 1504 contraire;
535 1464 559 1498 si
594 1463 665 1510 quis
696 1470 800 1497 autem
836 1461 896 1496 hoc
922 1469 1076 1496 attentare

332 1513 586 1558 praesumpserit,
596 1512 840 1558 indignationem
852 1510 1075 1558 omnipotentis

331 1560 399 1601 Dei,
421 1568 452 1595 et
478 1561 639 1597 beatorum
663 1561 744 1596 Petri
773 1568 803 1595 et
829 1559 918 1595 Pauli
947 1569 1075 1607 aposto-

330 1609 431 1645 lorum
453 1611 522 1646 eius
547 1623 580 1647 se
602 1611 722 1646 noverit
744 1611 958 1645 incursurum.

378 1659 494 1695 Datum
515 1660 638 1696 Perusii
667 1661 754 1695 tertio
782 1660 852 1694 idus
874 1659 951 1700 iulii,
974 1659 1074 1706 ponti-

330 1708 440 1745 ficatus
466 1710 562 1745 nostri
581 1722 664 1746 anno
687 1722 780 1745 nouo.

380 1769 442 1801 Dat.
459 1771 506 1801 die
524 1771 562 1801 13
578 1771 642 1801 iulii
664 1771 749 1808 1251,
771 1771 872 1810 pontif.
891 1779 967 1800 anno
985 1779 1020 1799 tx.

652 1929 750 1964 XXII.

333 2009 498 2054 Prt'vi'leqia
531 2008 678 2043 nonnulla
707 2020 743 2042 ac
771 2008 919 2041 libertates
950 2008 1074 2052 Neapo-

381 2060 486 2093 titanis
510 2059 714 2092 conceduntur
736 2058 796 2099 (t).

597 2135 810 2167 SUMMARIUM

331 2204 496 2234 Exordium.
523 2220 561 2226 ——
592 2203 733 2234 Friderici
753 2212 831 2232 mors
854 2207 881 2232 et
902 2202 1075 2242 impietates,

370 2266 409 2271 ——
429 2248 684 2288 Neapolitanorum
710 2248 858 2278 collaudat
883 2248 1073 2277 constantiam

371 2294 407 2323 ob
434 2293 542 2323 fractos
560 2293 710 2329 Manhedi,
732 2292 915 2332 aliorumque
942 2292 1075 2331 impetus.

370 2355 409 2361 -—
425 2337 527 2368 Datum
547 2338 612 2369 aliis
634 2338 840 2376 adipiscendae
863 2336 1006 2366 libertatis
1024 2346 1075 2366 ex-

372 2382 512 2422 emplum.
542 2399 582 2406 -
611 2381 642 2411 ln
665 2381 831 2411 clientelam
863 2382 984 2421 apostol.
1007 2382 1075 2411 itto-

373 2435 436 2457 rum
466 2427 589 2466 suscipit
620 2426 705 2457 bona.
734 2443 773 2448 -
802 2426 936 2456 Decernit
967 2430 1075 2456 tantum

374 2470 635 2510 SediApostolicae
651 2470 790 2500 obnoxios
806 2471 976 2500 1'utur0s.—-
991 2470 1077 2500 Prae-

374 2515 491 2546 stciendi
509 2515 566 2546 sibi
589 2515 775 2554 magistratus
791 2515 990 2545 auctoritatem
1010 2523 1077 2544 con-

374 2559 459 2589 cedit:
476 2576 515 2582 ——
535 2559 705 2599 Probasque
723 2559 874 2589 coufirmat
892 2559 1078 2589 consuetudi-

375 2612 435 2632 nes.
455 2619 494 2625 —
507 2603 610 2643 Erepta
627 2604 780 2644 praeterita
801 2604 863 2633 iura
879 2604 907 2634 in
925 2604 1076 2643 antiquum

370 2661 409 2694 tt)
429 2662 465 2688 Ex
487 2662 622 2698 Raynaldo
641 2663 672 2690 ad
690 2671 732 2690 an.
755 2663 832 2695 1251,
853 2671 910 2699 pag.
932 2663 994 2690 ltli9.

1169 325 1275 351 statum
1306 322 1442 353 restituit.
1464 339 1501 345 —
1522 321 1685 353 clausulae.
1713 339 1753 346 -—-
1781 321 1870 354 Inno—

1168 366 1254 395 centii
1272 364 1327 396 PP.
1344 382 1381 389 —
1397 366 1429 396 Et
1444 366 1472 396 S.
1489 366 1562 397 RE.
1584 367 1778 397 cardinalium
1799 367 1871 398 sub-

1166 411 1351 449 scriptiones.

1169 532 1250 561 tectis
1268 532 1334 561 filiis
1350 533 1486 562 communi
1509 533 1692 569 neapolitano,
1710 533 1740 563 tn
1774 540 1867 571 perpe·

1167 582 1254 610 tuum.

1174 653 1273 690 Purae
1301 655 1370 689 fidei
1394 654 1530 689 claritate
1556 655 1725 710 conspicua
1746 655 1866 703 Neapo-

1123 701 1215 738 litana
1238 703 1355 748 civ‚itas
1380 712 1409 739 et
1432 704 1543 739 lucidis
1571 705 1600 739 in
1623 717 1669 749 se,
1691 717 1725 740 ac
1747 705 1865 752 magui-

1124 752 1189 788 ficis
1211 753 1331 800 prolicit
1344 753 1477 794 actibus,
1499 753 1661 789 etcunctis
1680 754 1748 789 aliis
1767 767 1863 801 regno

1121 800 1247 838 Siciliae
1262 803 1438 850 spectabili
1455 803 1686 850 sectandaeque
1704 803 1863 850 probitatis

1121 852 1280 898 exemplo,
1313 853 1463 888 libertatis
1496 852 1730 908 amplectendae
1761 853 1863 899 profe-

1120 909 1203 935 ctum
1239 902 1401 937 manifeste
1436 903 1594 949 propinat;
1627 911 1753 949 propter
1778 904 1861 950 quod

1121 951 1228 985 civitas
1255 952 1332 998 ipsa,
1359 963 1439 999 quae
1460 963 1476 986 a
1500 952 1657 986 moenium
1681 951 1862 987 fundatione

1120 1013 1246 1035 suorum
1274 1013 1436 1047 generosa,
1452 1001 1566 1048 populo
1585 1001 1712 1044 nobilis,
1729 1001 1863 1037 nobilior

1118 1058 1277 1095 gestorum
1294 1051 1486 1098 ingenuitate
1500 1051 1705 1097 conspicitur,-
1719 1051 1764 1086 sic
1777 1051 1860 1098 apud

1119 1102 1278 1145 proximos
1299 1108 1329 1136 et
1350 1110 1485 1135 remotos
1510 1100 1724 1147 multipliciter
1749 1100 1861 1136 reddi·-

1119 1157 1167 1183 tur
1192 1161 1321 1185 suorum
1352 1162 1558 1197 processuum
1584 1151 1764 1185 strenuitate
1791 1150 1861 1186 tau-

1117 1198 1246 1241 dabitis,
1279 1207 1309 1234 et
1349 1212 1444 1246 penes
1476 1212 1550 1240 nos,
1583 1208 1612 1233 et
1647 1199 1859 1245 Apostolicam

1116 1246 1231 1283 Sedem
1258 1249 1432 1296 praecipuis
1450 1248 1616 1284 attollenda
1644 1248 1812 1290 favoribus,
1829 1257 1861 1284 et

1116 1299 1223 1344 gratiis
1254 1299 1429 1346 potioribus
1460 1298 1657 1341 honoranda,
1685 1298 1768 1346 quod
1797 1311 1858 1333 non

1116 1347 1218 1383 solum
1239 1360 1293 1395 per
1311 1349 1451 1395 singulas
1470 1348 1585 1382 vicinae
1596 1347 1700 1383 Italiae
1716 1348 1859 1394 regiones

1116 1396 1198 1432 clare
1233 1406 1356 1432 resonat
1377 1410 1451 1432 suae
1474 1398 1674 1444 praeconium
1693 1397 1859 1439 bonitatis;

1116 1446 1168 1481 sed
1192 1455 1221 1481 et
1249 1447 1373 1493 longius
1402 1446 1473 1482 tuba
1503 1448 1624 1482 insonat
1650 1447 1750 1482 laudis
1780 1448 1858 1492 eius,

1115 1508 1253 1543 suaeque
1289 1497 1435 1532 remotius
1455 1505 1521 1531 acta
1556 1496 1723 1531 voluntatis
1760 1495 1859 1532 famae

1115 1545 1279 1580 diffusione
1299 1554 1476 1585 notescant;
1495 1554 1524 1580 et
1548 1558 1616 1589 nos,
1635 1545 1782 1593 dictaque
1803 1545 1858 1582 Se-

1115 1594 1170 1629 des
1192 1596 1265 1630 totis
1286 1595 1446 1630 affectibus
1464 1595 1620 1636 ducimur,
1643 1603 1676 1629 ut
1695 1595 1858 1642 condignis

1115 1656 1182 1679 earu
1207 1644 1380 1680 honoribus
1402 1644 1620 1679 sublimemus.

1164 1693 1293 1730 Sublato
1327 1706 1460 1741 namque
1499 1693 1660 1729 Friderico
1698 1694 1856 1741 quondam

1115 1743 1258 1778 Romano
1295 1744 1481 1799 imperatore
1514 1756 1549 1778 ac
1577 1743 1703 1779 Siciliae
1725 1755 1797 1790 rege
1818 1743 1857 1779 de

1116 1793 1235 1834 medio;
1261 1794 1314 1840 qui
1343 1793 1521 1828 austeritate
1551 1793 1688 1834 Pharao,
1715 1792 1857 1828 Herodes

1116 1842 1288 1889 impietate,
1326 1843 1516 1889 saevitiaque
1545 1842 1628 1878 Nero
1665 1842 1855 1890 praedictum

1116 1904 1246 1938 regnum
1290 1892 1456 1927 continuae
1491 1892 1668 1928 afflictionis
1697 1892 1769 1939 iugo
1800 1892 1856 1927 de-

1117 1950 1282 1988 presserat
1304 1949 1335 1977 et
1349 1941 1492 1977 furoris
1485 1943 1630 1977 immanis
1644 1941 1747 1996 gladio
1764 1941 1856 1976 lania-

1116 1991 1178 2031 bat;
1204 1991 1313 2026 eadem
1335 1991 1454 2032 civitas,
1483 1999 1516 2026 ut
1537 2004 1666 2038 regnum
1691 1992 1792 2038 ipsum
1818 1991 1856 2026 ad

1116 2049 1230 2075 statum
1258 2040 1460 2076 reduceretur
1488 2041 1619 2076 liberum
1645 2048 1675 2076 et
1703 2041 1857 2088 tranquil-

1116 2090 1193 2134 lum⁷
1207 2098 1238 2125 et
1259 2102 1276 2125 a
1291 2091 1439 2137 pristinae
1461 2091 1675 2137 oppressionis
1695 2098 1856 2126 erueretur

1116 2140 1282 2184 oneribus,
1316 2152 1396 2187 quae
1429 2140 1532 2175 adhuc
1568 2140 1649 2174 illius
1683 2139 1856 2187 pestilentis

1117 2189 1284 2236 reliquiae,
1318 2190 1416 2237 ipsius
1455 2189 1597 2225 videlicet
1630 2189 1682 2224 tilii
1712 2197 1856 2236 paternae

1117 2239 1251 2274 malitiae
1273 2251 1481 2280 successores,
1499 2238 1601 2274 eidem
1625 2239 1738 2273 inferre
1759 2249 1855 2284 regno

1118 2300 1203 2322 more
1221 2289 1397 2336 praeterito,
1415 2297 1520 2336 utpote
1538 2288 1698 2334 genimina
1716 2287 1854 2333 viperina

1117 2349 1272 2373 venenosa
1303 2351 1426 2384 egressa
1456 2338 1496 2373 de
1523 2338 1652 2372 colubro
1674 2336 1855 2377 moliuntur3

1118 2399 1238 2422 necnon
1255 2374 1335 2423 etad
1345 2388 1541 2423 devotionem
1555 2388 1742 2442 praemissae
1753 2385 1857 2426 Sedis

1118 2436 1155 2470 ad
1183 2449 1275 2483 quam
1309 2437 1384 2472 illud
1418 2437 1594 2485 specialiter
1627 2436 1780 2483 pertinere
1808 2435 1858 2470 di-

1118 2487 1289 2532 gnoscitur‚
1317 2487 1421 2522 cordis
1447 2486 1612 2522 stabilitate
1637 2485 1767 2526 rediret,
1794 2484 1858 2520 fer-

1120 2541 1219 2576 ventis
1238 2542 1344 2587 nigore
1365 2542 1494 2589 spiritus
1504 2540 1649 2584 animata,
1664 2539 1776 2574 virium
1793 2539 1858 2575 col-

1119 2593 1199 2629 lecto
1232 2595 1353 2635 robore,
1388 2596 1490 2630 statim
1509 2594 1610 2641 ipsius
1636 2593 1740 2640 regni,
1766 2593 1859 2641 quin-

1119 2649 1215 2683 immo
1229 2658 1259 2683 et
1272 2649 1371 2684 (lictae
1384 2648 1474 2685 Sedis
1483 2647 1652 2692 negotium,
1663 2655 1755 2692 prout
1766 2647 1859 2683 etiam

1885 269 1936 297 Au.
1951 268 1977 296 C.
1997 269 2062 297 125¹

1912 673 2029 696 Exordium.

1884 1708 1984 1731 Μαι-ἰοί
1997 1714 2052 1731 mon

1871 1743 1893 1762 ot
1907 1741 2033 1768 tmptetntu.
