2129 3223
50 253 99 279 An.
117 251 148 280 C.
165 252 230 279 tatis

85 1277 202 1301 clausulae.

832 251 1016 276 GREGORtUs

245 308 294 343 nis
315 316 347 344 et
372 308 512 344 omnium
536 315 733 349 sanctorum;
764 316 888 343 sanctae
914 306 1017 362 quo-l

245 369 307 404 que
340 357 500 393 Romanae
539 357 699 393 Ecclesiae
737 366 767 392 et
804 357 992 393 sanctissimi

246 407 344 453 patris
369 407 488 442 domini
513 406 639 443 Summi
661 406 844 447 Pontificis
871 418 993 442 necnon

244 455 353 490 Matris
387 456 568 498 Ecclesiae,
604 468 640 492 ac
678 435 865 492 venerabilis
898 456 1015 504 patris¹

245 505 365 540 domini
404 505 582 541 dioecesani
618 506 679 542 mei
713 506 852 553 episcopi
889 513 1015 547 coram}

247 554 335 590 vobis
364 554 495 591 domino
516 556 574 591 Dei
603 556 701 602 gratia
729 556 878 611 episcopo
905 552 1016 590 ‹boe-³

246 616 360 639 cesano
394 617 484 650 meo,
511 614 541 640 et
563 618 667 641 coram
695 605 844 651 magistro
873 605 995 640 ordinis

246 652 376 688 fratrum
399 654 528 690 Militiae
554 655 624 690 Iesu
652 655 769 690 Christi
777 682 832 689 .....
857 655 928 698 loci,
948 654 994 689 vel

247 715 352 739 coram
377 704 559 753 presbytero
582 704 764 740 confessore
786 716 868 745 meo,
891 712 921 738 et
939 716 995 739 co—

247 765 311 787 ram
335 752 420 788 dicto
443 755 594 801 magistro
615 766 673 800 ego
678 781 749 789 ......
773 753 922 801 profiteor
945 766 994 789 me

247 801 327 837 velle
354 803 458 839 vivere
484 803 523 839 de
556 812 679 839 caetero
712 803 890 838 secundum
925 802 996 838 for-

247 863 342 892 mam,
364 853 431 888 sive
458 852 572 899 dogma
594 853 716 888 vivendi
744 853 873 888 fratrum
905 852 996 887 Mili-

247 901 307 936 tiae
338 900 408 936 Iesu
431 900 568 942 Christi,
601 910 631 937 et
658 915 707 937 me
733 903 890 938 victurum
921 915 995 950 pro-

246 955 337 990 mitto
363 963 394 991 et
419 964 614 991 servaturum
643 964 801 1003 tamquam
828 955 921 991 frater
948 956 994 991 vel

247 1020 346 1050 soror,
367 1021 449 1056 quae
475 1009 650 1045 secundum
673 1010 795 1054 locum,
826 1018 941 1045 statum
965 1018 996 1044 et

247 1062 396 1105 officium,
421 1064 507 1112 quod
530 1064 610 1100 inter
631 1065 716 1112 ipsos
742 1064 852 1099 fratres
873 1064 919 1099 vel
943 1076 996 1098 so-

248 1128 334 1152 rores
351 1117 466 1153 tenebo
487 1130 525 1153 ex
540 1118 604 1165 ipsa
623 1117 720 1153 forma
744 1117 821 1152 mihi
842 1117 994 1159 facienda,

248 1170 295 1206 vel
317 1171 468 1206 servanda
497 1172 692 1207 incumbent.

297 1225 380 1260 Nulli
421 1237 496 1272 ergo
531 1226 662 1260 omnino
699 1226 865 1260 hominum
905 1225 997 1260 liceat

249 1278 330 1314 hanc
352 1279 496 1327 paginam
520 1287 644 1314 nostrae
677 1279 923 1314 confirmationis
947 1280 997 1314 in-

250 1334 396 1381 fringere.
419 1334 465 1369 vel
488 1335 516 1369 ei
545 1346 622 1369 ausu
647 1334 810 1369 temerario
832 1335 995 1369 contraire.

249 1388 283 1424 Si
317 1388 390 1435 quis
416 1396 519 1423 autem
547 1389 606 1423 hoc
639 1395 790 1423 attentare
825 1400 997 1435 praesum-

249 1442 346 1489 pserit
380 1441 626 1490 indignationem
662 1442 890 1489 omnipotentis
922 1441 996 1483 Dei,

249 1506 286 1531 ac
312 1495 471 1530 beatorum
498 1495 583 1530 Petri
611 1503 641 1530 et
667 1494 755 1530 Pauli
783 1495 995 1543 apostolorum

249 1548 318 1584 eius
337 1561 372 1584 se
394 1549 515 1584 noverit
537 1549 751 1584 incursurum.

297 1603 413 1639 Datum
436 1603 577 1645 Perusii‚
605 1615 689 1638 nono
721 1603 870 1638 kalendas
897 1604 997 1649 iunii,

250 1657 451 1705 pontificatus
473 1657 571 1692 nostri
595 1669 678 1692 anno
700 1670 795 1693 nono.

289 1718 352 1749 Dat.
376 1719 422 1749 die
450 1718 488 1748 24
524 1719 592 1750 maii
625 1719 710 1757 11235,
729 1719 830 1759 pontis.
854 1728 899 1748 an.
923 1728 958 1748 ix⁴

579 1877 673 1913 XLV.

256 1956 459 1991 Canonizatio
481 1956 516 1990 S.
545 1954 703 1988 Elisabeth
723 1954 845 1993 viduae,
866 1954 1000 1987 Andreoe

302 2007 382 2050 regis
408 2006 633 2050 Hunyarorum
658 2005 753 2050 filiae,
781 2016 848 2037 cum
875 2004 999 2037 institu-

304 2057 384 2089 tione
423 2056 595 2100 fhstivitatt's
628 2065 685 2098 pro
715 2054 763 2087 die
799 2054 1000 2088 decimanona

302 2106 413 2140 mensis
439 2105 618 2138 ’novembris

519 2180 732 2212 SUMMARIUM

254 2247 504 2279 Exordium—1.
517 2247 546 2278 B.
559 2247 706 2278 Elisabeth
720 2256 822 2286 genu&
833 2252 861 2278 et
871 2248 998 2288 primor-

294 2293 356 2324 dia:
377 2310 416 2316 —-
446 2293 589 2324 Virtutes:
618 2309 657 2315 —
687 2293 714 2323 Ξ.
745 2292 892 2323 Miracula.
914 2293 998 2322 -4.

296 2337 469 2368 Sanctorum
488 2338 553 2368 albo
576 2338 792 2368 adnumeratur.
810 2354 848 2360 —
865 2338 892 2368 5.
908 2337 1000 2367 Festi-

294 2382 369 2413 vitas
399 2382 584 2413 celebranda.
616 2382 700 2411 -6,
722 2380 902 2420 Indulgentia
937 2382 1000 2412 eius

295 2427 486 2466 sepulchrum
504 2426 691 2457 visitantibus
711 2434 860 2455 concessa.

254 2494 400 2530 Gregorius
417 2494 558 2530 episcopus
576 2500 670 2522 servus
689 2498 829 2521 servorum
846 2491 903 2526 Dei,
922 2500 1002 2522 vene-

298 2543 429 2572 rabilibus
450 2542 590 2572 fratribus
608 2541 825 2578 archiepiscopis.
857 2541 998 2578 episcopis,

300 2593 331 2621 et
348 2592 458 2621 dilectis
475 2592 541 2620 filiis
560 2592 716 2624 abbatibus,
742 2590 888 2626 prioribus.
913 2592 999 2620 archi·

299 2641 430 2674 diaconis.
449 2640 628 2677 presbyteris,
648 2639 767 2673 decanis.
787 2640 817 2668 et
835 2638 897 2669 aliis
913 2639 999 2668 Eccle-

333 2689 408 2721 Ball.
427 2689 503 2720 Rom.
530 2689 584 2719 Vot'.
602 2689 653 2719 ΙΙΙ.
818 2688 855 2719 62

1663 240 1732 272 489

1083 309 1188 337 siarum
1206 309 1350 344 praelatis.
1371 311 1403 337 ad
1423 316 1489 345 quos
1511 309 1622 338 litterae
1642 309 1713 337 istae
1725 316 1784 345 per·

1080 353 1217 386 venerint,
1237 353 1354 382 salutem
1370 356 1399 382 et
1418 354 1596 390 apostolicam
1622 354 1787 383 benedictio-

1079 405 1151 427 nem.

1037 251 1071 274 lx
1096 251 1141 272 ΡΙ).

1085 456 1252 491 Gloriosus
1267 456 1295 491 in
1314 457 1474 492 maiestate
1490 470 1544 493 sua
1555 458 1655 492 Patris
1667 457 1783 493 aeterni

1036 505 1139 542 Filius
1166 505 1363 553 Redemptor
1386 515 1491 541 noster
1518 507 1677 543 Dominus
1697 506 1786 541 Iesus

1036 554 1197 599 Christus,
1216 555 1254 590 de
1278 556 1438 591 coelorum
1462 559 1644 592 summitate
1667 557 1787 605 prospi-

1036 606 1126 640 ciens
1144 605 1334 640 conditionis
1349 605 1504 641 humanae
1527 606 1669 662 gloriam
1687 608 1785 641 multo

1036 667 1193 690 concursu
1229 655 1396 699 miseriae,
1431 656 1481 690 cui
1521 657 1612 703 primi
1650 657 1786 703 parentis

1035 704 1127 752 culpa
1161 704 1248 739 dedit
1271 704 1405 745 initium
1422 704 1640 749 deformatam,
1669 705 1785 740 ineffa-

1036 753 1088 788 bili
1120 753 1330 801 dispositione
1354 754 1504 801 providit,
1527 763 1561 789 ut
1587 763 1617 789 et
1639 755 1783 790 virtutem

1036 815 1123 838 suam
1151 803 1337 838 sedentibus
1361 804 1392 838 in
1417 803 1525 838 umbra
1553 804 1661 839 mortis
1688 817 1785 851 expo-

1037 860 1136 893 neret,
1169 861 1198 887 et
1234 853 1264 887 in
1292 852 1386 887 exilio
1421 853 1539 900 positos
1567 853 1604 888 ad
1633 852 1784 889 libertatis

1036 903 1168 949 patriam
1198 910 1367 941 revocaret.
1398 901 1503 948 Igitur,
1532 903 1604 950 quia
1629 904 1703 937 nulli
1734 915 1786 950 po-

1036 952 1100 986 tius
1128 964 1222 998 quam
1251 952 1308 986 sibi
1342 964 1415 986 suae
1443 951 1581 987 facturae
1609 953 1784 999 redemptio

1036 1000 1232 1048 competebat
1261 1004 1307 1044 (eo
1330 1001 1413 1047 quod
1441 1001 1549 1036 artifici
1586 1002 1625 1036 sit
1661 1010 1692 1037 et
1723 1002 1784 1036 de-

1037 1062 1112 1085 cens
1138 1059 1168 1084 et
1206 1050 1370 1091 debitum,
1405 1058 1440 1084 ut
1477 1063 1679 1098 quocumque
1710 1064 1772 1086 cast

1037 1100 1183 1147 depereat
1214 1099 1300 1147 qnod
1324 1099 1488 1154 pulchrius
1516 1101 1643 1136 finxisse
1672 1101 1784 1147 digno-

1037 1150 1146 1193 scitur⁷
1169 1150 1199 1183 in
1228 1157 1343 1183 statum
1368 1149 1533 1197 pristinum
1557 1162 1631 1184 suae
1664 1151 1784 1185 virtutis

1037 1199 1143 1233 studio
1171 1203 1431 1254 restauietur),1n
1455 1199 1536 1234 exile
1565 1200 1737 1243 vasculum
1759 1201 1784 1235 si

1039 1256 1141 1284 tamen
1169 1248 1210 1282 sit
1237 1249 1397 1294 exiguum,
1422 1248 1506 1295 quod
1532 1250 1651 1296 recepit
1678 1227 1786 1295 hos’pi-

1039 1305 1100 1332 tem
1135 1309 1231 1344 super
1252 1299 1357 1332 omnia
1390 1299 1581 1344 spatiosum,
1608 1298 1727 1333 scilicet
1754 1300 1783 1333 in

1037 1347 1139 1382 aulam
1156 1346 1296 1393 Virginis
1316 1347 1459 1381 refertam
1481 1348 1564 1382 omni
1586 1348 1785 1395 plenitudine

1038 1397 1222 1436 sanctitatis,
1238 1397 1277 1431 de
1299 1397 1394 1442 regali
1418 1396 1532 1431 throno
1552 1410 1584 1432 se
1608 1397 1785 1440 conferens,

1038 1458 1119 1493 opus
1147 1445 1219 1480 inde
1250 1448 1374 1481 cunctis
1409 1446 1533 1481 visibile
1560 1446 1708 1494 protulit;
1731 1460 1786 1494 per

1038 1495 1134 1543 quod,
1160 1495 1311 1542 propulso
1339 1495 1535 1531 tenebrarum
1574 1497 1725 1543 principe,
1747 1497 1786 1531 de

1038 1546 1087 1580 sui
1121 1545 1338 1592 redemptione
1373 1545 1532 1592 plasmatis
1559 1546 1785 1592 triumphavit3

1039 1602 1122 1630 certa
1149 1595 1333 1642 relinquens
1363 1595 1504 1629 instituta
1534 1595 1707 1636 fidelitatis,
1732 1608 1787 1643 per

1040 1657 1120 1692 quae
1148 1644 1225 1691 ipsis
1251 1644 1288 1679 ad
1311 1645 1441 1692 patriam
1466 1644 1650 1680 redderetur
1673 1646 1786 1680 transi-

1040 1703 1089 1729 tus
1111 1694 1288 1741 expeditus.

1088 1744 1108 1791 ἓ
1136 1746 1166 1777 1.
1196 1743 1384 1778 Huiusmodi
1415 1743 1545 1791 quidem
1581 1744 1704 1790 pietatis
1733 1756 1785 1779 se-

1041 1793 1116 1827 riem
1145 1792 1233 1827 beata
1257 1793 1415 1828 Elisabeth
1439 1805 1475 1828 ex
1501 1793 1594 1840 regali
1622 1802 1687 1829 orta
1712 1806 1785 1840 pro-

1040 1843 1132 1888 genie
1158 1850 1188 1877 et
1209 1841 1403 1889 Thuringiae
1432 1843 1601 1890 lantgravia
1632 1844 1784 1890 gratiosa,

1040 1891 1146 1926 solerti
1180 1891 1381 1927 meditatione
1412 1893 1635 1935 considerans,
1667 1902 1698 1928 et
1724 1893 1783 1928 iam

1040 1941 1121 1976 dicta
1142 1940 1262 1988 eligens
1280 1942 1421 1976 instituta
1444 1943 1601 1977 continuis
1621 1942 1785 1978 observare

1041 1990 1165 2035 studiis,
1201 1999 1234 2024 ut
1267 1991 1393 2037 dignam
1424 1992 1626 2039 perceptione
1652 2005 1684 2027 se
1713 1993 1785 2026 red-

1040 2040 1127 2075 deret
1154 2048 1324 2088 perpetuae
1351 2041 1507 2081 claritatis,
1531 2042 1619 2089 quasi
1654 2042 1691 2076 ab
1714 2050 1784 2076 ortu

1042 2091 1136 2131 vitae,
1171 2102 1268 2137 usque
1289 2090 1328 2125 ad
1359 2103 1522 2130 occasum,
1551 2092 1700 2126 virtutum
1725 2103 1784 2125 va-

1041 2140 1142 2174 cando
1163 2140 1276 2179 cultui,
1306 2152 1478 2187 numquam
1502 2141 1595 2174 desiit
1622 2143 1652 2174 in
1682 2140 1784 2175 chari-

1041 2189 1112 2223 tatis
1137 2188 1334 2235 amplexibus
1362 2190 1520 2224 delectari.
1550 2189 1625 2224 Nam
1652 2190 1680 2223 in
1705 2202 1783 2224 con—

1041 2239 1176 2273 sessione
1199 2250 1287 2272 verae
1309 2238 1393 2282 fidei,
1421 2240 1562 2285 vitaeque
1585 2239 1686 2273 dedita
1710 2251 1783 2273 san-

1042 2288 1151 2327 ctitati,
1164 2286 1308 2322 coelestis
1321 2287 1462 2333 Reginae
1479 2288 1639 2334 diligendo
1654 2287 1782 2333 Filium,

1042 2350 1096 2384 per
1122 2348 1214 2383 quem
1249 2336 1445 2372 dulcedinem
1486 2339 1636 2384 consequi
1679 2347 1784 2384 posset

1042 2386 1225 2422 coelestium
1252 2387 1446 2433 nuptiarum,
1473 2387 1511 2421 ita
1535 2386 1641 2421 dilexit
1663 2395 1693 2420 et
1715 2400 1785 2434 pro-

1042 2438 1174 2481 ximum,
1202 2436 1285 2482 quod
1307 2448 1473 2470 amoenum
1497 2436 1555 2471 sibi
1589 2437 1783 2479 constituens

1042 2486 1163 2521 illorum
1192 2485 1372 2520 familiarem
1408 2485 1521 2520 babere
1552 2486 1782 2533 praesentiam,

1041 2548 1132 2583 quam
1168 2546 1275 2570 eorum
1311 2535 1438 2569 inimica
1472 2536 1631 2590 corruptio
1661 2536 1784 2571 cunctis

1041 2585 1179 2631 suegerit
1207 2584 1283 2618 effici
1311 2585 1524 2630 peregrinam,
1551 2598 1583 2620 se
1615 2585 1646 2619 in
1674 2586 1782 2620 multis

1041 2647 1065 2670 s
1059 2635 1098 2660 l
1080 2647 1098 2665 ι
1101 2612 1281 2669 t>reddidit
1275 2646 1412 2681 inopem,
1434 2634 1597 2669 sollicitam
1616 2634 1681 2670 fore
1704 2647 1783 2683 pau-

1801 250 1849 276 An.
1868 249 1897 275 C.
1914 248 1980 275 ¹235

1832 464 1949 486 Exordium.

1813 1755 1833 1777 Β.
1875 1754 1980 1777 Elisabeth

1800 1792 1872 1813 genus,
1893 1791 1913 1806 ct
1937 1794 1981 1813 pri-

1800 1819 1893 1839 mordia:

1839 2247 1941 2271 Virtutss:
