2129 3223
63 272 112 302 Am
129 273 159 301 C.
175 274 237 303 l2ll

852 276 1062 300 lNNotzlsn'Tms
1083 279 1120 300 ΙΙΙ
1142 278 1190 301 ΡΡ.

254 330 465 367 contrahenda
480 331 846 378 secundum-apostolum
867 331 997 367 Paulum

254 393 316 415 non
345 392 513 427 negamus,
553 380 691 427 legitime
732 393 803 415 vero
842 389 997 417 contracta

253 430 443 476 disiungere,
465 429 594 464 omnino
623 429 838 476 prohibemus.
861 431 998 467 Ordines

251 479 491 518 ecclesiasticos,
516 479 593 514 idest
609 479 840 526 episcopatum,
863 489 893 514 et
909 493 997 528 pres-

250 529 415 576 byterium,
442 541 478 563 ac
500 538 650 568 caeteros,
678 537 707 563 et
733 541 827 563 omne
848 530 932 576 quod
965 531 995 565 in

249 577 387 613 Ecclesia
426 578 641 613 ordinabiliter
674 578 829 613 sancitum
866 581 993 625 legitur,

248 635 299 662 aut
333 629 473 669 canitur,
514 629 676 663 humiliter
702 628 936 666 collaudamus,
965 639 994 665 et

248 676 380 713 fideliter
395 690 590 713 veneramur.
611 677 700 718 Item,
713 678 807 712 corde
822 679 993 719 credimus,

247 735 279 761 et
300 739 354 762 ore
376 728 575 771 confitemur,
610 728 870 762 resurrectionem
899 728 993 763 liuius

245 778 349 812 carnis
374 790 469 825 quam
492 786 664 825 gestamus,
691 784 721 812 et
747 789 808 811 non
845 776 991 818 alterius,

244 835 275 862 et
296 828 387 862 vitam
410 837 581 872 aeternam,
604 835 635 862 et
653 839 911 874 unumquemque
934 828 991 863 ho-

244 878 362 913 minem
397 878 572 913 secundum
600 889 693 924 opera
721 890 774 912 sua
801 889 871 912 esse
897 889 991 912 rece-

243 936 380 974 pturum.
424 928 667 974 Eleemosynas,
708 936 738 961 et
771 926 988 967 Sacrificium,

242 985 425 1026 caeteraque
461 977 611 1012 beneficia
650 976 796 1011 fidelibus
831 976 990 1011 defunctis

241 1027 392 1073 prodesse
426 1040 487 1062 non
523 1026 713 1062 dubitamus.
747 1026 784 1060 Et
816 1027 888 1073 quia
913 1026 989 1061 tides

240 1076 308 1111 sine
341 1077 490 1124 operibus
512 1084 632 1111 mortua
655 1084 714 1117 est,
750 1084 783 1110 nt
810 1075 884 1110 dicit
912 1088 989 1122 apo-

239 1126 340 1161 stolus
366 1126 510 1169 lacobus,
536 1126 662 1160 saeculo
683 1125 986 1166 abrenuntiavimus,

239 1183 270 1210 et
291 1188 372 1223 quae
393 1175 599 1214 habebamus,
617 1175 701 1209 velut
717 1188 730 1209 a
754 1174 891 1209 Domino
910 1187 987 1209 con-

239 1225 356 1260 sultum
391 1234 454 1269 est,
483 1225 676 1273 pauperibus
711 1224 929 1271 erogavimus,
957 1234 987 1259 et

240 1287 394 1322 pauperes
411 1287 480 1309 esse
506 1275 714 1309 decrevimus.
738 1273 781 1308 Ita
809 1273 893 1320 quod
921 1274 986 1308 sol-

238 1323 313 1358 liciti
335 1337 404 1360 esse
430 1325 469 1359 de
492 1325 628 1359 crastino
651 1336 711 1358 non
735 1336 901 1366 curamus,
928 1335 986 1357 nec

237 1385 360 1415 aurum,
394 1375 440 1408 vel
475 1382 660 1421 argentum,
694 1373 738 1407 vel
773 1373 890 1419 aliquid
928 1373 985 1407 tale

238 1431 361 1470 praeter
380 1425 600 1459 vestimentum
627 1431 657 1457 et
686 1423 802 1457 victum
828 1422 986 1469 quotidia-

236 1485 312 1508 num
339 1486 355 1508 a
383 1485 540 1521 quoquam
563 1472 723 1519 accepturi
755 1484 874 1507 sumus.
898 1470 986 1505 Con-

236 1522 303 1558 silia
329 1535 458 1570 quoque
480 1523 670 1569 evangelica,
703 1522 788 1556 velut
819 1531 983 1568 praecepta

236 1584 359 1608 servare
387 1573 619 1619 proposuimus.
644 1571 857 1606 Remaneiites
878 1579 983 1606 autem

237 1622 267 1656 iu
294 1623 432 1663 saeculo,
460 1630 490 1657 et
511 1634 567 1657 sua
595 1622 810 1669 possidentes,
846 1628 876 1655 et
905 1620 985 1655 lianc

236 1670 330 1706 fidem
368 1671 578 1719 supradictam
624 1671 755 1705 firmiter
793 1678 822 1705 et
865 1671 985 1716 integre

236 1721 412 1765 credentes,
428 1730 655 1769 praeceptaque
670 1720 796 1755 Domini
815 1728 984 1760 servantes,

236 1770 346 1806 salvari
369 1771 511 1807 fatemur.
539 1771 588 1806 Ad
615 1771 691 1804 baec
713 1770 742 1804 in
776 1770 901 1804 nomine
928 1769 985 1803 Pa-

235 1820 303 1862 tris,
326 1829 357 1855 et
376 1820 461 1864 Filii,
483 1829 514 1856 et
541 1820 680 1866 Spiritus
711 1819 838 1863 Sancti,
865 1827 896 1853 et
918 1819 985 1853 bea-

236 1870 373 1905 tissimae
399 1869 535 1916 Virginis
557 1870 690 1909 Mariae,
725 1869 762 1903 ad
798 1868 985 1903 aedificatio—

237 1931 309 1954 nem
343 1920 527 1955 universalis
553 1927 678 1954 sanctae
714 1918 769 1953 Dei
804 1917 983 1957 Ecclesiae,

236 1976 267 2004 et
300 1968 338 2003 ad
376 1969 509 2004 salutem
545 1969 721 2003 animarum
756 1968 917 2009 omnium,
945 1968 982 2002 ad

236 2030 371 2065 quorum
409 2031 501 2053 aures
535 2019 695 2065 pervenit,
731 2018 812 2052 sicut
851 2017 984 2052 fideliter

237 2068 395 2103 credimus
421 2067 536 2111 corde,
575 2067 667 2102 fidem
705 2067 891 2114 praedictam
929 2079 982 2102 ore

239 2118 368 2152 tirmiter
400 2117 561 2156 confiteri,
598 2125 627 2152 et
656 2118 799 2152 nuntiare
822 2118 984 2163 proposui·

239 2177 320 2208 mus,
341 2175 372 2202 et
393 2179 494 2214 usque
515 2167 552 2202 ad
584 2168 719 2201 animam
747 2175 778 2201 et
798 2167 982 2213 sanguinem

238 2216 388 2252 adversus
414 2229 523 2251 omnes
556 2224 657 2251 sectas
685 2216 848 2252 haeresum
881 2216 982 2251 desen-

239 2265 313 2302 dere
328 2266 467 2301 viriliter.
490 2266 707 2301 Consistentes
722 2266 782 2300 sub
803 2267 983 2314 magisterio

239 2322 271 2350 et
291 2316 443 2363 regimine
478 2317 571 2350 unius
604 2324 635 2350 et
667 2316 726 2350 vei-i
749 2316 887 2362 magistri
921 2316 984 2351 Do·-

239 2364 318 2400 mini
340 2366 436 2400 nostri
459 2365 529 2400 lesu
557 2365 687 2404 Christi,
721 2377 757 2399 ac
779 2365 909 2412 piissimi
946 2366 984 2398 vi-

239 2415 313 2449 carii
348 2415 416 2450 eius
450 2414 553 2462 Papae
580 2414 753 2449 lnnoeeniii
793 2423 824 2449 et
850 2427 984 2450 succes-

240 2475 348 2499 sorum
387 2464 457 2499 eius
490 2476 615 2510 semper
642 2472 882 2512 permanentes,
922 2473 982 2499 tani

240 2524 383 2560 corpore,
409 2526 503 2560 quam
537 2522 669 2561 spiritu,
697 2526 726 2547 in
761 2524 984 2548 communione

241 2570 365 2598 sanctae
403 2561 563 2600 Romanae
596 2576 632 2599 ac
659 2563 840 2599 universalis
873 2562 984 2599 Eccle-

240 2611 315 2652 siae,
347 2624 443 2659 quam
475 2621 613 2648 sanctam
661 2621 690 2647 et
725 2611 907 2648 catholicam
953 2621 985 2647 et

240 2661 445 2707 apostolicam
483 2675 577 2711 supra
609 2663 757 2697 diximus.
791 2662 892 2703 Quam
922 2675 985 2697 cre-

1666 274 1731 308 251

1039 332 1144 368 dimus
1165 346 1245 375 esse,
1272 347 1381 370 omnes
1408 336 1578 384 baptizatos
1605 339 1636 374 in
1660 341 1786 377 nomine

1039 382 1151 424 Patris,
1186 392 1217 418 ct
1250 383 1331 424 Filii,
1359 393 1389 420 ct
1414 385 1551 433 Spiritus
1577 387 1697 431 Sancti,
1725 392 1784 426 nisi

1037 445 1054 467 a
1080 433 1261 479 supradicta
1296 433 1356 469 fide
1389 446 1601 479 recesseruiit;
1630 439 1683 474 ubi
1712 440 1783 476 honi

1037 495 1109 517 cum
1138 483 1228 518 malis
1254 485 1457 525 conveniunt,
1492 488 1643 532 permixta
1667 490 1783 536 quippe

1036 540 1083 566 est
1124 532 1303 568 diversitate
1341 533 1500 576 filiorum,
1538 538 1587 571 cui
1623 538 1783 574 Ecclesiae

1036 580 1208 627 praefatum
1236 582 1398 617 domiuum
1423 583 1641 621 Innocentium
1665 587 1781 635 Papam

1034 631 1193 666 credimus
1232 643 1365 678 praeesse
1401 642 1568 680 pastorem,
1602 645 1632 670 et
1666 637 1781 684 ipsum,

1034 688 1064 714 et
1091 692 1202 716 omnes
1234 682 1422 729 episcopos,
1462 692 1492 717 ct
1524 686 1724 727 sacerdotes,
1751 697 1781 722 et

1034 738 1175 766 caeteros
1197 731 1368 775 ordinatos,
1392 732 1482 767 fidem
1503 735 1714 780 supradictam
1733 745 1780 771 te-

1033 788 1155 820 nentes,
1184 781 1213 814 in
1243 781 1309 828 ipsa
1345 781 1487 817 Ecclesia
1519 785 1678 819 ministros
1711 799 1779 822 esse

1032 829 1177 873 fatemur,
1215 838 1245 865 et
1271 831 1439 866 credimus.
1468 832 1589 868 Idcirco
1620 834 1659 869 ab
1691 836 1777 882 ipsis,

1031 886 1062 914 et
1083 891 1145 914 non
1169 879 1207 914 ab
1229 880 1309 919 aliis,
1339 883 1484 927 petimuS,
1511 891 1541 918 et
1562 884 1707 930 cupimus
1723 898 1778 920 su·-

1030 930 1152 976 scipeie
1178 929 1389 964 ecclesiastica
1413 941 1617 968 sacramenta.
1646 932 1778 981 Specia-

1030 978 1100 1013 liter
1125 987 1228 1014 autem
1244 979 1283 1014 de
1306 980 1454 1016 fractione
1478 983 1580 1028 panis,
1601 996 1696 1029 super
1716 997 1776 1032 qua

1030 1028 1169 1063 infamati
1204 1041 1326 1071 sumus,
1367 1029 1520 1071 diximus,
1556 1041 1587 1067 et
1623 1033 1775 1078 dicimus,

1029 1079 1100 1124 quia
1135 1090 1294 1124 iiunquain
1330 1079 1444 1114 sactum
1474 1081 1531 1115 suit
1561 1094 1654 1117 causa
1692 1096 1773 1131 prae-

1028 1136 1229 1177 sumptionis,
1257 1140 1314 1162 nec
1336 1140 1426 1163 causa
1449 1139 1650 1178 contemptus
1671 1135 1775 1168 sacri-

1029 1177 1088 1211 licii
1115 1177 1307 1217 sacerdotis,
1334 1178 1388 1212 sed
1416 1191 1509 1214 causa
1543 1181 1663 1216 ardoris
1690 1182 1773 1223 fidei,

1028 1234 1058 1260 et
1084 1226 1259 1267 charitatiS,
1281 1234 1311 1261 et
1345 1240 1436 1262 causa
1465 1228 1713 1273 deliberationis,
1735 1244 1774 1267 ne

1028 1276 1250 1310 indurarentur
1271 1276 1430 1323 simplices
1457 1278 1564 1314 fideles
1593 1279 1672 1314 inter
1698 1281 1773 1316 hae-

1029 1326 1141 1360 reticos
1191 1335 1433 1371 permanentes,
1472 1336 1502 1362 et
1543 1340 1772 1365 sacramentum

1026 1375 1241 1409 Eucharistiae
1265 1387 1325 1409 non
1338 1377 1541 1423 accipientes,
1563 1380 1616 1413 sed
1641 1392 1725 1414 nunc
1743 1390 1773 1415 et

1027 1425 1057 1459 in
1082 1432 1267 1471 perpetuum
1300 1424 1500 1467 abdicamus,
1531 1437 1562 1462 et
1595 1429 1773 1474 rihhelmus,

1026 1482 1055 1508 et
1078 1473 1296 1509 abdicabimus
1322 1487 1337 1508 a
1361 1475 1466 1516 nobis,
1506 1485 1536 1511 et
1557 1478 1596 1512 ab
1622 1479 1773 1514 omnibus

1026 1524 1118 1558 nobis
1155 1523 1378 1566 credentibus,
1416 1526 1593 1562 secundum
1631 1538 1771 1565 nostrum

1027 1586 1129 1620 posse,
1158 1573 1197 1607 ab
1220 1585 1327 1618 opere,
1353 1584 1384 1610 et
1410 1588 1427 1610 a
1449 1576 1643 1622 credulitate,
1679 1578 1773 1614 corde

1025 1624 1205 1663 credentes,
1240 1632 1270 1657 et
1302 1636 1356 1658 ore
1379 1625 1567 1661 confitentes
1592 1639 1773 1662 sacramen-

1026 1681 1091 1707 tuni
1119 1672 1271 1718 Corporis
1293 1681 1323 1707 et
1357 1674 1530 1721 Sanguinis
1551 1675 1681 1716 Cliristi,
1716 1689 1773 1712 nec

1025 1735 1093 1757 esse
1109 1722 1355 1764 conficiendum,
1379 1737 1437 1759 nec
1453 1737 1544 1771 posse
1565 1726 1689 1769 confici,
1712 1728 1771 1761 nisi

1025 1785 1039 1806 a
1062 1772 1223 1807 sacerdote
1247 1783 1301 1818 pei·
1323 1774 1558 1821 impositionem
1586 1787 1698 1811 mantis
1720 1778 1773 1810 vi-

1025 1822 1125 1856 sibilis
1166 1822 1306 1869 episcopi
1348 1824 1523 1858 secuudum
1564 1837 1682 1859 morem
1714 1825 1773 1861 Ec-

1024 1871 1137 1906 clesiae
1161 1871 1323 1906 visibiliter
1355 1874 1508 1908 ordinato.
1538 1874 1699 1910 Habemus
1720 1889 1772 1910 aii-

1026 1929 1086 1955 tem
1122 1922 1303 1956 mandatum
1337 1935 1448 1964 orare,
1494 1932 1525 1958 ut
1552 1923 1638 1959 Deus
1673 1926 1771 1960 mittat

1024 1972 1182 2016 operarios
1204 1972 1235 2006 in
1259 1984 1391 2007 messem
1426 1985 1532 2014 suam,
1573 1975 1653 2009 idest
1681 1987 1771 2022 prae-

1024 2020 1178 2056 dicatores
1201 2022 1230 2055 in
1257 2023 1408 2068 populum
1433 2036 1538 2064 stium,
1573 2025 1625 2071 qui
1657 2024 1772 2060 debent

1025 2069 1160 2116 benigue
1182 2079 1212 2105 et
1235 2071 1399 2108 humiliter
1422 2073 1588 2118 impetrare
1610 2074 1667 2108 sibi
1691 2074 1769 2114 dari,

1024 2132 1060 2154 ex
1089 2120 1211 2154 licentia
1235 2120 1359 2157 Summi
1386 2122 1559 2161 Poiitil‘icis,
1594 2131 1624 2157 et
1652 2125 1770 2169 praela-

1024 2177 1126 2204 torum
1151 2170 1322 2211 Ecclesiae,
1345 2181 1380 2207 ut
1404 2173 1523 2217 possint
1544 2172 1714 2208 admonere
1740 2183 1769 2207 et

1025 2219 1178 2254 exhortari
1215 2220 1245 2254 in
1272 2220 1413 2255 doctrina
1439 2234 1530 2259 sana:
1562 2230 1592 2256 et
1622 2222 1769 2257 adversus

1025 2281 1134 2303 omnes
1167 2269 1354 2312 haereticos,
1382 2271 1479 2316 gratia
1502 2270 1559 2305 Dei
1585 2271 1768 2311 adiuvante,

1024 2330 1095 2352 cum
1119 2320 1203 2353 omni
1240 2320 1352 2353 virtute
1379 2320 1494 2360 animi,
1527 2328 1557 2354 et
1583 2320 1700 2359 studio,
1737 2329 1770 2355 ut

1024 2379 1078 2401 eos
1099 2368 1136 2401 ad
1165 2367 1257 2401 fidem
1281 2368 1464 2403 catholicam
1487 2378 1686 2414 convertant,
1714 2370 1770 2405 de-

1025 2415 1149 2459 sudare,
1184 2426 1214 2451 et
1240 2418 1403 2452 credentes
1428 2430 1538 2453 eorum
1579 2420 1706 2465 privatis
1740 2428 1771 2454 et

1026 2464 1158 2511 publicis
1178 2466 1464 2507 admonitionibus,
1491 2468 1571 2503 sicut
1592 2468 1699 2509 decet.
1731 2469 1770 2504 ab

1024 2526 1133 2549 eorum
1170 2514 1352 2550 credulitate
1385 2524 1415 2550 et
1442 2516 1563 2552 haeresi
1602 2530 1768 2564 separare,

1024 2574 1055 2599 et
1077 2563 1237 2599 Ecclesiae
1264 2565 1461 2611 supradictae
1494 2567 1706 2614 incorporare,
1739 2576 1770 2603 et

1024 2613 1062 2648 ab
1083 2613 1229 2649 omnibus
1247 2615 1329 2649 vitiis
1350 2624 1380 2650 et
1408 2616 1542 2662 peccatis
1558 2629 1769 2664 compescere,

1025 2672 1083 2697 tam
1108 2663 1239 2711 seipsos,
1266 2676 1358 2712 quam
1383 2678 1456 2700 suos
1477 2667 1656 2709 auditores;
1682 2680 1698 2703 a
1721 2680 1768 2703 su-

1801 286 1852 312 An.
1870 286 1898 313 C.
1914 287 1976 315 ¹211
