2129 3223
134 257 183 284 An.
199 257 225 284 C.
248 258 314 286 1220

157 1569 278 1590 Prcoemium

164 2422 194 2441 '³³
225 2427 314 2470 “³¹:1³3
331 2419 513 2455 vocantibus
539 2432 652 2454 nomen
676 2420 759 2460 eius.
783 2433 974 2468 quamquam
1001 2423 1073 2457 infi-

380 251 446 271 ’”””ν)

378 260 445 282 Ἠ..

328 325 446 350 secieto
468 314 625 361 significes
653 327 708 361 per
735 314 945 361 praesentium
976 314 1074 361 porti-

331 374 436 400 torem.

376 414 491 449 Datum
519 414 601 460 apud
626 413 741 449 Urbem
766 413 910 449 Veterem
934 412 1074 448 secundo

329 464 397 499 idus
413 463 500 507 iunii,
517 463 715 510 pontificatus
730 463 827 498 nostri
849 476 932 498 anno
951 470 1071 510 quarto.

365 526 427 556 Dat,
452 526 498 556 die
521 526 558 557 12
580 527 655 556 iunii
676 526 759 562 1220,
778 525 879 565 pontit.
899 535 974 555 atino
998 534 1032 554 iv⁴

328 635 474 679 Sequitur
494 635 699 679 fragmentum
721 635 932 679 descriptionis
957 635 1074 667 allatae

376 690 611 732 recuperationis
627 696 777 722 terrarum
800 701 817 722 α
836 689 987 722 comitissa
1008 689 1073 721 Ma-

374 742 466 775 ehitde
476 742 633 775 Romanae
644 743 793 776 Ecclesiae
802 745 1042 784 concessarumi'l
1053 747 1071 784 ).

590 816 802 847 SUMMAROEM

325 881 513 912 Prooemium.
534 900 572 904 —
590 883 750 913 Comitatus
774 883 942 912 comitissae
960 882 1074 912 Matliil-

363 926 409 956 dis
433 926 468 956 ad
491 926 651 956 Romanam
674 926 835 956 Ecclesiam
859 928 1017 965 pertinens.
1036 945 1073 948 —

362 968 433 999 Eius
468 971 684 1009 recuperationi
718 971 815 1000 studet
850 970 1005 1001 Honorius.
1036 989 1074 994 -

363 1013 461 1044 Castra
481 1014 642 1045 Medicinae
661 1020 687 1045 et
706 1015 874 1053 Argillatae.
891 1033 928 1038 -—
946 1016 1073 1046 Ducatus

364 1058 547 1097 Spoletanus.
588 1077 626 1082 —
662 1059 797 1090 Castrum
831 1060 996 1090 Praetense.
1036 1078 1073 1082 ——

364 1103 575 1134 Radicosanum
596 1109 623 1134 et
651 1105 876 1143 Aquapendens.
902 1121 940 1126 -—
968 1104 1072 1134 Fride—

364 1148 443 1178 ricus
475 1148 565 1187 episc.
599 1148 718 1178 Metensi
751 1149 869 1178 mandat
904 1149 1072 1178 comitatum

363 1201 436 1221 com.
457 1192 605 1222 Mathildis
624 1192 719 1231 Papae
742 1193 878 1230 resignet.
897 1209 935 1215 —-
953 1192 1071 1223 Peracta

364 1236 535 1267 huiusmodi
556 1237 710 1268 restitutio.
737 1254 774 1259 —-
796 1237 922 1267 Marchia
946 1238 1073 1267 Anconi-

364 1285 439 1311 tana.

324 1352 453 1382 Eouorius
472 1354 612 1390 opiscopus
635 1360 730 1383 servus
753 1360 892 1383 servorum
921 1354 981 1388 Dei,
1015 1356 1072 1384 uni-

368 1403 456 1432 vorsis
467 1404 628 1439 praesentes
638 1403 752 1432 litteras
762 1405 939 1440 inspecturis,
957 1405 1073 1434 salntem

368 1453 399 1480 et
414 1452 593 1488 apostoticam
611 1453 837 1481 benedictionem.

373 1514 419 1549 Ne
441 1526 543 1550 rerum
562 1523 718 1563 gestarum
735 1516 883 1551 memoria
901 1528 972 1552 cum
991 1525 1072 1553 tem-

327 1575 401 1611 pore
427 1564 550 1600 labente
582 1565 719 1604 labatur,
754 1573 784 1600 et
815 1566 845 1600 in
881 1566 1070 1602 oblivionem

327 1614 439 1649 veritas
475 1615 604 1649 veniens
643 1623 771 1670 vagetur
810 1616 952 1660 incerta,
983 1617 1008 1651 si
1043 1617 1069 1652 ei

326 1662 418 1698 fuerit
443 1662 522 1698 fides
549 1663 710 1710 adempta,
744 1665 904 1699 inventum
940 1674 987 1700 est
1014 1679 1067 1701 au-

327 1713 534 1748 thenticarum
551 1713 723 1748 remedium
739 1715 976 1769 scripturarum,
991 1728 1071 1763 quae

327 1762 476 1797 factorum
506 1771 725 1810 perpetuantes
759 1765 955 1819 memoriam,
978 1765 1071 1799 indu-

327 1811 452 1846 bitatam
484 1811 576 1847 fidem
607 1812 719 1848 faciant
750 1813 882 1853 veritati,
905 1826 984 1869 quae
1015 1827 1070 1849 sua

327 1862 394 1896 luce
416 1861 591 1896 clarescens
605 1874 666 1896 non
691 1863 807 1909 patitur
822 1864 970 1898 iustitiam
986 1864 1071 1900 salsis

326 1910 492 1945 calumniis
526 1910 717 1946 obumbrari.
751 1912 842 1947 Unde
873 1913 909 1947 ad
945 1914 1071 1949 univer-

274 1976 283 1989 ν
301 1981 312 1985 -
326 1972 431 1995 sorum
458 1960 604 1995 volumus
626 1961 766 1996 notitiam
797 1963 970 2009 pervenire,
986 1964 1069 2011 quod

268 2007 312 2047 *³1
327 2022 399 2045 cum
435 2021 546 2057 magna
585 2022 656 2058 pars
691 2012 857 2046 comitatus
894 2013 1071 2049 comitissae

254 2072 276 2085 ω·
302 2076 313 2079 -
327 2059 501 2104 Madrildis,
523 2060 576 2107 qui
600 2060 733 2094 totaliter
754 2061 792 2095 ad
815 2061 989 2097 Romanam
1009 2063 1072 2098 Ec-

133 2098 182 2116 sivm
196 2096 311 2121 pertinens.

326 2109 453 2144 clesiam
477 2110 613 2156 pertinet
636 2110 728 2157 pleno
750 2111 828 2155 iure,
863 2123 879 2145 a
908 2112 1015 2147 multis
1041 2122 1070 2147 et

328 2159 422 2194 variis
444 2159 586 2206 personis
608 2158 801 2194 detineretur
822 2160 960 2196 indebite
975 2174 1071 2197 occu-

328 2216 410 2255 pata,
437 2216 467 2244 et
489 2216 550 2244 tam
578 2209 662 2244 cives
688 2209 862 2256 Spoletani,
889 2223 984 2257 quam
1007 2211 1071 2246 fere

329 2265 412 2293 totus
438 2257 572 2293 ducatus
604 2258 793 2305 Spoletanus
822 2260 912 2295 nobis
939 2260 1072 2296 nullate-

330 2325 388 2347 nus
410 2312 653 2359 responderent,
676 2326 732 2348 nos
756 2315 785 2348 in
809 2314 861 2349 illo
887 2327 943 2362 spe
967 2323 1071 2350 nostra

329 2366 464 2402 totaliter
491 2367 599 2413 posita,
621 2366 675 2413 qui
703 2366 789 2401 adest
813 2368 842 2402 in
866 2368 993 2404 veritate
1022 2369 1072 2404 in-

331 2474 404 2508 uitis
431 2481 462 2508 et
493 2473 598 2508 arduis
624 2486 766 2509 essemus
798 2475 932 2521 negotiis
968 2476 1072 2511 inevi-

332 2526 465 2562 tabiliter
505 2528 658 2574 occupati,
681 2527 718 2562 ad
755 2529 966 2575 recuperanda
1006 2530 1072 2566 iura

334 2581 492 2616 Ecclesiae
515 2581 647 2617 sollicite
670 2581 878 2623 intendentes,
905 2583 1071 2619 venerabili

366 2651 405 2685 (l)
424 2651 462 2678 Ex
479 2653 550 2686 copia
567 2652 725 2679 authentica.

918 258 1103 282 nundinius!
1127 258 1194 280 Rom
1199 258 1288 281 Astu

1871 259 1921 283 Ae..
1937 256 1967 283 C.
1986 256 2054 283 1220

1115 312 1197 347 fiatri
1227 320 1333 348 nostro
1337 339 1406 347 ......
1432 312 1575 347 Hostien.
1604 312 1756 367 episcopo
1781 318 1856 346 tunc

1114 362 1280 409 legationis
1324 361 1465 409 fungenti
1503 360 1604 397 officio
1644 374 1675 396 m
1716 360 1857 408 partibus

1113 411 1322 447 Lonibardiae
1349 412 1519 447 direximus
1544 411 1659 458 scripta
1684 417 1801 453 nostra,
1824 418 1856 445 ut

1113 461 1177 496 duo
1211 469 1327 501 castra,
1356 461 1501 496 videlicet
1527 460 1716 496 Medicinam
1743 468 1771 495 et
1793 459 1967 515 Af-fifflss,
1983 462 2052 515 2¹⁶⁶:-

1112 511 1260 557 gill-atam
1286 523 1367 558 quae
1392 510 1610 546 Bononienscs
1635 520 1712 545 tunc
1737 517 1857 557 tempo·
1869 500 1931 562 ciiee
1999 500 2028 520 r‘
2038 506 2052 510 ⁶

1113 561 1155 595 ris
1183 560 1376 601 detinebant
1398 560 1435 595 ad
1459 559 1634 594 dominium
1655 559 1748 594 Sedis
1769 559 1856 606 Apo-

1113 610 1241 645 stolicae
1263 618 1434 653 revocaret,
1455 609 1540 656 quod
1566 609 1651 644 iuxta
1672 608 1855 644 mandatum

1114 669 1252 695 nostrum
1272 660 1322 695 illa
1337 638 1493 706 recipiens
1506 658 1618 694 dilecto
1633 658 1698 693 filio
1718 658 1856 693 Heni-ico

1113 709 1150 744 de
1164 709 1341 756 Paragrano
1359 709 1553 744 subdiacono
1570 716 1688 748 nostro,
1706 707 1854 754 quamdiu

1113 759 1203 794 nobis
1225 760 1375 806 placeret,
1403 758 1561 794 commisit
1586 757 1773 792 fiducialiter
1796 770 1857 803 gu-

1113 808 1285 853 bernanda,
1306 817 1336 844 et
1356 808 1503 843 homines
1520 815 1692 843 castrorum
1715 807 1855 854 ipsorum

1112 858 1212 893 eidem
1236 859 1363 893 nomine
1381 866 1487 893 nostro
1505 857 1662 892 fidelitatis
1683 856 1855 891 iuramenta

1114 916 1318 963 praestantes,
1342 920 1370 942 ei
1385 907 1423 943 de
1450 907 1626 943 rationibus
1656 906 1770 941 uostris
1792 918 1856 941 res-

1114 958 1289 1004 ponderunt
1307 958 1437 1004 integre,
1459 970 1495 991 ac
1510 955 1712 1004 respondent
1735 955 1856 991 Deinde
1883 967 1972 989 Ducatus
1997 967 2052 995 spo-

1113 1020 1184 1042 cum
1213 1007 1292 1042 inter
1318 1006 1516 1054 Spoletanos,
1537 1006 1738 1046 Narnienses,
1758 1004 1858 1040 Coeo·
1869 999 1961 1020 ¹⁶¹³¹²²¹⁵

1114 1057 1271 1096 ionenses,
1306 1064 1335 1091 et
1372 1056 1532 1091 adiutores
1557 1068 1666 1091 eorum
1697 1068 1735 1090 ex
1772 1063 1857 1103 parte

1114 1119 1185 1146 una,
1212 1115 1243 1141 et
1265 1106 1528 1146 Interamnenses,
1554 1105 1755 1144 Tudertinus,
1784 1105 1858 1140 Ful·

1112 1156 1234 1202 ginates
1252 1164 1282 1191 et
1303 1156 1460 1191 adiutores
1475 1168 1582 1191 eorum
1606 1167 1644 1190 ex
1657 1155 1754 1190 altera
1772 1157 1855 1202 gravi

1112 1218 1221 1252 guerra
1245 1205 1384 1250 suborta,
1406 1206 1444 1239 ita
1467 1205 1552 1252 quod
1579 1213 1700 1252 praeter
1720 1211 1854 1252 stragem

1114 1256 1262 1300 virorum,
1284 1264 1313 1290 et
1335 1254 1520 1290 multimoda
1543 1266 1648 1290 rerum
1675 1253 1801 1299 damna,
1826 1263 1854 1290 et

1112 1305 1196 1352 quod
1233 1313 1281 1341 est
1315 1305 1453 1352 gravius,
1491 1304 1666 1340 animarum
1707 1305 1856 1352 pericula,

1112 1367 1192 1402 quae
1214 1363 1344 1402 utraque
1367 1367 1437 1402 pars
1459 1354 1644 1398 incurrerat,
1666 1354 1754 1389 multi
1777 1355 1857 1391 deti-

1113 1412 1261 1440 nerentur
1293 1405 1369 1439 binc
1390 1403 1461 1438 inde
1489 1404 1621 1451 captivi,
1645 1415 1703 1439 nos
1725 1404 1771 1440 eis
1795 1418 1856 1451 pa-

1113 1462 1201 1489 terno
1231 1454 1458 1500 compatientes
1484 1453 1609 1493 affectu,
1630 1453 1701 1488 licet
1728 1454 1854 1501 quidam

1111 1516 1148 1538 ex
1176 1503 1236 1538 illis
1273 1503 1451 1538 viderentur
1483 1503 1608 1538 filialem
1645 1503 1854 1540 obedientiam

1111 1553 1277 1593 abiecisse,
1310 1552 1460 1587 dilectum
1493 1552 1592 1587 filium
1630 1552 1854 1601 pandulphum

1111 1602 1338 1638 subdiaconum
1366 1610 1397 1637 et
1424 1603 1579 1638 notarium
1612 1611 1754 1639 nostrum
1782 1604 1856 1640 illuc

1110 1652 1289 1687 curavimus
1315 1652 1486 1691 destinare,
1511 1660 1542 1687 ut
1565 1664 1676 1687 omnes
1702 1653 1739 1688 ad
1769 1655 1855 1701 pacis

1111 1701 1234 1737 foedera
1255 1701 1381 1736 inienda
1408 1712 1468 1736 tam
1493 1701 1646 1749 spirituali
1670 1714 1763 1750 quam
1782 1711 1856 1738 tem-

1112 1751 1207 1799 porali
1247 1750 1442 1786 districtione
1480 1751 1692 1799 compellens,
1718 1753 1856 1799 captivos

1112 1801 1258 1847 utrinque
1287 1800 1403 1836 faceret
1428 1801 1564 1845 liberari,
1591 1801 1644 1849 qui
1673 1802 1853 1838 mandatum

1111 1858 1252 1885 nostrum
1282 1849 1448 1898 diligenter
1473 1850 1662 1898 adimplens,
1679 1852 1799 1887 studuit
1823 1853 1854 1888 in

1111 1912 1204 1934 mann
1233 1900 1302 1935 forti
1329 1901 1486 1948 corripere
1508 1901 1675 1948 inquietos,
1703 1910 1734 1937 et
1755 1902 1856 1949 pusil-

1111 1949 1242 1985 lanimes
1270 1950 1441 1991 consolari,
1464 1957 1493 1986 et
1515 1951 1723 1998 quorumdam
1752 1952 1855 1987 rebel-

1110 2000 1186 2034 lium
1216 2000 1382 2046 pertinacia
1404 2012 1539 2047 congrue
1561 2001 1720 2048 castigata,
1746 2009 1776 2036 et
1802 2014 1856 2037 ca-

1112 2049 1204 2096 ptivis
1231 2049 1360 2084 redditis
1399 2049 1550 2090 libertati,
1579 2051 1783 2097 potestatibus
1809 2052 1856 2086 ci-

1111 2098 1239 2133 vitatum
1278 2107 1307 2132 et
1336 2106 1508 2134 castrorum
1546 2099 1610 2135 fere
1636 2101 1779 2136 omnium
1815 2101 1854 2136 de

1111 2147 1239 2191 ducatu,
1274 2161 1354 2195 quos
1381 2149 1465 2196 apud
1499 2149 1667 2185 Bevaniam
1694 2150 1731 2185 ad
1765 2163 1852 2186 suam

1112 2198 1320 2244 praesentiam
1351 2207 1506 2236 evocarat
1526 2199 1587 2234 sub
1614 2198 1721 2235 debito
1746 2200 1855 2236 fideli-

1111 2248 1182 2282 tatis
1204 2255 1234 2282 et
1255 2260 1353 2302 poena
1376 2248 1462 2283 mille
1481 2248 1629 2284 librarum
1652 2249 1800 2294 iniunxit,
1821 2258 1852 2285 ut

1113 2296 1144 2331 in
1182 2298 1299 2332 octavis
1329 2297 1540 2345 apostolorum
1576 2298 1660 2333 Petri
1697 2307 1727 2334 et
1764 2299 1851 2334 Pauli

1112 2346 1244 2393 quilibet
1275 2354 1411 2394 potestas
1444 2360 1515 2382 cum
1535 2347 1634 2383 tribus
1654 2347 1698 2383 vel
1721 2357 1854 2396 quatuor

1112 2396 1150 2430 de
1177 2397 1401 2432 communitate
1427 2409 1483 2432 sua
1508 2397 1603 2432 vicem
1626 2398 1767 2433 omnium
1797 2399 1854 2434 ha-

1112 2444 1261 2481 bentibus
1283 2458 1316 2480 se
1337 2446 1419 2493 apud
1443 2446 1560 2481 Urbem
1579 2446 1722 2482 Veterem
1747 2456 1854 2484 nostro

1112 2496 1293 2542 conspectui
1320 2504 1539 2542 praesentaret,
1566 2495 1679 2543 quibus
1706 2498 1735 2532 in
1763 2511 1854 2545 prae-

1112 2544 1174 2579 fixo
1195 2545 1328 2580 termino
1354 2558 1385 2579 ιι]
1408 2554 1512 2580 nostra
1535 2546 1707 2592 praesentia
1734 2549 1855 2583 consti-

1112 2594 1207 2649 tutis‚.
1220 2602 1289 2642 post
1311 2602 1473 2630 tractatum
1495 2593 1652 2630 diutinum
1676 2604 1737 2632 tam
1759 2609 1853 2645 supet

1113 2655 1188 2692 pace
1201 2643 1282 2680 inter
1296 2643 1382 2692 ipsos
1397 2643 1520 2692 plenius
1538 2644 1746 2689 reformanda,
1759 2659 1854 2695 quam
