2129 3223
125 290 174 314 An.
194 287 222 314 C.
244 287 310 313 ¹955

131 743 177 759 t·;-i
193 743 306 760 ntuniren—

123 774 192 790 antus
208 774 256 790 esse
267 770 306 790 de-

123 807 155 821 ret
190 801 306 821 Arnzaoha-

150 2659 281 2681 mmmmm.

378 275 446 308 6⁶26

326 342 386 377 illis
408 340 526 383 causis,
554 349 633 385 quae
665 348 720 384 per
747 335 988 384 appellationem
1019 336 1074 370 de-

324 391 462 426 ferentur
487 387 524 423 ad
553 388 669 434 ipsum,
691 385 776 421 licite
798 397 989 433 cognoscere
1021 397 1074 419 va-

323 441 403 483 leat,
442 437 616 485 habeatque
656 436 686 470 in
724 435 785 470 illis
822 435 1072 469 iurisdictionem

323 487 538 536 prosequtioni
573 485 687 532 negetii
720 492 971 532 competentem,
1000 495 1074 530 per-

321 550 397 573 sona
412 537 565 572 Tuamen.
581 534 810 582 archiepiscopi
825 541 972 568 manente
989 545 1074 580 pror-

320 599 374 621 sus
396 586 490 621 libera
518 593 547 620 et
574 592 717 632 exempta
733 611 742 629 ,
772 583 862 618 cuius
883 582 995 617 electio
1019 594 1074 629 per

321 636 434 671 Scdcm
459 634 663 671 confirmatur
689 632 845 676 eamdem,
878 644 892 666 a
922 644 982 679 qua
1006 631 1073 678 pal-

321 686 397 721 lium
433 686 562 732 recipit,
595 692 624 718 et
657 683 707 718 cui
755 682 913 717 fidelitatis
947 681 1073 716 exhibet

321 735 543 777 iuramentum,
566 741 597 768 et
618 733 667 767 his
680 731 901 767 Armachanus
918 731 985 778 ipse
1001 742 1073 765 con·

321 793 425 820 tentus
446 785 478 819 in
503 782 672 831 praefatam
707 781 917 829 provinciam,
945 788 974 814 et
1001 791 1072 826 per-

320 846 414 870 sonas
433 833 547 881 ipsiuS‚
575 833 654 867 ultra
676 843 770 878 quam
794 831 823 864 in
852 829 1072 876 superioribus

318 893 365 919 est
404 894 604 931 expressum,
648 880 726 916 nihil
764 878 988 914 iurisdictionis
1025 887 1071 913 at-

318 942 435 978 tentet,
470 940 502 968 et
544 932 609 979 ipsa
639 930 796 978 provincia
836 929 969 975 eiusque
997 939 1070 975 per-

318 995 414 1018 sonae
445 982 505 1029 ipsi
540 980 741 1015 Armachano
769 978 805 1014 ad
829 978 915 1013 nulla
945 978 1071 1025 penitus

319 1033 375 1067 alia
399 1038 574 1066 teneantur.

367 1081 450 1117 Nulli
486 1092 560 1127 ergo
600 1079 729 1114 omnino
772 1077 939 1112 hominum
980 1076 1071 1111 liceat

320 1131 399 1165 hanc
422 1130 567 1178 paginam
590 1136 715 1164 nostrae
738 1127 929 1175 provisionis
960 1125 1071 1160 infrin-

319 1192 408 1227 gere,
437 1181 481 1215 vel
504 1179 532 1215 ei
555 1191 631 1214 ausu
656 1177 821 1213 temerario
843 1176 1008 1211 contraire.
1035 1174 1069 1210 Si

316 1230 388 1278 quis
409 1237 514 1265 autem
538 1228 599 1263 hoc
624 1235 777 1262 attentare
803 1225 1069 1273 praesumpserit,

317 1279 566 1326 indignationem
595 1276 822 1324 omnipotentis
849 1275 920 1319 Dei,
942 1287 978 1309 ac
1001 1274 1071 1309 bea-

317 1338 418 1364 torum
443 1328 526 1363 Petri
549 1335 580 1362 et
602 1326 691 1361 Pauli
714 1325 930 1373 apostolorum
954 1324 1022 1358 eius
1036 1335 1071 1358 se

317 1379 438 1413 noverit
466 1378 680 1412 incursurum.

366 1426 480 1462 Datum
504 1425 685 1471 Anagniae,
719 1423 861 1459 secundo
889 1422 960 1457 idus
982 1431 1070 1457 octo-

318 1476 398 1516 bris,
428 1474 629 1523 pontificatus
652 1473 749 1508 nostri
777 1484 859 1507 anno
882 1472 994 1518 primo.

357 1528 418 1558 Dat.
434 1528 481 1559 die
498 1527 534 1556 tt
551 1526 681 1557 octobris
698 1526 784 1563 1255,
800 1524 902 1564 pontif.
919 1534 995 1554 anno
1010 1533 1028 1554 1.

644 1640 747 1676 XXII.

320 1710 535 1756 Comprobatio
561 1710 699 1743 veritatis
725 1709 903 1753 ste‘ymatum
917 1707 953 1741 S.
968 1707 1070 1740 Fran-

367 1762 438 1794 cisci
457 1761 493 1793 de
514 1759 646 1804 Assist'OJ,
685 1770 750 1792 cum
774 1768 945 1802 poenarum
970 1757 1070 1800 impo-

366 1811 473 1843 sitione
505 1809 651 1842 adversus
677 1808 767 1841 aliter
792 1808 995 1852 affirmantes.

584 1870 800 1902 SUMMARIUM

316 1927 505 1959 Prooemium.
531 1940 569 1948 -
603 1925 630 1955 1.
658 1924 688 1954 Β.
715 1923 892 1954 Franciscus
917 1922 1011 1960 signis
1043 1927 1071 1952 et

357 1971 515 2002 virtutibus
542 1969 651 2000 clarus.
671 1985 710 1991 -
735 1968 763 1998 2.
782 1968 804 1997 A
827 1966 911 2005 Greg.
941 1966 975 1996 lx
997 1976 1068 1996 san-

357 2020 470 2046 ctorum
490 2014 556 2045 albo
579 2014 756 2052 adscriptus.
774 2029 813 2034 —
831 2012 858 2042 3.
879 2010 1070 2049 stigmatibus

359 2059 536 2089 miraculose
558 2058 728 2096 insignitus,
746 2073 785 2080 -
801 2057 828 2086 4.
848 2055 941 2085 Huius
960 2056 1069 2085 verita-

359 2109 414 2133 tem
429 2101 563 2133 miraculi
576 2106 698 2132 testatur
709 2100 881 2130 Alexander.
893 2115 931 2121 -
943 2099 970 2128 5.
984 2098 1071 2128 Prae-

358 2147 432 2177 latos
451 2147 594 2183 hortatur,
613 2150 644 2175 ut
659 2146 723 2175 eius
744 2144 936 2174 reverentiam
954 2142 1070 2181 populis

357 2193 513 2232 inspirent.
532 2207 569 2213 —
589 2191 615 2221 7.
633 2189 710 2220 Haec
729 2188 869 2219 miracula
894 2188 1071 2226 impugnan-

358 2237 437 2266 tibus
457 2245 567 2276 poenae
589 2234 778 2273 infligendae.

362 2298 511 2327 Alexander
530 2297 672 2333 episcopus
688 2301 785 2324 servus
804 2300 942 2323 servorum
966 2292 1025 2325 Dei.

461 2348 495 2376 ad
514 2347 676 2384 perpetuam
699 2346 740 2374 rei
759 2344 925 2374 memoriam.
1048 2339 1050 2341 ’

318 2397 520 2426 venerabilibus
539 2396 677 2426 tratribus
700 2394 908 2430 archiepiscopis
927 2394 957 2422 et
969 2393 1070 2428 episco-

363 2447 415 2483 pls,
435 2448 463 2476 et
482 2446 546 2476 aliis
562 2444 742 2475 ecelesiarum
758 2444 896 2480 praelatis
910 2443 1071 2479 praesentes

362 2495 475 2525 litteras
505 2494 667 2531 inspecturis
686 2495 715 2523 et
733 2493 881 2525 audituris,
908 2492 1024 2520 salutem
1043 2492 1072 2519 et

365 2545 541 2581 apostolicam
559 2544 778 2574 benedictionem.

369 2606 512 2654 Benigna
537 2607 676 2655 operatio
698 2606 820 2642 divinae
847 2603 1016 2640 voluntatis
1039 2603 1068 2637 in

323 2655 410 2690 coelo
432 2665 555 2707 potens,
577 2665 606 2690 et
634 2656 785 2691 innovans
806 2653 930 2702 singula
952 2652 1072 2701 sapien-

922 281 1059 304 BULLARI
1065 281 1110 304 ΕΜ
1133 280 1295 304 ROMANUM

1117 343 1180 374 ter,
1203 343 1232 369 et
1255 336 1426 370 immutans
1449 335 1601 370 mirabilia
1620 346 1716 382 super
1739 342 1864 377 terram,

1117 393 1281 432 postquam
1305 384 1362 419 Dei
1384 383 1485 419 Filius
1505 384 1603 419 victor
1624 383 1735 419 mortis
1749 382 1787 418 ad
1803 382 1866 419 Pa-

1116 442 1209 474 trem,
1238 433 1322 468 unde
1363 433 1586 479 descenderat,
1619 433 1765 468 vehiculo
1791 445 1867 480 pro-

1117 483 1202 529 priae
1223 483 1395 518 maiestatis
1416 483 1570 525 ascendit,
1595 482 1747 518 mirificae
1770 481 1867 517 forti-

1115 532 1233 568 tudinis
1254 532 1336 568 viros
1357 532 1394 567 ad
1417 532 1722 568 consummationem
1745 539 1867 567 sancto-

1115 594 1184 616 rum
1207 581 1339 617 diversis
1357 581 1552 629 temporibus
1573 582 1747 622 suscitavit,
1769 593 1785 616 a
1800 581 1864 629 qui-

1114 630 1173 665 bus
1196 631 1409 666 testimonium
1432 632 1499 678 spei
1516 630 1632 678 gloriae
1651 643 1724 666 cum
1739 630 1866 666 Christo

1114 680 1143 714 in
1163 679 1230 715 Deo
1249 681 1426 716 reconditae
1449 680 1637 725 firmaretur,
1656 688 1685 715 et
1706 679 1866 715 Ecclesiae

1113 737 1238 764 sanctae
1259 730 1297 765 ad
1322 730 1505 777 promissam
1530 729 1673 777 requiem
1695 728 1863 764 festinandi

1114 779 1143 812 in
1169 779 1230 814 hoc
1256 779 1520 826 peregrinationis
1546 779 1660 821 exilio,
1687 779 1770 825 quod
1797 786 1866 814 tae-

1113 829 1199 863 diosa
1222 829 1368 864 desiderii
1391 829 1459 863 eius
1481 828 1630 864 dilatione
1654 827 1864 875 protrahitur,

1115 890 1168 925 per
1199 878 1287 926 ipsos
1317 877 1542 913 consolationis
1571 878 1717 913 solatium
1754 889 1866 925 perve-

1113 935 1204 963 niret.

1161 981 1177 1020 §
1201 981 1231 1011 t.
1257 976 1342 1011 luter
1373 976 1451 1011 alios
1482 984 1586 1011 autem
1614 976 1727 1011 diebus
1749 975 1865 1011 nostris

1112 1026 1222 1061 heatus
1243 1025 1434 1061 Franciscus
1463 1026 1564 1060 almus
1593 1024 1711 1061 Christi
1739 1025 1865 1061 confes-

1112 1088 1164 1110 sor
1195 1076 1340 1122 apparuit
1366 1075 1466 1122 signis
1492 1083 1522 1110 et
1553 1075 1724 1110 virtutibus
1747 1074 1865 1121 glorio-

1111 1138 1177 1160 sus.
1204 1125 1268 1167 Qui
1291 1125 1487 1160 clarissimus
1510 1124 1561 1172 pie
1583 1124 1706 1159 vivendi
1742 1124 1863 1159 meritis

1111 1182 1141 1209 et
1168 1174 1323 1222 exemplis
1354 1183 1494 1210 sanctam
1529 1173 1728 1209 foecundavit
1749 1173 1863 1208 Eccle-

1111 1225 1203 1265 siam,
1225 1232 1255 1259 et
1276 1223 1439 1271 caligantia
1464 1224 1636 1271 praesentis
1657 1224 1766 1258 aetatis
1785 1232 1866 1258 tem·

1113 1286 1186 1321 pora
1202 1273 1336 1320 fulgoris
1349 1274 1397 1308 sui
1416 1272 1561 1319 lampade
1590 1272 1761 1314 illustrans,
1783 1272 1864 1307 viam

1113 1323 1248 1358 iustitiae
1283 1322 1418 1370 perfecte
1453 1334 1660 1370 praeparans,
1693 1322 1724 1356 in
1758 1333 1866 1357 eremo

1111 1372 1282 1408 altissimae
1302 1372 1508 1420 paupertatis,
1531 1383 1626 1418 quam
1645 1371 1711 1419 ipse
1733 1383 1866 1406 currens

1111 1430 1141 1456 et
1159 1422 1302 1457 alacriter
1313 1422 1470 1466 exultans,
1492 1429 1601 1456 contra
1623 1432 1762 1461 carnem,
1777 1433 1864 1455 mun-

1111 1471 1185 1506 dum
1209 1478 1238 1506 et
1254 1471 1454 1512 daemonem,
1473 1469 1557 1506 velut
1572 1470 1661 1517 gigas
1683 1470 1773 1504 traxit
1796 1477 1864 1516 post

1111 1532 1144 1554 se
1171 1520 1211 1555 de
1229 1520 1318 1555 inferi
1342 1520 1497 1564 faucibus,
1526 1528 1557 1555 et
1578 1519 1716 1555 traduxit
1736 1519 1775 1554 ad
1796 1518 1865 1554 Do-

1112 1570 1234 1604 minum
1257 1569 1409 1616 populum
1432 1569 1598 1609 humilem,
1621 1568 1778 1604 bonorum
1794 1579 1864 1616 ope-

1111 1630 1180 1653 rum
1199 1626 1399 1663 sectatorem,
1421 1619 1502 1653 sicut
1521 1617 1617 1652 effusa
1634 1629 1731 1664 super
1752 1617 1862 1652 faciem

1111 1667 1198 1702 orbis
1249 1676 1347 1702 terrae
1389 1668 1514 1714 copiosa
1553 1666 1760 1714 professionis
1795 1666 1864 1701 eius

1112 1717 1253 1763 religiosa
1281 1717 1443 1763 generatio
1466 1716 1623 1763 patefacit.

1160 1771 1175 1808 5
1201 1770 1234 1800 2.
1259 1766 1300 1800 Ut
1320 1774 1425 1800 autem
1449 1766 1486 1800 ad
1506 1764 1769 1800 illuminationem
1784 1776 1863 1811 gen-

1112 1815 1213 1856 tium,
1245 1815 1378 1849 celebris
1404 1814 1471 1849 eius
1501 1814 1674 1855 memoria,
1701 1822 1862 1861 tamquam

1112 1863 1239 1898 rutilum
1262 1864 1357 1911 sydus
1379 1864 1410 1898 in
1432 1875 1564 1899 corusco
1587 1863 1773 1898 firmamenti
1796 1876 1862 1912 my·

1111 1913 1181 1948 stici
1204 1912 1329 1948 aethere
1352 1921 1546 1957 servaretur,
1581 1913 1690 1948 multis
1716 1924 1788 1947 eum
1811 1913 1864 1947 di·-

1112 1963 1180 1996 vina
1205 1963 1341 2009 potentia
1364 1962 1469 1997 adhuc
1490 1962 1677 1997 militantem
1696 1961 1778 1997 inter
1805 1962 1864 1997 ho-

1112 2011 1229 2055 mines,
1257 2020 1287 2045 et
1313 2011 1440 2047 demum
1471 2013 1502 2045 in
1530 2019 1711 2047 sanctornm
1738 2011 1864 2058 agmine

1113 2060 1379 2107 triumphantem,
1406 2061 1532 2107 dignata
1554 2069 1598 2096 est
1621 2060 1791 2096 clarificare
1807 2060 1864 2094 mi-

1113 2110 1248 2154 raculis,
1290 2122 1370 2157 quae
1403 2109 1456 2145 fel.
1485 2122 1547 2145 rec.
1580 2109 1754 2156 Gregorius
1778 2109 1863 2156 Papa

1113 2159 1337 2206 praedecessor
1364 2168 1484 2201 noster,
1512 2171 1552 2194 ne
1573 2159 1624 2194 illa
1652 2159 1698 2194 vel
1734 2170 1864 2205 perver-

1112 2215 1189 2243 teret
1207 2209 1331 2243 aemula
1358 2208 1531 2243 sanctitatis
1558 2208 1716 2256 iniquitas,
1739 2207 1785 2242 vel
1800 2207 1859 2242 ob·-

1112 2258 1236 2292 livionis
1258 2257 1388 2304 digitus,
1410 2257 1463 2305 qui
1487 2257 1582 2292 rebus
1606 2257 1703 2304 gestis
1724 2256 1785 2291 cito
1806 2269 1862 2291 su-

1113 2307 1304 2354 perducitur,
1327 2306 1479 2346 aboleret,
1503 2306 1742 2341 solemnissimis
1756 2305 1862 2352 inqui-

1112 2355 1277 2390 sitionibus
1312 2356 1455 2402 indagata
1482 2363 1512 2390 et
1533 2363 1703 2402 comperta,
1736 2353 1863 2389 fidelis-

1112 2405 1199 2440 simis
1220 2405 1422 2441 documentis
1447 2405 1519 2440 fecit
1546 2404 1583 2440 ad
1611 2403 1736 2440 laudem
1759 2403 1816 2438 Dei
1830 2412 1861 2438 et

1112 2464 1314 2502 augmentum
1342 2454 1414 2489 fidei
1442 2463 1472 2489 et
1506 2454 1743 2488 instructionem
1776 2453 1862 2487 salu-

1112 2504 1212 2545 brem,
1239 2512 1300 2539 tam
1325 2503 1551 2551 praesentium.
1579 2514 1673 2549 quam
1697 2502 1789 2536 etiam
1810 2501 1861 2536 fu-

1112 2563 1268 2594 turorum,
1291 2554 1497 2588 munimentis
1519 2551 1679 2600 perpetuis
1701 2563 1861 2586 commen·

1111 2602 1196 2644 dari,
1234 2602 1380 2637 eumdem
1423 2601 1639 2637 confessorum
1679 2608 1859 2635 sanctorum

1111 2651 1273 2698 cathalogo
1299 2650 1526 2691 adscribendo,
1554 2650 1635 2685 sicut
1656 2649 1687 2684 in
1715 2649 1861 2698 plurimis

1879 282 1929 307 Au.
1947 279 1977 306 C.
1996 279 2065 307 125⁵

1892 982 1913 1003 B.
1937 982 2064 1005 franciam

1879 1015 1945 1041 signi·
1959 1017 1980 1036 et
1995 1015 2064 1036 virtu-

1878 1045 1934 1066 tibin
1949 1045 2026 1066 clarus.

1891 1769 2019 1797 AGregorlo
2034 1769 2060 1791 tx

1876 1803 1997 1822 sanctorum
2013 1800 2060 1821 albe

1877 1831 2002 1858 adscriptus.
