2129 3223
49 263 101 291 λιι.
118 263 147 291 c.
166 263 232 290 1198
842 259 1051 284 ικκοεεκτιεε
1073 260 1108 281 ιιι
1132 259 1178 281 re.
1658 245 1715 276 tsi
1786 254 1824 280 An
1853 252 1965 279 0119ss

47 317 231 372 ‘ffssssss'js'st‘wffi
295 319 376 355 Nulli
399 331 474 365 ergo
494 327 560 363 etc„
594 318 675 353 lianc
699 318 841 365 paginam
865 325 988 352 nosti-ae
1028 323 1106 348 ctam
1131 314 1360 359 imperati-iconi
1392 321 1421 347 et
1445 312 1540 346 lilium
1560 310 1630 345 eius
1645 309 1771 344 Siciliae

244 369 455 414 dispositionis
481 376 511 404 et
536 368 767 404 constitutionis
788 375 840 401 eto.

291 418 406 454 Datum
434 417 576 453 Lateran.

575 532 659 567 XlV.

259 586 404 646 Sequitur
431 603 473 635 ad
498 601 735 646 archiepiscopos
765 608 791 633 et
817 601 968 643 episcopos

457 652 543 695 reym'
567 650 695 684 Siciliae
717 651 771 691 (1).

509 723 720 755 SUMMARIL'M

241 791 372 830 Regnum
395 790 514 821 Siciliae
526 791 561 820 ad
574 791 619 820 ius
639 796 666 820 et
685 790 889 828 proprietatem
905 788 988 818 Sedis

281 836 465 875 Apostolicae
481 837 615 875 pertinet.
638 853 674 857 —
698 834 772 864 lllud
792 834 913 872 proinde
931 832 988 863 Ro-

281 881 360 911 mani
382 880 537 911 Pontifices
567 879 687 919 speciali
714 879 840 918 quadam
873 886 989 916 semper

280 926 481 964 praerogativa
500 925 674 956 dilexerunt.
696 940 734 947 —
757 923 860 953 Libera
893 922 928 952 ad
959 921 987 952 S.

281 969 386 999 Sedem
409 969 575 1009 appellatio.

240 1039 410 1070 mmmm
427 1047 568 1077 ⁰⁹¹⁸⁰⁰P⁰⁸
586 1047 680 1069 ΜΝΞ
695 1045 834 1068 smmum
857 1037 912 1071 Μ’
945 1045 988 1066 ’π’
1008 1060 1011 1090 l
1029 1064 1183 1103 quatenus
1210 1067 1281 1089 cum
1308 1054 1442 1100 aliquam
1473 1050 1687 1086 Ecclesiarum
1722 1061 1776 1083 ve-

285 1088 470 1126 omoptscnpts.
504 1088 646 1126 episcopis,
667 1090 697 1118 ot
717 1089 780 1117 aliis
810 1088 989 1117 Ecclesiarum
1008 1111 1010 1113 .

285 1138 428 1175 mactatis.
448 1140 476 1168 et
494 1137 618 1168 universo
637 1138 709 1168 clero
727 1137 755 1166 lu
773 1136 863 1165 Sicilia
889 1136 987 1164 consti·
1029 1154 1104 1189 dum
1120 1153 1341 1201 praescriptam
1357 1150 1518 1187 electionis
1532 1148 1674 1190 formam,
1689 1148 1775 1182 omni

286 1188 369 1218 tuti&

291 1255 326 1291 Si
348 1255 552 1290 charissimae
574 1255 603 1288 in
625 1254 752 1289 Christo
767 1253 848 1289 filiae
864 1261 989 1288 nostrae
1008 1278 1010 1285 i

59 1308 151 1335 fimum
172 1307 228 1329 ³20¹-
243 1305 280 1340 C.
309 1304 496 1351 imperatrici
531 1305 655 1351 reginae
681 1315 743 1338 una
765 1315 836 1338 cum
870 1302 989 1337 charis·
1008 1313 1010 1349 ξ

1008 1351 1099 1386 *liter
1119 1351 1215 1386 factas
1242 1350 1385 1397 diligenti
1417 1348 1613 1383 discussione
1645 1345 1775 1391 praelia-

1008 1398 1010 1418 ²
1030 1401 1104 1441 bita,
1131 1400 1223 1435 dante
1241 1399 1379 1435 Domino
1399 1398 1556 1432 infirmare
1582 1395 1776 1440 curabimus,

47 1339 89 1361 liae
111 1341 187 1361 adius
208 1342 229 1359 et
261 1355 267 1360 .
384 1354 391 1360 .
436 1354 442 1359 .
541 1354 546 1359 .
700 1352 705 1358 .
731 1352 760 1359 ..
823 1352 828 1358 .
964 1353 968 1357 .

62 1372 210 1398 stuprantem
243 1366 324 1389 Simo
350 1353 414 1389 filio
436 1353 546 1388 illustri
571 1365 642 1399 rege
673 1352 800 1387 Siciliae
823 1365 853 1387 in
880 1352 989 1387 multis

47 1399 108 1454 ᾖξ’
127 1401 229 1459 Ρζξξῗξιῆ
243 1404 372 1450 gratiam
405 1402 536 1437 facimus
571 1402 757 1449 specialem,
784 1414 847 1436 non
883 1411 930 1437 est
950 1402 989 1437 ab

242 1452 403 1501 aliquibus
418 1453 448 1486 in
464 1452 671 1487 admiratione
693 1451 894 1486 ducendum:
917 1463 986 1486 cum

244 1514 376 1550 regnum
412 1501 535 1536 Siciliae
561 1501 599 1536 ad
628 1502 676 1536 ius
711 1509 741 1535 et
768 1500 986 1547 proprietatem

241 1551 403 1588 Ecclesiae
427 1550 589 1586 Romanae
618 1551 784 1598 pertineat,
810 1558 841 1585 et
868 1551 896 1585 in
920 1551 989 1586 eius

243 1601 392 1637 fidelitate
414 1599 592 1648 perstiterit,
619 1612 656 1635 ac
678 1600 884 1648 pei-manserit
919 1602 988 1636 uni·
1008 1633 1009 1641 ,

243 1659 317 1687 tate.
343 1650 450 1685 Nostis
482 1652 599 1685 etenim
626 1650 760 1697 qualiter
787 1649 912 1685 inclitae
936 1662 988 1685 re-

243 1700 433 1736 cordationis
454 1699 492 1734 R.
524 1700 583 1735 Vu.
607 1709 637 1735 et
664 1700 723 1735 Vu.
753 1699 877 1735 Siciliae
900 1711 989 1746 reges

243 1749 380 1786 illustres
420 1750 450 1784 in
484 1750 673 1797 apostolicae
710 1750 887 1785 devotionis
924 1749 987 1784 sere

243 1810 369 1846 semper
395 1800 622 1846 permanserint
662 1800 827 1839 firmitate,
855 1799 989 1847 qualiter

244 1849 499 1896 praedecessores
525 1859 647 1884 nostros
682 1850 794 1884 fuerint
829 1849 988 1885 humiliter

244 1899 393 1939 venerati,
419 1898 552 1946 qualiter
573 1899 665 1933 etiam
690 1900 719 1934 in
745 1899 887 1935 Ecclesia
922 1899 988 1934 Ro-

245 1959 334 1994 mana
357 1958 426 1995 post
447 1948 549 1983 Deum
572 1961 647 1984 suae
668 1950 734 1996 spei
758 1949 936 1997 posuerint,
958 1957 988 1984 et

243 1996 350 2044 gaudii
386 1997 642 2037 fundamentum.
675 2007 706 2034 et
733 2000 762 2034 in
790 2011 844 2040 ea,
876 2007 906 2034 et
935 2012 988 2046 per

63 2050 231 2104 lffigmiifflffif
245 2058 312 2082 eam
334 2059 368 2081 se
395 2046 585 2082 crediderint
611 2048 748 2084 exaltari.
773 2048 879 2084 Nostis
893 2050 986 2084 etiam

27 2081 104 2147 „geas
143 2113 230 2141 spe-:ian
245 2095 379 2142 qualiter
421 2097 684 2144 praedecessores
718 2098 816 2134 nostri
853 2098 986 2133 Romani

24 2145 233 2235 ἒὲῗζοῃξᾞξ
246 2145 417 2181 Pontifices
462 2158 552 2193 reges
586 2147 683 2195 ipsoS,
710 2160 746 2184 ae
772 2160 904 2195 regnum
937 2147 987 2183 Si-

24 2215 42 2246 3
74 2210 154 2228 ie-um.
245 2195 334 2231 ciliae
360 2195 494 2243 quadarn
523 2208 648 2243 semper
684 2199 894 2245 praerogativa
932 2198 986 2232 di·-

247 2245 388 2286 lexerint,
415 2253 445 2279 et
469 2245 508 2280 ad
530 2255 754 2291 augumentum
785 2248 902 2293 ipsius,
937 2256 987 2282 ut-

246 2303 319 2343 pote
339 2295 423 2343 quod
449 2295 617 2342 peculiaria
648 2297 744 2339 (sicut
767 2300 828 2341 est)
855 2305 885 2332 et
915 2310 987 2344 pro-

246 2344 348 2390 prium
363 2344 561 2392 reputabant,
580 2345 780 2385 intenderint,
795 2354 825 2381 et
839 2347 986 2393 quietem.

244 2393 326 2436 Quia
347 2406 420 2430 vero
440 2403 710 2442 quantuncunque
728 2394 861 2431 velimus
878 2408 986 2431 eorum

245 2444 357 2480 honori
383 2443 516 2485 deferre,
542 2444 715 2479 libertatem
743 2445 936 2488 canonicam,
958 2455 985 2480 ei

245 2493 440 2530 honestatem
462 2492 703 2529 ecclesiasticam
729 2493 920 2530 intendimus
930 2494 986 2529 ob-

246 2554 381 2579 servare.
407 2542 453 2578 Ne
487 2544 581 2590 igitur
614 2542 675 2578 ulla
697 2542 735 2577 de
762 2551 882 2579 caetero
909 2544 988 2579 inter

247 2604 306 2628 nos
334 2601 365 2628 et
389 2604 589 2628 successores
616 2601 759 2635 nostros,
793 2602 821 2628 et
861 2593 985 2640 praedi-

281 2647 321 2684 (ί)
335 2648 375 2676 Ex
390 2649 490 2681 Balnz„
505 2649 589 2684 Epist.
612 2650 672 2676 tio.
871 2664 875 2668 -

1029 376 1132 411 regem
1158 364 1321 401 illustrem,
1343 361 1389 395 vel
1412 361 1562 396 liacredcs
1583 371 1704 403 eorum,
1723 371 1773 393 su-

1028 425 1084 461 per
1115 411 1322 446 electionibus
1353 410 1457 445 denuo
1490 409 1644 445 dissensio
1669 409 1773 443 susci-

1028 470 1121 505 tetur,
1148 472 1228 509 quae
1256 460 1407 495 hactenus
1434 460 1513 493 inter
1535 458 1707 493 Ecclesiam
1742 465 1773 492 et

1029 523 1159 558 regnum
1187 510 1325 544 rancoris
1354 509 1536 551 cuiusdam,
1569 516 1600 542 et
1627 507 1772 553 indigna-

1028 561 1122 596 tionis
1146 560 1284 594 fomitem
1309 558 1538 597 ministrabant,
1565 556 1692 592 modum
1729 555 1772 590 fa-

1028 611 1159 646 ciendae
1187 610 1216 643 in
1240 617 1397 655 posterum
1431 607 1593 642 electionis
1623 617 1773 653 praesen—

1030 660 1112 694 tibus
1139 659 1316 694 curavimus
1338 657 1437 691 literis
1455 656 1625 702 explicare:
1650 655 1679 689 in
1702 655 1773 702 qui-

1029 709 1088 744 bus
1117 710 1164 744 sic
1190 708 1293 754 regiae
1331 706 1487 741 serenitati
1520 703 1706 744 deserimus,
1743 711 1774 738 ut

1029 758 1203 793 libertatem
1230 756 1473 791 ecclesiasticam
1501 765 1563 788 non
1601 753 1771 787 laedamus.

1028 807 1111 843 Sede
1131 814 1260 842 vacante
1285 804 1472 852 significabit
1504 803 1674 850 capitulum
1709 803 1773 840 eis„

1029 866 1057 892 et
1085 869 1192 893 eorum
1221 854 1411 891 haeredibus
1444 853 1564 888 obitum
1600 853 1775 886 decessoris

1028 916 1094 948 ete,
1124 919 1217 952 usque
1244 907 1286 940 ad
1306 907 1430 940 verbum
1455 902 1657 938 immiscebit.
1683 900 1775 935 ldeo-

1028 969 1091 1005 que
1128 955 1321 991 universitati
1358 962 1476 988 vestrae
1511 964 1566 999 per
1604 951 1773 997 apostolica

1029 1007 1142 1053 scripta
1154 1005 1352 1043 mandamus,
1364 1013 1394 1038 et
1405 1003 1544 1038 districte
1553 1001 1774 1047 praeeipiinuS,

1029 1115 1163 1140 sti-arum
1192 1112 1313 1150 pastore
1335 1114 1441 1137 vacare
1463 1100 1640 1146 contigerit,
1667 1110 1775 1134 secun-

1029 1204 1126 1250 gratia
1152 1212 1182 1238 et
1208 1203 1320 1237 timore
1351 1200 1545 1249 postpositis,
1582 1197 1773 1245 procedatis:

1030 1265 1087 1287 nec
1122 1262 1230 1288 contra
1257 1263 1324 1287 earn
1352 1251 1454 1297 aliqua
1490 1247 1696 1296 praesumatis
1722 1258 1776 1281 ac-

1030 1303 1192 1337 cusatione
1219 1302 1336 1336 venire.
1364 1299 1514 1345 Alioquin
1537 1296 1707 1332 electiones
1729 1304 1776 1329 ta·

1029 1458 1058 1485 et
1090 1450 1280 1496 elegentium
1314 1447 1595 1493 transgressionem
1630 1443 1776 1479 animad-

1029 1500 1171 1535 versione
1193 1499 1298 1534 debita
1319 1499 1481 1544 castigare.
1503 1495 1659 1531 Volumus
1681 1495 1773 1528 etiam
1788 1506 1875 1559 sLii'm
1898 1509 1923 1529 aa
1947 1507 1967 1560 s.

1803 1544 1813 1559 e
1831 1545 1863 1559 sm
1895 1544 1969 1566 appe-

1007 1575 1010 1588 ,
1029 1549 1246 1589 nihilominus,
1274 1556 1304 1582 et
1323 1548 1519 1584 mandamus,
1544 1553 1575 1579 ut
1597 1544 1636 1578 de
1652 1551 1774 1578 caetero
1787 1569 1846 1591 mm·

1028 1599 1065 1634 ad
1089 1598 1262 1633 Romanam
1286 1597 1461 1632 Ecclesiam
1486 1595 1582 1629 libere
1603 1606 1675 1628 cum
1695 1605 1775 1639 opus

1029 1648 1121 1683 fuerit
1148 1647 1334 1695 appelletis,
1361 1656 1391 1681 et
1423 1644 1617 1690 interpositis
1643 1643 1681 1677 ad
1717 1654 1775 1677 nos

1028 1697 1293 1743 appellationibus
1307 1696 1423 1731 curetis
1436 1695 1596 1729 liumiliter
1611 1702 1640 1727 et
1664 1693 1775 1727 devote

1028 1747 1160 1782 deterre.
1184 1747 1248 1782 Nos
1266 1747 1359 1780 etiam
1382 1746 1507 1792 quoties
1529 1743 1698 1778 necessitas
1718 1753 1775 1788 po-

1028 1797 1198 1835 stulaverit,
1234 1796 1433 1842 Apostolicae
1466 1794 1557 1829 Sedis
1589 1793 1706 1838 legatos
1735 1791 1773 1825 ad

1029 1858 1083 1880 vos
1109 1845 1290 1881 curabimus
1312 1845 1484 1880 destinare:
1512 1843 1564 1891 qui
1588 1853 1668 1889 quae
1690 1840 1773 1888 plau-

1028 1895 1121 1930 tanda
1148 1904 1221 1930 sunt
1253 1896 1408 1942 plantent,
1452 1901 1482 1929 et
1517 1893 1666 1933 evellant,
1693 1901 1773 1937 quae

1029 1944 1145 1980 fuerint
1165 1945 1341 1984 evellenda,
1368 1955 1502 1992 quorum
1530 1941 1683 1977 obediatis
1705 1951 1773 1973 nio-

1029 1995 1101 2029 nitis
1122 2003 1152 2030 et
1180 1996 1365 2043 praeceptis.
1394 1993 1486 2028 Nullo
1509 2003 1637 2040 prorsus
1658 1990 1688 2024 in
1701 2000 1773 2023 om-

1029 2044 1122 2079 nibus
1146 2044 1347 2092 praescriptis
1373 2042 1518 2090 capitulis
1544 2041 1686 2077 obstante
1706 2038 1773 2083 pri-

1028 2094 1152 2140 vilegio,
1178 2094 1225 2129 vel
1248 2094 1409 2140 rescripto,
1436 2091 1518 2140 quod
1546 2103 1562 2126 a
1584 2089 1667 2125 Sede
1684 2088 1772 2135 Apo-

1028 2148 1136 2183 stolica
1157 2148 1250 2183 fuerit
1267 2148 1477 2195 impetratum.
1500 2143 1543 2180 Ut
1560 2152 1676 2183 autem,
1693 2153 1772 2186 quae

1029 2202 1215 2249 pi·2es·ripta
1243 2209 1317 2236 sunt
1348 2199 1432 2248 apud
1463 2210 1517 2233 vos
1540 2198 1623 2232 nulla
1652 2197 1771 2243 possint

1028 2256 1185 2292 oblivione
1205 2255 1314 2295 deleri,
1339 2253 1538 2291 mandamus,
1560 2259 1653 2298 atque
1681 2260 1771 2297 prae-

1027 2311 1173 2359 cipimus,
1188 2317 1342 2358 quatenus
1359 2308 1457 2343 forma
1470 2307 1626 2341 literarum
1643 2304 1769 2339 istarum

1027 2365 1065 2400 ad
1096 2372 1279 2412 perpetuam
1314 2361 1496 2396 memoriani
1532 2360 1562 2394 in
1599 2357 1769 2393 maioribus

1027 2417 1178 2454 Ecclesiis
1200 2416 1384 2463 transcripta
1404 2422 1545 2450 servetur
1566 2415 1622 2457 (l).

1062 2488 1101 2523 (t)
1117 2487 1200 2515 Hasce
1214 2486 1302 2514 literas
1319 2486 1442 2522 quamvis
1457 2484 1528 2512 nullo
1543 2487 1666 2511 notentur
1687 2482 1768 2510 chro-

1029 2529 1145 2563 nologico
1157 2531 1298 2559 caractere,
1311 2535 1362 2554 non
1374 2526 1464 2553 ultimo
1479 2525 1536 2552 loco
1551 2525 1622 2551 iuxta
1633 2526 1769 2550 servatum

1028 2577 1110 2604 usque
1125 2568 1211 2595 adhuc
1228 2575 1327 2595 morem
1344 2568 1519 2602 reposuimus,
1539 2565 1583 2593 sed
1600 2565 1661 2592 huic
1679 2564 1768 2591 consi-

1027 2616 1138 2644 gnamus
1155 2616 1233 2640 anno,
1250 2615 1303 2643 quo
1319 2607 1394 2634 datas
1408 2607 1487 2635 fuisse
1501 2609 1604 2634 eertum
1618 2608 1668 2638 est,
1687 2608 1714 2632 et
1735 2612 1768 2632 ex

1028 2649 1083 2684 ipso
1103 2650 1212 2684 registro
1228 2652 1307 2683 patet.
