2129 3223
33 244 85 273 An.
102 243 132 273 C.
148 245 215 273 ¹255

40 852 97 875 idem
112 853 210 874 cardinu-

27 884 54 905 lis
73 883 138 910 legem
160 888 211 904 sun-

28 915 56 934 cit
63 914 83 935 in
93 913 211 935 huiusmodi

48 944 190 966 electionibus

54 978 186 999 serrandum.

39 1344 87 1367 Eum
100 1344 209 1365 confirmat

26 1374 130 1396 Penni-1.

38 1731 154 1754 Cardinaliu
187 1731 208 1753 S.

27 1761 133 1784 Eustachii
151 1763 210 1783 titte-

826 247 1034 271 lNNOCENTws
1056 247 1088 269 iv
1111 247 1158 270 rr.
1639 238 1706 272 56⁷

231 299 306 335 litati
341 308 459 335 vestrae
495 308 620 348 paterna
655 300 866 336 sollicitudine
894 314 993 348 pro-¹

230 349 345 391 videre,
367 349 481 385 dilecto
504 349 565 384 filio
593 358 698 385 nostro
719 350 758 385 G.
787 351 892 386 Sancti
911 350 974 385 Eu-

228 398 338 433 stacliii
353 398 485 433 diacono
511 398 671 440 cardinali,
694 401 743 434 cui
766 400 882 435 dudum
910 412 972 447 ge—

229 448 364 483 neralem
392 460 498 482 curam
526 448 646 483 ordinis
668 449 816 496 praedicti
840 450 972 484 commi-

227 497 336 537 simus,
350 498 612 532 examinationem
623 498 785 533 electionis
798 499 972 534 celebratae

228 546 257 580 in
278 546 456 593 generalem
476 547 610 593 priorem
627 547 767 582 eiusdem
787 549 918 591 ordinis,
933 548 971 583 de

225 594 342 631 dilecto
359 596 421 631 lilio
435 596 526 631 fratre
542 596 718 631 Lanfranco
730 597 970 638 Mediolanensi,

225 653 300 680 tunc
327 646 432 692 priore
462 646 576 681 domus
604 655 722 681 vestrae
743 647 970 688 Bononiensis,

225 701 256 729 et
277 706 483 741 processuum
502 695 698 737 eorumdem,
720 695 871 731 duximus
888 709 972 732 com-

226 743 421 779 mittendam.

273 793 294 841 g
319 797 353 828 2.
382 793 461 828 Cum
496 794 591 840 igitur
619 794 702 829 idem
734 795 898 830 cardinalis
932 795 971 829 de

226 842 372 878 mandato
395 851 425 878 et
451 844 632 878 auctoritate
666 852 786 887 nostra,
820 844 857 878 de
881 856 970 891 prae-

226 891 287 927 fato
307 891 360 932 L.,
382 893 454 939 quia
477 893 687 927 eam-invenit
708 893 894 928 celebratam
918 906 970 929 ca-

225 941 338 977 nonice
365 941 558 986 confirmata,
586 955 682 989 super
710 943 903 989 professione
934 955 970 978 ac

224 991 388 1032 electione,
415 1003 535 1026 necnon
559 1000 588 1026 et
617 992 830 1027 nominatione
858 993 970 1039 prioris

225 1040 324 1088 ipsius
357 1040 476 1075 ordinis
513 1040 663 1076 faciendis
703 1041 743 1077 de
776 1050 898 1077 caetero
933 1054 969 1076 ac

224 1090 293 1125 aliis
312 1090 467 1129 articulis,
495 1090 602 1125 eadem
619 1092 801 1126 auctoritate
816 1099 967 1126 statutum

224 1139 322 1174 edidit
348 1139 511 1187 providum
537 1149 567 1174 et
602 1140 786 1184 honestum,
823 1149 916 1188 prout
937 1141 966 1175 in

225 1189 324 1236 ipsius
358 1188 526 1224 cardinalis
564 1188 673 1224 litteris
710 1190 780 1225 inde
817 1190 968 1225 confectis

225 1238 352 1285 plenius
378 1239 567 1273 continetur.

272 1287 293 1335 S
315 1290 347 1322 5.
380 1286 445 1322 Nos
474 1288 584 1322 vestris
608 1288 896 1336 supplicationibus
920 1290 968 1323 in-

224 1336 348 1378 clinati,
382 1336 466 1383 quod
493 1336 533 1371 ab
554 1337 663 1372 eodem
691 1337 846 1373 cardinale
874 1351 969 1385 super

225 1386 261 1421 iis
281 1385 395 1421 factum
418 1394 463 1420 est
486 1394 583 1421 ratum
604 1395 634 1421 et
656 1395 777 1433 gratum
804 1387 967 1432 habentes,

224 1435 254 1470 id
276 1436 460 1471 auctoritate
487 1436 655 1482 apostolica
684 1437 917 1480 confirmamus,
938 1446 967 1471 et

224 1485 396 1531 praesentis
433 1485 539 1532 scripti
574 1486 747 1532 patrocinio
781 1487 967 1520 communi-

223 1546 311 1575 mus3
345 1543 484 1569 tenorem
509 1535 677 1569 litterarum
706 1536 842 1583 ipsarum
869 1548 967 1582 prae-

221 1583 365 1619 sentibus
387 1583 426 1618 de
453 1584 548 1619 verbo
569 1585 606 1618 ad
635 1584 764 1619 verbum
789 1585 882 1620 inseri
915 1585 967 1620 fa-

222 1633 345 1675 ciendo,
367 1633 420 1680 qui
448 1633 516 1667 talis
536 1642 602 1667 est:

271 1682 291 1729 S
312 1685 345 1717 4.
375 1681 566 1717 Guillelmus
588 1683 787 1718 miseratione
808 1683 912 1718 divina
932 1684 964 1718 S.

224 1731 383 1767 Eustachii
419 1731 569 1767 diaconus
607 1733 784 1773 cardinalis,
812 1733 967 1779 religiosis

223 1781 317 1821 viris,
355 1789 386 1816 et
423 1780 544 1816 dilectis
581 1782 612 1815 in
651 1781 777 1816 Cliristo
811 1783 967 1817 universis

224 1830 379 1878 prioribus
392 1837 421 1864 et
442 1830 588 1865 fratribus
610 1831 729 1866 ordinis
743 1831 965 1873 Eremitarum,

225 1887 286 1914 tam
310 1879 545 1927 praesentibus,
578 1892 670 1927 qnam
694 1880 818 1925 suturis,
840 1881 870 1915 in
895 1894 967 1928 per-

226 1937 365 1976 petuum.
391 1928 514 1963 Variam
536 1956 637 1963 .....
661 1929 780 1964 ordinis
798 1931 888 1965 vestri
910 1931 967 1966 for-

224 1990 307 2013 mam
335 1978 365 2012 in
388 1977 563 2025 profitendo
584 1986 614 2013 et
636 1979 780 2025 eligendo
801 1980 858 2014 sibi
882 1980 967 2027 prio-

225 2039 290 2063 rem
313 2027 488 2074 generalem
512 2036 676 2067 sectantes,
699 2029 727 2062 in
755 2030 868 2064 variam
887 2031 967 2065 inter

224 2089 258 2112 se
280 2076 486 2112 dissensionis
502 2078 660 2112 materiam
685 2078 873 2119 inciderunt,
898 2091 967 2125 pro-

225 2136 293 2174 pter
329 2126 413 2173 quod
448 2127 658 2161 necessarium
701 2128 800 2162 extitit
843 2128 873 2162 in
909 2128 966 2164 hac

225 2184 309 2223 parte
329 2175 419 2210 vobis
448 2184 478 2210 et
503 2175 604 2210 eidem
630 2176 728 2210 ordini
753 2190 805 2223 per
827 2178 966 2224 Aposto-

225 2226 301 2261 licae
328 2224 421 2260 Sedis
447 2225 669 2272 providentiam
689 2225 858 2262 subveniri.
882 2227 965 2263 Sane

42 2280 112 2303 Prima
131 2281 210 2303 ordiuss
225 2275 262 2309 ad
296 2274 486 2310 audientiam
519 2274 637 2309 domini
675 2274 776 2321 Papae
811 2278 965 2322 pervenit,

1772 250 1820 275 An.
1839 247 1865 275 C.
1886 248 1953 276 1253

1013 302 1095 347 ginis
1113 301 1287 335 construxit
1311 301 1436 336 ibidem.
1458 302 1631 337 Crescente
1652 310 1755 337 autem

1014 362 1156 391 numero,
1185 351 1297 384 merito
1332 350 1509 386 huiusmodi
1533 363 1756 387 conversorum

1014 408 1210 446 receptorum
1241 411 1295 445 per
1320 412 1374 434 eos
1397 401 1425 434 in
1449 400 1579 436 diversis
1606 400 1756 448 partibus,

1013 449 1042 483 in
1070 448 1185 495 quibus
1206 450 1385 484 mansiones
1406 458 1655 495 construxerant,
1677 450 1757 485 exti-

1014 499 1046 532 tit
1075 506 1253 545 propagata.

1061 547 1080 595 S
1107 552 1139 582 5.
1167 547 1248 582 Cum
1272 555 1374 582 autem
1404 548 1498 583 iidem
1527 549 1665 595 religiosi
1699 548 1756 583 ali-
1784 553 1952 604 nartalruede

1012 609 1105 643 quam
1133 597 1171 631 de
1198 596 1377 644 approbatis
1406 598 1544 644 regulam
1573 610 1634 632 non
1659 598 1755 632 habe·
1770 586 1953 642 {3³J12”²}''2„,}{‡

1012 654 1091 684 rent,
1117 646 1245 693 quidam
1267 659 1304 681 ex
1323 647 1367 681 eis
1383 647 1566 682 accedentes
1587 647 1624 682 ad
1639 646 1754 682 Sedem
1769 647 1834 697 {2¹:128
1843 647 1952 667 ‘'²¹¹⁶b³²¹'³

1012 696 1236 743 Apostolicam,
1259 696 1462 731 obtinuerunt
1484 696 1521 730 ab
1536 709 1570 730 ea
1592 696 1672 731 beati
1693 697 1757 731 Au-
1839 694 1842 698 ’

1011 746 1129 791 gustini
1157 745 1295 792 regulam
1309 745 1367 779 sibi
1390 746 1467 786 dari,
1495 755 1524 780 et
1555 746 1601 781 sic
1622 758 1658 780 ex
1681 755 1756 781 tunc

1011 804 1185 842 coeperunt
1207 795 1402 841 regularibus
1424 795 1628 830 observantiis
1646 797 1755 831 instrui

1010 852 1039 878 et
1063 843 1246 890 regulariter
1272 857 1305 879 se
1332 844 1456 879 liabere.
1485 844 1524 879 Et
1545 846 1618 891 quia
1646 857 1755 880 eorum

1011 893 1152 937 habitus,
1179 893 1262 940 quod
1291 894 1407 928 liabitui
1436 894 1564 929 fratrum
1598 894 1755 930 Minoi-um

1011 943 1172 977 videbatur
1193 943 1380 987 conformis,
1408 944 1490 990 apud
1519 944 1641 991 aliquos
1662 956 1758 979 scan-

1010 992 1114 1026 dalum
1137 993 1369 1039 quodammodo
1391 993 1575 1034 suscitabat,
1603 994 1641 1028 de
1663 1005 1755 1028 man-

1010 1041 1081 1076 dato
1102 1049 1132 1076 et
1158 1043 1341 1077 auctoritate
1371 1042 1504 1077 duorum
1533 1042 1755 1088 cardinalium,

1009 1091 1062 1137 qni
1090 1099 1165 1125 tunc
1201 1092 1228 1125 in
1259 1092 1399 1138 partibus
1432 1091 1640 1127 Lombardiae
1668 1093 1756 1140 lega-

988 1160 990 1169 ·
1010 1141 1101 1174 tionis
1130 1140 1339 1186 fungebantur
1364 1142 1477 1185 oflicio,
1501 1142 1638 1188 nigrum,
1660 1154 1753 1189 quem

1009 1190 1137 1236 gestatis
1158 1191 1272 1228 adbuc,
1296 1190 1436 1225 habitum
1464 1190 1636 1236 elegerunt.

1057 1240 1077 1286 S
1103 1241 1135 1273 6.
1159 1239 1221 1281 Qui
1248 1252 1320 1274 cum
1344 1240 1403 1274 iarn
1439 1249 1623 1275 vocarentur
1644 1240 1755 1276 fratres
1790 1250 1936 1286 tur-majoma

1008 1289 1156 1323 eremitae
1188 1289 1311 1323 loannis
1336 1289 1416 1323 Boni
1440 1290 1560 1325 ordinis
1586 1290 1619 1325 S.
1642 1290 1754 1337 Augu·
1769 1283 1950 1334 ξ’ζρᾏθῗὸξζωῗξξζῖ

1009 1338 1101 1376 stiui,
1139 1338 1267 1377 novitii,
1295 1339 1347 1385 qui
1382 1339 1615 1386 recipiebantur
1637 1339 1676 1374 ab
1698 1341 1756 1379 eis,

1009 1387 1234 1434 profitebantur
1267 1388 1326 1422 hoc
1360 1388 1470 1423 modo:
1506 1388 1573 1435 Ego
1605 1388 1642 1422 N.
1676 1389 1755 1424 facio

1011 1436 1253 1482 professionem,
1292 1446 1321 1471 et
1361 1438 1508 1484 promitto
1542 1437 1754 1473 obedientiam

1008 1485 1074 1520 Deo
1102 1494 1131 1519 et
1159 1486 1265 1521 beatae
1292 1486 1407 1522 Mariae
1434 1496 1463 1522 et
1485 1486 1540 1522 tibi
1570 1487 1664 1535 priori
1692 1487 1756 1522 fra-

1009 1544 1088 1569 trum
1113 1535 1320 1571 Ereniitarum
1340 1537 1474 1571 Sanctae
1492 1536 1606 1572 Mariae
1621 1537 1660 1572 de
1674 1536 1755 1572 Cae-

1007 1597 1094 1625 sena,
1110 1586 1233 1632 tuisque
1248 1586 1484 1621 successoribus
1507 1598 1607 1634 usque
1621 1586 1660 1622 ad
1675 1599 1753 1622 mor-

1008 1643 1082 1679 tem,
1104 1635 1279 1669 secundum
1308 1636 1445 1681 regulam
1472 1636 1552 1670 beati
1579 1636 1752 1683 Augustini

1008 1692 1037 1718 ct
1071 1685 1313 1720 constitutiones
1346 1685 1474 1720 fratrum
1503 1686 1593 1720 istius
1620 1686 1690 1720 loci.
1717 1685 1751 1720 ln

1009 1733 1065 1767 liae
1091 1747 1164 1768 vero
1187 1735 1284 1769 forma
1306 1734 1527 1781 professionis,
1550 1735 1602 1770 ubi
1627 1736 1753 1771 diceba-

1008 1791 1057 1817 tur
1087 1785 1172 1817 istius
1195 1785 1263 1825 loci,
1285 1785 1468 1819 auctoritate
1495 1785 1649 1831 generalis
1670 1787 1753 1833 capi-

1009 1832 1061 1867 tuli
1107 1833 1291 1868 eorumdem
1328 1833 1457 1869 fratrum
1497 1836 1584 1869 istius
1632 1837 1752 1869 ordinis

1008 1882 1206 1928 postmodum
1231 1883 1347 1918 dictum
1373 1883 1438 1918 fuit.

1055 1931 1075 1978 S
1104 1936 1132 1965 7.
1164 1931 1310 1979 Cumque
1348 1933 1450 1967 dictus
1485 1933 1580 1968 frater
1621 1933 1753 1969 loannes
1779 1938 1838 1959 ¹³¹1⁰s
1868 1938 1948 1989 ⁰¹⁶¹}st

1007 1980 1127 2021 Bonus,
1155 1982 1207 2029 qui
1242 1994 1296 2028 per
1328 1983 1432 2028 plures
1468 1995 1568 2018 annos
1604 1982 1751 2019 fratribus
1765 1972 1947 2027 ἶὲζξέςὲοὲήοῖζ

1008 2030 1175 2077 praedictis
1203 2031 1389 2078 praefuerat,
1416 2040 1446 2066 et
1469 2032 1576 2068 fratres
1611 2033 1668 2080 ipsi
1706 2034 1751 2068 ei·
1764 2031 1902 2052 ⁰³⁹²²¹¹³¹⁶²

1006 2081 1078 2115 dem
1101 2087 1259 2127 tamquam
1283 2081 1449 2117 institutori
1473 2082 1591 2117 ordinis
1609 2083 1749 2129 ipsorum

1008 2138 1187 2165 reverenter
1214 2130 1434 2172 intenderant,
1465 2143 1557 2167 curae
1586 2132 1724 2178 ipsorum
1742 2159 1749 2171 ,

1006 2191 1086 2225 qnae
1131 2192 1184 2226 per
1225 2189 1455 2215 excrescentem
1496 2182 1749 2216 numerositatem

1007 2228 1207 2263 subditorum
1230 2240 1418 2269 excreverat,
1446 2231 1556 2265 cedere
1590 2232 1750 2276 aspiraret,

1007 2277 1100 2312 fratre
1126 2278 1282 2322 Mattliaeo,
1309 2287 1339 2314 et
1365 2279 1551 2326 quibusdam
1585 2280 1654 2314 aliis
1694 2279 1753 2314 sra-

29 2311 101 2332 domus
112 2311 166 2337 apud
175 2309 212 2331 Bu-

0 2368 3 2370 ,
28 2341 124 2363 «trinium.
225 2324 309 2372 quod
337 2323 436 2359 bonae
463 2335 556 2358 mem.
577 2350 584 2358 .
606 2351 612 2358 .
636 2352 641 2358 .
669 2324 699 2358 in
732 2325 840 2361 ordine
863 2334 965 2362 vestro
1008 2327 1107 2361 tribus
1133 2327 1198 2361 suis
1222 2329 1403 2375 assumptis,
1425 2329 1463 2364 ad
1491 2329 1675 2376 episcopum
1703 2341 1752 2364 ac-

226 2386 361 2421 prtmum
380 2373 461 2421 apud
483 2373 668 2408 Budriolum
684 2372 867 2409 Caesenatis
881 2375 967 2411 dioe-
986 2404 987 2422 ἶ
1007 2377 1122 2414 cessit,
1170 2376 1222 2423 qui
1262 2389 1428 2424 episcopus
1470 2378 1586 2413 dictum
1625 2378 1748 2414 fratrem

184 2438 204 2459 ο
225 2423 316 2467 cesis,
338 2422 376 2458 de
390 2424 595 2458 concessione
614 2423 788 2458 dioecesani
811 2425 868 2459 loci
886 2426 967 2460 eius·
985 2433 987 2465 1
1008 2426 1184 2460 Mattlizeum
1214 2435 1441 2472 praesentatum
1464 2427 1522 2462 sibi
1556 2427 1596 2462 ab
1629 2427 1749 2463 eisdem

225 2472 297 2507 dem
323 2471 452 2507 domum
476 2473 624 2520 incaepit,
645 2480 675 2507 et
697 2474 771 2508 dum
793 2473 872 2509 fama
894 2487 966 2510 con-
986 2468 987 2543 ἢ
1007 2475 1098 2509 fratre
1122 2474 1237 2509 Ioanne
1272 2475 1361 2510 Bono
1388 2484 1418 2510 et
1442 2476 1510 2511 aliis
1550 2477 1580 2511 in
1615 2477 1750 2524 priorem

225 2521 408 2557 versationis
437 2522 507 2557 eius
535 2534 588 2570 per
622 2522 687 2557 loca
714 2522 812 2558 vicina
840 2524 966 2560 crebre-
1007 2524 1107 2559 dictae
1133 2524 1256 2568 domus,
1275 2532 1305 2559 et
1328 2537 1382 2571 per
1410 2525 1469 2560 hoc
1507 2526 1536 2560 in
1569 2526 1749 2572 generalem

225 2579 337 2612 sceret,
357 2579 387 2606 et
402 2570 529 2618 plurimi
551 2580 803 2606 converterentur
820 2572 857 2607 ad
880 2585 966 2617 eum,
1006 2574 1102 2608 totius
1124 2573 1254 2618 ordinis,
1281 2574 1363 2609 sicut
1393 2574 1518 2619 dicitur,
1544 2576 1749 2611 confirmavit.

225 2619 396 2655 Ecclesiam
410 2622 441 2655 in
459 2620 611 2656 honorem
635 2620 740 2656 beatae
761 2621 875 2657 Mariae
900 2622 965 2656 Vir-
985 2633 987 2663 3
1006 2622 1078 2666 Quo
1101 2623 1129 2657 in
1152 2622 1301 2669 religione
1323 2624 1479 2672 praedicta
1495 2625 1587 2660 annis
1609 2625 1752 2673 pluribus
