2129 3223
131 288 177 313 Αιι.
195 287 224 314 (ἶ,
243 288 311 315 11914

380 279 445 312 104

325 343 453 388 gentius
475 342 650 383 veritatem,
673 350 701 377 et
737 343 761 377 si
794 351 994 378 accusatores
1027 342 1072 377 le-

325 392 424 438 gitimi
453 391 659 439 procederent
697 401 803 427 contra
836 404 920 434 eum,
953 391 1072 427 auditis

325 453 405 488 quae
423 449 675 488 proponerentur
701 441 786 486 hinc,
807 450 837 476 et
865 442 950 481 inde,
977 451 1007 476 et
1023 442 1073 476 de-

327 490 536 536 positionibus
558 491 684 526 testium
708 491 844 526 redactis
871 491 900 525 in
936 491 1072 538 scriptis,

325 552 377 574 eas
399 539 574 586 sigillorum
603 549 775 576 vestrorum
798 541 936 587 signatas
963 541 1074 575 muni-

327 590 411 623 mine
433 589 472 623 ad
510 588 624 624 Sedem
660 589 874 636 Apostolicam
917 589 1075 624 transmit-

326 648 390 673 tere
428 638 609 677 deberetis,
644 639 800 686 assignato
839 639 977 685 partibus
1012 647 1076 673 ter=

327 688 412 722 mino
433 689 623 735 competenti
639 688 743 735 quoad
766 688 955 723 audiendam
996 700 1075 723 sen-

326 738 455 773 tentiam
485 746 592 772 nostro
634 750 668 773 se
707 738 888 785 conspectui
925 749 1075 785 praesen-

328 794 438 827 tarent;
468 786 527 821 hoc
554 788 647 822 etiam
671 787 782 822 iisdem
813 787 925 821 litteris
963 787 1075 821 memi-

328 836 433 870 nimus
457 835 554 871 fuisse
587 837 752 880 insertum,
787 844 822 870 ut
854 835 1076 871 deficientibus

327 885 572 926 accusatoribus,
604 886 629 920 si
682 886 762 920 l'ama
805 885 928 931 publica
963 885 1076 920 faceret

326 942 432 968 contra
465 947 548 977 eum,
598 936 815 981 purgationem
861 934 958 982 ipsius
1004 946 1075 968 cum

328 983 428 1018 tribus
450 984 625 1031 episcopis,
660 993 690 1018 et
730 983 859 1018 totidem
899 983 1076 1021 abbatibus,

327 1032 451 1067 sublato
484 1033 705 1079 appellationis
738 1032 900 1067 obstaculo
938 1032 1077 1067 incidere

327 1083 487 1116 curaretis.
509 1082 541 1115 In
565 1094 624 1128 qua
649 1083 672 1115 si
696 1083 774 1116 sorte
793 1081 953 1124 deficeret,
973 1082 1077 1128 ipsum

328 1132 366 1166 ab
387 1131 645 1178 archiepiscopali
674 1131 777 1166 officio
811 1139 841 1166 et
871 1130 1078 1165 administra-

328 1182 413 1215 tione
440 1192 629 1227 suspensum
650 1188 757 1215 nostro
778 1179 921 1215 faceretis
942 1191 1079 1227 conspe-

328 1230 389 1264 ctui
414 1230 616 1277 praesentari;
655 1230 680 1265 si
721 1241 793 1265 vero
824 1228 1081 1276 archiepiscopus

328 1287 534 1323 memoratus,
555 1286 723 1326 antequam
751 1279 857 1314 citatio
879 1286 979 1313 vestra
1010 1290 1081 1325 per-

329 1328 446 1363 veniret
468 1328 505 1362 ad
529 1329 645 1376 ipsum,
667 1328 704 1363 ad
731 1327 847 1363 Sedem
867 1327 1079 1374 Apostolicam

329 1377 511 1425 appellaret,
553 1377 686 1412 induciis
714 1378 741 1412 ei
783 1377 877 1411 trium
924 1377 1080 1411 meusium

331 1427 472 1470 indultis,
500 1427 524 1461 si
541 1427 628 1464 intra
656 1439 711 1461 eos
736 1426 954 1473 interpositam
978 1426 1083 1474 appel-

331 1477 476 1511 lationem
512 1476 658 1523 prosequi
700 1476 886 1523 negligeret,
934 1474 980 1510 vel
1015 1474 1082 1509 dis-

332 1526 438 1569 ferret,
461 1526 562 1572 ipsum
585 1525 625 1560 ab
648 1525 733 1559 omni
768 1523 938 1572 pontificali
966 1524 1081 1563 officio,

330 1584 361 1609 et
381 1574 672 1630 archiepiscopatus
692 1574 963 1609 administratione
978 1581 1081 1609 nostra

331 1624 522 1659 nunciaretis
549 1624 733 1659 auctoritate
764 1635 964 1670 suspensum.
1000 1623 1082 1665 Quia

332 1685 404 1708 vero
427 1673 509 1708 idem
532 1673 789 1721 archiepiscopus
821 1680 990 1727 antequam
1028 1684 1082 1727 per

334 1734 386 1757 tos
412 1723 559 1757 citaretur
585 1723 623 1757 ad
651 1735 789 1763 causam,
812 1722 891 1756 sicut
914 1721 1005 1756 nobis
1017 1722 1083 1756 suis

333 1773 442 1807 litteris
477 1781 505 1806 et
533 1772 658 1807 nunciis
685 1772 854 1810 intimavit
885 1771 1000 1805 Sedem
1027 1783 1082 1806 cu-

334 1822 410 1856 ravit
432 1821 647 1868 Apostolicam
676 1820 846 1868 appellare
888 1828 917 1854 et
958 1832 1013 1854 vos
1056 1820 1081 1854 ei

334 1871 370 1905 ad
394 1871 645 1918 prosequendam
661 1870 913 1925 appellationem
934 1868 1083 1906 kalendas

335 1921 466 1954 ianuarii
495 1932 551 1967 pro
578 1920 712 1954 termino
735 1919 939 1965 assignastis:
984 1918 1083 1965 ipsius

334 1968 506 2010 laboribus,
521 1977 550 2003 et
572 1969 728 2016 expensis,
743 1969 915 2003 actimente
931 1969 1013 2010 <sisi
1031 1980 1083 2002 ae-

335 2018 414 2053 stivo
430 2027 570 2066 tempore
585 2021 620 2052 ad
638 2018 747 2052 urbem
765 2017 942 2060 accederet,
957 2016 1081 2064 aliquod

337 2079 489 2114 personae
513 2068 611 2114 ipsius
632 2079 669 2101 ex
697 2067 776 2102 aeris
803 2066 1004 2101 inclementia
1027 2078 1083 2113 pe=

336 2116 470 2151 riculum
505 2117 700 2164 proveniret,
743 2128 834 2160 cum,
874 2116 954 2150 sicut
993 2115 1084 2150 nobis

337 2166 515 2201 intimatum
539 2166 649 2206 fuerat,
672 2166 730 2200 iter
757 2165 937 2211 arripuisset
960 2164 998 2199 ad
1024 2164 1083 2199 See

336 2215 406 2250 dem
441 2215 653 2263 Apostolicam
689 2214 845 2255 veniendi,
887 2222 917 2248 et
960 2222 1084 2261 paratus

336 2265 473 2300 extiterit
495 2264 535 2300 de
557 2264 690 2299 obiectis
711 2264 770 2299 sibi
808 2262 993 2298 criminibus
1029 2275 1083 2297 re·—

336 2314 504 2369 spondere,
521 2314 560 2348 de
575 2314 665 2349 solita
679 2313 771 2348 Sedis
784 2312 984 2359 Apostolicae
1000 2311 1086 2347 beni-

336 2364 454 2409 gnitate
477 2362 715 2410 prosequendae
728 2361 944 2417 appellationis
959 2361 1023 2396 ab
1018 2373 1086 2409 ipso

338 2425 436 2467 usque
454 2414 492 2448 ad
515 2411 688 2447 octavasB.
705 2411 828 2446 Martini
843 2411 986 2459 proximo
1003 2423 1086 2458 prae

338 2463 483 2497 teritnras
497 2463 666 2497 terminum
681 2461 829 2496 duximus
840 2461 1084 2515 prorogandum

339 2511 455 2553 omnia,
482 2523 563 2558 quae
585 2511 832 2546 sueruntcontra
874 2522 944 2544 eum
983 2522 1084 2556 tmpe-

340 2568 414 2594 trata
436 2561 473 2595 ad
495 2560 632 2595 eundem
656 2568 823 2595 terminum
845 2559 1086 2606 suspendentes,

340 2616 370 2643 et
392 2619 571 2644 revocantes
598 2611 628 2644 in
655 2617 769 2644 statum
805 2609 970 2655 pristinum
993 2608 1086 2655 quid-

377 2668 415 2704 (t)
431 2669 509 2696 Forte
524 2678 556 2696 ne
571 2673 602 2696 si,

920 288 1107 311 nouatum!
1130 287 1291 310 Romnum

1113 341 1190 389 quid
1219 349 1326 376 contra
1353 353 1425 375 eum
1452 348 1522 388 post
1544 339 1789 387 appellationem
1823 339 1862 375 ad

1114 403 1172 426 nos
1198 390 1415 437 interpositam
1440 391 1578 437 priorum
1601 389 1775 424 litterarum
1802 389 1863 424 ob-

1113 448 1199 475 tentu
1229 439 1339 475 fuisset
1362 452 1378 475 a
1413 439 1516 483 uobis,
1555 438 1602 474 vel
1638 439 1707 474 aliis
1745 439 1863 474 immu—

1115 498 1224 524 tatum.
1252 489 1350 525 Vobis
1371 489 1463 524 etiam
1492 501 1546 536 per
1559 488 1730 544 apostolica
1745 489 1862 536 scripta

1115 538 1257 574 districte
1293 538 1532 578 mandavimus,
1561 546 1593 573 ut
1615 538 1671 572 nisi
1696 538 1726 572 in
1745 539 1864 574 octavis

1116 588 1222 623 Sancti
1244 588 1369 623 Martini
1393 596 1499 622 nostro
1521 587 1704 642 conspectui
1726 600 1761 622 56
1779 599 1866 643 prac-

1116 645 1265 678 sentaret
1293 638 1378 672 iuxta
1401 637 1531 672 formam
1556 637 1672 683 primae
1713 637 1866 673 commis-

1117 687 1226 731 sionis,
1260 687 1385 722 sublato
1412 685 1583 721 cuiuslibet
1608 685 1866 721 contradictionis

1117 745 1147 772 et
1169 736 1392 784 appellationis
1414 734 1588 779 obstaculo,
1607 735 1777 790 procedere
1799 736 1867 770 nul—

1118 786 1241 821 latenus
1263 785 1441 820 differretis.
1468 783 1586 818 terum
1613 785 1763 831 quoniam
1800 797 1867 820 me*

1118 846 1259 870 moratus
1286 835 1545 881 archiepiscopus
1566 832 1684 868 abusus
1720 835 1867 881 patientia

1119 893 1226 920 nostra
1255 896 1311 919 nec
1349 884 1386 918 ad
1408 883 1586 918 Romanam
1608 882 1783 918 Ecclesiam
1814 895 1868 918 ac-

1119 935 1224 972 cessit,
1249 946 1304 968 366
1342 933 1554 979 responsalem
1586 932 1724 979 aliquem
1762 933 1868 969 desti-

1120 984 1215 1023 navit,
1243 983 1309 1030 qui,
1338 982 1383 1017 vel
1412 982 1480 1017 eius
1499 982 1674 1017 absentiam
1693 991 1867 1023 excusaret,

1120 1045 1191 1067 cum
1218 1044 1291 1067 eum
1314 1044 1377 1067 non
1406 1030 1565 1066 modicum
1588 1032 1667 1066 ultra
1696 1032 1868 1078 praefixum

1120 1082 1178 1117 sibi
1201 1082 1373 1117 terminum
1402 1080 1646 1115 misericorditer
1667 1081 1788 1116 curavit
1819 1094 1870 1116 ex-

1122 1140 1257 1177 pectare,
1284 1130 1356 1166 licet
1378 1142 1415 1164 eo
1437 1131 1504 1177 ipso
1532 1130 1672 1165 videatur
1705 1129 1870 1166 confessus

1121 1180 1159 1214 de
1181 1180 1324 1220 crimine,
1359 1179 1441 1226 qnod
1477 1188 1583 1214 nostro
1617 1191 1650 1213 56
1685 1181 1868 1227 conspectui

1123 1237 1322 1276 praesentare
1331 1228 1514 1275 neglexerit,
1530 1229 1634 1275 ipsum
1650 1228 1690 1263 ab
1704 1241 1762 1264 usu
1774 1229 1870 1276 pallii,

1122 1287 1151 1313 et
1179 1279 1284 1314 omnis
1317 1278 1508 1325 episcopalis
1542 1277 1636 1312 officii
1672 1278 1869 1318 executione,

1123 1328 1395 1363 administratione
1415 1339 1541 1375 quoque
1564 1336 1625 1362 tam
1647 1327 1871 1374 spiritualium,

1123 1390 1215 1424 qnam
1231 1376 1465 1423 temporalium,
1491 1386 1520 1411 et
1544 1376 1770 1412 beneficiorum
1800 1389 1872 1424 per—

1123 1427 1268 1474 ceptione
1310 1426 1410 1473 ipsius
1450 1425 1661 1461 Eboracensis
1711 1426 1873 1462 Ecclesiae

1123 1483 1154 1510 et
1193 1476 1371 1522 provinciae
1410 1475 1558 1510 duximus
1599 1475 1872 1522 suspendendum:

1125 1533 1158 1559 ut
1179 1525 1225 1559 sic
1245 1525 1355 1560 saltem
1377 1536 1392 1559 3
1415 1536 1490 1559 5336
1506 1524 1678 1571 iniquitatis
1701 1526 1871 1573 pertinacia

1125 1574 1324 1620 resipiscens,
1343 1573 1494 1608 canonice
1503 1586 1536 1608 se
1552 1574 1690 1608 veritatis
1705 1586 1871 1610 censuram

1125 1624 1153 1657 in
1177 1635 1210 1658 se
1233 1635 1295 1658 non
1318 1623 1419 1667 exigat
1442 1623 1553 1657 fortius
1566 1624 1714 1658 exerceri.
1735 1624 1873 1671 {deoque

1124 1672 1305 1707 discretioni
1330 1681 1446 1707 nestrae
1473 1684 1528 1719 per
1554 1673 1723 1727 apostolica
1757 1673 1873 1721 scripta

1124 1722 1311 1756 mandamus
1347 1730 1439 1768 atque
1473 1722 1683 1769 praecipimus
1717 1730 1873 1769 quatenus

1124 1783 1195 1805 eum
1227 1783 1281 1818 per
1321 1783 1432 1805 omnes
1464 1770 1623 1806 Ecclesias
1663 1771 1875 1808 Eboracensis

1125 1820 1278 1855 dioecesis
1325 1829 1353 1855 et
1401 1820 1579 1867 provinciae
1619 1833 1809 1867 suspensum
1855 1834 1872 1857 3

1125 1869 1214 1904 nobis
1237 1869 1363 1916 publice
1390 1869 1575 1910 ιιυιι6ἰ6ῑί5,
1585 1870 1735 1906 omuibus
1750 1871 1873 1906 clericis

1124 1926 1154 1952 et
1182 1918 1271 1953 laicis
1314 1918 1458 1953 eiusdem
1503 1919 1682 1965 provinciae
1714 1932 1752 1954 ex
1788 1927 1874 1968 parte

1125 1975 1229 2003 nostra
1258 1967 1381 2002 firmius
1409 1968 1622 2013 iniungentes,
1651 1980 1691 2004 36
1724 1969 1781 2023 ipsi
1816 1981 1873 2004 ar-

1125 2016 1340 2063 chiepiscopo,
1368 2016 1415 2051 vel
1437 2016 1622 2052 officialibus
1649 2018 1717 2053 eius
1738 2031 1769 2052 ιιι
1792 2026 1874 2053 tem-

1126 2065 1287 2113 poralibus
1336 2065 1382 2100 vel
1412 2065 1631 2112 spiritualibus
1682 2067 1874 2114 respondere

1127 2123 1338 2162 praesumant,
1372 2114 1472 2150 donec
1519 2115 1558 2150 de
1603 2115 1672 2162 ipso
1712 2116 1876 2162 archiepi-

1126 2176 1221 2211 scopo
1243 2163 1326 2198 aliud
1349 2164 1533 2199 (luxerimus
1551 2165 1765 2200 statuendum.
1786 2164 1874 2199 Man-

1126 2213 1238 2248 damus
1273 2221 1389 2253 autem,
1420 2222 1451 2248 et
1483 2226 1540 2260 per
1568 2226 1622 2248 vos
1663 2216 1808 2250 volumus
1842 2215 1873 2249 in

1126 2262 1317 2297 Eboracensi
1364 2262 1499 2298 dioecesi
1552 2263 1711 2305 nunciati,
1761 2271 1794 2299 ut
1846 2263 1872 2298 si

1128 2311 1254 2346 forsitan
1285 2312 1364 2346 inter
1385 2312 1509 2358 aliquos
1530 2313 1732 2359 quaestiones
1756 2313 1872 2348 moveri

1127 2361 1298 2406 contingat,
1326 2372 1404 2408 quas
1425 2361 1642 2397 ecclesiastico
1663 2361 1780 2396 iudicio
1801 2373 1874 2396 con-

1128 2410 1231 2445 teniat
1265 2410 1448 2454 terminari,
1475 2412 1511 2445 ad
1539 2411 1726 2446 audientiam
1765 2410 1872 2446 dilecti

1129 2458 1182 2494 filii
1210 2460 1306 2494 nostri
1335 2458 1475 2494 Simonis
1505 2459 1712 2495 Eboracensis
1751 2459 1874 2505 decani,

1151 2508 1180 2542 ui
1209 2521 1280 2543 cum
1304 2508 1436 2544 consilio
1458 2510 1682 2544 canonicorum
1710 2509 1741 2543 in
1763 2509 1874 2545 eadem

1128 2521 1270 2592 {eclesia
1297 2557 1514 2600 residentium,
1537 2566 1567 2593 et
1590 2558 1775 2593 clericorum
1818 2570 1875 2594 cx-

1128 2619 1238 2642 cessus
1264 2608 1493 2642 committimus
1519 2606 1733 2653 corrigendos,
1760 2615 1791 2642 et
1812 2607 1875 2643 liti-

1129 2657 1270 2703 gantium
1300 2666 1360 2691 tam
1383 2667 1570 2693 clericorum
1597 2668 1691 2700 quam
1724 2656 1875 2693 laicorum

1879 285 1919 311 An
1945 283 2058 311 (21¹9ss

1897 1236 2009 1258 Sententia
2030 1242 2068 1258 flu-

1885 1267 2006 1295 §pensionis
2046 1267 2067 1287 iu

1885 1297 1979 1325 archiep.
1994 1296 2043 1318 tm.
