<?xml version="1.0" encoding="UTF-8"?>
<!DOCTYPE html PUBLIC "-//W3C//DTD XHTML 1.0 Transitional//EN"
    "http://www.w3.org/TR/xhtml1/DTD/xhtml1-transitional.dtd">
<html xmlns="http://www.w3.org/1999/xhtml" xml:lang="en" lang="en">
 <head>
  <title>
</title>
<meta http-equiv="Content-Type" content="text/html;charset=utf-8" />
  <meta name='ocr-system' content='tesseract 3.04.00' />
  <meta name='ocr-capabilities' content='ocr_page ocr_carea ocr_par ocr_line ocrx_word'/>
</head>
<body>
  <div class='ocr_page' id='page_1' title='image "./bullarumdiplomat03cath/bullarumdiplomat03cath_0777.png"; bbox 0 0 2129 3223; ppageno 0'>
   <div class='ocr_carea' id='block_1_1' title="bbox 74 234 256 266">
    <p class='ocr_par' dir='ltr' id='par_1_1' title="bbox 74 234 256 266">
     <span class='ocr_line' id='line_1_1' title="bbox 74 234 256 266; baseline 0.011 -4"><span class='ocrx_word' id='word_1_1' title='bbox 74 234 125 262; x_wconf 76' lang='lat' dir='ltr'>An.</span> <span class='ocrx_word' id='word_1_2' title='bbox 145 235 174 263; x_wconf 86' lang='lat' dir='ltr'>C.</span> <span class='ocrx_word' id='word_1_3' title='bbox 189 238 256 266; x_wconf 75' lang='lat'>¹267</span> 
     </span>
    </p>
   </div>
   <div class='ocr_carea' id='block_1_2' title="bbox 37 1624 223 1739">
    <p class='ocr_par' dir='ltr' id='par_1_2' title="bbox 37 1624 223 1739">
     <span class='ocr_line' id='line_1_2' title="bbox 51 1624 222 1649; baseline 0.018 -3"><span class='ocrx_word' id='word_1_4' title='bbox 51 1624 178 1649; x_wconf 66' lang='lat' dir='ltr'>Dinomenem</span> <span class='ocrx_word' id='word_1_5' title='bbox 201 1632 222 1649; x_wconf 83' lang='lat' dir='ltr'>ut</span> 
     </span>
     <span class='ocr_line' id='line_1_3' title="bbox 38 1660 223 1684; baseline 0.016 -7"><span class='ocrx_word' id='word_1_6' title='bbox 38 1661 158 1684; x_wconf 73' lang='lat' dir='ltr'>superaret,</span> <span class='ocrx_word' id='word_1_7' title='bbox 170 1660 223 1680; x_wconf 76' lang='lat' dir='ltr'>totu-</span> 
     </span>
     <span class='ocr_line' id='line_1_4' title="bbox 37 1687 221 1717; baseline 0.022 -10"><span class='ocrx_word' id='word_1_8' title='bbox 37 1687 85 1713; x_wconf 72' lang='lat' dir='ltr'>nm,</span> <span class='ocrx_word' id='word_1_9' title='bbox 100 1688 221 1717; x_wconf 69' lang='lat' dir='ltr'>vigiliisque</span> 
     </span>
     <span class='ocr_line' id='line_1_5' title="bbox 37 1717 131 1739; baseline 0.021 -2"><span class='ocrx_word' id='word_1_10' title='bbox 37 1717 131 1739; x_wconf 68' lang='lat' dir='ltr'>vaenit-t.</span> 
     </span>
    </p>
   </div>
   <div class='ocr_carea' id='block_1_3' title="bbox 898 241 1167 267">
    <p class='ocr_par' dir='ltr' id='par_1_3' title="bbox 898 241 1167 267">
     <span class='ocr_line' id='line_1_6' title="bbox 898 241 1167 267; baseline 0.007 -2"><span class='ocrx_word' id='word_1_11' title='bbox 898 241 982 266; x_wconf 73' lang='lat' dir='ltr'>cum</span> <span class='ocrx_word' id='word_1_12' title='bbox 988 242 1043 267; x_wconf 76' lang='lat' dir='ltr'>ENs</span> <span class='ocrx_word' id='word_1_13' title='bbox 1064 242 1097 266; x_wconf 82' lang='lat' dir='ltr'>tv</span> <span class='ocrx_word' id='word_1_14' title='bbox 1117 243 1156 267; x_wconf 71' lang='lat'>1³1²</span> <span class='ocrx_word' id='word_1_15' title='bbox 1162 260 1167 267; x_wconf 92' lang='lat'><em>.</em></span> 
     </span>
    </p>
   </div>
   <div class='ocr_carea' id='block_1_4' title="bbox 1691 245 1753 277">
    <p class='ocr_par' dir='ltr' id='par_1_4' title="bbox 1691 245 1753 277">
     <span class='ocr_line' id='line_1_7' title="bbox 1691 245 1753 277; baseline 0.016 -1"><span class='ocrx_word' id='word_1_16' title='bbox 1691 245 1753 277; x_wconf 86' lang='grc'>771</span> 
     </span>
    </p>
   </div>
   <div class='ocr_carea' id='block_1_5' title="bbox 266 293 1806 402">
    <p class='ocr_par' dir='ltr' id='par_1_5' title="bbox 266 293 1806 402">
     <span class='ocr_line' id='line_1_8' title="bbox 269 293 1806 346; baseline 0.01 -16"><span class='ocrx_word' id='word_1_17' title='bbox 269 293 464 342; x_wconf 83' lang='lat' dir='ltr'>perhibetur.</span> <span class='ocrx_word' id='word_1_18' title='bbox 498 293 561 330; x_wconf 85' lang='lat' dir='ltr'>Sed</span> <span class='ocrx_word' id='word_1_19' title='bbox 594 295 647 342; x_wconf 89' lang='lat' dir='ltr'>qui</span> <span class='ocrx_word' id='word_1_20' title='bbox 687 294 740 329; x_wconf 86' lang='lat' dir='ltr'>dat</span> <span class='ocrx_word' id='word_1_21' title='bbox 779 295 1015 341; x_wconf 72' lang='lat' dir='ltr'>intelligentiam</span> <span class='ocrx_word' id='word_1_22' title='bbox 1058 297 1117 333; x_wconf 83' lang='lat' dir='ltr'>bat.</span> <span class='ocrx_word' id='word_1_23' title='bbox 1143 298 1222 342; x_wconf 88' lang='lat' dir='ltr'>Quia</span> <span class='ocrx_word' id='word_1_24' title='bbox 1247 307 1349 336; x_wconf 89' lang='lat' dir='ltr'>tamen</span> <span class='ocrx_word' id='word_1_25' title='bbox 1380 303 1491 339; x_wconf 80' lang='lat' dir='ltr'>frustra</span> <span class='ocrx_word' id='word_1_26' title='bbox 1515 314 1580 341; x_wconf 88' lang='lat' dir='ltr'>rete</span> <span class='ocrx_word' id='word_1_27' title='bbox 1606 316 1678 343; x_wconf 85' lang='lat' dir='ltr'>ante</span> <span class='ocrx_word' id='word_1_28' title='bbox 1699 310 1806 346; x_wconf 88' lang='lat' dir='ltr'>oculos</span> 
     </span>
     <span class='ocr_line' id='line_1_9' title="bbox 266 343 1805 402; baseline 0.004 -22"><span class='ocrx_word' id='word_1_29' title='bbox 266 345 408 392; x_wconf 86' lang='lat' dir='ltr'>spiritus,</span> <span class='ocrx_word' id='word_1_30' title='bbox 429 344 456 379; x_wconf 91' lang='lat' dir='ltr'>ei</span> <span class='ocrx_word' id='word_1_31' title='bbox 480 344 603 379; x_wconf 88' lang='lat' dir='ltr'>nutanti</span> <span class='ocrx_word' id='word_1_32' title='bbox 626 343 790 379; x_wconf 84' lang='lat' dir='ltr'>confestim</span> <span class='ocrx_word' id='word_1_33' title='bbox 814 346 963 389; x_wconf 75' lang='lat' dir='ltr'>occurrit,</span> <span class='ocrx_word' id='word_1_34' title='bbox 985 355 1016 381; x_wconf 90' lang='lat' dir='ltr'>et</span> <span class='ocrx_word' id='word_1_35' title='bbox 1057 348 1167 382; x_wconf 87' lang='lat' dir='ltr'>iacitur</span> <span class='ocrx_word' id='word_1_36' title='bbox 1192 359 1385 396; x_wconf 71' lang='lat' dir='ltr'>venatorum,</span> <span class='ocrx_word' id='word_1_37' title='bbox 1412 366 1485 389; x_wconf 88' lang='lat' dir='ltr'>cnm</span> <span class='ocrx_word' id='word_1_38' title='bbox 1517 356 1582 402; x_wconf 81' lang='lat' dir='ltr'>ipsa</span> <span class='ocrx_word' id='word_1_39' title='bbox 1605 360 1676 393; x_wconf 85' lang='lat' dir='ltr'>eius</span> <span class='ocrx_word' id='word_1_40' title='bbox 1700 361 1805 394; x_wconf 85' lang='lat' dir='ltr'>novis-</span> 
     </span>
    </p>
   </div>
   <div class='ocr_carea' id='block_1_6' title="bbox 222 392 1013 2661">
    <p class='ocr_par' dir='ltr' id='par_1_6' title="bbox 235 392 1013 1576">
     <span class='ocr_line' id='line_1_10' title="bbox 266 392 1013 439; baseline 0.001 -10"><span class='ocrx_word' id='word_1_41' title='bbox 266 394 384 430; x_wconf 86' lang='lat' dir='ltr'>nodum</span> <span class='ocrx_word' id='word_1_42' title='bbox 417 393 587 429; x_wconf 85' lang='lat' dir='ltr'>cuiuslibet</span> <span class='ocrx_word' id='word_1_43' title='bbox 622 392 792 428; x_wconf 75' lang='lat' dir='ltr'>dubietatis</span> <span class='ocrx_word' id='word_1_44' title='bbox 828 394 1013 439; x_wconf 80' lang='lat' dir='ltr'>dissolvens,</span> 
     </span>
     <span class='ocr_line' id='line_1_11' title="bbox 264 442 1011 492; baseline 0.001 -13"><span class='ocrx_word' id='word_1_45' title='bbox 264 455 395 491; x_wconf 83' lang='lat' dir='ltr'>campos</span> <span class='ocrx_word' id='word_1_46' title='bbox 416 444 531 492; x_wconf 78' lang='lat' dir='ltr'>sylvae,</span> <span class='ocrx_word' id='word_1_47' title='bbox 566 442 634 477; x_wconf 90' lang='lat' dir='ltr'>loca</span> <span class='ocrx_word' id='word_1_48' title='bbox 670 442 830 487; x_wconf 75' lang='lat' dir='ltr'>religionis</span> <span class='ocrx_word' id='word_1_49' title='bbox 851 445 1011 490; x_wconf 72' lang='lat' dir='ltr'>explicuit.</span> 
     </span>
     <span class='ocr_line' id='line_1_12' title="bbox 263 491 1011 541; baseline 0.003 -14"><span class='ocrx_word' id='word_1_50' title='bbox 263 491 297 528; x_wconf 87' lang='lat' dir='ltr'>In</span> <span class='ocrx_word' id='word_1_51' title='bbox 320 493 449 541; x_wconf 83' lang='lat' dir='ltr'>quibus,</span> <span class='ocrx_word' id='word_1_52' title='bbox 472 500 629 540; x_wconf 78' lang='lat' dir='ltr'><strong>tamquam</strong></span> <span class='ocrx_word' id='word_1_53' title='bbox 648 491 678 526; x_wconf 91' lang='lat' dir='ltr'>in</span> <span class='ocrx_word' id='word_1_54' title='bbox 702 493 819 527; x_wconf 85' lang='lat' dir='ltr'>mundo</span> <span class='ocrx_word' id='word_1_55' title='bbox 842 505 902 527; x_wconf 90' lang='lat' dir='ltr'>nou</span> <span class='ocrx_word' id='word_1_56' title='bbox 937 495 1011 534; x_wconf 81' lang='lat' dir='ltr'>sint,</span> 
     </span>
     <span class='ocr_line' id='line_1_13' title="bbox 262 542 1009 590; baseline 0 -12"><span class='ocrx_word' id='word_1_57' title='bbox 262 554 344 590; x_wconf 83' lang='lat' dir='ltr'>quae</span> <span class='ocrx_word' id='word_1_58' title='bbox 389 542 501 577; x_wconf 90' lang='lat' dir='ltr'>mundi</span> <span class='ocrx_word' id='word_1_59' title='bbox 541 549 615 577; x_wconf 86' lang='lat' dir='ltr'>sunt</span> <span class='ocrx_word' id='word_1_60' title='bbox 655 553 717 576; x_wconf 93' lang='lat' dir='ltr'>non</span> <span class='ocrx_word' id='word_1_61' title='bbox 758 551 913 588; x_wconf 56' lang='lat' dir='ltr'>aguntum</span> <span class='ocrx_word' id='word_1_62' title='bbox 953 544 1009 578; x_wconf 90' lang='lat' dir='ltr'>sed</span> 
     </span>
     <span class='ocr_line' id='line_1_14' title="bbox 261 591 1009 639; baseline 0.001 -13"><span class='ocrx_word' id='word_1_63' title='bbox 261 599 347 627; x_wconf 89' lang='lat' dir='ltr'>tanto</span> <span class='ocrx_word' id='word_1_64' title='bbox 368 592 453 639; x_wconf 91' lang='lat' dir='ltr'>quod</span> <span class='ocrx_word' id='word_1_65' title='bbox 476 591 602 639; x_wconf 88' lang='lat' dir='ltr'>optabat</span> <span class='ocrx_word' id='word_1_66' title='bbox 629 591 659 626; x_wconf 93' lang='lat' dir='ltr'>in</span> <span class='ocrx_word' id='word_1_67' title='bbox 682 591 727 626; x_wconf 88' lang='lat' dir='ltr'>eis</span> <span class='ocrx_word' id='word_1_68' title='bbox 749 593 905 638; x_wconf 85' lang='lat' dir='ltr'>reperitur</span> <span class='ocrx_word' id='word_1_69' title='bbox 926 592 1009 627; x_wconf 85' lang='lat' dir='ltr'>saci-</span> 
     </span>
     <span class='ocr_line' id='line_1_15' title="bbox 259 640 1008 689; baseline 0.003 -14"><span class='ocrx_word' id='word_1_70' title='bbox 259 640 332 682; x_wconf 83' lang='lat' dir='ltr'>lius,</span> <span class='ocrx_word' id='word_1_71' title='bbox 350 650 469 689; x_wconf 90' lang='lat' dir='ltr'>quanto</span> <span class='ocrx_word' id='word_1_72' title='bbox 487 653 501 675; x_wconf 93' lang='lat' dir='ltr'>a</span> <span class='ocrx_word' id='word_1_73' title='bbox 525 640 712 676; x_wconf 73' lang='lat' dir='ltr'>tumultibus</span> <span class='ocrx_word' id='word_1_74' title='bbox 733 641 849 675; x_wconf 84' lang='lat' dir='ltr'>saeculi</span> <span class='ocrx_word' id='word_1_75' title='bbox 871 642 1008 688; x_wconf 86' lang='lat' dir='ltr'>amplius</span> 
     </span>
     <span class='ocr_line' id='line_1_16' title="bbox 257 689 1005 735; baseline 0 -10"><span class='ocrx_word' id='word_1_76' title='bbox 257 699 477 726; x_wconf 83' lang='lat' dir='ltr'>secernuntur.</span> <span class='ocrx_word' id='word_1_77' title='bbox 491 690 573 725; x_wconf 86' lang='lat' dir='ltr'>Hinc</span> <span class='ocrx_word' id='word_1_78' title='bbox 586 689 693 725; x_wconf 77' lang='lat' dir='ltr'>Sancti</span> <span class='ocrx_word' id='word_1_79' title='bbox 705 689 845 735; x_wconf 71' lang='lat' dir='ltr'>Spiritus</span> <span class='ocrx_word' id='word_1_80' title='bbox 859 692 1005 725; x_wconf 88' lang='lat' dir='ltr'>unctione</span> 
     </span>
     <span class='ocr_line' id='line_1_17' title="bbox 256 739 1006 783; baseline 0 -8"><span class='ocrx_word' id='word_1_81' title='bbox 256 740 366 783; x_wconf 88' lang='lat' dir='ltr'>(cuius</span> <span class='ocrx_word' id='word_1_82' title='bbox 392 747 439 775; x_wconf 86' lang='lat' dir='ltr'>est</span> <span class='ocrx_word' id='word_1_83' title='bbox 473 741 587 775; x_wconf 87' lang='lat' dir='ltr'>docere</span> <span class='ocrx_word' id='word_1_84' title='bbox 625 739 665 774; x_wconf 83' lang='lat' dir='ltr'>de</span> <span class='ocrx_word' id='word_1_85' title='bbox 699 739 865 782; x_wconf 89' lang='lat' dir='ltr'>omnibus)</span> <span class='ocrx_word' id='word_1_86' title='bbox 904 740 1006 775; x_wconf 79' lang='lat' dir='ltr'>taliter</span> 
     </span>
     <span class='ocr_line' id='line_1_18' title="bbox 254 787 1002 835; baseline 0 -11"><span class='ocrx_word' id='word_1_87' title='bbox 254 789 390 830; x_wconf 81' lang='lat' dir='ltr'>erudita,</span> <span class='ocrx_word' id='word_1_88' title='bbox 410 790 485 824; x_wconf 86' lang='lat' dir='ltr'>casti</span> <span class='ocrx_word' id='word_1_89' title='bbox 501 789 616 824; x_wconf 88' lang='lat' dir='ltr'>amoris</span> <span class='ocrx_word' id='word_1_90' title='bbox 636 787 827 835; x_wconf 79' lang='lat' dir='ltr'>suffragante</span> <span class='ocrx_word' id='word_1_91' title='bbox 847 788 1002 833; x_wconf 88' lang='lat' dir='ltr'>vehiculo,</span> 
     </span>
     <span class='ocr_line' id='line_1_19' title="bbox 253 837 1002 875; baseline 0 -2"><span class='ocrx_word' id='word_1_92' title='bbox 253 839 292 874; x_wconf 86' lang='lat' dir='ltr'>ad</span> <span class='ocrx_word' id='word_1_93' title='bbox 327 839 555 875; x_wconf 74' lang='lat' dir='ltr'>monasterium</span> <span class='ocrx_word' id='word_1_94' title='bbox 583 837 784 873; x_wconf 87' lang='lat' dir='ltr'>Trcbnicien.</span> <span class='ocrx_word' id='word_1_95' title='bbox 809 837 1002 874; x_wconf 88' lang='lat' dir='ltr'>Cistercien-</span> 
     </span>
     <span class='ocr_line' id='line_1_20' title="bbox 251 886 1000 935; baseline -0.001 -12"><span class='ocrx_word' id='word_1_96' title='bbox 251 888 294 923; x_wconf 84' lang='lat' dir='ltr'>sis</span> <span class='ocrx_word' id='word_1_97' title='bbox 315 888 437 924; x_wconf 79' lang='lat' dir='ltr'>ordinis</span> <span class='ocrx_word' id='word_1_98' title='bbox 457 901 495 924; x_wconf 90' lang='lat' dir='ltr'>eo</span> <span class='ocrx_word' id='word_1_99' title='bbox 516 887 651 923; x_wconf 88' lang='lat' dir='ltr'>celerius</span> <span class='ocrx_word' id='word_1_100' title='bbox 672 886 818 929; x_wconf 80' lang='lat' dir='ltr'>trabitur,</span> <span class='ocrx_word' id='word_1_101' title='bbox 841 899 905 935; x_wconf 90' lang='lat' dir='ltr'>quo</span> <span class='ocrx_word' id='word_1_102' title='bbox 932 889 1000 923; x_wconf 81' lang='lat' dir='ltr'>mi-</span> 
     </span>
     <span class='ocr_line' id='line_1_21' title="bbox 250 937 998 982; baseline 0.001 -11"><span class='ocrx_word' id='word_1_103' title='bbox 250 948 312 972; x_wconf 84' lang='lat' dir='ltr'>nus</span> <span class='ocrx_word' id='word_1_104' title='bbox 349 939 483 973; x_wconf 84' lang='lat' dir='ltr'>terrenis</span> <span class='ocrx_word' id='word_1_105' title='bbox 520 937 687 973; x_wconf 78' lang='lat' dir='ltr'>affectibus</span> <span class='ocrx_word' id='word_1_106' title='bbox 727 945 927 982; x_wconf 73' lang='lat' dir='ltr'>aggravatur:</span> <span class='ocrx_word' id='word_1_107' title='bbox 968 938 998 972; x_wconf 89' lang='lat' dir='ltr'>in</span> 
     </span>
     <span class='ocr_line' id='line_1_22' title="bbox 249 985 999 1035; baseline 0 -14"><span class='ocrx_word' id='word_1_108' title='bbox 249 986 341 1022; x_wconf 82' lang='lat' dir='ltr'>euius</span> <span class='ocrx_word' id='word_1_109' title='bbox 362 987 490 1035; x_wconf 91' lang='lat' dir='ltr'>quidem</span> <span class='ocrx_word' id='word_1_110' title='bbox 510 986 701 1022; x_wconf 83' lang='lat' dir='ltr'>monial.bus</span> <span class='ocrx_word' id='word_1_111' title='bbox 719 985 904 1021; x_wconf 87' lang='lat' dir='ltr'>intentionis</span> <span class='ocrx_word' id='word_1_112' title='bbox 926 987 999 1021; x_wconf 92' lang='lat' dir='ltr'>sim-</span> 
     </span>
     <span class='ocr_line' id='line_1_23' title="bbox 248 1035 995 1083; baseline 0.001 -13"><span class='ocrx_word' id='word_1_113' title='bbox 248 1035 372 1082; x_wconf 86' lang='lat' dir='ltr'>plicitas</span> <span class='ocrx_word' id='word_1_114' title='bbox 392 1044 424 1072; x_wconf 87' lang='lat' dir='ltr'>et</span> <span class='ocrx_word' id='word_1_115' title='bbox 451 1037 566 1071; x_wconf 71' lang='lat' dir='ltr'>mentis</span> <span class='ocrx_word' id='word_1_116' title='bbox 600 1036 719 1082; x_wconf 89' lang='lat' dir='ltr'>puritas</span> <span class='ocrx_word' id='word_1_117' title='bbox 740 1036 787 1070; x_wconf 82' lang='lat' dir='ltr'>sic</span> <span class='ocrx_word' id='word_1_118' title='bbox 821 1036 995 1083; x_wconf 84' lang='lat' dir='ltr'>placebant,</span> 
     </span>
     <span class='ocr_line' id='line_1_24' title="bbox 247 1084 993 1132; baseline 0.003 -14"><span class='ocrx_word' id='word_1_119' title='bbox 247 1086 330 1132; x_wconf 89' lang='lat' dir='ltr'>qnod</span> <span class='ocrx_word' id='word_1_120' title='bbox 365 1098 436 1122; x_wconf 88' lang='lat' dir='ltr'>cum</span> <span class='ocrx_word' id='word_1_121' title='bbox 476 1086 523 1121; x_wconf 87' lang='lat' dir='ltr'>eis</span> <span class='ocrx_word' id='word_1_122' title='bbox 561 1097 646 1125; x_wconf 73' lang='lat' dir='ltr'>esse,</span> <span class='ocrx_word' id='word_1_123' title='bbox 685 1085 789 1119; x_wconf 90' lang='lat' dir='ltr'>divina</span> <span class='ocrx_word' id='word_1_124' title='bbox 828 1084 993 1120; x_wconf 67' lang='lat' dir='ltr'>clementta</span> 
     </span>
     <span class='ocr_line' id='line_1_25' title="bbox 246 1134 994 1183; baseline 0.001 -14"><span class='ocrx_word' id='word_1_125' title='bbox 246 1134 332 1170; x_wconf 85' lang='lat' dir='ltr'>credi</span> <span class='ocrx_word' id='word_1_126' title='bbox 357 1143 478 1183; x_wconf 85' lang='lat' dir='ltr'>poterat</span> <span class='ocrx_word' id='word_1_127' title='bbox 498 1147 572 1170; x_wconf 81' lang='lat' dir='ltr'>suas</span> <span class='ocrx_word' id='word_1_128' title='bbox 597 1134 726 1169; x_wconf 80' lang='lat' dir='ltr'>delicias</span> <span class='ocrx_word' id='word_1_129' title='bbox 747 1134 926 1181; x_wconf 73' lang='lat' dir='ltr'>deputasse.</span> <span class='ocrx_word' id='word_1_130' title='bbox 956 1134 994 1170; x_wconf 87' lang='lat' dir='ltr'>Et</span> 
     </span>
     <span class='ocr_line' id='line_1_26' title="bbox 245 1181 992 1232; baseline 0.003 -15"><span class='ocrx_word' id='word_1_131' title='bbox 245 1181 317 1219; x_wconf 88' lang='lat' dir='ltr'>licet</span> <span class='ocrx_word' id='word_1_132' title='bbox 350 1197 431 1232; x_wconf 87' lang='lat' dir='ltr'>quae</span> <span class='ocrx_word' id='word_1_133' title='bbox 468 1185 620 1231; x_wconf 81' lang='lat' dir='ltr'>regularis</span> <span class='ocrx_word' id='word_1_134' title='bbox 645 1183 832 1231; x_wconf 87' lang='lat' dir='ltr'>disciplinae</span> <span class='ocrx_word' id='word_1_135' title='bbox 857 1183 992 1226; x_wconf 79' lang='lat' dir='ltr'>fuerant,</span> 
     </span>
     <span class='ocr_line' id='line_1_27' title="bbox 244 1234 992 1280; baseline 0.001 -13"><span class='ocrx_word' id='word_1_136' title='bbox 244 1240 396 1280; x_wconf 84' lang='lat' dir='ltr'>quantum</span> <span class='ocrx_word' id='word_1_137' title='bbox 425 1246 485 1269; x_wconf 87' lang='lat' dir='ltr'>suo</span> <span class='ocrx_word' id='word_1_138' title='bbox 517 1234 629 1268; x_wconf 83' lang='lat' dir='ltr'>licebat</span> <span class='ocrx_word' id='word_1_139' title='bbox 652 1234 758 1276; x_wconf 90' lang='lat' dir='ltr'>statui,</span> <span class='ocrx_word' id='word_1_140' title='bbox 782 1244 854 1280; x_wconf 88' lang='lat' dir='ltr'>prae</span> <span class='ocrx_word' id='word_1_141' title='bbox 870 1235 992 1269; x_wconf 87' lang='lat' dir='ltr'>cunctis</span> 
     </span>
     <span class='ocr_line' id='line_1_28' title="bbox 243 1282 991 1330; baseline 0.001 -15"><span class='ocrx_word' id='word_1_142' title='bbox 243 1283 435 1318; x_wconf 84' lang='lat' dir='ltr'>monialibus</span> <span class='ocrx_word' id='word_1_143' title='bbox 456 1282 648 1326; x_wconf 81' lang='lat' dir='ltr'>observaret,</span> <span class='ocrx_word' id='word_1_144' title='bbox 669 1292 774 1316; x_wconf 91' lang='lat' dir='ltr'>votum</span> <span class='ocrx_word' id='word_1_145' title='bbox 796 1290 898 1317; x_wconf 89' lang='lat' dir='ltr'>tamen</span> <span class='ocrx_word' id='word_1_146' title='bbox 922 1295 991 1330; x_wconf 91' lang='lat' dir='ltr'>pro-</span> 
     </span>
     <span class='ocr_line' id='line_1_29' title="bbox 241 1329 990 1378; baseline 0.003 -13"><span class='ocrx_word' id='word_1_147' title='bbox 241 1329 387 1368; x_wconf 75' lang='lat' dir='ltr'>fessionis</span> <span class='ocrx_word' id='word_1_148' title='bbox 413 1333 556 1368; x_wconf 82' lang='lat' dir='ltr'>emittere</span> <span class='ocrx_word' id='word_1_149' title='bbox 589 1340 619 1367; x_wconf 88' lang='lat' dir='ltr'>et</span> <span class='ocrx_word' id='word_1_150' title='bbox 651 1332 835 1366; x_wconf 75' lang='lat' dir='ltr'>renunciare</span> <span class='ocrx_word' id='word_1_151' title='bbox 863 1332 990 1378; x_wconf 87' lang='lat' dir='ltr'>proprio</span> 
     </span>
     <span class='ocr_line' id='line_1_30' title="bbox 240 1380 987 1427; baseline 0.001 -14"><span class='ocrx_word' id='word_1_152' title='bbox 240 1381 357 1423; x_wconf 84' lang='lat' dir='ltr'>renuit,</span> <span class='ocrx_word' id='word_1_153' title='bbox 379 1394 441 1417; x_wconf 91' lang='lat' dir='ltr'>non</span> <span class='ocrx_word' id='word_1_154' title='bbox 477 1381 518 1416; x_wconf 91' lang='lat' dir='ltr'>ob</span> <span class='ocrx_word' id='word_1_155' title='bbox 539 1381 624 1416; x_wconf 92' lang='lat' dir='ltr'>aliud</span> <span class='ocrx_word' id='word_1_156' title='bbox 648 1384 757 1427; x_wconf 89' lang='lat' dir='ltr'>(prout</span> <span class='ocrx_word' id='word_1_157' title='bbox 780 1380 900 1425; x_wconf 73' lang='lat' dir='ltr'>fertur),</span> <span class='ocrx_word' id='word_1_158' title='bbox 929 1381 987 1415; x_wconf 89' lang='lat' dir='ltr'>nisi</span> 
     </span>
     <span class='ocr_line' id='line_1_31' title="bbox 239 1429 986 1478; baseline -0.001 -14"><span class='ocrx_word' id='word_1_159' title='bbox 239 1437 274 1464; x_wconf 87' lang='lat' dir='ltr'>ut</span> <span class='ocrx_word' id='word_1_160' title='bbox 291 1429 422 1466; x_wconf 83' lang='lat' dir='ltr'>haberet</span> <span class='ocrx_word' id='word_1_161' title='bbox 443 1431 529 1465; x_wconf 86' lang='lat' dir='ltr'>unde</span> <span class='ocrx_word' id='word_1_162' title='bbox 549 1431 683 1478; x_wconf 88' lang='lat' dir='ltr'>palmam</span> <span class='ocrx_word' id='word_1_163' title='bbox 701 1431 873 1478; x_wconf 83' lang='lat' dir='ltr'>porrigeret</span> <span class='ocrx_word' id='word_1_164' title='bbox 888 1430 986 1477; x_wconf 83' lang='lat' dir='ltr'>inopi,</span> 
     </span>
     <span class='ocr_line' id='line_1_32' title="bbox 237 1479 986 1527; baseline 0 -14"><span class='ocrx_word' id='word_1_165' title='bbox 237 1486 268 1514; x_wconf 80' lang='lat' dir='ltr'>et</span> <span class='ocrx_word' id='word_1_166' title='bbox 293 1481 428 1527; x_wconf 83' lang='lat' dir='ltr'>aperiret</span> <span class='ocrx_word' id='word_1_167' title='bbox 449 1480 682 1515; x_wconf 88' lang='lat' dir='ltr'>munificentiae</span> <span class='ocrx_word' id='word_1_168' title='bbox 709 1479 870 1514; x_wconf 79' lang='lat' dir='ltr'>dexteram</span> <span class='ocrx_word' id='word_1_169' title='bbox 898 1480 986 1513; x_wconf 86' lang='lat' dir='ltr'>indi-</span> 
     </span>
     <span class='ocr_line' id='line_1_33' title="bbox 235 1530 442 1576; baseline 0.005 -12"><span class='ocrx_word' id='word_1_170' title='bbox 235 1530 333 1576; x_wconf 77' lang='lat' dir='ltr'>genti.</span> <span class='ocrx_word' id='word_1_171' title='bbox 437 1560 442 1565; x_wconf 94' lang='lat'>.</span> 
     </span>
    </p>

    <p class='ocr_par' dir='ltr' id='par_1_7' title="bbox 222 1577 985 2661">
     <span class='ocr_line' id='line_1_34' title="bbox 283 1577 985 1626; baseline -0.003 -13"><span class='ocrx_word' id='word_1_172' title='bbox 283 1577 305 1626; x_wconf 70' lang='grc'>5</span> <span class='ocrx_word' id='word_1_173' title='bbox 332 1580 365 1613; x_wconf 81' lang='grc'>5.</span> <span class='ocrx_word' id='word_1_174' title='bbox 400 1579 531 1614; x_wconf 87' lang='lat' dir='ltr'>Invento</span> <span class='ocrx_word' id='word_1_175' title='bbox 567 1579 673 1626; x_wconf 78' lang='lat' dir='ltr'>itaqua</span> <span class='ocrx_word' id='word_1_176' title='bbox 705 1578 746 1612; x_wconf 89' lang='lat' dir='ltr'>ibi</span> <span class='ocrx_word' id='word_1_177' title='bbox 776 1590 871 1625; x_wconf 84' lang='lat' dir='ltr'>quern</span> <span class='ocrx_word' id='word_1_178' title='bbox 894 1590 985 1625; x_wconf 87' lang='lat' dir='ltr'>quae-</span> 
     </span>
     <span class='ocr_line' id='line_1_35' title="bbox 234 1627 982 1668; baseline -0.001 -6"><span class='ocrx_word' id='word_1_179' title='bbox 234 1627 331 1663; x_wconf 85' lang='lat' dir='ltr'>sierat</span> <span class='ocrx_word' id='word_1_180' title='bbox 352 1629 454 1664; x_wconf 89' lang='lat' dir='ltr'>anima</span> <span class='ocrx_word' id='word_1_181' title='bbox 477 1640 546 1668; x_wconf 91' lang='lat' dir='ltr'>sua,</span> <span class='ocrx_word' id='word_1_182' title='bbox 568 1628 713 1663; x_wconf 85' lang='lat' dir='ltr'>floridum</span> <span class='ocrx_word' id='word_1_183' title='bbox 738 1628 768 1662; x_wconf 91' lang='lat' dir='ltr'>in</span> <span class='ocrx_word' id='word_1_184' title='bbox 788 1628 982 1662; x_wconf 82' lang='lat' dir='ltr'>conscientia</span> 
     </span>
     <span class='ocr_line' id='line_1_36' title="bbox 234 1675 981 1724; baseline 0 -14"><span class='ocrx_word' id='word_1_185' title='bbox 234 1675 293 1720; x_wconf 85' lang='lat' dir='ltr'>sibi</span> <span class='ocrx_word' id='word_1_186' title='bbox 328 1678 472 1724; x_wconf 89' lang='lat' dir='ltr'>protinus</span> <span class='ocrx_word' id='word_1_187' title='bbox 495 1677 611 1712; x_wconf 90' lang='lat' dir='ltr'>lectum</span> <span class='ocrx_word' id='word_1_188' title='bbox 646 1684 744 1724; x_wconf 87' lang='lat' dir='ltr'>parat,</span> <span class='ocrx_word' id='word_1_189' title='bbox 779 1684 809 1711; x_wconf 86' lang='lat' dir='ltr'>et</span> <span class='ocrx_word' id='word_1_190' title='bbox 836 1688 873 1710; x_wconf 80' lang='lat' dir='ltr'>ex</span> <span class='ocrx_word' id='word_1_191' title='bbox 894 1678 981 1711; x_wconf 86' lang='lat' dir='ltr'>suavi</span> 
     </span>
     <span class='ocr_line' id='line_1_37' title="bbox 234 1724 982 1775; baseline -0.003 -14"><span class='ocrx_word' id='word_1_192' title='bbox 234 1727 512 1775; x_wconf 76' lang='lat' dir='ltr'>contemplatione,</span> <span class='ocrx_word' id='word_1_193' title='bbox 549 1734 708 1773; x_wconf 77' lang='lat' dir='ltr'>tamquam</span> <span class='ocrx_word' id='word_1_194' title='bbox 742 1724 780 1760; x_wconf 82' lang='lat' dir='ltr'>ad</span> <span class='ocrx_word' id='word_1_195' title='bbox 808 1726 876 1760; x_wconf 91' lang='lat' dir='ltr'>eius</span> <span class='ocrx_word' id='word_1_196' title='bbox 913 1737 982 1759; x_wconf 79' lang='lat' dir='ltr'>am-</span> 
     </span>
     <span class='ocr_line' id='line_1_38' title="bbox 233 1774 982 1829; baseline -0.003 -19"><span class='ocrx_word' id='word_1_197' title='bbox 233 1774 345 1821; x_wconf 87' lang='lat' dir='ltr'>plexus</span> <span class='ocrx_word' id='word_1_198' title='bbox 366 1776 514 1816; x_wconf 85' lang='lat' dir='ltr'>admissa,</span> <span class='ocrx_word' id='word_1_199' title='bbox 537 1775 652 1810; x_wconf 85' lang='lat' dir='ltr'>haustu</span> <span class='ocrx_word' id='word_1_200' title='bbox 681 1786 778 1809; x_wconf 87' lang='lat' dir='ltr'>novae</span> <span class='ocrx_word' id='word_1_201' title='bbox 799 1784 887 1828; x_wconf 87' lang='lat' dir='ltr'>capta</span> <span class='ocrx_word' id='word_1_202' title='bbox 910 1774 982 1829; x_wconf 81' lang='lat' dir='ltr'>dul-</span> 
     </span>
     <span class='ocr_line' id='line_1_39' title="bbox 231 1824 980 1871; baseline -0.003 -12"><span class='ocrx_word' id='word_1_203' title='bbox 231 1824 368 1867; x_wconf 88' lang='lat' dir='ltr'>cedinis,</span> <span class='ocrx_word' id='word_1_204' title='bbox 403 1834 540 1860; x_wconf 76' lang='lat' dir='ltr'>extunc</span> <span class='ocrx_word' id='word_1_205' title='bbox 566 1836 706 1860; x_wconf 90' lang='lat' dir='ltr'>amarum</span> <span class='ocrx_word' id='word_1_206' title='bbox 740 1833 863 1859; x_wconf 84' lang='lat' dir='ltr'>censuit</span> <span class='ocrx_word' id='word_1_207' title='bbox 897 1837 980 1871; x_wconf 81' lang='lat' dir='ltr'>quic-</span> 
     </span>
     <span class='ocr_line' id='line_1_40' title="bbox 230 1873 977 1922; baseline -0.001 -14"><span class='ocrx_word' id='word_1_208' title='bbox 230 1874 307 1920; x_wconf 89' lang='lat' dir='ltr'>quid</span> <span class='ocrx_word' id='word_1_209' title='bbox 347 1875 426 1910; x_wconf 86' lang='lat' dir='ltr'>calix</span> <span class='ocrx_word' id='word_1_210' title='bbox 468 1875 613 1922; x_wconf 85' lang='lat' dir='ltr'>propinat</span> <span class='ocrx_word' id='word_1_211' title='bbox 646 1885 763 1908; x_wconf 86' lang='lat' dir='ltr'>aureus</span> <span class='ocrx_word' id='word_1_212' title='bbox 803 1873 977 1921; x_wconf 57' lang='lat' dir='ltr'>babylonis</span> 
     </span>
     <span class='ocr_line' id='line_1_41' title="bbox 228 1922 979 1970; baseline 0 -13"><span class='ocrx_word' id='word_1_213' title='bbox 228 1922 468 1970; x_wconf 83' lang='lat' dir='ltr'>Dedignabatur</span> <span class='ocrx_word' id='word_1_214' title='bbox 493 1924 590 1966; x_wconf 88' lang='lat' dir='ltr'>enim,</span> <span class='ocrx_word' id='word_1_215' title='bbox 623 1931 781 1970; x_wconf 82' lang='lat' dir='ltr'>tamquam</span> <span class='ocrx_word' id='word_1_216' title='bbox 804 1924 874 1957; x_wconf 84' lang='lat' dir='ltr'>eius</span> <span class='ocrx_word' id='word_1_217' title='bbox 908 1923 979 1957; x_wconf 88' lang='lat' dir='ltr'>ine-</span> 
     </span>
     <span class='ocr_line' id='line_1_42' title="bbox 229 1971 977 2020; baseline -0.001 -13"><span class='ocrx_word' id='word_1_218' title='bbox 229 1971 327 2008; x_wconf 86' lang='lat' dir='ltr'>briata</span> <span class='ocrx_word' id='word_1_219' title='bbox 361 1985 479 2012; x_wconf 83' lang='lat' dir='ltr'>amore,</span> <span class='ocrx_word' id='word_1_220' title='bbox 506 1973 591 2020; x_wconf 90' lang='lat' dir='ltr'>loqui</span> <span class='ocrx_word' id='word_1_221' title='bbox 614 1985 669 2007; x_wconf 89' lang='lat' dir='ltr'>seu</span> <span class='ocrx_word' id='word_1_222' title='bbox 696 1971 808 2007; x_wconf 85' lang='lat' dir='ltr'>audire</span> <span class='ocrx_word' id='word_1_223' title='bbox 836 1972 875 2006; x_wconf 94' lang='lat' dir='ltr'>de</span> <span class='ocrx_word' id='word_1_224' title='bbox 905 1973 977 2011; x_wconf 77' lang='lat' dir='ltr'>alio,</span> 
     </span>
     <span class='ocr_line' id='line_1_43' title="bbox 228 2021 977 2069; baseline -0.003 -13"><span class='ocrx_word' id='word_1_225' title='bbox 228 2033 321 2069; x_wconf 91' lang='lat' dir='ltr'>quam</span> <span class='ocrx_word' id='word_1_226' title='bbox 340 2021 379 2057; x_wconf 86' lang='lat' dir='ltr'>de</span> <span class='ocrx_word' id='word_1_227' title='bbox 399 2023 478 2069; x_wconf 86' lang='lat' dir='ltr'>ipso,</span> <span class='ocrx_word' id='word_1_228' title='bbox 494 2033 625 2056; x_wconf 87' lang='lat' dir='ltr'>munera</span> <span class='ocrx_word' id='word_1_229' title='bbox 648 2021 977 2068; x_wconf 74' lang='lat' dir='ltr'>venerabaturipsius‚</span> 
     </span>
     <span class='ocr_line' id='line_1_44' title="bbox 227 2070 976 2118; baseline 0 -13"><span class='ocrx_word' id='word_1_230' title='bbox 227 2079 259 2105; x_wconf 85' lang='lat' dir='ltr'>et</span> <span class='ocrx_word' id='word_1_231' title='bbox 281 2070 416 2118; x_wconf 84' lang='lat' dir='ltr'>diligens</span> <span class='ocrx_word' id='word_1_232' title='bbox 444 2071 512 2106; x_wconf 91' lang='lat' dir='ltr'>eius</span> <span class='ocrx_word' id='word_1_233' title='bbox 539 2070 668 2115; x_wconf 89' lang='lat' dir='ltr'>amicos,</span> <span class='ocrx_word' id='word_1_234' title='bbox 695 2080 724 2106; x_wconf 85' lang='lat' dir='ltr'>et</span> <span class='ocrx_word' id='word_1_235' title='bbox 750 2070 788 2105; x_wconf 88' lang='lat' dir='ltr'>ad</span> <span class='ocrx_word' id='word_1_236' title='bbox 816 2071 917 2118; x_wconf 80' lang='lat' dir='ltr'>ipsus</span> <span class='ocrx_word' id='word_1_237' title='bbox 944 2084 976 2105; x_wconf 89' lang='lat' dir='ltr'>se</span> 
     </span>
     <span class='ocr_line' id='line_1_45' title="bbox 227 2120 973 2168; baseline 0.001 -14"><span class='ocrx_word' id='word_1_238' title='bbox 227 2128 339 2156; x_wconf 90' lang='lat' dir='ltr'>nutum</span> <span class='ocrx_word' id='word_1_239' title='bbox 376 2131 583 2167; x_wconf 86' lang='lat' dir='ltr'>componens,</span> <span class='ocrx_word' id='word_1_240' title='bbox 619 2131 681 2154; x_wconf 87' lang='lat' dir='ltr'>non</span> <span class='ocrx_word' id='word_1_241' title='bbox 714 2120 853 2155; x_wconf 87' lang='lat' dir='ltr'>creditur</span> <span class='ocrx_word' id='word_1_242' title='bbox 880 2132 973 2168; x_wconf 82' lang='lat' dir='ltr'>quum</span> 
     </span>
     <span class='ocr_line' id='line_1_46' title="bbox 226 2169 976 2218; baseline 0.001 -14"><span class='ocrx_word' id='word_1_243' title='bbox 226 2169 399 2218; x_wconf 77' lang='lat' dir='ltr'>adimplere</span> <span class='ocrx_word' id='word_1_244' title='bbox 428 2181 556 2216; x_wconf 88' lang='lat' dir='ltr'>prorsus</span> <span class='ocrx_word' id='word_1_245' title='bbox 577 2170 751 2212; x_wconf 77' lang='lat' dir='ltr'>studuerat,</span> <span class='ocrx_word' id='word_1_246' title='bbox 774 2170 843 2205; x_wconf 90' lang='lat' dir='ltr'>eius</span> <span class='ocrx_word' id='word_1_247' title='bbox 870 2182 976 2205; x_wconf 75' lang='lat' dir='ltr'>scieu-</span> 
     </span>
     <span class='ocr_line' id='line_1_47' title="bbox 227 2219 973 2266; baseline 0.001 -14"><span class='ocrx_word' id='word_1_248' title='bbox 227 2225 274 2253; x_wconf 86' lang='lat' dir='ltr'>ter</span> <span class='ocrx_word' id='word_1_249' title='bbox 299 2227 495 2263; x_wconf 72' lang='lat' dir='ltr'>transgressa</span> <span class='ocrx_word' id='word_1_250' title='bbox 533 2219 735 2266; x_wconf 89' lang='lat' dir='ltr'>postmodum</span> <span class='ocrx_word' id='word_1_251' title='bbox 770 2220 973 2255; x_wconf 85' lang='lat' dir='ltr'>voluntatem.</span> 
     </span>
     <span class='ocr_line' id='line_1_48' title="bbox 226 2266 974 2315; baseline 0.001 -12"><span class='ocrx_word' id='word_1_252' title='bbox 226 2266 289 2303; x_wconf 90' lang='lat' dir='ltr'>Sed</span> <span class='ocrx_word' id='word_1_253' title='bbox 315 2269 368 2315; x_wconf 92' lang='lat' dir='ltr'>qui</span> <span class='ocrx_word' id='word_1_254' title='bbox 390 2268 488 2303; x_wconf 87' lang='lat' dir='ltr'>Evam</span> <span class='ocrx_word' id='word_1_255' title='bbox 511 2268 652 2302; x_wconf 89' lang='lat' dir='ltr'>omnium</span> <span class='ocrx_word' id='word_1_256' title='bbox 676 2278 806 2304; x_wconf 87' lang='lat' dir='ltr'>matrem</span> <span class='ocrx_word' id='word_1_257' title='bbox 835 2269 974 2305; x_wconf 82' lang='lat' dir='ltr'>seduxe-</span> 
     </span>
     <span class='ocr_line' id='line_1_49' title="bbox 226 2317 974 2357; baseline 0.004 -6"><span class='ocrx_word' id='word_1_258' title='bbox 226 2325 285 2357; x_wconf 86' lang='lat' dir='ltr'>rat,</span> <span class='ocrx_word' id='word_1_259' title='bbox 307 2318 441 2353; x_wconf 88' lang='lat' dir='ltr'>similem</span> <span class='ocrx_word' id='word_1_260' title='bbox 466 2317 554 2351; x_wconf 86' lang='lat' dir='ltr'>matri</span> <span class='ocrx_word' id='word_1_261' title='bbox 584 2317 677 2352; x_wconf 83' lang='lat' dir='ltr'>tiliam</span> <span class='ocrx_word' id='word_1_262' title='bbox 705 2320 859 2354; x_wconf 84' lang='lat' dir='ltr'>extimans</span> <span class='ocrx_word' id='word_1_263' title='bbox 886 2320 974 2354; x_wconf 80' lang='lat' dir='ltr'>inve—</span> 
     </span>
     <span class='ocr_line' id='line_1_50' title="bbox 225 2366 972 2414; baseline 0.004 -14"><span class='ocrx_word' id='word_1_264' title='bbox 225 2366 305 2410; x_wconf 84' lang='lat' dir='ltr'>nire,</span> <span class='ocrx_word' id='word_1_265' title='bbox 329 2375 493 2414; x_wconf 86' lang='lat' dir='ltr'>postquam</span> <span class='ocrx_word' id='word_1_266' title='bbox 518 2366 672 2400; x_wconf 87' lang='lat' dir='ltr'>mundum</span> <span class='ocrx_word' id='word_1_267' title='bbox 695 2366 735 2401; x_wconf 88' lang='lat' dir='ltr'>ab</span> <span class='ocrx_word' id='word_1_268' title='bbox 755 2380 790 2402; x_wconf 87' lang='lat' dir='ltr'>ea</span> <span class='ocrx_word' id='word_1_269' title='bbox 812 2370 972 2404; x_wconf 82' lang='lat' dir='ltr'>contemni</span> 
     </span>
     <span class='ocr_line' id='line_1_51' title="bbox 225 2416 973 2461; baseline 0.003 -12"><span class='ocrx_word' id='word_1_270' title='bbox 225 2422 256 2449; x_wconf 87' lang='lat' dir='ltr'>et</span> <span class='ocrx_word' id='word_1_271' title='bbox 281 2416 461 2451; x_wconf 83' lang='lat' dir='ltr'>conculcari</span> <span class='ocrx_word' id='word_1_272' title='bbox 491 2417 681 2461; x_wconf 82' lang='lat' dir='ltr'>praesensit,</span> <span class='ocrx_word' id='word_1_273' title='bbox 716 2416 834 2452; x_wconf 76' lang='lat' dir='ltr'>fraudis</span> <span class='ocrx_word' id='word_1_274' title='bbox 868 2419 973 2453; x_wconf 87' lang='lat' dir='ltr'>ordie-</span> 
     </span>
     <span class='ocr_line' id='line_1_52' title="bbox 224 2462 973 2514; baseline 0.004 -16"><span class='ocrx_word' id='word_1_275' title='bbox 224 2462 316 2500; x_wconf 85' lang='lat' dir='ltr'>batur</span> <span class='ocrx_word' id='word_1_276' title='bbox 347 2473 538 2508; x_wconf 88' lang='lat' dir='ltr'>commenta,</span> <span class='ocrx_word' id='word_1_277' title='bbox 578 2466 663 2499; x_wconf 91' lang='lat' dir='ltr'>virus</span> <span class='ocrx_word' id='word_1_278' title='bbox 691 2466 863 2514; x_wconf 85' lang='lat' dir='ltr'>iniqnitatis</span> <span class='ocrx_word' id='word_1_279' title='bbox 899 2467 973 2501; x_wconf 77' lang='lat' dir='ltr'>sun-</span> 
     </span>
     <span class='ocr_line' id='line_1_53' title="bbox 223 2511 968 2563; baseline 0.001 -15"><span class='ocrx_word' id='word_1_280' title='bbox 223 2511 328 2554; x_wconf 75' lang='lat' dir='ltr'>debat,</span> <span class='ocrx_word' id='word_1_281' title='bbox 352 2522 514 2549; x_wconf 85' lang='lat' dir='ltr'>etacuens</span> <span class='ocrx_word' id='word_1_282' title='bbox 541 2514 685 2549; x_wconf 83' lang='lat' dir='ltr'>vitiorum</span> <span class='ocrx_word' id='word_1_283' title='bbox 711 2516 850 2562; x_wconf 79' lang='lat' dir='ltr'>sagittas,</span> <span class='ocrx_word' id='word_1_284' title='bbox 870 2517 968 2563; x_wconf 80' lang='lat' dir='ltr'>ipsam</span> 
     </span>
     <span class='ocr_line' id='line_1_54' title="bbox 223 2563 971 2610; baseline 0.005 -14"><span class='ocrx_word' id='word_1_285' title='bbox 223 2563 395 2598; x_wconf 85' lang='lat' dir='ltr'>conabatur</span> <span class='ocrx_word' id='word_1_286' title='bbox 441 2572 637 2610; x_wconf 75' lang='lat' dir='ltr'>pervertere,</span> <span class='ocrx_word' id='word_1_287' title='bbox 682 2565 732 2598; x_wconf 91' lang='lat' dir='ltr'>cui</span> <span class='ocrx_word' id='word_1_288' title='bbox 781 2566 971 2600; x_wconf 84' lang='lat' dir='ltr'>coelestibus</span> 
     </span>
     <span class='ocr_line' id='line_1_55' title="bbox 222 2609 970 2661; baseline 0.008 -17"><span class='ocrx_word' id='word_1_289' title='bbox 222 2609 412 2652; x_wconf 82' lang='lat' dir='ltr'>inhaerenti,</span> <span class='ocrx_word' id='word_1_290' title='bbox 435 2613 520 2648; x_wconf 89' lang='lat' dir='ltr'>unde</span> <span class='ocrx_word' id='word_1_291' title='bbox 553 2614 621 2661; x_wconf 81' lang='lat' dir='ltr'>ipse</span> <span class='ocrx_word' id='word_1_292' title='bbox 648 2622 818 2659; x_wconf 91' lang='lat' dir='ltr'>corruerat,</span> <span class='ocrx_word' id='word_1_293' title='bbox 848 2615 970 2650; x_wconf 83' lang='lat' dir='ltr'>invide-</span> 
     </span>
    </p>
   </div>
   <div class='ocr_carea' id='block_1_7' title="bbox 1009 400 1804 2667">
    <p class='ocr_par' dir='ltr' id='par_1_8' title="bbox 1009 400 1804 2667">
     <span class='ocr_line' id='line_1_56' title="bbox 1053 400 1804 456; baseline 0.019 -26"><span class='ocrx_word' id='word_1_294' title='bbox 1053 405 1100 431; x_wconf 85' lang='lat' dir='ltr'>set</span> <span class='ocrx_word' id='word_1_295' title='bbox 1122 400 1262 438; x_wconf 71' lang='lat' dir='ltr'>astutias,</span> <span class='ocrx_word' id='word_1_296' title='bbox 1286 413 1395 447; x_wconf 87' lang='lat' dir='ltr'>parum</span> <span class='ocrx_word' id='word_1_297' title='bbox 1422 403 1505 438; x_wconf 88' lang='lat' dir='ltr'>illius</span> <span class='ocrx_word' id='word_1_298' title='bbox 1527 406 1657 441; x_wconf 72' lang='lat' dir='ltr'>insidias</span> <span class='ocrx_word' id='word_1_299' title='bbox 1678 410 1804 456; x_wconf 80' lang='lat' dir='ltr'>procul-</span> 
     </span>
     <span class='ocr_line' id='line_1_57' title="bbox 1053 445 1801 504; baseline 0.019 -25"><span class='ocrx_word' id='word_1_300' title='bbox 1053 445 1150 481; x_wconf 87' lang='lat' dir='ltr'>dubio</span> <span class='ocrx_word' id='word_1_301' title='bbox 1183 447 1381 485; x_wconf 86' lang='lat' dir='ltr'>forntidabat.</span> <span class='ocrx_word' id='word_1_302' title='bbox 1419 451 1452 486; x_wconf 90' lang='lat' dir='ltr'>ln</span> <span class='ocrx_word' id='word_1_303' title='bbox 1492 454 1668 491; x_wconf 86' lang='lat' dir='ltr'>sublimiori</span> <span class='ocrx_word' id='word_1_304' title='bbox 1705 459 1801 504; x_wconf 86' lang='lat' dir='ltr'>enim,</span> 
     </span>
     <span class='ocr_line' id='line_1_58' title="bbox 1051 497 1800 548; baseline 0.019 -20"><span class='ocrx_word' id='word_1_305' title='bbox 1051 507 1145 542; x_wconf 84' lang='lat' dir='ltr'>quant</span> <span class='ocrx_word' id='word_1_306' title='bbox 1170 497 1249 532; x_wconf 91' lang='lat' dir='ltr'>vallo</span> <span class='ocrx_word' id='word_1_307' title='bbox 1273 499 1421 535; x_wconf 88' lang='lat' dir='ltr'>virtutum</span> <span class='ocrx_word' id='word_1_308' title='bbox 1451 504 1618 548; x_wconf 87' lang='lat' dir='ltr'>munierat,</span> <span class='ocrx_word' id='word_1_309' title='bbox 1637 518 1707 541; x_wconf 89' lang='lat' dir='ltr'>arce</span> <span class='ocrx_word' id='word_1_310' title='bbox 1731 508 1800 542; x_wconf 81' lang='lat' dir='ltr'>seli-</span> 
     </span>
     <span class='ocr_line' id='line_1_59' title="bbox 1050 546 1796 593; baseline 0.017 -14"><span class='ocrx_word' id='word_1_311' title='bbox 1050 546 1128 579; x_wconf 87' lang='lat' dir='ltr'>citer</span> <span class='ocrx_word' id='word_1_312' title='bbox 1160 558 1194 580; x_wconf 88' lang='lat' dir='ltr'>se</span> <span class='ocrx_word' id='word_1_313' title='bbox 1221 548 1358 593; x_wconf 81' lang='lat' dir='ltr'>tenebat,</span> <span class='ocrx_word' id='word_1_314' title='bbox 1393 550 1446 585; x_wconf 91' lang='lat' dir='ltr'>ubi</span> <span class='ocrx_word' id='word_1_315' title='bbox 1482 552 1567 586; x_wconf 80' lang='lat' dir='ltr'>velut</span> <span class='ocrx_word' id='word_1_316' title='bbox 1593 555 1700 589; x_wconf 89' lang='lat' dir='ltr'>divino</span> <span class='ocrx_word' id='word_1_317' title='bbox 1723 555 1796 592; x_wconf 77' lang='lat' dir='ltr'>fulta</span> 
     </span>
     <span class='ocr_line' id='line_1_60' title="bbox 1050 595 1795 651; baseline 0.017 -24"><span class='ocrx_word' id='word_1_318' title='bbox 1050 595 1223 640; x_wconf 91' lang='lat' dir='ltr'>praesidio,</span> <span class='ocrx_word' id='word_1_319' title='bbox 1265 598 1368 644; x_wconf 73' lang='lat' dir='ltr'>ipsum</span> <span class='ocrx_word' id='word_1_320' title='bbox 1410 600 1574 637; x_wconf 81' lang='lat' dir='ltr'>inimicum</span> <span class='ocrx_word' id='word_1_321' title='bbox 1618 607 1795 651; x_wconf 76' lang='lat' dir='ltr'>prostravit,</span> 
     </span>
     <span class='ocr_line' id='line_1_61' title="bbox 1047 645 1792 695; baseline 0.019 -19"><span class='ocrx_word' id='word_1_322' title='bbox 1047 652 1145 678; x_wconf 89' lang='lat' dir='ltr'>castra</span> <span class='ocrx_word' id='word_1_323' title='bbox 1179 645 1366 682; x_wconf 84' lang='lat' dir='ltr'>subvertens</span> <span class='ocrx_word' id='word_1_324' title='bbox 1388 649 1499 695; x_wconf 89' lang='lat' dir='ltr'>ipsius,</span> <span class='ocrx_word' id='word_1_325' title='bbox 1521 659 1552 685; x_wconf 86' lang='lat' dir='ltr'>et</span> <span class='ocrx_word' id='word_1_326' title='bbox 1578 653 1646 687; x_wconf 87' lang='lat' dir='ltr'>eius</span> <span class='ocrx_word' id='word_1_327' title='bbox 1674 655 1792 690; x_wconf 81' lang='lat' dir='ltr'>maelti—</span> 
     </span>
     <span class='ocr_line' id='line_1_62' title="bbox 1046 695 1791 744; baseline 0.019 -19"><span class='ocrx_word' id='word_1_328' title='bbox 1046 702 1189 728; x_wconf 81' lang='lat' dir='ltr'>namenta</span> <span class='ocrx_word' id='word_1_329' title='bbox 1207 695 1398 743; x_wconf 81' lang='lat' dir='ltr'>despiciens,</span> <span class='ocrx_word' id='word_1_330' title='bbox 1419 699 1515 733; x_wconf 82' lang='lat' dir='ltr'>telum</span> <span class='ocrx_word' id='word_1_331' title='bbox 1535 701 1662 736; x_wconf 86' lang='lat' dir='ltr'>minime</span> <span class='ocrx_word' id='word_1_332' title='bbox 1678 704 1791 744; x_wconf 69' lang='lat' dir='ltr'>timuit„</span> 
     </span>
     <span class='ocr_line' id='line_1_63' title="bbox 1044 742 1791 795; baseline 0.019 -21"><span class='ocrx_word' id='word_1_333' title='bbox 1044 742 1128 787; x_wconf 86' lang='lat' dir='ltr'>qnod</span> <span class='ocrx_word' id='word_1_334' title='bbox 1150 743 1296 780; x_wconf 87' lang='lat' dir='ltr'>inimicus</span> <span class='ocrx_word' id='word_1_335' title='bbox 1319 746 1385 792; x_wconf 83' lang='lat' dir='ltr'>ipse</span> <span class='ocrx_word' id='word_1_336' title='bbox 1407 747 1444 781; x_wconf 91' lang='lat' dir='ltr'>ad</span> <span class='ocrx_word' id='word_1_337' title='bbox 1469 751 1663 795; x_wconf 85' lang='lat' dir='ltr'>perdendum</span> <span class='ocrx_word' id='word_1_338' title='bbox 1687 752 1791 788; x_wconf 87' lang='lat' dir='ltr'>homi-</span> 
     </span>
     <span class='ocr_line' id='line_1_64' title="bbox 1044 791 1790 846; baseline 0.017 -22"><span class='ocrx_word' id='word_1_339' title='bbox 1044 802 1115 826; x_wconf 89' lang='lat' dir='ltr'>uem</span> <span class='ocrx_word' id='word_1_340' title='bbox 1143 791 1182 827; x_wconf 90' lang='lat' dir='ltr'>de</span> <span class='ocrx_word' id='word_1_341' title='bbox 1204 794 1346 839; x_wconf 81' lang='lat' dir='ltr'>pharetra</span> <span class='ocrx_word' id='word_1_342' title='bbox 1369 798 1496 844; x_wconf 85' lang='lat' dir='ltr'>saepius</span> <span class='ocrx_word' id='word_1_343' title='bbox 1524 800 1694 846; x_wconf 84' lang='lat' dir='ltr'>impietatis</span> <span class='ocrx_word' id='word_1_344' title='bbox 1713 803 1790 838; x_wconf 87' lang='lat' dir='ltr'>edu-</span> 
     </span>
     <span class='ocr_line' id='line_1_65' title="bbox 1042 840 1791 894; baseline 0.02 -21"><span class='ocrx_word' id='word_1_345' title='bbox 1042 840 1094 874; x_wconf 86' lang='lat' dir='ltr'>cit.</span> <span class='ocrx_word' id='word_1_346' title='bbox 1123 840 1157 876; x_wconf 92' lang='lat' dir='ltr'>1n</span> <span class='ocrx_word' id='word_1_347' title='bbox 1186 842 1245 877; x_wconf 88' lang='lat' dir='ltr'>boc</span> <span class='ocrx_word' id='word_1_348' title='bbox 1267 856 1422 891; x_wconf 82' lang='lat' dir='ltr'>apparens</span> <span class='ocrx_word' id='word_1_349' title='bbox 1444 848 1613 894; x_wconf 83' lang='lat' dir='ltr'>praedictis</span> <span class='ocrx_word' id='word_1_350' title='bbox 1641 852 1791 887; x_wconf 81' lang='lat' dir='ltr'>mulieri-</span> 
     </span>
     <span class='ocr_line' id='line_1_66' title="bbox 1041 887 1788 949; baseline 0.019 -26"><span class='ocrx_word' id='word_1_351' title='bbox 1041 887 1100 923; x_wconf 91' lang='lat' dir='ltr'>bus</span> <span class='ocrx_word' id='word_1_352' title='bbox 1133 902 1170 926; x_wconf 92' lang='lat' dir='ltr'>eo</span> <span class='ocrx_word' id='word_1_353' title='bbox 1201 891 1319 933; x_wconf 73' lang='lat' dir='ltr'>fortior,</span> <span class='ocrx_word' id='word_1_354' title='bbox 1348 903 1442 942; x_wconf 88' lang='lat' dir='ltr'>atque</span> <span class='ocrx_word' id='word_1_355' title='bbox 1475 900 1692 943; x_wconf 79' lang='lat' dir='ltr'>praestantior,</span> <span class='ocrx_word' id='word_1_356' title='bbox 1727 914 1788 949; x_wconf 88' lang='lat' dir='ltr'>quo</span> 
     </span>
     <span class='ocr_line' id='line_1_67' title="bbox 1040 940 1785 997; baseline 0.019 -25"><span class='ocrx_word' id='word_1_357' title='bbox 1040 940 1294 985; x_wconf 70' lang='lat' dir='ltr'>magnificentius</span> <span class='ocrx_word' id='word_1_358' title='bbox 1339 952 1387 978; x_wconf 86' lang='lat' dir='ltr'>est</span> <span class='ocrx_word' id='word_1_359' title='bbox 1432 946 1647 992; x_wconf 88' lang='lat' dir='ltr'>spiritualem,</span> <span class='ocrx_word' id='word_1_360' title='bbox 1691 963 1785 997; x_wconf 76' lang='lat' dir='ltr'>quam</span> 
     </span>
     <span class='ocr_line' id='line_1_68' title="bbox 1038 991 1788 1042; baseline 0.019 -21"><span class='ocrx_word' id='word_1_361' title='bbox 1038 991 1242 1036; x_wconf 76' lang='lat' dir='ltr'>temporalem</span> <span class='ocrx_word' id='word_1_362' title='bbox 1262 991 1382 1027; x_wconf 78' lang='lat' dir='ltr'>hostem</span> <span class='ocrx_word' id='word_1_363' title='bbox 1400 1003 1610 1042; x_wconf 78' lang='lat' dir='ltr'>prosternere,</span> <span class='ocrx_word' id='word_1_364' title='bbox 1632 1006 1662 1032; x_wconf 88' lang='lat' dir='ltr'>et</span> <span class='ocrx_word' id='word_1_365' title='bbox 1682 1001 1788 1034; x_wconf 85' lang='lat' dir='ltr'>trium-</span> 
     </span>
     <span class='ocr_line' id='line_1_69' title="bbox 1038 1036 1784 1094; baseline 0.02 -24"><span class='ocrx_word' id='word_1_366' title='bbox 1038 1036 1088 1081; x_wconf 88' lang='lat' dir='ltr'>plti</span> <span class='ocrx_word' id='word_1_367' title='bbox 1111 1039 1242 1085; x_wconf 82' lang='lat' dir='ltr'>gloriam</span> <span class='ocrx_word' id='word_1_368' title='bbox 1266 1041 1305 1075; x_wconf 83' lang='lat' dir='ltr'>de</span> <span class='ocrx_word' id='word_1_369' title='bbox 1338 1042 1406 1088; x_wconf 89' lang='lat' dir='ltr'>ipso</span> <span class='ocrx_word' id='word_1_370' title='bbox 1435 1043 1570 1081; x_wconf 83' lang='lat' dir='ltr'>finaliter</span> <span class='ocrx_word' id='word_1_371' title='bbox 1598 1058 1784 1094; x_wconf 67' lang='lat' dir='ltr'>reportasse,</span> 
     </span>
     <span class='ocr_line' id='line_1_70' title="bbox 1035 1089 1782 1137; baseline 0.019 -18"><span class='ocrx_word' id='word_1_372' title='bbox 1035 1098 1106 1121; x_wconf 90' lang='lat' dir='ltr'>cum</span> <span class='ocrx_word' id='word_1_373' title='bbox 1135 1089 1241 1133; x_wconf 87' lang='lat' dir='ltr'>plures</span> <span class='ocrx_word' id='word_1_374' title='bbox 1270 1090 1352 1125; x_wconf 87' lang='lat' dir='ltr'>velut</span> <span class='ocrx_word' id='word_1_375' title='bbox 1381 1104 1436 1137; x_wconf 88' lang='lat' dir='ltr'>per</span> <span class='ocrx_word' id='word_1_376' title='bbox 1470 1106 1543 1129; x_wconf 86' lang='lat' dir='ltr'>eum</span> <span class='ocrx_word' id='word_1_377' title='bbox 1578 1097 1782 1134; x_wconf 83' lang='lat' dir='ltr'>seductorum</span> 
     </span>
     <span class='ocr_line' id='line_1_71' title="bbox 1035 1135 1780 1196; baseline 0.02 -29"><span class='ocrx_word' id='word_1_378' title='bbox 1035 1135 1175 1181; x_wconf 82' lang='lat' dir='ltr'>legamus</span> <span class='ocrx_word' id='word_1_379' title='bbox 1211 1148 1335 1183; x_wconf 79' lang='lat' dir='ltr'>pectora</span> <span class='ocrx_word' id='word_1_380' title='bbox 1369 1140 1538 1188; x_wconf 83' lang='lat' dir='ltr'>deputasse</span> <span class='ocrx_word' id='word_1_381' title='bbox 1568 1145 1701 1186; x_wconf 82' lang='lat' dir='ltr'>delictis,</span> <span class='ocrx_word' id='word_1_382' title='bbox 1728 1149 1780 1196; x_wconf 89' lang='lat' dir='ltr'>qui</span> 
     </span>
     <span class='ocr_line' id='line_1_72' title="bbox 1035 1187 1778 1231; baseline 0.017 -14"><span class='ocrx_word' id='word_1_383' title='bbox 1035 1192 1119 1230; x_wconf 75' lang='lat' dir='ltr'>terga</span> <span class='ocrx_word' id='word_1_384' title='bbox 1143 1187 1320 1223; x_wconf 86' lang='lat' dir='ltr'>visibilibus</span> <span class='ocrx_word' id='word_1_385' title='bbox 1345 1188 1490 1227; x_wconf 86' lang='lat' dir='ltr'>hostibus</span> <span class='ocrx_word' id='word_1_386' title='bbox 1517 1204 1577 1227; x_wconf 92' lang='lat' dir='ltr'>non</span> <span class='ocrx_word' id='word_1_387' title='bbox 1613 1194 1778 1231; x_wconf 75' lang='lat' dir='ltr'>dederunt.</span> 
     </span>
     <span class='ocr_line' id='line_1_73' title="bbox 1031 1233 1781 1284; baseline 0.016 -16"><span class='ocrx_word' id='word_1_388' title='bbox 1031 1233 1093 1268; x_wconf 86' lang='lat' dir='ltr'>Sed</span> <span class='ocrx_word' id='word_1_389' title='bbox 1119 1235 1170 1269; x_wconf 93' lang='lat' dir='ltr'>ubi</span> <span class='ocrx_word' id='word_1_390' title='bbox 1205 1240 1324 1284; x_wconf 88' lang='lat' dir='ltr'>peccati</span> <span class='ocrx_word' id='word_1_391' title='bbox 1352 1238 1473 1275; x_wconf 82' lang='lat' dir='ltr'>fomes?</span> <span class='ocrx_word' id='word_1_392' title='bbox 1500 1241 1552 1275; x_wconf 87' lang='lat' dir='ltr'>nbi</span> <span class='ocrx_word' id='word_1_393' title='bbox 1582 1245 1685 1279; x_wconf 90' lang='lat' dir='ltr'>carnis</span> <span class='ocrx_word' id='word_1_394' title='bbox 1719 1245 1781 1280; x_wconf 78' lang='lat' dir='ltr'>sra-</span> 
     </span>
     <span class='ocr_line' id='line_1_74' title="bbox 1030 1284 1778 1342; baseline 0.019 -27"><span class='ocrx_word' id='word_1_395' title='bbox 1030 1284 1133 1330; x_wconf 82' lang='lat' dir='ltr'>gilitas</span> <span class='ocrx_word' id='word_1_396' title='bbox 1154 1293 1185 1320; x_wconf 85' lang='lat' dir='ltr'>et</span> <span class='ocrx_word' id='word_1_397' title='bbox 1211 1288 1403 1323; x_wconf 82' lang='lat' dir='ltr'>domesticus</span> <span class='ocrx_word' id='word_1_398' title='bbox 1424 1290 1594 1326; x_wconf 87' lang='lat' dir='ltr'>inimicus?</span> <span class='ocrx_word' id='word_1_399' title='bbox 1617 1292 1778 1342; x_wconf 84' lang='lat' dir='ltr'>Numquid</span> 
     </span>
     <span class='ocr_line' id='line_1_75' title="bbox 1029 1334 1776 1385; baseline 0.015 -18"><span class='ocrx_word' id='word_1_400' title='bbox 1029 1334 1125 1369; x_wconf 80' lang='lat' dir='ltr'>cessit</span> <span class='ocrx_word' id='word_1_401' title='bbox 1141 1335 1330 1371; x_wconf 86' lang='lat' dir='ltr'>certamini?</span> <span class='ocrx_word' id='word_1_402' title='bbox 1351 1350 1492 1385; x_wconf 77' lang='lat' dir='ltr'>pugnare</span> <span class='ocrx_word' id='word_1_403' title='bbox 1508 1341 1636 1375; x_wconf 83' lang='lat' dir='ltr'>renuit?</span> <span class='ocrx_word' id='word_1_404' title='bbox 1658 1351 1776 1378; x_wconf 84' lang='lat' dir='ltr'>etcum</span> 
     </span>
     <span class='ocr_line' id='line_1_76' title="bbox 1030 1382 1775 1439; baseline 0.017 -25"><span class='ocrx_word' id='word_1_405' title='bbox 1030 1382 1127 1427; x_wconf 86' lang='lat' dir='ltr'>ipsius</span> <span class='ocrx_word' id='word_1_406' title='bbox 1161 1394 1287 1420; x_wconf 78' lang='lat' dir='ltr'>sanctae</span> <span class='ocrx_word' id='word_1_407' title='bbox 1311 1387 1452 1422; x_wconf 71' lang='lat' dir='ltr'>mulieris</span> <span class='ocrx_word' id='word_1_408' title='bbox 1484 1390 1635 1435; x_wconf 82' lang='lat' dir='ltr'>congredi</span> <span class='ocrx_word' id='word_1_409' title='bbox 1664 1393 1775 1439; x_wconf 82' lang='lat' dir='ltr'>spiritu</span> 
     </span>
     <span class='ocr_line' id='line_1_77' title="bbox 1027 1431 1776 1476; baseline 0.015 -11"><span class='ocrx_word' id='word_1_410' title='bbox 1027 1431 1202 1468; x_wconf 86' lang='lat' dir='ltr'>dubitavit?</span> <span class='ocrx_word' id='word_1_411' title='bbox 1222 1434 1291 1469; x_wconf 91' lang='lat' dir='ltr'>Non</span> <span class='ocrx_word' id='word_1_412' title='bbox 1314 1436 1397 1470; x_wconf 91' lang='lat' dir='ltr'>enim</span> <span class='ocrx_word' id='word_1_413' title='bbox 1421 1437 1450 1471; x_wconf 91' lang='lat' dir='ltr'>in</span> <span class='ocrx_word' id='word_1_414' title='bbox 1478 1437 1538 1472; x_wconf 88' lang='lat' dir='ltr'>boe</span> <span class='ocrx_word' id='word_1_415' title='bbox 1561 1442 1681 1475; x_wconf 85' lang='lat' dir='ltr'>mortali</span> <span class='ocrx_word' id='word_1_416' title='bbox 1705 1453 1776 1476; x_wconf 86' lang='lat' dir='ltr'>cor-</span> 
     </span>
     <span class='ocr_line' id='line_1_78' title="bbox 1028 1487 1774 1533; baseline 0.016 -19"><span class='ocrx_word' id='word_1_417' title='bbox 1028 1493 1103 1526; x_wconf 88' lang='lat' dir='ltr'>pore</span> <span class='ocrx_word' id='word_1_418' title='bbox 1131 1494 1261 1528; x_wconf 80' lang='lat' dir='ltr'>prorsus</span> <span class='ocrx_word' id='word_1_419' title='bbox 1285 1493 1387 1531; x_wconf 80' lang='lat' dir='ltr'>potest</span> <span class='ocrx_word' id='word_1_420' title='bbox 1408 1487 1559 1533; x_wconf 81' lang='lat' dir='ltr'>extingui,</span> <span class='ocrx_word' id='word_1_421' title='bbox 1591 1489 1647 1523; x_wconf 89' lang='lat' dir='ltr'>sed</span> <span class='ocrx_word' id='word_1_422' title='bbox 1675 1490 1774 1526; x_wconf 81' lang='lat' dir='ltr'>latens</span> 
     </span>
     <span class='ocr_line' id='line_1_79' title="bbox 1026 1530 1774 1580; baseline 0.016 -17"><span class='ocrx_word' id='word_1_423' title='bbox 1026 1530 1056 1564; x_wconf 90' lang='lat' dir='ltr'>in</span> <span class='ocrx_word' id='word_1_424' title='bbox 1084 1532 1243 1574; x_wconf 64' lang='lat' dir='ltr'>medonis,</span> <span class='ocrx_word' id='word_1_425' title='bbox 1270 1534 1370 1580; x_wconf 85' lang='lat' dir='ltr'>serpit</span> <span class='ocrx_word' id='word_1_426' title='bbox 1392 1535 1422 1569; x_wconf 92' lang='lat' dir='ltr'>in</span> <span class='ocrx_word' id='word_1_427' title='bbox 1446 1547 1550 1577; x_wconf 79' lang='lat' dir='ltr'>carue,</span> <span class='ocrx_word' id='word_1_428' title='bbox 1574 1537 1648 1573; x_wconf 79' lang='lat' dir='ltr'>furit</span> <span class='ocrx_word' id='word_1_429' title='bbox 1671 1539 1699 1574; x_wconf 92' lang='lat' dir='ltr'>in</span> <span class='ocrx_word' id='word_1_430' title='bbox 1721 1552 1774 1575; x_wconf 87' lang='lat' dir='ltr'>ve-</span> 
     </span>
     <span class='ocr_line' id='line_1_80' title="bbox 1026 1580 1773 1627; baseline 0.016 -15"><span class='ocrx_word' id='word_1_431' title='bbox 1026 1580 1073 1614; x_wconf 89' lang='lat' dir='ltr'>nis</span> <span class='ocrx_word' id='word_1_432' title='bbox 1100 1588 1130 1615; x_wconf 86' lang='lat' dir='ltr'>et</span> <span class='ocrx_word' id='word_1_433' title='bbox 1157 1581 1188 1615; x_wconf 84' lang='lat' dir='ltr'>iu</span> <span class='ocrx_word' id='word_1_434' title='bbox 1217 1583 1361 1619; x_wconf 83' lang='lat' dir='ltr'>vitiorum</span> <span class='ocrx_word' id='word_1_435' title='bbox 1390 1585 1558 1627; x_wconf 89' lang='lat' dir='ltr'>insaniam,</span> <span class='ocrx_word' id='word_1_436' title='bbox 1586 1588 1645 1622; x_wconf 88' lang='lat' dir='ltr'>uisi</span> <span class='ocrx_word' id='word_1_437' title='bbox 1677 1589 1773 1624; x_wconf 85' lang='lat' dir='ltr'>cobi—</span> 
     </span>
     <span class='ocr_line' id='line_1_81' title="bbox 1025 1628 1773 1685; baseline 0.015 -23"><span class='ocrx_word' id='word_1_438' title='bbox 1025 1628 1145 1670; x_wconf 82' lang='lat' dir='ltr'>beatur,</span> <span class='ocrx_word' id='word_1_439' title='bbox 1172 1633 1323 1678; x_wconf 76' lang='lat' dir='ltr'>erumpit,</span> <span class='ocrx_word' id='word_1_440' title='bbox 1346 1632 1439 1675; x_wconf 89' lang='lat' dir='ltr'>Quod</span> <span class='ocrx_word' id='word_1_441' title='bbox 1462 1635 1573 1682; x_wconf 89' lang='lat' dir='ltr'>utique</span> <span class='ocrx_word' id='word_1_442' title='bbox 1600 1637 1665 1683; x_wconf 87' lang='lat' dir='ltr'>ipsa</span> <span class='ocrx_word' id='word_1_443' title='bbox 1689 1652 1773 1685; x_wconf 86' lang='lat' dir='ltr'>pru-</span> 
     </span>
     <span class='ocr_line' id='line_1_82' title="bbox 1022 1677 1768 1735; baseline 0.015 -23"><span class='ocrx_word' id='word_1_444' title='bbox 1022 1677 1134 1714; x_wconf 87' lang='lat' dir='ltr'>denter</span> <span class='ocrx_word' id='word_1_445' title='bbox 1152 1681 1330 1722; x_wconf 84' lang='lat' dir='ltr'>attendens,·</span> <span class='ocrx_word' id='word_1_446' title='bbox 1345 1682 1459 1728; x_wconf 72' lang='lat' dir='ltr'>vigiliis</span> <span class='ocrx_word' id='word_1_447' title='bbox 1480 1692 1510 1718; x_wconf 90' lang='lat' dir='ltr'>et</span> <span class='ocrx_word' id='word_1_448' title='bbox 1533 1685 1659 1721; x_wconf 89' lang='lat' dir='ltr'>ieiuniis</span> <span class='ocrx_word' id='word_1_449' title='bbox 1680 1691 1768 1735; x_wconf 79' lang='lat' dir='ltr'>quasi</span> 
     </span>
     <span class='ocr_line' id='line_1_83' title="bbox 1021 1728 1767 1780; baseline 0.015 -19"><span class='ocrx_word' id='word_1_450' title='bbox 1021 1728 1156 1762; x_wconf 83' lang='lat' dir='ltr'>assiduis</span> <span class='ocrx_word' id='word_1_451' title='bbox 1191 1737 1221 1763; x_wconf 90' lang='lat' dir='ltr'>et</span> <span class='ocrx_word' id='word_1_452' title='bbox 1260 1732 1391 1765; x_wconf 88' lang='lat' dir='ltr'>vestium</span> <span class='ocrx_word' id='word_1_453' title='bbox 1431 1734 1597 1780; x_wconf 84' lang='lat' dir='ltr'>asperitate</span> <span class='ocrx_word' id='word_1_454' title='bbox 1602 1762 1658 1771; x_wconf 87' lang='grc'><strong>.....</strong></span> <span class='ocrx_word' id='word_1_455' title='bbox 1687 1738 1767 1773; x_wconf 88' lang='lat' dir='ltr'>velut</span> 
     </span>
     <span class='ocr_line' id='line_1_84' title="bbox 1021 1779 1767 1831; baseline 0.017 -22"><span class='ocrx_word' id='word_1_456' title='bbox 1021 1779 1245 1823; x_wconf 82' lang='lat' dir='ltr'>temperantiae</span> <span class='ocrx_word' id='word_1_457' title='bbox 1267 1792 1393 1816; x_wconf 89' lang='lat' dir='ltr'>vomere</span> <span class='ocrx_word' id='word_1_458' title='bbox 1421 1782 1465 1816; x_wconf 87' lang='lat' dir='ltr'>sic</span> <span class='ocrx_word' id='word_1_459' title='bbox 1487 1784 1628 1831; x_wconf 90' lang='lat' dir='ltr'>corporis</span> <span class='ocrx_word' id='word_1_460' title='bbox 1655 1794 1767 1822; x_wconf 85' lang='lat' dir='ltr'>terram</span> 
     </span>
     <span class='ocr_line' id='line_1_85' title="bbox 1020 1828 1767 1878; baseline 0.016 -19"><span class='ocrx_word' id='word_1_461' title='bbox 1020 1828 1169 1871; x_wconf 79' lang='lat' dir='ltr'>excoluit,</span> <span class='ocrx_word' id='word_1_462' title='bbox 1198 1829 1281 1874; x_wconf 91' lang='lat' dir='ltr'>quod</span> <span class='ocrx_word' id='word_1_463' title='bbox 1306 1831 1450 1865; x_wconf 79' lang='lat' dir='ltr'>vitiorum</span> <span class='ocrx_word' id='word_1_464' title='bbox 1473 1833 1580 1878; x_wconf 87' lang='lat' dir='ltr'>spinas</span> <span class='ocrx_word' id='word_1_465' title='bbox 1609 1842 1639 1868; x_wconf 85' lang='lat' dir='ltr'>et</span> <span class='ocrx_word' id='word_1_466' title='bbox 1666 1836 1767 1871; x_wconf 91' lang='lat' dir='ltr'>tribu-</span> 
     </span>
     <span class='ocr_line' id='line_1_86' title="bbox 1021 1874 1764 1928; baseline 0.015 -20"><span class='ocrx_word' id='word_1_467' title='bbox 1021 1874 1078 1918; x_wconf 86' lang='lat' dir='ltr'>los,</span> <span class='ocrx_word' id='word_1_468' title='bbox 1114 1885 1272 1924; x_wconf 87' lang='lat' dir='ltr'>tamqnam</span> <span class='ocrx_word' id='word_1_469' title='bbox 1301 1879 1358 1925; x_wconf 84' lang='lat' dir='ltr'>ipsi</span> <span class='ocrx_word' id='word_1_470' title='bbox 1381 1880 1507 1916; x_wconf 86' lang='lat' dir='ltr'>subacta</span> <span class='ocrx_word' id='word_1_471' title='bbox 1534 1883 1670 1928; x_wconf 89' lang='lat' dir='ltr'>spiritui,</span> <span class='ocrx_word' id='word_1_472' title='bbox 1705 1898 1764 1920; x_wconf 89' lang='lat' dir='ltr'>non</span> 
     </span>
     <span class='ocr_line' id='line_1_87' title="bbox 1020 1924 1764 1979; baseline 0.016 -22"><span class='ocrx_word' id='word_1_473' title='bbox 1020 1924 1176 1970; x_wconf 86' lang='lat' dir='ltr'>produxit.</span> <span class='ocrx_word' id='word_1_474' title='bbox 1197 1925 1343 1975; x_wconf 89' lang='lat' dir='ltr'>Cumque</span> <span class='ocrx_word' id='word_1_475' title='bbox 1365 1930 1506 1976; x_wconf 86' lang='lat' dir='ltr'>corporis</span> <span class='ocrx_word' id='word_1_476' title='bbox 1520 1933 1568 1966; x_wconf 83' lang='lat' dir='ltr'>sui</span> <span class='ocrx_word' id='word_1_477' title='bbox 1594 1942 1764 1979; x_wconf 84' lang='lat' dir='ltr'>agertauta</span> 
     </span>
     <span class='ocr_line' id='line_1_88' title="bbox 1018 1973 1754 2018; baseline 0.016 -11"><span class='ocrx_word' id='word_1_478' title='bbox 1018 1973 1231 2011; x_wconf 86' lang='lat' dir='ltr'>sollicitudine</span> <span class='ocrx_word' id='word_1_479' title='bbox 1257 1979 1361 2012; x_wconf 87' lang='lat' dir='ltr'>cultus</span> <span class='ocrx_word' id='word_1_480' title='bbox 1387 1986 1417 2012; x_wconf 86' lang='lat' dir='ltr'>et</span> <span class='ocrx_word' id='word_1_481' title='bbox 1444 1978 1601 2015; x_wconf 85' lang='lat' dir='ltr'>fructuum</span> <span class='ocrx_word' id='word_1_482' title='bbox 1625 1982 1754 2018; x_wconf 89' lang='lat' dir='ltr'>honesta</span> 
     </span>
     <span class='ocr_line' id='line_1_89' title="bbox 1018 2023 1764 2075; baseline 0.015 -19"><span class='ocrx_word' id='word_1_483' title='bbox 1018 2023 1056 2057; x_wconf 88' lang='lat' dir='ltr'>tis</span> <span class='ocrx_word' id='word_1_484' title='bbox 1080 2023 1188 2061; x_wconf 82' lang='lat' dir='ltr'>suisset</span> <span class='ocrx_word' id='word_1_485' title='bbox 1213 2025 1356 2061; x_wconf 84' lang='lat' dir='ltr'>ubertate</span> <span class='ocrx_word' id='word_1_486' title='bbox 1384 2027 1532 2070; x_wconf 78' lang='lat' dir='ltr'>resertttS,</span> <span class='ocrx_word' id='word_1_487' title='bbox 1567 2031 1670 2075; x_wconf 89' lang='lat' dir='ltr'>ipsum</span> <span class='ocrx_word' id='word_1_488' title='bbox 1697 2032 1764 2067; x_wconf 87' lang='lat' dir='ltr'>Deo</span> 
     </span>
     <span class='ocr_line' id='line_1_90' title="bbox 1018 2071 1761 2121; baseline 0.015 -16"><span class='ocrx_word' id='word_1_489' title='bbox 1018 2071 1149 2108; x_wconf 89' lang='lat' dir='ltr'>bostiam</span> <span class='ocrx_word' id='word_1_490' title='bbox 1191 2075 1305 2110; x_wconf 84' lang='lat' dir='ltr'>obtulit</span> <span class='ocrx_word' id='word_1_491' title='bbox 1344 2076 1373 2110; x_wconf 91' lang='lat' dir='ltr'>iu</span> <span class='ocrx_word' id='word_1_492' title='bbox 1414 2078 1576 2114; x_wconf 82' lang='lat' dir='ltr'>suavitatis</span> <span class='ocrx_word' id='word_1_493' title='bbox 1615 2081 1761 2121; x_wconf 79' lang='lat' dir='ltr'>odorem,</span> 
     </span>
     <span class='ocr_line' id='line_1_91' title="bbox 1015 2124 1760 2169; baseline 0.013 -14"><span class='ocrx_word' id='word_1_494' title='bbox 1015 2124 1289 2169; x_wconf 84' lang='lat' dir='ltr'>concupiscentias</span> <span class='ocrx_word' id='word_1_495' title='bbox 1315 2126 1384 2160; x_wconf 86' lang='lat' dir='ltr'>eius</span> <span class='ocrx_word' id='word_1_496' title='bbox 1418 2127 1609 2163; x_wconf 77' lang='lat' dir='ltr'>mortificans</span> <span class='ocrx_word' id='word_1_497' title='bbox 1642 2138 1672 2164; x_wconf 87' lang='lat' dir='ltr'>et</span> <span class='ocrx_word' id='word_1_498' title='bbox 1699 2143 1760 2165; x_wconf 89' lang='lat' dir='ltr'>non</span> 
     </span>
     <span class='ocr_line' id='line_1_92' title="bbox 1016 2175 1762 2222; baseline 0.015 -18"><span class='ocrx_word' id='word_1_499' title='bbox 1016 2183 1156 2215; x_wconf 87' lang='lat' dir='ltr'>carnem,</span> <span class='ocrx_word' id='word_1_500' title='bbox 1175 2175 1247 2222; x_wconf 89' lang='lat' dir='ltr'>quia</span> <span class='ocrx_word' id='word_1_501' title='bbox 1271 2175 1409 2221; x_wconf 74' lang='lat' dir='ltr'>prolecto</span> <span class='ocrx_word' id='word_1_502' title='bbox 1432 2187 1492 2210; x_wconf 87' lang='lat' dir='ltr'>uon</span> <span class='ocrx_word' id='word_1_503' title='bbox 1512 2186 1593 2212; x_wconf 88' lang='lat' dir='ltr'>esset</span> <span class='ocrx_word' id='word_1_504' title='bbox 1617 2190 1688 2213; x_wconf 90' lang='lat' dir='ltr'>cum</span> <span class='ocrx_word' id='word_1_505' title='bbox 1718 2192 1762 2214; x_wconf 86' lang='lat' dir='ltr'>ra-</span> 
     </span>
     <span class='ocr_line' id='line_1_93' title="bbox 1015 2221 1759 2273; baseline 0.011 -19"><span class='ocrx_word' id='word_1_506' title='bbox 1015 2221 1099 2256; x_wconf 86' lang='lat' dir='ltr'>tione</span> <span class='ocrx_word' id='word_1_507' title='bbox 1120 2222 1320 2271; x_wconf 81' lang='lat' dir='ltr'>obsequium,</span> <span class='ocrx_word' id='word_1_508' title='bbox 1347 2226 1371 2260; x_wconf 91' lang='lat' dir='ltr'>si</span> <span class='ocrx_word' id='word_1_509' title='bbox 1395 2225 1465 2272; x_wconf 88' lang='lat' dir='ltr'>quis</span> <span class='ocrx_word' id='word_1_510' title='bbox 1491 2226 1528 2260; x_wconf 90' lang='lat' dir='ltr'>ad</span> <span class='ocrx_word' id='word_1_511' title='bbox 1553 2227 1759 2273; x_wconf 89' lang='lat' dir='ltr'>interemptio·</span> 
     </span>
     <span class='ocr_line' id='line_1_94' title="bbox 1015 2274 1760 2322; baseline 0.011 -19"><span class='ocrx_word' id='word_1_512' title='bbox 1015 2282 1085 2304; x_wconf 86' lang='lat' dir='ltr'>nem</span> <span class='ocrx_word' id='word_1_513' title='bbox 1113 2274 1255 2318; x_wconf 85' lang='lat' dir='ltr'>corporis</span> <span class='ocrx_word' id='word_1_514' title='bbox 1282 2274 1445 2314; x_wconf 81' lang='lat' dir='ltr'>niteretur,</span> <span class='ocrx_word' id='word_1_515' title='bbox 1469 2283 1499 2309; x_wconf 90' lang='lat' dir='ltr'>et</span> <span class='ocrx_word' id='word_1_516' title='bbox 1520 2274 1559 2309; x_wconf 85' lang='lat' dir='ltr'>de</span> <span class='ocrx_word' id='word_1_517' title='bbox 1583 2276 1650 2322; x_wconf 89' lang='lat' dir='ltr'>ipso</span> <span class='ocrx_word' id='word_1_518' title='bbox 1673 2277 1760 2312; x_wconf 79' lang='lat' dir='ltr'>lieret</span> 
     </span>
     <span class='ocr_line' id='line_1_95' title="bbox 1015 2318 1719 2370; baseline 0.011 -18"><span class='ocrx_word' id='word_1_519' title='bbox 1015 2318 1127 2363; x_wconf 83' lang='lat' dir='ltr'>hostia,</span> <span class='ocrx_word' id='word_1_520' title='bbox 1149 2333 1230 2367; x_wconf 89' lang='lat' dir='ltr'>quae</span> <span class='ocrx_word' id='word_1_521' title='bbox 1256 2333 1317 2356; x_wconf 86' lang='lat' dir='ltr'>non</span> <span class='ocrx_word' id='word_1_522' title='bbox 1341 2324 1457 2358; x_wconf 84' lang='lat' dir='ltr'>viveret</span> <span class='ocrx_word' id='word_1_523' title='bbox 1484 2335 1540 2370; x_wconf 90' lang='lat' dir='ltr'>per</span> <span class='ocrx_word' id='word_1_524' title='bbox 1566 2334 1719 2360; x_wconf 86' lang='lat' dir='ltr'>naturam.</span> 
     </span>
     <span class='ocr_line' id='line_1_96' title="bbox 1060 2369 1755 2415; baseline 0.007 -11"><span class='ocrx_word' id='word_1_525' title='bbox 1060 2369 1081 2415; x_wconf 71' lang='lat' dir='ltr'>S</span> <span class='ocrx_word' id='word_1_526' title='bbox 1108 2371 1139 2404; x_wconf 88' lang='lat'>6.</span> <span class='ocrx_word' id='word_1_527' title='bbox 1170 2369 1335 2405; x_wconf 85' lang='lat' dir='ltr'>Postremo</span> <span class='ocrx_word' id='word_1_528' title='bbox 1358 2373 1389 2406; x_wconf 93' lang='lat' dir='ltr'>in</span> <span class='ocrx_word' id='word_1_529' title='bbox 1418 2372 1564 2406; x_wconf 84' lang='lat' dir='ltr'>omnibus</span> <span class='ocrx_word' id='word_1_530' title='bbox 1587 2373 1623 2408; x_wconf 92' lang='lat' dir='ltr'>iis</span> <span class='ocrx_word' id='word_1_531' title='bbox 1642 2375 1668 2408; x_wconf 93' lang='lat' dir='ltr'>ei</span> <span class='ocrx_word' id='word_1_532' title='bbox 1695 2387 1755 2409; x_wconf 89' lang='lat' dir='ltr'>non</span> 
     </span>
     <span class='ocr_line' id='line_1_97' title="bbox 1012 2417 1755 2468; baseline 0.011 -17"><span class='ocrx_word' id='word_1_533' title='bbox 1012 2417 1122 2462; x_wconf 69' lang='lat' dir='ltr'>deluit,</span> <span class='ocrx_word' id='word_1_534' title='bbox 1144 2430 1224 2465; x_wconf 87' lang='lat' dir='ltr'>quae</span> <span class='ocrx_word' id='word_1_535' title='bbox 1246 2427 1292 2454; x_wconf 88' lang='lat' dir='ltr'>est</span> <span class='ocrx_word' id='word_1_536' title='bbox 1314 2419 1386 2455; x_wconf 76' lang='lat' dir='ltr'>linia</span> <span class='ocrx_word' id='word_1_537' title='bbox 1414 2430 1443 2455; x_wconf 92' lang='lat' dir='ltr'>et</span> <span class='ocrx_word' id='word_1_538' title='bbox 1469 2422 1577 2468; x_wconf 83' lang='lat' dir='ltr'>auriga</span> <span class='ocrx_word' id='word_1_539' title='bbox 1606 2423 1755 2459; x_wconf 85' lang='lat' dir='ltr'>virtutum</span> 
     </span>
     <span class='ocr_line' id='line_1_98' title="bbox 1012 2468 1757 2519; baseline 0.008 -18"><span class='ocrx_word' id='word_1_540' title='bbox 1012 2468 1191 2514; x_wconf 86' lang='lat' dir='ltr'>prudentia,</span> <span class='ocrx_word' id='word_1_541' title='bbox 1216 2469 1270 2503; x_wconf 85' lang='lat' dir='ltr'>sed</span> <span class='ocrx_word' id='word_1_542' title='bbox 1294 2478 1403 2504; x_wconf 87' lang='lat' dir='ltr'>cuncta</span> <span class='ocrx_word' id='word_1_543' title='bbox 1433 2482 1488 2516; x_wconf 88' lang='lat' dir='ltr'>per</span> <span class='ocrx_word' id='word_1_544' title='bbox 1509 2483 1576 2505; x_wconf 83' lang='lat' dir='ltr'>eam</span> <span class='ocrx_word' id='word_1_545' title='bbox 1604 2472 1648 2506; x_wconf 91' lang='lat' dir='ltr'>sic</span> <span class='ocrx_word' id='word_1_546' title='bbox 1677 2485 1757 2519; x_wconf 89' lang='lat' dir='ltr'>pro-</span> 
     </span>
     <span class='ocr_line' id='line_1_99' title="bbox 1011 2516 1756 2566; baseline 0.009 -16"><span class='ocrx_word' id='word_1_547' title='bbox 1011 2516 1107 2550; x_wconf 91' lang='lat' dir='ltr'>movit</span> <span class='ocrx_word' id='word_1_548' title='bbox 1134 2525 1164 2551; x_wconf 88' lang='lat' dir='ltr'>et</span> <span class='ocrx_word' id='word_1_549' title='bbox 1196 2516 1306 2552; x_wconf 73' lang='lat' dir='ltr'>direxit</span> <span class='ocrx_word' id='word_1_550' title='bbox 1330 2521 1477 2565; x_wconf 74' lang='lat' dir='ltr'>gerentia,</span> <span class='ocrx_word' id='word_1_551' title='bbox 1500 2520 1583 2566; x_wconf 80' lang='lat' dir='ltr'>quud</span> <span class='ocrx_word' id='word_1_552' title='bbox 1618 2533 1675 2556; x_wconf 89' lang='lat' dir='ltr'>nec</span> <span class='ocrx_word' id='word_1_553' title='bbox 1701 2535 1756 2557; x_wconf 86' lang='lat' dir='ltr'>ex-</span> 
     </span>
     <span class='ocr_line' id='line_1_100' title="bbox 1010 2566 1754 2610; baseline 0.009 -11"><span class='ocrx_word' id='word_1_554' title='bbox 1010 2578 1118 2600; x_wconf 74' lang='lat' dir='ltr'>cessus</span> <span class='ocrx_word' id='word_1_555' title='bbox 1141 2566 1170 2600; x_wconf 89' lang='lat' dir='ltr'>in</span> <span class='ocrx_word' id='word_1_556' title='bbox 1194 2567 1300 2610; x_wconf 77' lang='lat' dir='ltr'>niodo,</span> <span class='ocrx_word' id='word_1_557' title='bbox 1324 2580 1380 2602; x_wconf 86' lang='lat' dir='ltr'>nec</span> <span class='ocrx_word' id='word_1_558' title='bbox 1404 2568 1432 2602; x_wconf 90' lang='lat' dir='ltr'>in</span> <span class='ocrx_word' id='word_1_559' title='bbox 1450 2567 1560 2603; x_wconf 84' lang='lat' dir='ltr'>ordine</span> <span class='ocrx_word' id='word_1_560' title='bbox 1582 2568 1640 2604; x_wconf 88' lang='lat' dir='ltr'>suit</span> <span class='ocrx_word' id='word_1_561' title='bbox 1658 2583 1754 2606; x_wconf 90' lang='lat' dir='ltr'>error.</span> 
     </span>
     <span class='ocr_line' id='line_1_101' title="bbox 1009 2615 1756 2667; baseline 0.008 -18"><span class='ocrx_word' id='word_1_562' title='bbox 1009 2615 1093 2656; x_wconf 89' lang='lat' dir='ltr'>Quid</span> <span class='ocrx_word' id='word_1_563' title='bbox 1121 2615 1205 2650; x_wconf 89' lang='lat' dir='ltr'>enim</span> <span class='ocrx_word' id='word_1_564' title='bbox 1229 2615 1285 2651; x_wconf 85' lang='lat' dir='ltr'>fuit</span> <span class='ocrx_word' id='word_1_565' title='bbox 1312 2618 1511 2664; x_wconf 85' lang='lat' dir='ltr'>prudentius,</span> <span class='ocrx_word' id='word_1_566' title='bbox 1538 2631 1633 2666; x_wconf 85' lang='lat' dir='ltr'>quam</span> <span class='ocrx_word' id='word_1_567' title='bbox 1660 2622 1756 2667; x_wconf 79' lang='lat' dir='ltr'>gratis</span> 
     </span>
    </p>
   </div>
   <div class='ocr_carea' id='block_1_8' title="bbox 1825 256 2006 285">
    <p class='ocr_par' dir='ltr' id='par_1_9' title="bbox 1825 256 2006 285">
     <span class='ocr_line' id='line_1_102' title="bbox 1825 256 2006 285; baseline 0.011 -2"><span class='ocrx_word' id='word_1_568' title='bbox 1825 256 1874 283; x_wconf 81' lang='grc' dir='ltr'>Αη.</span> <span class='ocrx_word' id='word_1_569' title='bbox 1894 257 2006 285; x_wconf 69' lang='grc' dir='ltr'>(2.1Ξῦ7</span> 
     </span>
    </p>
   </div>
   <div class='ocr_carea' id='block_1_9' title="bbox 1771 2390 1956 2474">
    <p class='ocr_par' dir='ltr' id='par_1_10' title="bbox 1771 2390 1956 2474">
     <span class='ocr_line' id='line_1_103' title="bbox 1783 2390 1955 2417; baseline 0.029 -5"><span class='ocrx_word' id='word_1_570' title='bbox 1783 2390 1898 2415; x_wconf 62' lang='lat' dir='ltr'>eructasti·</span> <span class='ocrx_word' id='word_1_571' title='bbox 1933 2402 1955 2417; x_wconf 77' lang='lat' dir='ltr'>in</span> 
     </span>
     <span class='ocr_line' id='line_1_104' title="bbox 1771 2422 1956 2447; baseline 0.027 -5"><span class='ocrx_word' id='word_1_572' title='bbox 1771 2422 1866 2445; x_wconf 73' lang='lat' dir='ltr'>omnttuu</span> <span class='ocrx_word' id='word_1_573' title='bbox 1901 2426 1956 2447; x_wconf 54' lang='lat' dir='ltr'>emb</span> 
     </span>
     <span class='ocr_line' id='line_1_105' title="bbox 1771 2453 1821 2474; baseline 0.02 -1"><span class='ocrx_word' id='word_1_574' title='bbox 1771 2453 1821 2474; x_wconf 83' lang='lat' dir='ltr'>cult:</span> 
     </span>
    </p>
   </div>
  </div>
 </body>
</html>
