2129 3223
134 270 185 296 An,
203 269 232 296 C.
249 269 314 296 1265

146 710 258 729 [lomentis
273 708 315 729 ele-

380 259 448 292 722

329 323 499 361 reverentia
526 321 754 357 ecclesiasticae
779 320 893 356 tradito
927 318 1074 367 sepultu-

330 389 392 418 rae,
418 376 569 424 episcopi,
593 374 764 423 presbyteri
787 382 817 409 et
841 373 964 409 diaconi
1003 385 1073 408 car-

329 430 448 465 dinales
470 429 575 464 habito
601 441 697 476 super
718 428 815 464 futuri
841 427 1002 463 pontilicis
1016 426 1074 461 ele-

329 485 430 519 ctione
452 492 594 527 tractatu,
623 483 652 518 in
680 495 738 518 nos
755 483 892 524 tandem,
914 482 984 516 lieet
1013 480 1074 514 im-

330 539 469 579 meritos,
492 537 531 572 de
554 537 721 585 legatione,
756 550 849 584 quam
888 546 1074 582 suscepera—

329 604 401 627 nius
423 593 453 626 in
476 591 634 638 Angliam,
649 592 828 629 redeuntes.
851 599 881 625 et
903 601 957 637 per
973 589 1074 635 aliqua

329 656 481 682 terrarum
501 646 596 694 spatia
624 645 663 680 ab
690 646 870 692 Apostolica
908 642 992 678 Sede
1026 654 1076 676 re-

330 710 433 736 motos
462 712 536 735 suos
574 700 685 735 oculos
721 700 906 737 iniecerunt,
950 709 1008 731 nos
1043 695 1075 730 in

328 754 488 790 Ecclesiae
507 753 667 789 Romanae
689 753 874 788 Pontificem
910 751 1073 798 eligentes.

329 808 475 856 Cumque
487 809 611 843 demum
627 807 794 843 Perusium
812 806 1008 841 venissemus
1019 806 1076 848 (1),

329 871 360 898 et
380 862 617 898 insufficientiae
639 869 764 897 nostrae
796 860 982 908 multiplicis
1015 869 1076 892 non

331 917 440 965 ignari,
462 925 524 952 tam
547 915 756 963 importabilis
779 915 885 950 oneris
907 914 987 949 ferre
1015 924 1079 947 sar-

329 973 444 1016 cinam,
466 980 593 1019 tamque
614 970 783 1005 eminentis
823 969 953 1004 honoris
992 966 1078 1002 sasti-

329 1027 414 1073 gium
448 1024 662 1061 conscendere
698 1024 809 1058 merito
849 1021 1078 1064 formidanteS‚

331 1082 457 1115 demum
469 1079 508 1115 ad
523 1078 728 1114 concordium
744 1077 872 1112 fratrum
901 1076 1079 1111 instantiam

331 1143 416 1170 tanto
441 1133 668 1182 supposuimus
689 1131 775 1167 oneri
798 1131 948 1166 humeros
977 1129 1080 1164 imbe-

331 1189 428 1224 cilles:
450 1187 693 1224 sollicitudinem
718 1193 854 1221 nostram
879 1184 1080 1232 proiicientes

331 1243 362 1277 in
385 1243 486 1284 illum,
505 1250 534 1277 et
556 1241 586 1276 in
605 1241 653 1276 Eo
670 1240 802 1287 figentes
824 1239 993 1273 anchoram
1013 1237 1081 1285 spei

332 1307 468 1338 nostrae,
494 1296 547 1344 qui
570 1296 621 1331 dat
658 1296 738 1330 lasso
776 1294 937 1333 virtutem,
978 1300 1007 1327 et
1043 1292 1082 1326 iis

333 1351 386 1399 qui
413 1363 475 1386 non
494 1359 579 1395 sunt,
592 1348 806 1385 fortitudinem
822 1355 852 1383 et
867 1346 963 1382 robur
976 1345 1082 1381 multi-

336 1405 442 1451 plicat,
463 1404 584 1439 infirma
607 1402 719 1438 mundi
744 1411 983 1448 nonnumquam
1023 1400 1083 1435 eli-

334 1470 422 1504 gens,
446 1466 478 1492 ut
504 1457 541 1492 ad
568 1457 616 1492 sui
653 1456 790 1491 nominis
823 1455 953 1501 gloriam
991 1453 1083 1488 sortia

335 1524 477 1560 quaeque
498 1510 679 1547 confundat.

382 1565 544 1613 Rogamus
567 1565 672 1612 itaque
689 1563 922 1598 universitatem
937 1570 1082 1601 vestram.

336 1627 367 1655 et
395 1631 450 1667 per
482 1619 540 1654 Dei
575 1617 824 1653 misericordiam
859 1616 1084 1659 obsecramus,

336 1682 492 1721 quatenus
514 1681 645 1721 pensato
674 1671 853 1719 prudenter,
876 1669 960 1717 quod
996 1668 1085 1704 vobis

337 1727 513 1775 praemium
534 1738 690 1774 supernae
717 1725 878 1760 charitatis
913 1724 1084 1771 acquiritis,

910 263 1098 288 bannim
1118 261 1281 286 Romnum

1463 315 1501 351 Π.

1117 389 1308 432 Constituere,
1326 400 1382 434 per
1401 400 1494 435 quam
1513 388 1690 422 declaratur
1727 387 1859 432 Anylt‘ae

1162 451 1262 484 regem
1283 439 1404 483 eiusque
1425 438 1522 483 filium
1558 437 1756 471 Edmundum
1777 447 1859 470 nun-

1163 500 1257 534 quam
1273 489 1366 532 faisse
1390 499 1474 521 veros
1506 487 1605 531 Regni
1624 486 1750 520 Siciliae
1786 497 1860 531 pos-

1163 549 1288 572 sessores
1309 539 1365 582 (l).

1382 613 1596 646 SUMMARIUM

1117 685 1143 714 l.
1166 682 1288 713 Habitus
1315 686 1453 712 tractatus
1480 681 1556 711 inter
1583 679 1611 710 S.
1630 680 1662 710 A.
1695 683 1723 710 et
1740 679 1862 718 Angliae

1156 737 1253 766 regem
1277 728 1312 757 de
1333 735 1423 765 regno
1451 725 1569 756 Siciliae
1590 725 1655 755 eius
1678 724 1737 754 filio
1759 733 1864 754 conce-

1157 772 1261 803 dendo.
1282 789 1322 794 —
1338 771 1440 801 Relato
1462 771 1559 810 itaque
1578 779 1630 810 per
1651 769 1778 808 legatum
1796 777 1863 809 apo-

1157 818 1222 847 stol.
1245 825 1367 855 regnum
1382 815 1547 846 AEdmundo
1566 813 1659 844 fuisse
1680 822 1865 850 concessutm

1157 878 1195 885 -—
1212 861 1240 891 2.
1258 860 1544 899 Concessionemque
1567 857 1738 889 huiusmodi
1753 866 1804 897 per
1818 856 1866 887 In-

1158 910 1272 936 nocent.
1299 904 1335 935 IV
1358 904 1449 935 fuisse
1482 903 1697 933 confirmatam:
1728 918 1768 925 —
1799 901 1867 932 Ale-

1158 951 1267 980 xander
1287 949 1323 980 tv
1350 959 1413 979 eam
1432 948 1591 979 roboravit:
1613 947 1772 977 nonnullas
1794 946 1867 976 adii-

1160 995 1243 1026 ciens
1261 995 1445 1025 conditiones
1462 993 1516 1023 sub
1535 992 1706 1022 caducitate:
1721 991 1798 1021 —3.
1810 989 1867 1020 Sed

1159 1040 1242 1070 hisce
1264 1049 1321 1070 non
1344 1038 1512 1078 adimpletis
1534 1036 1763 1067 conditionibus:
1784 1051 1824 1057 -—
1838 1035 1867 1065 4.

1160 1084 1257 1114 Vacua
1276 1083 1444 1114 declaratur
1464 1081 1631 1122 supradicta
1654 1080 1815 1111 concessio.
1830 1096 1870 1102 —

1159 1129 1186 1159 5.
1211 1127 1289 1158 Vana
1312 1127 1432 1157 omnino
1462 1132 1489 1157 et
1517 1126 1599 1156 nulla
1620 1125 1784 1156 Innocentii
1815 1122 1869 1154 PP.

1160 1172 1399 1210 concessio‚—fi
1416 1176 1445 1202 et
1460 1172 1487 1201 7.
1503 1171 1538 1201 Et
1559 1179 1659 1211 quare.
1671 1169 1746 1199 -8.
1757 1168 1800 1199 Ab
1812 1166 1869 1198 Ut·-

1161 1218 1236 1248 bano
1258 1217 1311 1247 PP.
1334 1217 1398 1247 dies
1420 1216 1463 1247 eis
1485 1216 1595 1246 indicta
1616 1215 1653 1246 ad
1677 1215 1818 1251 rationes,
1845 1214 1870 1244 si

1161 1271 1235 1302 quas
1264 1261 1414 1297 haberent,
1443 1259 1646 1301 proferendas.
1666 1275 1707 1281 -
1726 1257 1804 1289 Haec
1824 1258 1871 1288 ei·

1163 1307 1232 1337 tatio
1254 1316 1313 1337 non
1336 1306 1467 1346 impedit,
1484 1304 1644 1345 quominus
1667 1302 1695 1334 S.
1714 1303 1748 1334 A.
1766 1302 1802 1333 de
1822 1310 1873 1333 eo—

1163 1351 1228 1381 dem
1251 1360 1340 1390 regno
1364 1350 1522 1390 disponere
1540 1357 1592 1389 pro
1610 1348 1693 1378 libito
1715 1347 1818 1388 possit.
1833 1363 1875 1370 -—

1161 1394 1296 1425 Declarat
1313 1395 1448 1425 Clemens
1467 1394 1594 1424 liberum
1618 1393 1676 1423 sibi
1695 1392 1731 1423 de
1749 1401 1783 1423 eo
1807 1391 1872 1422 dis-

1163 1449 1281 1478 ponere,
1302 1457 1341 1463 —
1366 1440 1393 1470 9.
1415 1438 1596 1478 Nullumque
1624 1438 1671 1467 ius
1701 1445 1792 1477 super
1822 1435 1874 1466 illo

1162 1483 1284 1521 A'ngliae
1302 1483 1363 1521 regi
1382 1492 1460 1520 esse,
1477 1483 1521 1512 vel
1540 1483 1605 1512 eius
1622 1482 1692 1512 titio.
1714 1498 1754 1505 —
1774 1480 1875 1511 Robur

1164 1528 1232 1558 huic
1252 1527 1443 1558 declarationi
1464 1526 1573 1557 adiicit.
1592 1543 1629 1550 -
1647 1525 1815 1556 Clausulae.
1835 1541 1876 1549 -—

1163 1571 1302 1603 Clement.
1328 1571 1383 1601 PP.
1406 1576 1434 1602 et
1460 1570 1489 1601 S.
1514 1570 1547 1601 R.
1565 1570 1596 1601 E.
1624 1570 1703 1601 card.
1738 1569 1874 1600 subscri-

1164 1618 1289 1656 ptiones.

1180 1687 1301 1717 Clemens
1319 1687 1460 1724 episcopus
1482 1693 1578 1715 servus
1600 1693 1741 1716 servorum
1763 1685 1820 1718 Det.

1260 1737 1295 1765 ad
1319 1737 1481 1773 pei-petuam
1507 1736 1549 1764 ret
1573 1735 1741 1764 memoriam.

1874 256 1923 284 An.
1942 255 1973 284 C.
1988 256 2055 284 nott

338 1782 363 1816 si
397 1782 479 1817 circa
513 1793 570 1816 nos
611 1780 715 1814 dix-ina
748 1779 895 1826 patientia
930 1777 1085 1824 generalis

338 1834 499 1870 Ecclesiae
527 1834 670 1882 regimini
710 1832 944 1880 praesidentes,
977 1831 1086 1877 plenae

339 1888 513 1924 devotionis
533 1888 671 1923 studium
694 1887 868 1933 exponatis,
890 1885 930 1921 ab
952 1885 1019 1926 tito,
1034 1896 1087 1919 cu-

341 1944 389 1978 ius
414 1943 595 1978 admiranda
624 1943 760 1989 potentia
784 1953 840 1988 per
867 1940 998 1987 gratiam
1035 1938 1087 1973 dat

1176 1801 1196 1847 S
1225 1802 1255 1834 1.
1283 1798 1368 1834 Olim
1391 1811 1488 1845 regno
1510 1797 1636 1833 Siciliae
1662 1797 1700 1832 ad
1733 1797 1876 1845 disposi—
1898 1811 2074 1832 annianum-

1128 1851 1244 1884 tionem
1267 1857 1298 1884 et
1323 1848 1552 1884 ordinationem
1577 1846 1778 1895 Apostolicae
1815 1845 1877 1882 Se-
1888 1840 2072 1899 ffiffgffijssss
2091 1849 2097 1851 ⁴

1128 1900 1188 1940 dis,
1209 1898 1247 1934 ad
1269 1910 1365 1946 quam
1391 1897 1570 1945 specialiter
1602 1897 1763 1945 pertinet,
1801 1907 1875 1931 cum
1889 1904 1984 1939 serf-‚de
2003 1907 2072 1937 *resno

1130 1949 1262 1988 iuribus,
1284 1948 1477 1983 districtibus
1504 1955 1535 1983 et
1577 1947 1775 1995 pertinentiis
1808 1945 1876 1981 suis
1888 1932 2098 1988 {ffssssffcfdssssss's

341 2009 410 2032 esse
443 1996 608 2032 fortissima
659 2007 739 2043 quae
773 2003 847 2029 sunt
881 1994 998 2040 fragilia
1034 2004 1089 2039 per

342 2060 497 2095 naturam,
532 2051 704 2097 impetretis
746 2050 922 2083 orationum
957 2046 1088 2090 auxilio,

342 2116 376 2141 ut
397 2104 644 2140 sollicitudinem
668 2103 758 2138 nobis
779 2103 817 2138 ab
840 2102 911 2150 lpso
937 2101 1088 2137 creditam

343 2159 389 2196 sic
410 2171 602 2207 exequamur
620 2158 773 2205 exemplis
795 2166 825 2192 et
850 2157 982 2198 meritis,
1004 2153 1089 2203 quod

346 2214 418 2249 inde
438 2222 594 2249 accre>cat
616 2212 734 2247 nomini
767 2223 825 2246 suo
864 2211 974 2257 gloria,
1008 2211 1090 2245 cliri-

345 2269 465 2303 stianus
493 2269 629 2316 populus
662 2266 761 2301 salute
803 2274 833 2299 et
868 2264 1092 2312 tranquillitate

346 2322 498 2370 proficiat,
511 2331 541 2357 et
564 2323 688 2357 tandem
707 2320 797 2355 nobis
818 2331 853 2354 ac
870 2319 957 2354 vobis
973 2319 1089 2354 aeterni

347 2378 474 2411 luminis
495 2376 618 2411 claritas
643 2375 801 2409 illucescat
827 2381 879 2407 etc.

395 2430 509 2465 Datum
531 2429 653 2464 Peru>ii
675 2437 782 2463 octavo
804 2426 951 2462 kalendas
978 2426 1091 2467 martii,

350 2485 548 2530 pontificatus
575 2484 672 2518 nostri
694 2494 776 2519 anno
804 2482 914 2530 primo.

379 2543 438 2576 Dat.
455 2546 502 2576 die
516 2545 554 2575 22
574 2545 713 2576 februarii
733 2543 818 2581 1265,
841 2543 941 2584 pontif.
958 2552 1033 2573 anno
1050 2552 1067 2572 ι,

386 2612 424 2648 (l)
440 2613 478 2639 Ex
495 2612 535 2639 bis
553 2613 626 2648 argui
646 2615 743 2647 potest,
769 2612 930 2639 Clementem
952 2617 1093 2638 consecra·-

352 2661 407 2683 tum
422 2664 478 2684 esse
495 2655 646 2683 Pontificem
661 2656 769 2683 Perusii.

1130 1999 1221 2046 plene
1242 2009 1278 2033 ac
1300 1998 1398 2033 libere
1424 1997 1583 2038 devoluto;
1623 2008 1660 2032 ac
1689 1995 1774 2032 Sede
1808 1995 1875 2044 ipsa

1129 2049 1210 2083 circa
1232 2056 1344 2082 statum
1371 2047 1473 2095 ipsius
1494 2046 1581 2093 regni
1617 2045 1766 2082 sollicite
1788 2045 1877 2093 cogi-

1131 2106 1225 2139 tante,
1247 2097 1395 2144 illiusque
1422 2097 1561 2144 regimen
1594 2096 1688 2131 alicui
1723 2094 1877 2131 catholico

1130 2156 1160 2182 et
1181 2148 1293 2182 devoto
1319 2146 1453 2194 principi
1479 2147 1630 2193 cupiente
1669 2145 1877 2186 committere,

1130 2199 1183 2244 qui
1208 2196 1245 2231 ad
1267 2197 1390 2232 laudem
1418 2197 1488 2237 Dei,
1511 2195 1663 2231 bonorem
1695 2203 1726 2230 et
1769 2206 1877 2242 pacem

1131 2247 1303 2288 Ecclesiae,
1322 2259 1356 2281 ac
1378 2245 1637 2293 tranquillitatem
1651 2253 1681 2280 et
1703 2244 1877 2292 profectum

1132 2296 1272 2331 lidelium
1295 2296 1393 2343 ipsius
1415 2296 1504 2342 regni
1538 2295 1605 2330 eius
1643 2295 1722 2330 solio
1757 2293 1879 2341 praesi-

1133 2350 1232 2388 deret;
1267 2345 1392 2380 tandem
1432 2346 1513 2380 inter
1551 2343 1667 2379 Sedem
1701 2344 1800 2391 ipsam
1848 2351 1879 2377 et

1132 2396 1350 2430 charissimum
1374 2395 1405 2429 in
1436 2394 1564 2430 Christo
1603 2393 1702 2428 filium
1736 2400 1879 2427 nostruin

1133 2445 1306 2479 Henricum
1342 2444 1494 2480 illustrem
1526 2455 1631 2491 regem
1664 2442 1814 2489 Augfiae,
1840 2442 1880 2476 de

1134 2507 1229 2541 regno
1253 2495 1319 2541 ipso
1346 2495 1376 2528 in
1400 2493 1530 2530 feudum
1556 2494 1668 2528 dilecto
1691 2493 1754 2526 lilio
1781 2490 1879 2527 nobili

1135 2546 1198 2580 viro
1220 2543 1410 2590 Edmund0‚
1439 2542 1582 2579 eiusdem
1604 2541 1684 2588 regis
1709 2549 1799 2584 nato,
1819 2540 1880 2577 sub

1134 2614 1208 2679 (Sug)
1226 2612 1264 2641 lix
1280 2615 1399 2641 Dacherii
1415 2614 1548 2649 Spicileg„
1571 2620 1599 2638 n.
1618 2619 1655 2645 e„
1672 2615 1736 2639 tom.
1753 2619 1795 2644 ιιι,
1819 2619 1877 2647 pag.
