2129 3223
38 255 85 283 Αη.
103 255 131 282 C.
151 255 217 283 1225ss

845 255 1034 280 ALBXANDER
1055 256 1090 279 lv
1110 257 1158 279 Pe.

1630 247 1694 281 611
1765 257 1815 285 An.
1828 257 1856 285 c.
1877 259 1943 286 ¹255

278 308 361 344 Nulli
399 321 472 355 ergo
509 308 638 343 omuino
677 308 837 344 hominum
880 310 969 346 liceat
1008 310 1111 345 ‹licare
1135 310 1369 357 praecedentem
1388 312 1527 358 proxime
1553 319 1747 359 potestatem,
1774 322 1872 344 ninom
1892 330 1943 350 nyn-

5 372 10 386 ῑ
36 359 149 412 „Cfflssss'”
166 359 310 394 ⁹⁰¹²·lianc
336 359 480 406 paginam
504 364 626 393 nostrae
647 357 891 394 confirmationis
918 360 969 394 in-

115 406 119 410 “
229 408 375 455 fringere,
397 407 443 442 vel
465 407 493 442 ei
515 419 591 442 ausu
615 408 778 443 temerario
804 409 966 444 contraire.

229 457 261 493 Si
284 457 354 504 quis
373 464 476 492 autem
499 456 558 491 hoc
577 464 727 492 attentare
751 470 967 505 praesumpse-

228 508 278 546 rit,
306 505 550 552 indignationem
581 506 806 553 omnipotentis
832 507 899 548 Dei,
932 521 968 543 ac

228 556 387 591 beatorum
404 554 487 590 Petri
515 562 544 590 et
567 555 655 590 Pauli
675 557 886 603 apostolorum
900 557 968 593 eius

226 617 260 641 se
282 612 400 640 noverit
421 616 631 640 incursurum.

275 654 389 689 Datum
411 652 539 700 Neapoli
568 663 679 701 quarto
708 654 855 690 kalendas
882 656 966 696 maii,

227 703 427 750 pontificatus
454 703 548 738 nostri
572 716 654 738 anno
682 705 793 751 primo.

265 759 326 790 Dat.
345 761 392 790 die
412 759 450 790 28
467 760 568 800 aprilis
586 761 670 797 1255,
692 761 792 800 pontis.
812 771 887 792 anno
911 772 927 793 t.

549 900 632 936 Xtv.

225 973 454 1008 Declarationes
468 975 671 1018 quorumdam
688 975 885 1008 articulorum
901 987 967 1008 con-

273 1030 420 1056 tentorum
436 1023 466 1055 in
480 1024 689 1056 constitutione
713 1023 882 1057 Innocentii
906 1025 963 1062 IV,

272 1083 355 1106 num.
382 1072 512 1106 XXVI!
532 1080 638 1106 contra
670 1073 831 1106 haereticos
846 1101 854 1112 ‚
891 1086 967 1118 quae

273 1122 383 1166 leqi'tur
407 1133 501 1166 supra
520 1122 575 1167 fol.
600 1123 681 1160 552,
705 1121 751 1155 Ad
774 1122 964 1168 extirpanda.

487 1190 700 1222 sUttntAtutm

222 1247 410 1278 Innocentius
429 1247 483 1278 PP.
503 1249 613 1283 statuit,
636 1252 667 1278 ut
684 1258 698 1277 a
723 1249 911 1286 potestatibus
927 1250 967 1279 ci-

264 1292 381 1322 vitatum
401 1291 579 1330 eligerentur
601 1292 726 1321 ministri
746 1291 966 1332 Inquisitionis:

261 1354 301 1359 —
321 1336 354 1366 Et
372 1337 454 1366 fieret
481 1336 649 1376 syndicatus
672 1341 769 1366 contra
793 1338 965 1376 praeceden-

263 1385 318 1411 tem
338 1384 518 1420 potestatem.
545 1398 584 1403 —
607 1381 631 1410 l.
648 1380 779 1411 Declarat
798 1381 966 1418 Alexander,

262 1425 299 1456 iis
315 1425 515 1462 renuentibus,
532 1435 545 1455 a
558 1425 666 1464 quibus
682 1426 847 1455 huiusmodi
864 1426 966 1455 electio

262 1469 325 1500 fieri
342 1469 454 1500 debeat.
499 1479 501 1482 ·

221 1536 370 1566 Alexander
388 1538 527 1573 episcopus
537 1543 631 1565 servus
643 1543 781 1565 servorum
795 1537 850 1570 Det.
861 1537 968 1566 dilectis

266 1584 331 1614 aliis
349 1585 483 1615 fratribus
502 1585 605 1614 ordinis
627 1585 854 1619 praedicatorum,
878 1586 967 1622 inqui-

267 1634 397 1664 sitoribus
414 1634 612 1664 naereticorum
627 1634 656 1662 in
674 1635 811 1671 provincia
845 1635 966 1664 Lonibar-

265 1683 337 1718 diae.
354 1683 468 1713 salutem
488 1685 518 1713 et
536 1683 713 1720 apostoticam
748 1684 966 1713 benedictionem.

272 1746 355 1783 Cum
381 1747 555 1781 secundnm
591 1756 730 1782 tenorem
766 1747 966 1781 constitutio-

31 1797 208 1836 ¹⁰¹²⁰50¹²¹³⁰2PR
225 1808 300 1831 num
322 1795 420 1831 felicis
435 1796 658 1831 recordationis
678 1795 849 1831 Innocentii
864 1795 966 1842 Papae

30 1833 142 1884 lili‘ssilbl'l
151 1836 213 1883 ⁸:132ss
227 1844 474 1892 praedecessoris
500 1846 608 1885 nostri,
630 1856 708 1891 quas
735 1845 765 1879 in
787 1845 967 1892 capitulari-

31 1892 214 1946 {ffj'sslfflffi'ffij
228 1894 285 1929 bus
318 1894 475 1929 civitatum
503 1903 534 1929 et
553 1894 692 1928 locorum
721 1893 826 1928 Italiae
867 1906 967 1928 anno-

30 1957 161 1983 quninonis:
228 1944 283 1978 tari
305 1943 475 1985 mandavit,
497 1944 704 1982 contineatur,
727 1943 809 1990 quod
837 1943 967 1990 quilibet

227 2000 374 2040 potestas,
402 2005 458 2028 seu
479 2001 580 2027 rector
617 1992 779 2027 cuiuslibet
814 1992 966 2031 civitatis,

226 2054 280 2077 seu
303 2042 374 2086 loci,
396 2041 473 2077 iufra
495 2042 618 2077 tertium
655 2041 735 2076 diem
772 2049 840 2088 post
869 2042 967 2076 intro-

228 2093 303 2126 itum
332 2091 492 2137 regiminis
512 2091 572 2132 sui,
595 2090 759 2126 duodecim
787 2091 869 2125 viros
903 2103 965 2138 pro-

227 2140 284 2176 bos
303 2149 334 2175 et
354 2140 534 2185 catholicos,
566 2148 597 2175 et
636 2139 716 2174 duos
749 2141 899 2180 notarios,
937 2148 968 2174 et

226 2189 305 2226 duos
331 2190 506 2229 servitores,
534 2190 579 2224 vel
601 2197 753 2236 quotquot
775 2189 888 2224 suerint
910 2202 967 2224 ue-

226 2239 372 2280 cessarii,
405 2239 567 2273 instituere
594 2246 752 2282 teneatur,
772 2251 851 2285 quos
878 2239 967 2273 dioe-

225 2300 369 2330 cesanus,
391 2289 416 2322 si
439 2300 585 2336 praesens
606 2288 791 2331 exitionem
818 2289 967 2323 interesse

228 2337 370 2381 voluerit,
397 2346 426 2372 et
448 2337 512 2372 duo
539 2336 648 2372 fratres
679 2336 912 2372 l'raedicatores
938 2346 968 2372 et

198 2390 201 2393 '
226 2386 290 2422 duo
309 2386 448 2422 Minores
475 2386 523 2430 (ad
542 2386 602 2421 hoc
623 2386 717 2420 asnis
739 2386 967 2433 superioribus,

226 2437 253 2471 si
275 2443 450 2471 conventus
476 2435 517 2470 ibi
540 2435 655 2470 fuerint
676 2435 855 2469 eorumdem
883 2435 968 2470 ordi-

226 2484 287 2528 nis,
307 2484 456 2533 deputati)
469 2484 614 2520 duxerint
636 2483 808 2530 eligendos,
822 2496 876 2531 per
889 2496 969 2531 quos

228 2534 422 2582 inquirantur
444 2534 600 2578 haeretici,
621 2542 650 2568 et
676 2533 769 2568 etiam
795 2534 966 2580 capiantur.

227 2582 385 2619 Teneatur
403 2584 531 2631 insuper
552 2583 632 2618 idem
663 2590 798 2629 potestas
837 2582 882 2617 vel
917 2595 968 2618 re·

230 2640 294 2668 ctor
315 2632 390 2668 intra
412 2633 522 2669 decem
544 2632 610 2668 dies
631 2633 677 2667 sni
705 2631 875 2679 regiminis,
901 2645 970 2681 syu-

1762 355 1842 375 etesius
1869 359 1943 376 eontra

1770 386 1930 413 praecedentem

1788 419 1921 443 potentatem:

1009 360 1053 395 vel
1081 369 1246 403 rectorem,
1272 368 1303 395 et
1333 361 1424 396 etiam
1458 361 1526 396 eius
1562 373 1747 402 assessores,

1010 421 1063 456 per
1084 417 1146 444 tres
1165 409 1245 444 viros
1270 409 1438 446 catholicos
1459 417 1489 446 et
1504 410 1612 446 fideles
1632 410 1748 447 electos

1008 459 1045 494 ad
1068 458 1127 494 boo
1145 470 1198 506 per
1209 458 1428 494 dioecesanum
1443 461 1467 494 si
1480 459 1570 495 suerit
1587 473 1746 508 praesens,

1007 518 1037 544 ct
1066 520 1120 555 per
1147 508 1254 543 fratres
1280 508 1509 545 praedicatores
1536 517 1567 545 et
1599 510 1746 553 Minores,

1008 557 1046 593 de
1080 557 1248 598 omnibus,
1287 570 1365 605 quae
1404 558 1432 593 in
1472 559 1747 596 constitutionibus

1009 606 1152 654 praefatis
1186 615 1215 642 et
1257 607 1393 653 legibus,
1431 616 1537 643 contra
1575 609 1748 645 haereticos

1007 664 1170 691 eteorum
1205 656 1376 702 complices
1410 657 1501 692 editis
1534 659 1745 694 continentur.

1008 705 1047 740 Et
1063 705 1144 740 sicut
1163 705 1200 740 ad
1223 706 1412 741 audientiam
1429 707 1526 753 ipsius
1546 707 1641 742 nostri
1659 720 1747 754 prae-

1007 754 1178 790 decessoris
1201 756 1351 802 pervenit,
1384 756 1563 791 earumdem
1595 758 1747 792 constitu-

1008 804 1126 839 tionum
1150 816 1243 851 snper
1274 804 1321 839 liis
1353 806 1536 853 plerumque
1576 806 1748 853 impeditur

1007 853 1148 897 ess'ectus,
1175 865 1231 901 pro
1249 866 1286 889 eo
1313 855 1441 899 scilicet,
1473 854 1558 902 quod
1591 856 1747 891 interdum

1008 902 1062 948 illi,
1088 904 1140 951 qui
1169 903 1344 950 praedictos
1367 904 1449 940 viros
1475 904 1591 940 debent
1620 905 1748 952 eligere,

1007 952 1150 988 electioni
1178 953 1356 988 huiusmodi
1393 967 1454 990 non
1496 962 1626 1002 possunt
1660 956 1748 990 inte-

1008 1014 1102 1042 resse,
1131 1002 1175 1037 rel
1199 1003 1318 1037 nolunt:

1054 1051 1074 1099 ἓ
1101 1054 1127 1085 l.
1151 1052 1214 1086 Nos
1235 1052 1271 1086 ad
1289 1053 1384 1087 instar
1403 1053 1651 1100 praedecessoris
1669 1055 1748 1089 eius·
1774 1067 1870 1089 nectara·
1892 1069 1944 1090 Aie-

1007 1100 1090 1142 dem‚
1111 1113 1205 1147 super
1234 1101 1292 1145 liis,
1314 1102 1392 1136 sicut
1409 1102 1570 1143 convenit,
1587 1103 1747 1149 providere
1762 1100 1840 1120 '³⁰³⁰'
1860 1101 1886 1120 *³⁵
1908 1105 1944 1119 ‘²‘

1008 1150 1155 1193 volentes,
1177 1151 1358 1195 statuimus,
1386 1159 1418 1186 ut
1455 1152 1480 1186 si
1518 1131 1943 1197 dioecesanus,iiiimiititii'nffl'cii

1007 1208 1036 1234 et
1072 1200 1178 1234 fratres
1212 1200 1348 1236 Minores
1382 1201 1554 1247 praedictae
1599 1201 1745 1237 electioni
1760 1191 1838 1243 ἷζζῗω
1853 1192 1945 1212 ΜΨ

1009 1248 1238 1295 praedictorum
1288 1249 1422 1284 virorum
1480 1251 1653 1292 noluerint,
1701 1252 1745 1285 iel

1007 1310 1068 1332 non
1113 1298 1270 1345 potuerint
1307 1300 1473 1341 interesse,
1516 1312 1570 1347 per
1611 1300 1746 1348 aliquem

1009 1356 1155 1390 vestrum,
1182 1359 1235 1382 seu
1268 1347 1348 1390 illos,
1382 1349 1494 1396 quibus
1532 1349 1564 1384 id
1598 1349 1749 1385 duxeritis

1007 1396 1277 1440 committendum,
1300 1397 1330 1431 in
1345 1397 1431 1439 locis,
1454 1399 1483 1433 in
1506 1398 1621 1446 quibus
1647 1399 1748 1447 luqui-

1007 1446 1129 1481 sitionis
1168 1445 1304 1481 officium
1337 1447 1496 1487 exercetis,
1529 1447 1642 1494 eligere
1677 1461 1749 1495 pera

1007 1507 1099 1530 sonas
1119 1506 1174 1530 seu
1197 1495 1278 1530 viros
1295 1495 1473 1532 huiusmodi
1493 1497 1587 1532 libere
1611 1497 1749 1540 valeatis,

1009 1544 1105 1585 vobis,
1147 1552 1178 1580 et
1218 1552 1354 1580 vestrum
1394 1546 1529 1593 singulis
1565 1548 1749 1584 auctoritate

1009 1594 1218 1641 praesentium
1253 1594 1463 1642 indulgemus.
1498 1595 1567 1631 Non
1607 1596 1749 1632 obstante

1009 1645 1192 1688 iuramento,
1231 1644 1313 1691 quod
1342 1645 1489 1692 praedicti
1521 1653 1688 1692 potestates
1719 1657 1747 1682 et

1009 1701 1142 1728 rectores
1168 1694 1207 1729 de
1229 1693 1429 1729 observandis
1456 1695 1598 1742 praefatis
1630 1698 1749 1730 consti-

1009 1743 1182 1778 tutionibus
1196 1742 1343 1778 exhibere
1365 1751 1520 1788 tenentur,
1542 1757 1557 1778 a
1576 1757 1638 1792 quo
1652 1745 1747 1792 ipsos,

1007 1800 1156 1838 quantuni
1179 1793 1217 1826 ad
1245 1791 1302 1826 lios
1333 1793 1490 1834 articulos,
1529 1794 1594 1829 sive
1639 1805 1747 1839 casus,

1007 1841 1153 1876 duximus
1174 1840 1389 1877 absolvendos.

1055 1890 1138 1926 Nulli
1176 1903 1250 1938 ergo
1287 1891 1414 1927 omnino
1452 1892 1614 1928 hominum
1659 1893 1747 1929 liceat

1008 1939 1087 1975 hanc
1115 1941 1258 1987 paginam
1290 1949 1411 1976 nostrae
1445 1942 1677 1978 constitutionis
1698 1943 1747 1977 in-

1009 1989 1152 2036 fringere,
1176 1990 1220 2024 rel
1242 1991 1268 2025 ei
1291 2003 1367 2025 ausu
1390 1992 1553 2026 temerario
1583 1994 1746 2027 contraire.

1006 2038 1039 2073 Si
1062 2039 1131 2085 quis
1170 2047 1272 2075 autem
1308 2039 1366 2074 hoc
1399 2049 1548 2076 attentare
1579 2053 1748 2088 praesum—

1008 2089 1113 2134 pserit,
1137 2088 1383 2135 indignationem
1412 2091 1634 2137 omnipotentis
1667 2091 1747 2135 Dei,

1007 2149 1042 2172 ac
1073 2137 1231 2173 beatorum
1255 2138 1335 2173 Petri
1358 2147 1388 2173 et
1408 2138 1496 2174 Pauli
1536 2139 1747 2187 apostolorum

1012 2199 1078 2222 eius
1101 2199 1134 2222 se
1160 2195 1280 2223 noverit
1304 2200 1514 2223 incursurum.
1685 2230 1687 2232 ¹

1056 2235 1170 2271 Datum
1210 2236 1339 2284 Neapoli
1374 2237 1512 2272 secundo
1554 2238 1613 2273 kal.
1654 2240 1748 2279 maii,

1009 2285 1206 2332 pontificatus
1229 2287 1323 2321 nostri
1347 2299 1428 2321 anno
1451 2287 1563 2334 primo.

1046 2341 1106 2371 Dat.
1130 2342 1177 2371 die
1192 2342 1230 2372 30
1252 2343 1353 2381 aprilis
1376 2343 1458 2380 1255,
1477 2343 1576 2382 pontis.
1599 2353 1674 2373 anno
1691 2352 1710 2374 t.

1127 2429 1302 2472 Sequuntur
1327 2428 1409 2461 aliae
1425 2429 1641 2462 declarationes

1180 2488 1266 2521 supet·
1294 2477 1445 2510 nonnullis
1470 2477 1578 2511 dubiis.

1275 2545 1486 2576 SUMMARIUM

1008 2599 1172 2629 Exordium.
1193 2615 1231 2621 —
1253 2599 1275 2629 l.
1288 2599 1415 2629 Primum
1435 2599 1568 2630 dubium.
1582 2615 1619 2627 —-
1636 2601 1663 2631 Ξ.
1679 2600 1736 2632 Res

1048 2640 1160 2679 ponsio.
1189 2656 1226 2662 -
1257 2639 1283 2670 3.
1315 2638 1480 2670 Secundum
1503 2640 1635 2671 dubium.
1656 2658 1694 2664 —
1719 2642 1746 2673 4.
