2129 3223
385 280 455 311 576
909 289 1095 312 nummum

335 341 464 376 honeste
478 341 610 376 debeant
625 342 797 383 ambulare,
812 351 842 378 et
857 355 966 390 parum
982 343 1081 391 loqui,

335 397 366 424 ut
403 389 559 425 aedificari
595 391 718 426 valeant
755 404 880 439 semper
911 393 1079 427 intuentes.

335 438 371 473 Et
391 439 521 475 firmiter
541 448 683 482 caveant,
706 452 745 476 ne
769 441 902 476 babeant
935 449 1080 488 suspecta

331 488 488 523 consortia
526 489 572 523 vel
607 489 741 524 confinia
779 490 968 537 aliquorum.
1015 489 1080 524 Nec

332 536 406 571 fiant
427 546 616 573 commatres
641 538 779 573 virorum
816 539 862 574 vel
897 539 1079 582 mulierum,

331 597 369 619 ne
395 585 454 621 hac
475 587 640 622 occasione
686 589 894 622 murmuratio
933 588 977 622 vel
1013 596 1079 622 tur-

331 634 414 669 batio
435 636 564 670 oriatur.
595 636 659 671 Nec
695 645 896 684 praesumant
938 648 1079 671 rumores

328 683 366 718 de
387 685 513 720 saeculo
535 685 650 720 referre
677 686 707 720 in
736 687 935 720 monasterio.
965 685 1003 719 Et
1030 685 1079 719 fir-

329 732 419 768 miter
445 742 610 769 teneantur
643 734 682 769 de
710 735 757 774 iis,
792 746 870 781 quae
906 736 989 769 intus
1026 734 1079 768 di-

328 790 441 817 cuntur
467 782 514 817 vel
546 793 694 829 aguntur,
727 792 811 818 extra
851 783 1076 818 monasterium

326 830 443 878 aliquid
467 843 529 866 non
557 832 683 876 referre,
709 832 793 878 quod
823 833 920 878 possit
947 831 1075 878 aliquod

325 879 507 915 scandalum
530 892 691 926 generare.
720 880 759 915 Et
776 881 800 915 si
820 881 921 927 aliqua
953 880 1076 927 simpli-

325 929 401 963 citer
437 929 468 963 in
503 929 552 964 his
593 929 717 964 duobus
749 929 925 968 offenderit,
962 930 1001 964 sit
1044 931 1073 963 in

326 977 520 1023 providentia
546 977 723 1013 abbatissae
741 978 988 1013 misericorditer
1014 978 1073 1012 sibi

325 1025 548 1072 poenitentiam
593 1028 769 1073 iniungere.
812 1027 844 1061 Si
872 1035 996 1069 autem,
1037 1039 1074 1061 ex

323 1074 578 1116 consuetudine,
612 1076 720 1110 vitiosa
761 1075 949 1115 baberetur,
989 1077 1073 1110 iuxta

322 1123 504 1169 qualitatem
532 1124 654 1170 culpae,
681 1124 835 1159 abbatissa
867 1124 906 1158 de
942 1124 1073 1158 consilio

322 1171 528 1208 discretarum
559 1172 603 1208 illi
628 1173 851 1219 poenitentiam
872 1174 1024 1220 iniungat.

611 1247 693 1283 Cap.
725 1250 779 1282 10.

371 1317 536 1352 Abbatissa
572 1326 700 1353 moneat
739 1326 769 1353 et
803 1318 904 1353 visitet
948 1331 1072 1354 sorores

127 1374 306 1411 §bb-atinate&
323 1379 415 1411 suas,
437 1375 467 1401 et
489 1366 651 1401 humiliter
683 1374 714 1400 et
747 1367 906 1402 caritative
937 1370 1071 1415 corrigat

122 1407 206 1461 {⁴:3⁸⁶
237 1410 304 1423 ‘⁰¹⁰‘
323 1427 390 1457 eas,
437 1427 498 1450 non
533 1416 730 1462 praecipiens
762 1416 808 1450 eis
829 1416 959 1463 aliquid,
986 1418 1069 1464 quod

322 1464 360 1498 sit
382 1471 490 1499 contra
512 1465 648 1500 animam
663 1476 752 1499 suam
768 1491 777 1509 ,
799 1472 828 1499 et
856 1473 975 1500 vestrae
991 1479 1071 1513 pro-

323 1512 469 1548 fessionis
515 1513 657 1548 formam.

321 1561 403 1596 ditae
432 1565 648 1603 recordentur,
688 1563 771 1609 quod
807 1570 934 1610 propter
968 1563 1067 1598 Deum

138 288 189 314 An.
208 287 237 314 C.
254 288 321 315 ¹255

321 1610 554 1657 -ilincgaverunt
588 1611 731 1658 proprias
769 1612 954 1646 voluntates.
978 1612 1091 1648 Unde*

322 1659 451 1694 tirmiter
476 1660 542 1694 suis
563 1659 729 1694 abbatissis
751 1660 878 1695 obedire
907 1669 1070 1696 teneantur

322 1710 349 1741 in
378 1708 528 1743 omnibus
554 1708 614 1749 bis,
641 1721 721 1756 quae
744 1709 910 1744 observare
950 1712 1090 1757 promi-i

319 1765 438 1798 serunt,
460 1765 490 1792 et
518 1770 580 1792 non
603 1758 724 1792 animae
747 1759 912 1798 contraria.
954 1768 983 1793 et
1011 1772 1069 1794 no-

319 1813 400 1841 strae
423 1805 621 1853 professioni.
650 1806 835 1841 Abbatissae
858 1819 930 1843 vero
951 1816 1067 1842 tantam

321 1854 556 1890 familiaritatem
595 1854 729 1890 habeant
765 1856 847 1891 eirca
890 1857 996 1903 ipsas,
1036 1866 1068 1891 ut

320 1904 424 1939 dicere
444 1905 566 1951 possint
594 1905 651 1945 eis,
679 1913 709 1938 et
736 1904 849 1949 facere,
886 1908 967 1941 sicut
1009 1906 1067 1940 do-

321 1953 423 1988 minae
445 1953 568 1988 ancillis
594 1953 670 1988 suis.
693 1953 771 1987 Nam
793 1955 832 1989 ita
860 1955 951 1989 debet
985 1967 1067 1996 esse,

320 2001 405 2048 quod
427 2001 582 2037 abbatissa
608 2003 649 2036 sit
670 2003 811 2037 omnium
843 2015 986 2038 sororum
1009 2017 1069 2038 an-

123 2054 306 2105 2⁸3-‘22nilissma
321 2050 401 2085 cilla.
429 2049 544 2085 Moneo
567 2063 638 2086 vero
661 2059 691 2085 et
712 2051 859 2086 exhortor
878 2053 907 2086 in
930 2053 1068 2088 Domino

149 2096 157 2105 ²
321 2099 389 2134 Iesu
412 2099 550 2140 Christo,
572 2108 606 2134 ut
627 2108 756 2135 caveant
782 2106 904 2136 sorores
930 2101 969 2136 ab
982 2102 1066 2136 omni

321 2148 481 2195 superbia,
523 2148 725 2195 vanagloria,
764 2149 890 2189 invidia,
925 2151 1067 2191 avaritia,

320 2209 393 2232 cura
415 2206 444 2232 et
466 2197 677 2232 sollicitudine
703 2197 797 2232 huius
816 2199 946 2240 saeculi,
968 2199 1069 2234 detra-

320 2246 423 2281 ctione
462 2255 491 2280 et
525 2247 785 2288 murmuratione,
816 2248 1011 2283 dissensione
1038 2257 1066 2282 et

320 2294 484 2330 divisione.
507 2295 577 2330 Sint
605 2308 676 2330 vero
703 2295 855 2331 sollicitae
882 2309 1007 2344 semper
1029 2297 1065 2331 :ul

321 2344 454 2379 invicem
475 2356 603 2380 servare
631 2353 759 2379 mutuae
789 2345 966 2381 dilectionis
994 2347 1066 2380 uni-

320 2400 426 2435 tatem,
449 2405 529 2440 quae
565 2403 611 2428 est
656 2394 813 2429 vinculum
854 2395 1065 2442 perfectionis.

323 2440 360 2475 Et
381 2443 559 2478 nescientes
580 2443 707 2487 litteras,
731 2456 793 2478 non
815 2452 925 2479 curent
951 2445 1067 2479 litteras

321 2490 503 2533 addiscere,
535 2491 590 2526 sed
628 2492 791 2527 attendant
824 2493 932 2539 (quod
972 2506 1067 2541 super

321 2540 423 2574 omnia
450 2540 627 2576 desiderare
649 2542 774 2585 debent)
816 2542 931 2578 habere
970 2543 1068 2589 spiri-

322 2596 385 2622 tum
410 2588 550 2633 Domini,
578 2598 608 2624 et
631 2598 770 2625 sanctam
798 2591 865 2626 eius
903 2593 1066 2639 operatio—

321 2647 405 2679 nem,
420 2648 509 2673 orare
530 2650 659 2686 semper
679 2640 717 2674 ad
740 2639 843 2675 Deum
860 2653 937 2686 puro
959 2640 1065 2685 corde,

711 1512 843 1549 Sorores
883 1526 955 1549 vero
993 1515 1092 1550 sub-³

1125 289 1285 311 nonnum
1887 287 1936 313 An.
1955 286 1984 313 C.
1999 285 2065 313 12⁸³

1125 350 1155 377 et
1182 343 1295 377 habere
1323 343 1530 378 bumilitatem
1564 350 1593 377 et
1624 340 1802 388 patientiam
1837 340 1869 375 in

1123 391 1336 436 tribulatione,
1358 400 1387 427 et
1410 392 1440 426 in
1470 392 1660 431 infirmitate,
1683 398 1713 424 et
1739 390 1870 436 diligere

1123 452 1187 483 eos,
1210 441 1262 487 qui
1286 453 1343 475 nos
1381 440 1619 488 reprehendunt
1652 447 1682 474 et
1720 446 1868 486 arguunt:

1121 489 1202 531 Quia
1225 490 1302 525 dicit
1323 489 1490 525 Dominus:
1519 489 1619 530 Beati,
1640 489 1692 536 qui
1725 498 1871 535 persecu-

1123 539 1238 573 tionem
1267 540 1426 586 patiuntur
1448 547 1576 586 propter
1602 538 1762 581 iustitiam,
1783 549 1870 584 quo-

1121 587 1204 622 niam
1229 589 1368 635 ipsorum
1391 596 1437 623 est
1460 600 1591 634 regnum
1611 587 1787 622 coelorum:
1814 587 1869 633 qui

1119 644 1223 671 autem
1249 637 1492 684 perseveraverit
1516 648 1615 683 usque
1635 637 1665 670 in
1688 635 1795 680 finem,
1818 635 1868 670 bic

1119 685 1224 720 salvus
1245 686 1313 721 erit.

1413 760 1495 795 CAP.
1527 763 1537 794 ¹l
1552 763 1582 794 1.

1167 831 1301 866 Ostiaria
1336 832 1375 866 sit
1410 840 1529 866 matura
1562 831 1717 871 moribus,
1754 839 1784 866 et
1817 831 1868 866 di·
1886 837 2064 863 ssfltiari-ohzes-

1117 889 1229 920 screta,
1252 881 1354 928 sitque
1376 880 1594 915 convenientis
1627 880 1747 920 aetatis,
1787 893 1868 927 quae

1119 929 1235 964 ibidem
1257 930 1287 963 in
1315 929 1392 964 cella
1418 938 1537 976 aperta,
1560 930 1627 964 sine
1649 930 1731 964 ostio
1758 929 1788 964 in
1816 929 1867 964 die

1118 983 1261 1018 resideat.
1289 983 1337 1018 Sit
1359 984 1388 1018 ei
1425 990 1456 1018 et
1496 984 1600 1030 aliqua
1634 983 1719 1018 socia
1754 983 1866 1018 idonea

1115 1037 1283 1082 assignata,
1306 1049 1385 1084 quae
1406 1049 1478 1071 cum
1508 1049 1638 1072 necesse
1678 1036 1782 1081 suerit,
1818 1035 1866 1070 vi-

1115 1102 1182 1124 cem
1205 1090 1274 1124 eius
1302 1090 1333 1124 in
1355 1090 1503 1125 omnibus
1529 1098 1712 1137 exequetur.
1736 1089 1783 1125 Sit
1810 1102 1866 1126 au-

1116 1151 1176 1177 tem
1200 1144 1316 1177 ostium
1344 1143 1466 1178 duabus
1487 1145 1577 1184 seris,
1600 1152 1630 1178 et
1645 1143 1780 1178 diversis
1806 1143 1866 1177 fer-

1115 1197 1176 1231 reis
1199 1197 1292 1231 valvis
1332 1205 1362 1232 et
1398 1197 1540 1232 vectibus
1572 1198 1690 1244 optime
1723 1198 1862 1232 coniun-

1113 1258 1209 1284 ctum.
1234 1249 1271 1284 Et
1297 1250 1326 1285 in
1352 1259 1442 1285 nocte
1466 1251 1611 1291 maxime,
1638 1250 1761 1285 duabus
1798 1251 1863 1286 cla-

1115 1304 1204 1339 vibus
1231 1305 1404 1339 obseretur.
1440 1305 1583 1347 Quarum
1622 1317 1715 1339 unam
1751 1304 1862 1340 habeat

1114 1358 1246 1403 portaria
1263 1386 1271 1399 ‚
1319 1359 1474 1406 aliamque
1519 1358 1686 1393 abbatissa.
1730 1357 1764 1392 ln
1812 1358 1861 1393 die

1112 1412 1179 1446 sine
1206 1412 1346 1447 custodia
1370 1413 1499 1448 minime
1526 1412 1714 1455 dimittatur,
1735 1421 1765 1447 et
1800 1424 1860 1446 una

1111 1464 1197 1500 clave
1224 1465 1352 1500 minime
1380 1466 1554 1501 obseretur.
1588 1464 1727 1500 Caveaut
1756 1473 1860 1500 autem

1111 1518 1354 1560 studiosissime,
1381 1529 1411 1554 et
1435 1527 1613 1566 procurent,
1643 1531 1682 1553 ne
1720 1529 1859 1565 uuquam

1111 1573 1224 1607 ostium
1248 1580 1308 1607 stet
1329 1580 1471 1619 apertum
1500 1572 1551 1606 ubi
1574 1572 1680 1606 minus
1702 1571 1766 1607 fieri
1800 1584 1859 1619 po-

1111 1626 1181 1660 terit
1191 1633 1410 1672 congruenter.
1420 1625 1484 1661 Nec
1498 1627 1629 1661 omnino
1641 1625 1798 1672 aperiatur
1809 1625 1859 1661 ali-

1110 1680 1161 1714 cui
1174 1679 1299 1720 volenti,
1311 1680 1369 1714 nisi
1385 1692 1568 1715 concessum
1585 1679 1677 1714 fuerit
1691 1691 1707 1714 a
1725 1679 1859 1714 Summo

1110 1733 1274 1772 pontifice,
1301 1733 1345 1768 vel
1374 1746 1390 1768 a
1421 1734 1551 1768 domiuo
1585 1733 1752 1768 cardinale.
1791 1732 1858 1767 Nec

1110 1795 1180 1821 aute
1216 1787 1292 1821 solis
1326 1795 1429 1822 ortum
1469 1787 1694 1822 monasterium
1735 1786 1857 1832 ingredi

1110 1840 1211 1884 liceat,
1242 1853 1299 1875 nec
1330 1850 1397 1887 post
1437 1841 1512 1876 solis
1546 1853 1694 1876 occasum
1733 1852 1858 1876 sorores

1110 1894 1191 1928 intus
1209 1894 1346 1940 aliquem
1374 1905 1536 1929 remanere
1559 1895 1751 1941 permittant,
1795 1893 1858 1928 nisi

1110 1947 1253 1993 exigente
1277 1947 1450 1990 manifesta,
1473 1948 1666 1989 rationabili,
1702 1955 1733 1982 et
1759 1947 1858 1982 inevi—

1111 2000 1194 2034 tabili
1223 2013 1327 2035 causa.
1357 2001 1391 2035 Si
1421 2014 1475 2047 pro
1505 2001 1726 2036 benedictione
1760 2000 1857 2035 abba-

1110 2054 1214 2094 tissae,
1237 2054 1282 2088 vel
1311 2066 1367 2101 pro
1390 2054 1491 2101 aliqua
1514 2056 1543 2089 in
1571 2054 1739 2089 monialem
1778 2065 1858 2088 con-

1108 2107 1271 2146 secranda,
1294 2108 1339 2142 vel
1354 2108 1414 2142 alio
1432 2109 1524 2142 etiam
1555 2108 1648 2143 modo
1670 2120 1855 2143 concessum

1110 2160 1201 2195 fuerit
1224 2162 1375 2208 episcopo
1397 2161 1487 2196 alicui
1516 2162 1645 2196 missam
1668 2161 1751 2196 intus
1774 2160 1856 2195 cele-

1109 2212 1208 2253 brare,
1231 2226 1324 2260 quam
1348 2215 1550 2261 paucioribus
1573 2223 1604 2249 et
1623 2213 1855 2249 honestioribus

1110 2267 1232 2312 poterit,
1254 2268 1293 2301 sit
1314 2276 1480 2303 contentus
1506 2269 1600 2303 sociis
1629 2276 1660 2304 et
1690 2268 1852 2302 ministris.

1108 2318 1188 2354 Cum
1206 2329 1312 2355 autem
1337 2322 1415 2356 intra
1439 2323 1663 2356 monasterium
1690 2321 1728 2356 ad
1773 2333 1854 2368 opus

1109 2372 1285 2408 faciendum
1320 2387 1446 2410 necesse
1479 2375 1572 2410 fuerit
1607 2375 1729 2422 aliquos
1762 2375 1855 2409 intro-

1110 2427 1165 2467 ire,
1187 2435 1301 2462 statuat
1322 2436 1398 2463 tunc
1425 2429 1579 2464 abbatissa
1619 2429 1753 2464 sollicite
1787 2440 1856 2475 per-

1108 2492 1217 2514 sonam
1235 2482 1471 2516 convenientem
1487 2482 1524 2516 ad
1549 2490 1681 2528 portam,
1699 2490 1855 2528 quatenus

1109 2534 1180 2575 illis.
1208 2547 1269 2570 non
1297 2536 1376 2579 aliis,
1404 2536 1440 2570 ad
1463 2548 1542 2582 opus
1563 2535 1718 2582 deputatis
1739 2537 1856 2583 aperia-

1109 2596 1168 2621 tur.
1192 2587 1329 2623 Caveant
1350 2590 1490 2624 studiose
1512 2601 1622 2624 omnes
1648 2600 1786 2633 sorores,
1815 2601 1856 2625 ne

1108 2648 1182 2675 tunc
1210 2642 1248 2676 ab
1271 2642 1520 2688 ingredientibus
1542 2642 1714 2678 videantur.
