2129 3223
134 309 183 336 An.
202 306 231 334 C.
248 307 313 333 1255
378 296 447 328 6t6
895 288 1078 316 numanum
1103 284 1262 309 Romnum

369 358 454 397 Papa.
480 372 519 377 —
546 351 707 383 Cardinalis
734 349 864 379 eiusdem
891 347 1012 376 litterae.
1034 357 1073 364 -

1161 339 1244 374 Sane
1270 348 1341 371 cum
1365 333 1442 370 ordo
1468 339 1570 367 vester
1595 328 1685 364 nobis
1703 326 1743 361 sit
1768 336 1785 360 a
1803 323 1854 359 do-

371 402 457 440 Signa
474 400 501 430 in
519 397 649 428 vestibus
668 395 702 425 ad
719 393 890 424 discrimen.
904 407 943 412 —
960 387 1073 418 Proses-
1115 389 1199 424 mino
1220 387 1305 433 papa
1327 385 1492 422 amissus,
1519 380 1567 416 3113
1595 385 1730 414 statuere
1751 386 1786 410 ac
1807 385 1857 409 ω-

369 453 466 475 sorum
486 442 614 477 habitus,
629 456 667 462 —
683 437 873 472 Novitiorurn‚
895 451 933 455 —
948 432 1075 461 Conver-

370 497 481 519 sorum.
503 503 542 510 -
562 483 727 515 clausulae.

332 564 480 594 Alexander
492 562 633 599 episeopus
646 564 741 588 servus
753 561 893 585 servorum
902 552 957 585 uei,
969 549 1078 579 dilectis

376 613 442 643 sslils
460 611 546 649 priori
574 608 706 646 generati,
732 607 760 635 et
779 603 913 634 universis
931 600 1077 638 prioribus,

378 664 408 692 et
423 661 560 692 tratribus
575 658 702 689 aremius
712 655 814 685 ordinis
826 652 914 682 sancti
923 648 1078 686 Augustini.

379 712 498 742 salutem
521 711 551 739 et
574 707 753 745 apostoticam
776 702 995 733 benedictionem.

385 783 440 818 Pia
466 780 620 817 desideria
647 778 830 813 devotorum
853 786 892 808 eo
929 771 1081 806 debemus

173 836 290 858 ⁸¹⁰¹³³⁰¹¹¹·
338 833 476 879 benigno
499 831 602 865 favore
644 825 804 874 prosequi,
842 835 904 870 quo
936 821 965 855 in
1006 819 1082 865 ipsis

338 883 396 918 Dei
424 881 520 929 gloria
548 888 578 914 et
607 878 782 913 animarum
820 873 904 907 salus
943 870 1083 904 noscitur

341 930 506 967 contineri.
522 928 605 964 Sane
627 926 760 961 dilectus
786 923 868 957 filius
906 927 1013 955 noster
1043 916 1082 951 R.

341 980 449 1016 Sancti
471 977 582 1025 Angeli
619 976 772 1010 diaconus
806 969 998 1007 cardinalis,
1035 966 1084 1001 cui

342 1030 418 1066 ordo
439 1036 540 1063 vester
565 1038 580 1062 a
603 1024 687 1061 Sede
708 1020 887 1071 Apostolica
910 1026 957 1054 est
992 1028 1085 1052 com-

343 1080 468 1120 missus,
496 1077 532 1112 ad
555 1073 760 1110 differentiam
783 1071 914 1106 aliorum
940 1066 1086 1102 ordinum

149 1131 332 1185 gssfss‘„³,³‘¹}}³,¹'{ssj
344 1137 463 1164 certum
476 1126 617 1162 habitum
631 1120 918 1164 deferendum‚tam
934 1129 950 1152 a
966 1114 1086 1164 profes-

151 1197 232 1220 sisa-1³
249 1192 332 1213 hattu-
347 1180 387 1214 sis
413 1176 560 1212 fratribus
581 1182 612 1209 et
626 1171 795 1210 conversis,
809 1181 901 1216 quam
929 1179 945 1201 a
965 1164 1090 1200 novitiis

151 1230 156 1246 ¹
174 1232 231 1246 ‘³³³‘
347 1228 420 1263 dicti
442 1225 562 1262 ordinis
583 1223 621 1258 de
643 1221 775 1257 consilio
787 1219 993 1254 discretorum
1016 1225 1092 1261 quo-

349 1277 479 1313 rundam
496 1275 625 1310 fratrum
648 1280 833 1309 vestrorum,
852 1266 941 1302 vobis
962 1262 1091 1312 provida

349 1325 574 1362 deliberatione
596 1320 763 1359 concessit,
785 1325 877 1366 prout
903 1316 933 1350 in
957 1312 1093 1362 patenti-

349 1376 408 1411 bus
433 1375 542 1411 litteris
563 1370 712 1407 confectis
730 1367 842 1404 exinde
863 1365 961 1414 ipsius
992 1361 1094 1398 cardi-

352 1425 430 1461 nalis
455 1423 560 1470 sigillo
576 1420 706 1456 munitis
727 1418 850 1466 plenius
872 1414 1060 1450 continetur.

400 1474 466 1509 Nos
488 1474 592 1520 itaque
618 1468 728 1505 vestris
748 1462 1033 1514 supplicationibus
1051 1461 1097 1494 in-

162 1534 230 1584 pQuod
257 1523 471 1566 whefflclinati,
497 1519 648 1569 quidquid
669 1518 708 1553 ab
729 1516 839 1552 eodem
862 1511 1009 1550 cardinali
1043 1522 1097 1544 su-

178 1570 216 1591 ³⁹²
357 1586 412 1621 per
433 1572 492 1607 hoc
512 1570 628 1605 factum
650 1576 709 1607 est,
743 1573 845 1601 ratum
885 1562 1036 1597 habentes
1068 1567 1098 1594 et

356 1630 489 1669 gratum,
511 1619 587 1654 illud
609 1615 794 1653 auctoritate
819 1611 988 1661 apostolica
1022 1621 1098 1644 con-

358 1673 530 1713 firmamus,
552 1676 583 1703 et
603 1665 778 1715 praesentis
798 1662 905 1709 scripti
928 1659 1099 1708 patrocinio

357 1719 598 1756 communimus:
621 1717 793 1751 litterarum
828 1713 966 1759 ipsarum
1005 1717 1100 1742 teno-

360 1783 422 1805 rem
452 1769 492 1805 de
526 1767 620 1803 verbo
651 1765 688 1801 ad
718 1763 848 1799 verbum
887 1757 1100 1807 praesentibus

361 1819 456 1855 inseri
481 1818 644 1853 facientes:
667 1815 720 1862 qui
738 1813 806 1848 talis
828 1820 891 1847 est:

407 1867 582 1904 Riccardus
623 1863 821 1900 miseratione
852 1859 954 1895 divina
994 1856 1102 1892 Sancti

168 1919 474 1976 dss‘effgdffffileir‘jeluffiAngeli
500 1917 651 1952 diaconus
672 1911 849 1948 cardinalis.
866 1909 950 1944 Viris
986 1906 1103 1952 religio·

316 1970 318 1972 ’
362 1969 405 2004 sis
430 1968 495 2003 suis
515 1967 546 2001 in
568 1964 693 2000 Christo
729 1960 851 1996 dilectis
879 1956 971 2006 priori
1002 1967 1106 2002 gene-

363 2017 431 2062 rali,
458 2026 489 2052 et
517 2014 670 2050 universis
706 2010 864 2059 prioribus
897 2016 927 2042 et
961 2005 1106 2040 fratribus

364 2066 512 2102 Eremitis
544 2063 665 2100 ordinis
700 2060 807 2096 Sancti
839 2056 1008 2103 Augustini
1044 2062 1106 2088 tam

365 2114 585 2164 praesentibus
621 2123 714 2160 quam
749 2108 873 2147 futuris,
907 2105 1039 2140 salutem
1077 2103 1107 2136 in

366 2165 549 2201 auctoritate
569 2162 686 2199 salutis.

417 2214 451 2250 Si
471 2214 508 2249 ad
530 2221 646 2249 certam
667 2208 794 2245 Domini
817 2205 1013 2241 vocationem
1038 2201 1110 2235 nul-

176 2266 431 2317 ffissffffj'gijrsslius
462 2261 672 2299 excusationis
709 2256 918 2306 patrocinium
959 2258 1112 2300 praeten-

177 2333 222 2348 ινιτ]
370 2315 480 2350 dentes
501 2325 555 2348 vos
583 2309 759 2356 abnegastis
780 2314 810 2341 et
831 2314 948 2343 vestra,
970 2300 1113 2347 eligendo

372 2377 426 2412 per
451 2361 611 2409 religionis
631 2357 844 2395 auctoritatem
879 2353 1019 2388 divinum
1058 2361 1112 2396 pa-

372 2413 480 2448 bulum
503 2409 683 2460 promereri:
707 2407 797 2442 docet
819 2416 874 2439 vos
907 2401 1008 2438 taliter
1048 2411 1115 2446 gu-

373 2462 497 2498 bernari
535 2458 796 2496 constitutionum
839 2452 997 2491 habenis,
1031 2447 1115 2496 quod

374 2520 474 2547 certos
494 2510 645 2546 terminos
665 2507 862 2544 constitutos,
895 2499 1118 2536 tentationibus

377 2565 524 2612 instigati,
546 2561 713 2611 aliquando
727 2556 900 2604 transgredi
916 2567 977 2590 non
994 2551 1119 2602 possitis

379 2618 534 2664 impunes⁷
561 2615 654 2652 certis
679 2613 780 2661 signis
806 2612 836 2646 in
871 2617 974 2645 vestro
1011 2605 1118 2642 habitu

381 2671 529 2717 insigniti.

1115 440 1213 485 gitare
1234 436 1386 482 cogimur,
1408 445 1464 481 per
1484 441 1563 478 quae
1586 427 1672 463 vobis
1693 425 1777 462 salus
1789 435 1859 472 pro-

1118 487 1217 523 veniat
1253 494 1282 520 et
1305 485 1460 520 honestas.
1487 479 1580 516 Unde
1601 477 1707 512 habito
1728 473 1859 510 consilio

1117 536 1325 585 quorumdam
1348 533 1474 568 fratrum
1505 537 1676 563 vestrorum
1708 525 1860 560 discreto-

1119 599 1199 631 rum,
1226 593 1333 620 tenore
1365 579 1575 630 praesentium
1613 576 1763 611 duximus
1794 579 1860 608 sta-

1119 635 1283 672 tuendum:
1323 631 1415 675 Quod
1458 629 1567 663 fratres
1604 626 1700 661 vestri
1741 621 1862 658 ordinis

1120 685 1250 733 professi
1283 683 1421 718 deferant
1454 677 1592 714 cucullas
1625 675 1742 721 nigras,
1770 679 1861 718 prout

1120 735 1228 770 haberi
1256 739 1400 780 poterunt
1427 729 1456 763 in
1481 724 1650 762 cuiuslibet
1681 721 1838 770 provincia
1855 748 1863 762 ‚

1123 794 1225 820 tamen
1241 784 1364 821 tinctas,
1384 778 1431 814 vel
1449 773 1680 813 accidentaliter
1700 771 1866 814 coloratas,

1123 834 1259 880 desuper
1273 829 1414 876 corrigiis
1428 828 1555 865 cinctas,
1572 832 1603 859 et
1627 823 1656 857 in
1673 833 1767 856 manu
1795 831 1867 854 cro-

1123 883 1238 927 cias‚in
1253 891 1384 928 quarum
1397 875 1547 923 superiori
1563 881 1650 920 parte
1669 883 1732 906 non
1751 870 1789 904 sit
1800 880 1867 904 cur-

1127 945 1197 967 vum
1216 929 1385 978 lignulum,
1410 925 1464 961 sed
1492 925 1657 959 directum:
1694 917 1868 966 scapularia

1126 994 1198 1017 vero
1220 981 1286 1015 alba
1314 976 1448 1023 cingulis
1469 974 1604 1020 desuper
1625 971 1736 1006 cinctae
1754 966 1868 1003 Novitii

1127 1040 1230 1067 autem
1252 1029 1351 1064 ferant
1381 1036 1512 1072 cappam
1544 1022 1663 1067 nigram
1699 1029 1800 1065 usque
1832 1015 1869 1050 ad

1129 1081 1218 1121 talos,
1240 1079 1380 1113 tunicam
1401 1075 1514 1114 albam,
1533 1080 1562 1107 et
1577 1069 1739 1116 scapulare
1753 1066 1871 1106 album,

1129 1129 1305 1176 corrigiam⁷
1327 1135 1357 1162 et
1377 1124 1511 1160 crociam
1539 1127 1752 1156 memoratam.
1784 1115 1873 1151 Con-

1131 1190 1291 1215 versorum
1314 1187 1386 1211 vero
1404 1173 1529 1209 habitus
1549 1170 1589 1205 sit
1616 1176 1739 1216 portare
1776 1176 1874 1212 supe-

1132 1230 1245 1265 riorem
1276 1227 1413 1262 tunicam
1439 1223 1572 1268 nigram,
1611 1217 1774 1265 scapulare
1804 1225 1874 1249 vero

1134 1280 1267 1326 nigrum,
1293 1284 1324 1311 et
1344 1274 1509 1322 capucium
1537 1270 1675 1315 nigrum,
1696 1273 1727 1302 et
1755 1264 1877 1300 crucias

1133 1327 1337 1376 supradictas:
1382 1335 1461 1370 quae
1497 1318 1614 1356 curetis
1650 1315 1755 1352 studio
1793 1311 1878 1360 vigili

1135 1378 1240 1422 (dante
1263 1374 1412 1417 Domino)
1427 1371 1603 1407 observare.
1631 1366 1666 1401 In
1689 1365 1782 1400 huius
1807 1373 1878 1398 vero

1136 1428 1179 1462 rei
1205 1424 1418 1461 testimonium
1442 1426 1621 1469 praesentes
1654 1415 1773 1450 litteras
1801 1411 1881 1447 feci-

1137 1489 1207 1512 mus
1234 1473 1329 1509 nostri
1357 1471 1446 1519 sigilli
1469 1468 1643 1504 munimine
1665 1462 1815 1500 roborari.

1185 1524 1270 1560 Nulli
1304 1534 1379 1568 ergo
1421 1519 1549 1555 omnino
1590 1515 1754 1551 hominum
1791 1511 1881 1546 liceat

1138 1575 1219 1610 hanc
1241 1572 1385 1621 paginam
1407 1578 1531 1604 nostrae
1563 1561 1808 1600 confirmationis
1831 1560 1882 1594 in-

1140 1625 1284 1670 fringere,
1307 1620 1354 1655 vel
1376 1620 1403 1655 ei
1426 1630 1502 1653 ausu
1532 1614 1695 1650 temerario
1716 1609 1882 1649 contraire;

1139 1674 1164 1709 si
1183 1673 1254 1721 quis
1275 1679 1377 1706 autem
1404 1669 1463 1703 lioc
1484 1672 1634 1701 attentare
1662 1669 1884 1711 praesumpse-

1142 1724 1191 1764 rit,
1221 1720 1464 1767 indignationem
1504 1712 1728 1762 omnipotentis
1762 1709 1822 1745 Dei
1855 1714 1886 1742 et

1141 1773 1302 1808 beatorum
1325 1768 1408 1805 Petri
1435 1775 1465 1802 et
1485 1765 1576 1800 Pauli
1592 1761 1804 1811 apostolorum
1817 1757 1886 1794 eius

1143 1835 1176 1858 se
1202 1827 1326 1856 noverit
1352 1827 1564 1853 incursurum.

1191 1871 1305 1906 Datum
1343 1866 1503 1914 Anagniae
1539 1861 1708 1899 undecimo
1741 1855 1888 1893 kalendas

1145 1920 1280 1968 angusti,
1306 1917 1505 1967 pontificatus
1531 1912 1627 1949 nostri
1650 1921 1732 1946 anno
1753 1907 1863 1956 primo.

1204 1983 1265 2013 Dat.
1285 1981 1330 2011 die
1349 1979 1386 2009 -22
1410 1977 1475 2008 iulii
1494 1975 1580 2012 1255,
1598 1971 1700 2014 pontif.
1719 1978 1794 2001 anno
1811 1977 1830 1999 1.

1473 2142 1572 2178 XVII.

1154 2222 1351 2268 Confirmatio
1378 2225 1556 2253 statutorum
1582 2215 1615 2247 in
1636 2212 1769 2257 capitulo
1798 2218 1892 2253 qene-

1200 2277 1263 2310 rali
1293 2275 1411 2308 ordinis
1443 2272 1476 2305 S.
1498 2268 1664 2314 Augustini
1675 2266 1823 2300 editorum
1835 2274 1893 2308 pro

1202 2337 1278 2364 recto
1298 2328 1444 2373 yttberm'o
1465 2326 1556 2360 totius
1581 2322 1697 2356 ordinis
1723 2320 1778 2362 (1).

1419 2400 1632 2434 sufflammat

1157 2475 1321 2505 Exordium.
1347 2490 1386 2495 —
1413 2471 1443 2502 ln
1474 2469 1604 2510 quolibet
1640 2468 1784 2496 conventu
1820 2470 1895 2492 unus

1197 2519 1349 2558 eligendus
1365 2517 1400 2547 ad
1418 2514 1607 2547 deferendum
1624 2509 1729 2551 prioris
1748 2515 1896 2538 excessus.

1197 2580 1235 2585 —
1257 2562 1295 2592 De
1318 2561 1504 2592 definitorum
1527 2556 1667 2588 electione
1689 2558 1715 2583 et
1731 2552 1836 2583 officio.
1860 2566 1899 2573 —

1198 2607 1236 2637 De
1259 2606 1404 2637 discretis.
1428 2621 1465 2628 —-
1482 2603 1596 2634 Poenae
1613 2602 1713 2630 contra
1735 2602 1884 2635 transgres

1195 2670 1234 2705 (l)
1249 2668 1288 2695 Ex
1307 2668 1412 2703 Regest.
1433 2664 1516 2693 Vatic.

1866 269 1916 296 An.
1933 265 1963 293 C.
1980 262 2049 307 ¹252

1893 627 2036 650 Protenorum

1919 659 2009 681 habitus.

1905 1020 2043 1041 aovatorum.

1894 1170 2056 1192 Gonursornm.

1928 1512 2044 1535 Clausulas.
