2129 3223
115 257 155 284 An
184 256 212 283 C.
231 257 296 285 1188

122 1319 256 1345 Αροιῑοῐίεεο

99 1352 159 1373 Sotiis
173 1356 247 1372 munus
257 1351 283 1371 de

101 1383 168 1404 dubiis
190 1384 210 1403 in
230 1382 283 1403 reli-

101 1420 162 1440 gione
206 1414 282 1434 decer-

100 1450 158 1466 nere⁴

137 2172 247 2193 Confirmat

104 2211 156 2232 quae
181 2205 283 2225 decreu-

104 2239 134 2257 rat
143 2234 237 2257 Urbanus
244 2233 282 2255 Pr.

360 246 405 279 62

310 312 395 347 nicae
412 320 617 352 mccxxxvin,
632 306 829 355 pontificatui.
849 306 967 342 domini
983 305 1052 341 Cle-

308 361 422 397 mentis
442 359 546 406 Papae
568 357 610 393 ΙΙΙ
631 369 714 393 anno
739 369 762 392 ι.

327 416 387 448 Dat.
405 416 452 447 die
469 415 507 446 22
525 414 692 446 novembris
714 423 790 445 anno
808 413 923 445 Domini
948 414 1030 451 1188,

558 459 661 500 pontif.
680 468 756 490 anno
774 468 791 490 1.

636 613 718 649 VIII.

306 689 507 735 Confirmatio
532 694 717 722 statutorum
753 687 793 721 ab
828 685 951 719 Urbano
994 684 1049 718 III

348 750 406 785 pro
447 740 543 784 quiete
574 745 600 772 et
634 736 798 781 disciplina
831 734 1046 769 monachorum

353 788 677 824 Grandimontensium
698 787 753 830 (1).

569 851 781 897 SUMMARIUM

300 934 486 974 Apostolicae
507 932 593 963 Sedis
611 940 720 963 munus
738 930 774 960 de
802 929 900 960 dubiis
922 929 952 958 in
974 927 1044 957 reli-

338 980 425 1017 gione
453 979 620 1009 decernere.
645 993 685 999 —
705 975 873 1011 Confirmat,
894 981 969 1013 quae
990 972 1044 1001 de-

339 1028 468 1054 creverat
484 1022 620 1053 Urbanus
641 1020 695 1050 PP.

299 1100 420 1129 Clemens
438 1098 578 1134 episcopus
593 1103 688 1126 servus
707 1102 845 1125 servorum
863 1094 922 1127 Dei,
936 1093 1046 1123 dilectis

342 1149 408 1179 filiis
437 1148 575 1178 tratribus
604 1145 902 1177 Grandimontensibus‚
929 1143 1045 1172 salutem

342 1201 372 1228 ot
390 1197 568 1235 apostolicam
587 1195 806 1225 benedictionem.

347 1269 491 1306 Rationis
508 1268 584 1304 ordo
623 1267 765 1316 requirit,
801 1275 832 1301 et
866 1273 1044 1301 consuetu-

298 1321 381 1355 dinis
413 1318 644 1355 ecclesiasticae
690 1328 799 1352 norma
832 1315 1043 1358 commendat,

298 1379 332 1404 ut
358 1370 412 1417 qui
433 1368 659 1404 dubitationem
688 1368 718 1400 in
751 1365 947 1400 observantia
966 1364 1044 1399 chri-

297 1420 416 1455 stianae
456 1417 622 1464 religionis
652 1415 835 1454 adducunt,
866 1414 1043 1461 provisione

299 1468 522 1504 moderationis
543 1465 734 1514 apostolicae
755 1464 968 1499 declarentur:
1005 1475 1043 1497 ne

298 1519 394 1566 igitur
414 1518 454 1553 de
472 1516 581 1564 regula
602 1523 701 1550 vestra
723 1515 935 1562 inposterum
950 1524 1043 1560 quae-

297 1571 359 1604 stio
395 1567 570 1606 referatur-3
605 1576 699 1612 quam
734 1563 835 1598 bonae
874 1563 1042 1598 memoriae

297 1618 445 1654 Urbanus
466 1615 689 1664 praedecessor
710 1621 816 1648 noster
837 1612 876 1647 de
909 1612 1042 1647 consilio

298 1677 325 1702 et
364 1679 494 1703 assensu
537 1663 742 1700 cardinalium
795 1670 826 1697 et
871 1661 1041 1696 multorum

298 1719 518 1764 episcoporum
540 1714 646 1749 Italiae
667 1711 886 1761 praesentibus
902 1724 939 1746 ex
955 1711 1042 1746 robis

299 1778 360 1802 tam
391 1766 525 1810 clericis,
564 1775 659 1811 quam
693 1763 864 1805 conversis,
904 1761 941 1796 ad
973 1761 1042 1796 eius

299 1817 476 1852 tirmitatem
503 1823 534 1850 et
554 1820 736 1861 perpetuam
752 1823 860 1858 pacem
878 1822 934 1858 per
954 1822 1043 1846 oscu-

299 1868 362 1902 lnm
374 1866 461 1915 pacis
474 1875 637 1901 assensum
653 1861 888 1909 praebentibus,
904 1860 1043 1896 noscitur

298 1916 481 1965 correxisse,
508 1922 542 1949 ut
568 1913 600 1948 in
622 1911 763 1948 eiusdem
787 1910 948 1958 privilegio
965 1918 997 1945 et>
1013 1910 1041 1944 in

298 1968 366 2013 ipso
387 1965 513 2014 plenius
534 1962 725 2006 continetur,
746 1973 814 1995 eam
848 1960 908 1994 sub
940 1959 1043 2006 sigillo

300 2017 329 2051 in
353 2014 570 2064 praesentibus
591 2011 716 2059 scriptis
737 2010 776 2045 de
804 2009 898 2045 verbo
919 2010 957 2044 ad
975 2020 1043 2044 ver-

299 2066 373 2101 bum
400 2065 550 2101 duximus
571 2061 781 2099 inserendam,
797 2070 878 2107 quae
901 2058 969 2093 talis
984 2066 1041 2093 est:

298 2115 452 2163 Quisquis
464 2114 545 2150 hanc
557 2111 739 2159 religionem
754 2117 821 2149 etc,
836 2121 927 2154 usque
939 2108 1043 2143 saltus

299 2166 367 2201 erit.
390 2165 506 2200 Amen.
536 2163 578 2198 Ut
605 2168 710 2196 autem
747 2158 905 2207 praedicta
936 2157 1043 2204 regula

301 2216 461 2264 perpetuis
483 2210 680 2260 temporibus
716 2209 830 2244 illibata
871 2208 1043 2251 consistat,

301 2268 399 2314 ipsam
420 2271 511 2312 prout
537 2262 576 2298 ab
597 2260 708 2296 eodem
745 2258 871 2293 Urbano
907 2257 1045 2304 praede-

301 2327 425 2351 cessore
465 2321 596 2352 nostro,
629 2318 663 2344 ut
696 2309 843 2356 superius
884 2307 1043 2346 diximus,

300 2372 438 2401 correcta
460 2372 520 2402 est,
544 2360 728 2397 auctoritate
745 2357 917 2406 apostolica
935 2356 1045 2391 confir-

302 2426 434 2453 mamus,
463 2420 494 2448 et
525 2410 699 2460 praesentis
731 2408 841 2455 scripti
874 2405 1046 2454 patrocinio

301 2463 546 2506 communimus,
568 2468 740 2496 statuentes
762 2466 796 2492 ut
819 2456 896 2491 nulli
917 2455 1045 2491 omnino

337 2535 375 2568 (t)
392 2534 429 2560 Ex
446 2533 511 2560 Gall.
534 2531 630 2559 Christ.
649 2538 712 2558 nov.
729 2528 806 2561 edit„
824 2532 887 2555 tom.
916 2535 950 2559 ιι,
979 2527 1046 2553 inter

302 2575 475 2600 instrumenta
495 2572 625 2599 Ecclesiae
645 2570 789 2598 Lemovic„
814 2576 884 2595 num.
910 2575 994 2593 xxxv.
1019 2582 1046 2585 -

302 2613 544 2680 Quaeit'lggreverit
568 2612 692 2640 Urbanus
717 2609 763 2637 PP.
795 2609 849 2644 lege
872 2608 995 2643 superius
1015 2605 1046 2633 ad

302 2662 362 2680 ann.
452 2672 457 2679 .

901 249 1087 274 nummum
1113 248 1276 273 ROMANUM

1092 305 1183 341 liceat
1195 304 1276 340 hanc
1289 304 1434 352 pagiuam
1448 310 1573 338 nostrae
1591 300 1836 337 confirmationis

1092 355 1276 402 infringere.

1140 404 1256 440 Datum
1290 402 1435 438 Laterani
1483 400 1682 449 pontificatus
1735 399 1832 435 nostri

1091 467 1174 490 auno
1194 466 1217 489 1.

1139 510 1200 542 Dat.
1224 520 1300 541 anno
1318 509 1431 540 Domini
1452 509 1536 545 1188,
1558 507 1659 548 pontis.
1677 515 1784 538 annor.

1430 667 1483 703 lx.

1158 752 1360 785 Canonizatio
1378 752 1458 783 beati
1483 750 1634 794 Stephani
1653 748 1770 782 ordinis

1178 800 1462 834 Grandimontcnsis
1483 799 1667 832 institutoris
1694 799 1749 841 (1).

1354 877 1565 909 SUMMARIUM

1086 945 1274 976 Prooemium.
1289 961 1328 968 —
1345 944 1458 983 Legatis
1475 942 1645 984 apostolicis
1661 942 1697 972 ab
1716 940 1832 972 Urbano

1124 989 1201 1030 Papa
1227 989 1430 1025 commissum,
1453 992 1483 1018 ut
1508 987 1692 1027 inquirerent
1713 987 1749 1017 de
1776 986 1830 1016 vita

1124 1033 1273 1074 Stephani.
1301 1051 1339 1056 —
1359 1032 1441 1069 Quod
1459 1032 1650 1063 commissum
1677 1040 1793 1071 quoque
1815 1041 1829 1059 a

1125 1077 1281 1108 Clemente:
1292 1094 1330 1101 -—
1341 1077 1396 1113 Qui
1408 1086 1474 1108 eum
1489 1076 1533 1107 Ss.
1546 1085 1668 1106 numero
1681 1075 1829 1107 adscribit.

1085 1152 1204 1182 Clemens
1222 1153 1363 1190 episcopus
1378 1159 1473 1182 servus
1492 1158 1632 1181 servorum
1650 1151 1705 1184 nei.
1721 1151 1831 1181 dilectis

1128 1202 1194 1232 tiliis
1226 1203 1342 1232 Get-ardo
1372 1200 1469 1238 priori.
1500 1202 1530 1230 et
1553 1201 1691 1230 tratribus
1718 1200 1830 1230 Grandi-

1128 1253 1238 1286 montis,
1254 1252 1370 1281 satutem
1381 1252 1412 1280 et
1421 1251 1600 1287 apostolicam
1608 1251 1828 1280 benedictionem.

1133 1324 1208 1360 Ideo
1219 1331 1449 1359 sacrosanctam
1464 1323 1641 1358 Romanam
1654 1322 1828 1359 Ecclesiam

1084 1374 1278 1421 Redemptor
1310 1381 1415 1408 noster
1447 1381 1541 1420 caput
1578 1373 1721 1408 omnium
1759 1385 1829 1409 esse

1084 1423 1181 1459 voluit
1203 1431 1234 1458 et
1254 1423 1447 1469 magistram,
1471 1431 1504 1457 ut
1525 1423 1563 1457 ad
1590 1423 1658 1457 eius
1691 1422 1828 1471 disposi-

1084 1474 1201 1508 tionem
1225 1480 1255 1507 et
1276 1480 1389 1506 nutum
1413 1472 1517 1507 divina
1538 1473 1636 1518 gratia
1658 1480 1827 1519 praeeunte,

1082 1534 1162 1570 quae
1179 1522 1372 1569 ubicumque
1393 1533 1410 1556 a
1425 1521 1571 1557 fidelibus
1587 1521 1723 1568 gerenda
1742 1530 1827 1562 sunt,

1083 1572 1279 1616 ordinentur,
1292 1580 1322 1606 et
1334 1579 1435 1606 errata
1450 1571 1482 1606 in
1497 1571 1612 1606 melius
1620 1571 1828 1618 corrigantur,

1082 1629 1113 1656 et
1133 1621 1173 1656 ad
1195 1621 1264 1657 eius
1285 1620 1451 1656 consilium
1474 1621 1504 1655 in
1531 1620 1688 1667 ambiguis
1714 1632 1828 1656 recur-

1084 1678 1178 1706 ratur:
1206 1670 1291 1718 quod
1315 1672 1381 1718 ipsa
1403 1670 1555 1711 statuerit,
1579 1670 1698 1705 nemini
1727 1683 1828 1718 quan-

1083 1728 1287 1768 tumcumque
1316 1721 1355 1755 de
1397 1720 1463 1755 suis
1496 1721 1616 1755 meritis
1651 1720 1826 1767 glorietur,

1083 1770 1174 1805 liceat
1196 1770 1373 1805 immutare:
1409 1782 1447 1804 ne
1485 1770 1510 1804 si
1543 1770 1621 1805 forte
1650 1769 1826 1817 promiscua

1082 1820 1209 1855 daretur
1229 1818 1417 1855 universalis
1438 1819 1576 1863 lieentia,
1608 1830 1827 1867 quaecumque

1082 1869 1141 1905 sibi
1169 1869 1343 1905 secundum
1365 1869 1559 1904 voluntatem
1589 1869 1745 1916 propriam
1772 1880 1827 1904 oc-

1083 1928 1247 1955 currerent
1284 1919 1483 1967 perpetrandi
1527 1930 1660 1954 censura
1700 1917 1828 1953 libertas

1083 1981 1153 2005 cum
1176 1971 1353 2004 secundum
1376 1980 1583 2016 personarum
1615 1968 1827 2004 diversitatem

1083 2027 1153 2054 vota
1188 2019 1373 2054 dissentiant
1419 2018 1451 2052 in
1489 2018 1622 2053 aliorum
1659 2017 1828 2066 aliquando

1083 2068 1266 2103 scandalum
1289 2069 1357 2103 sine
1384 2068 1457 2103 iusti
1482 2068 1679 2103 deseretione
1716 2070 1763 2112 (2)
1791 2067 1827 2102 li-

1084 2118 1233 2153 braminis
1252 2117 1500 2153 commendanda
1527 2118 1764 2165 supprimeret.
1796 2124 1825 2151 et.

1085 2170 1190 2203 minus
1210 2169 1305 2214 digna
1322 2167 1469 2202 laudibus
1483 2167 1630 2202 indebitis
1642 2166 1824 2203 celebraret.

1086 2417 1294 2452 dimontensis
1312 2449 1315 2451 ,
1334 2417 1454 2452 ordinis
1487 2415 1646 2451 institutor
1687 2413 1826 2452 emicuit.

1086 2474 1204 2514 quanto
1241 2468 1333 2502 etiam
1376 2465 1597 2501 miraculorum
1639 2463 1827 2499 testimoniis

1086 2516 1289 2564 omnipotens
1315 2516 1400 2551 Deus
1439 2515 1539 2563 ipsius
1578 2513 1675 2549 voluit
1709 2512 1827 2548 mundo

1087 2567 1195 2602 merita
1222 2566 1388 2602 declarare.
1416 2565 1541 2612 Legatis
1563 2575 1643 2611 quos
1664 2562 1702 2598 ad
1725 2570 1828 2609 partes

1063 2615 1070 2676 l
1122 2643 1161 2678 (1)
1177 2643 1215 2670 Ex
1237 2642 1345 2669 Archiv.
1365 2641 1447 2669 Vatic.
1485 2639 1524 2674 (2)
1545 2639 1622 2666 Forte
1640 2640 1793 2665 discretione

1851 245 1900 272 An.
1916 243 1945 272 C.
1964 243 2030 271 1188

2125 791 2129 801 ,μ
2117 725 2129 775 ν’·

1869 1337 1999 1360 Prommium.

1085 2217 1160 2253 Inde
1181 2217 1336 2265 siquidem
1360 2217 1429 2258 suit,
1443 2217 1527 2265 quod
1541 2217 1641 2252 bonae
1656 2216 1824 2251 memoriae
1841 2223 2021 2278 &auggg-maffi-

1086 2267 1308 2315 praedecessor
1330 2275 1436 2302 noster
1460 2267 1615 2306 Urbanus,
1627 2265 1732 2301 audita
1746 2264 1825 2300 sama
1840 2287 2022 2314 momum-

1087 2317 1245 2363 religionis
1260 2325 1288 2352 et
1306 2317 1385 2352 vitae
1400 2316 1660 2352 commendabilis
1681 2314 1826 2362 puritate,
1841 2325 1933 2353 mesum·
1952 2321 1971 2338 ¹¹¹
1987 2319 2022 2339 ἰΰ-

1841 2352 1947 2377 qun-erent
1996 2349 2022 2369 du

1085 2379 1145 2414 qua
1160 2375 1285 2402 sauctae
1302 2366 1524 2402 recordationis
1537 2365 1717 2412 Stephanus
1729 2363 1828 2399 Gran·
1841 2386 1851 2399 v

1855 2382 1883 2401 ita
1913 2379 2021 2407 Stephani.
