2129 3223
1665 256 1729 289 254

1038 320 1170 362 niarius,
1207 319 1352 354 mandato
1395 329 1420 354 et
1460 328 1623 368 praecepto
1665 320 1785 356 domiui

57 268 106 296 An.
125 268 152 294 C.
173 267 239 295 1909
845 266 1054 289 twoeex‘rtcs
1078 266 1112 288 ιιι
1137 267 1184 288 νιν.
1800 268 1846 293 An,
1865 266 1892 292 c,
1915 266 1982 292 1209

70 326 145 347 stuwi·
166 328 187 346 ¹¹2
206 325 239 345 ¹⁰-
254 320 398 356 mandato
420 328 450 354 et
468 331 596 355 assensn
628 319 903 366 praedecessorum
940 332 998 355 no-

58 357 140 377 ratione
175 357 240 380 linita,

58 379 387 407 aaatuvurosuv-slrorum
428 369 536 403 eadem
584 369 805 404 Lateranensis
857 370 996 404 Ecclesia

58 424 165 438 censorum
178 419 242 438 coini-

58 449 83 468 ii·
99 448 175 469 locatio
198 450 239 470 aut.

63 2244 142 2298 ‘ssffiss‘
153 2247 244 2297 Ιὲζζζζξζ
257 2247 352 2282 tionis
377 2247 552 2281 dominicae
588 2247 756 2281 millesimo
784 2248 1001 2284 ducentesimo

253 428 388 454 castrum
414 418 514 465 ipsum
543 418 602 453 sul)
629 426 710 453 certa
754 420 851 453 fornia
875 420 997 459 locavit,

254 468 401 503 iussimus
414 475 444 502 et
465 468 642 511 statuimus,
665 477 696 502 ut
712 481 783 502 rum
806 469 889 502 linita
907 469 998 503 suerit

254 517 303 552 illa
331 517 454 560 locatio,
484 518 658 552 secuudum
700 518 830 552 eandem
867 519 996 552 formam

251 566 306 601 tibi
353 575 383 600 et
431 566 619 601 haeredibus
665 567 726 601 tuis
779 567 1019 612 Lateranensis

251 615 392 651 Ecclesia
416 617 532 650 relocet
553 625 686 651 castrum
713 617 827 664 ipsum,
851 618 910 652 nisi
936 618 998 651 l'or-
1018 613 1020 626 ''

251 677 305 700 san
329 665 358 700 in
383 665 473 700 aliam
493 665 621 701 sormam
639 678 734 713 super
757 667 820 713 ipsa
844 666 998 701 locatione

251 715 443 750 concordare
466 716 601 762 possitis.
630 715 675 750 Ne
714 716 809 762 igitur
846 716 876 750 in
909 724 996 750 tuum

251 773 281 800 et
303 764 472 799 haeredum
505 774 629 800 tuorum
666 766 866 812 dispendium
903 766 999 800 valeat

253 814 429 849 redundare
452 815 534 861 quod
563 826 624 849 non
649 815 748 849 solum
786 815 823 850 ad
862 823 996 850 vestrum

251 863 466 904 commodum,
489 875 595 898 verum
629 865 720 899 etiam
764 872 825 899 tam
862 866 999 911 Aposto-

251 913 330 948 licae
351 913 456 954 Sedis,
479 925 572 960 quam
591 914 809 949 Lateranensis
828 914 997 954 Ecclesiae,

250 974 287 997 ac
314 963 408 998 totius
442 963 572 998 viciniae
607 964 745 998 noscitur
785 973 998 1011 procuratum,

251 1023 320 1053 nos,
342 1019 371 1046 et
390 1023 436 1052 ea,
459 1025 539 1059 quae
561 1014 753 1060 praescripta
785 1021 869 1054 sunt,
891 1022 999 1048 aueto-

251 1061 339 1096 ritate
360 1062 529 1108 apostolica
564 1063 800 1106 confirmamus,
834 1070 866 1097 et
901 1075 998 1110 prae-

251 1111 331 1145 senti
361 1119 477 1146 statuto
511 1111 731 1152 decernimus,
754 1121 787 1147 ut
817 1120 924 1147 contra
964 1125 997 1147 ea

253 1160 339 1195 nullo
362 1173 499 1209 unquam
524 1169 664 1208 tempore
692 1163 857 1209 quisquam
894 1163 998 1196 venire

252 1219 445 1257 praesumat,
473 1211 549 1245 itaut
594 1212 633 1245 sit
675 1211 796 1246 irritum
839 1220 869 1246 et
907 1212 999 1246 inane

252 1259 402 1306 quicquid
431 1260 469 1294 de
494 1261 560 1307 ipso
587 1269 688 1295 castro
710 1269 817 1295 contra
844 1262 999 1308 praescri-

252 1317 337 1356 ptam
361 1308 490 1343 formam
516 1310 593 1343 soret
614 1322 629 1344 a
645 1310 786 1356 quolibet
803 1318 996 1346 attentatum.

253 1357 286 1392 Si
309 1369 384 1404 ergo
408 1358 490 1405 prior
529 1366 558 1392 et
592 1358 734 1393 canonici
777 1359 999 1393 Later-anensis

252 1406 431 1449 Ecclesiae,
458 1415 565 1442 contra
599 1415 748 1442 statutum
789 1408 996 1454 apostolicum

252 1456 426 1500 venientes,
453 1457 607 1491 locatione
635 1457 718 1491 linita
754 1457 872 1491 nollent
909 1469 999 1504 prae-

251 1505 348 1541 fatum
368 1514 505 1542 castrum
529 1506 595 1550 tibi,
629 1506 675 1540 vel
711 1506 772 1540 tuis
811 1506 999 1541 haeredibus

252 1555 400 1600 relocare,
425 1568 478 1591 vos
512 1555 717 1590 nibilominus
758 1555 832 1590 illud
869 1569 905 1590 ex
942 1556 1000 1591 bac

252 1607 457 1640 concessione
478 1605 649 1652 apostolica
672 1605 815 1645 teneatis,
849 1618 886 1640 nc
927 1618 999 1652 pre-

252 1654 330 1689 tium
354 1655 487 1690 multum
516 1655 641 1701 quidem
661 1662 691 1689 et
713 1667 860 1701 magnum
879 1682 887 1699 ,
914 1655 997 1702 quod

255 1712 382 1752 propter
403 1704 567 1738 utilitatem
597 1716 797 1738 communem
834 1716 890 1749 pro
931 1717 999 1739 em-

253 1753 359 1801 ptione
380 1753 477 1801 ipsius
503 1754 593 1787 castri
622 1754 732 1801 partim
761 1766 776 1788 a
815 1754 928 1793 nobis,
970 1763 1000 1789 et

254 1803 366 1850 partim
389 1815 405 1838 a
441 1811 471 1837 te
505 1803 611 1837 datum
651 1810 710 1847 est,
744 1803 912 1837 amittatur.
958 1804 999 1838 lta

255 1860 371 1897 tamen,
393 1859 426 1887 ut
460 1852 555 1899 parati
590 1852 657 1886 sitis
698 1852 882 1887 locationem
918 1854 1000 1887 reci-

254 1912 328 1949 pere
357 1901 532 1936 secundum
569 1901 820 1948 praecedentium
870 1903 1000 1937 locatio-

254 1962 331 1985 num
358 1959 510 1992 tenorem,
539 1959 568 1985 et
615 1951 732 1985 faciatis
773 1951 817 1985 illi
867 1953 999 1998 persolvi

254 2011 391 2035 annuam
420 2000 614 2047 pensionem.
643 2000 808 2035 Praelihati
846 2014 918 2035 vero
953 2002 1001 2036 in-

255 2049 421 2084 strumenti
450 2057 588 2084 tenorem
611 2049 648 2084 ad
673 2050 822 2084 maiorem
846 2051 999 2085 cantelam

255 2099 329 2133 huic
363 2099 493 2145 paginae
535 2098 666 2133 fecimus
707 2101 859 2134 annotari.
907 2101 999 2142 Quod

255 2147 383 2195 quidem
403 2156 450 2183 est
472 2148 542 2182 tale.

305 2197 339 2232 ln
367 2198 494 2232 nomine
530 2196 679 2242 Domini,
730 2210 811 2232 anno
858 2200 1001 2234 incarna-

259 2305 378 2340 octavo,
407 2296 607 2344 pontificatus
642 2308 712 2330 vero
746 2296 864 2332 domini
905 2298 1000 2332 lnno-

259 2347 352 2381 centii
375 2346 457 2381 tertii
480 2345 582 2392 Papae
615 2357 697 2380 anno
731 2346 910 2386 undecimo,
953 2349 1001 2381 in-

258 2395 394 2430 dictione
421 2395 597 2434 undecima,
634 2407 743 2430 mense
774 2396 921 2441 octobris,
951 2398 1000 2431 dic

258 2453 355 2480 sexta.
378 2446 472 2480 Aacta
493 2444 617 2492 publica
639 2445 662 2477 si
687 2445 857 2480 litterarum
880 2458 1002 2481 memo-

259 2495 322 2529 riae
343 2494 453 2529 tradita
476 2494 604 2533 suerint,
628 2494 710 2528 nube
745 2494 909 2530 oblivionis
952 2508 1002 2530 re-

260 2552 354 2588 mota,
389 2551 537 2591 perpetua
581 2544 775 2590 inspectione
813 2539 1023 2585 clarescunt.l

259 2591 458 2640 Quapropter
480 2605 537 2639 ego
559 2592 692 2628 loannes
717 2593 755 2627 de
777 2592 892 2628 Sancto
919 2594 1001 2629 Lau-
1019 2587 1024 2645 l

260 2642 358 2676 rentio
384 2650 507 2678 sanctae
534 2642 693 2678 Romanae
721 2642 878 2678 Ecclesiae
921 2645 1025 2688 scri-'3

1039 369 1210 404 Innocentii
1241 370 1321 403 tertii
1351 370 1452 416 l‘apac
1476 371 1682 405 iuramentum
1702 382 1786 417 prae-

1038 419 1145 453 stitum
1168 418 1270 453 eidem
1311 419 1438 453 ‹lomino
1474 420 1588 466 Papae,
1623 432 1786 455 successo-

1040 468 1189 516 ribusque
1211 469 1287 509 suis,
1315 478 1345 503 ct
1375 468 1533 503 Ecclesiae.
1562 469 1721 504 Romanae
1755 470 1784 504 in

1040 518 1150 565 palatio
1172 518 1312 565 episcopi
1342 517 1502 552 Ferentini
1526 532 1541 553 a
1575 520 1688 553 comite
1730 519 1787 553 Ri-

1039 568 1144 608 σαι-(10,
1172 568 1254 602 sicut
1276 567 1349 609 vidi,
1376 567 1479 602 audivi
1503 577 1533 603 et
1561 569 1698 606 interlui,
1728 582 1787 613 pu-

1040 617 1129 651 blicis
1157 616 1267 652 litteris
1285 617 1421 651 scribere
1440 619 1557 652 curari.
1583 618 1699 652 (lomes
1728 618 1786 652 Ri-

1039 666 1152 701 cardus
1185 666 1224 701 de
1258 666 1334 701 Sora
1379 667 1489 701 iurarit
1527 667 1718 708 fidelitatem,
1756 676 1787 702 et

1040 716 1111 751 fecit
1142 716 1250 762 ligium
1284 716 1465 763 homagium
1508 717 1636 751 domino
1684 717 1786 763 Papae

1039 765 1223 800 Innocentio
1245 766 1541 813 successoribusque
1563 767 1630 801 suis
1662 775 1691 800 ct
1732 767 1788 802 Ec-

1039 815 1151 850 clesiae
1165 815 1327 850 Romanae
1350 816 1379 850 in
1396 816 1569 863 praesentia
1586 816 1785 851 dominorum

1040 864 1165 899 loannis
1195 865 1393 905 Albanensis,
1431 865 1557 900 loannis
1588 865 1786 906 Sabinensis,

1039 914 1157 949 Nicolai
1181 914 1439 953 Tusculanensis,
1464 914 1612 959 Hugolini
1638 914 1787 950 Hostien-

1039 964 1083 998 sis
1124 965 1361 1011 episcoporum,
1400 964 1526 1012 Cyntltii
1563 964 1641 998 tituli
1680 964 1786 999 Sancti

1040 1013 1200 1048 Laurentii
1225 1014 1254 1048 in
1274 1014 1406 1053 Lucina,
1429 1013 1556 1061 Cyntliii
1593 1014 1670 1048 tituli
1703 1014 1787 1049 San-

1039 1071 1160 1097 ctorum
1184 1063 1310 1098 Ioannis
1337 1072 1367 1098 et
1389 1063 1493 1106 Pauli,
1516 1063 1677 1098 Benedicti
1706 1064 1785 1099 tituli

1039 1112 1172 1147 Sanctae
1199 1112 1374 1153 Susannae,
1397 1112 1524 1159 Roget-ii
1554 1113 1632 1147 tituli
1653 1113 1787 1148 Sanctae

1040 1162 1234 1203 Anastasiae,
1258 1162 1340 1197 Petri
1372 1163 1450 1197 tituli
1490 1162 1624 1197 Sanctae
1657 1163 1787 1198 Puden-

1040 1212 1140 1247 tiauae
1162 1212 1415 1260 presbyterorum
1439 1212 1655 1252 cardinalium,
1674 1222 1704 1247 et
1736 1213 1787 1247 Io-

1039 1262 1129 1296 annis
1151 1262 1284 1297 Sanctae
1300 1262 1415 1296 Mariae
1431 1261 1460 1295 in
1475 1261 1645 1296 Cosmedin
1660 1270 1785 1297 sanctae

1039 1310 1200 1346 Romanae
1240 1311 1401 1346 Ecclesiae
1439 1311 1625 1352 cancellarii,
1661 1311 1787 1347 Ioannis

1040 1359 1172 1394 Sanctae
1218 1361 1333 1395 Mariae
1376 1361 1404 1394 in
1446 1360 1500 1394 Via
1540 1361 1627 1400 Lata,
1671 1361 1787 1407 Pelagii

1039 1408 1172 1444 Sanctae
1195 1408 1310 1443 Luciae
1333 1409 1363 1442 in
1391 1408 1519 1455 Septem
1561 1409 1655 1444 Soliis
1681 1410 1788 1444 diaco-

1039 1470 1152 1492 norum
1199 1457 1425 1502 cardinalium,
1475 1458 1617 1493 Rainaldi
1667 1458 1786 1493 domini

1039 1507 1143 1554 Papae
1178 1507 1336 1554 acolythi,
1379 1516 1408 1543 et
1452 1508 1599 1543 laicorum
1647 1508 1787 1543 subseri-

1041 1565 1175 1604 ptorum.
1198 1556 1259 1592 Pro
1282 1557 1371 1599 Polo,
1411 1565 1440 1591 et
1479 1557 1538 1592 alia
1575 1565 1666 1602 terra,
1706 1570 1787 1606 quae

1039 1607 1113 1641 olim
1137 1606 1194 1642 suit
1221 1606 1366 1641 Oddonis
1401 1606 1440 1641 de
1472 1607 1560 1651 Polo,
1591 1619 1684 1654 quam
1720 1609 1788 1655 ipse

1040 1664 1135 1696 tenet,
1163 1668 1200 1691 eo
1222 1657 1306 1691 salvo
1335 1656 1418 1704 quod
1452 1657 1477 1691 si
1511 1657 1615 1704 aliqua
1653 1669 1786 1705 persona

1042 1718 1097 1752 pro
1124 1705 1205 1740 dieta
1234 1714 1311 1741 terra
1349 1706 1484 1753 praefato
1518 1707 1623 1741 comiti
1658 1719 1785 1742 movere

1042 1756 1174 1789 voluerit
1201 1756 1429 1802 quaestionem,
1458 1757 1523 1803 ipse
1565 1768 1672 1792 comes
1696 1765 1786 1792 tene-

1040 1813 1108 1839 atur
1130 1805 1157 1839 (εἰ
1180 1805 1210 1839 in
1237 1806 1322 1840 curia
1359 1805 1518 1840 Ecclesiae
1539 1806 1701 1842 Romanae
1738 1806 1787 1841 iu-

1040 1854 1141 1889 stitiae
1164 1854 1390 1901 plenitudinem
1433 1855 1592 1897 exhibere,
1627 1863 1786 1891 caeterum

1041 1903 1079 1937 de
1102 1912 1204 1938 castro
1225 1904 1321 1940 Vallis
1343 1905 1514 1945 tttontonis,
1546 1905 1584 1941 de
1615 1905 1727 1951 Sacco,
1749 1905 1788 1940 de

1041 1952 1268 1999 plumbinaria,
1299 1955 1409 1989 iuravit
1446 1954 1545 1990 facere
1584 1967 1729 2001 guerram
1757 1965 1787 1989 et

1042 2015 1148 2049 pacem
1169 2012 1278 2039 contra
1305 2016 1415 2040 omnes
1451 2004 1595 2039 homines
1628 2005 1665 2039 ad
1700 2017 1787 2039 man-

1042 2053 1146 2087 datum
1175 2065 1296 2093 eorum,
1334 2062 1365 2088 et
1400 2055 1437 2089 ad
1469 2054 1527 2088 hoc
1565 2053 1715 2089 haeredes
1758 2063 1787 2088 et

1042 2114 1241 2137 successores
1267 2115 1341 2138 suos
1362 2104 1392 2138 in
1418 2112 1603 2151 perpetuum
1629 2103 1785 2150 obligavit.

1042 2151 1088 2185 De
1110 2153 1260 2187 comitatu
1282 2165 1355 2187 vero
1381 2153 1503 2187 Sorano
1520 2153 1630 2188 iuravit
1644 2152 1788 2187 similiter

1042 2200 1142 2236 facere
1164 2214 1308 2247 guerram
1332 2211 1362 2237 et
1391 2214 1496 2248 pacem
1531 2203 1568 2236 ad
1606 2202 1785 2237 mandatum

1044 2251 1192 2297 ipsorum.
1215 2251 1306 2286 Salva
1330 2251 1491 2296 fidelitate,
1518 2261 1548 2286 et
1575 2251 1659 2286 salvo
1696 2263 1787 2286 man-

1042 2301 1114 2334 dato
1137 2301 1215 2345 regis
1250 2301 1385 2336 Siciliae.
1425 2301 1460 2335 Et
1510 2301 1590 2336 idem
1638 2300 1787 2336 dominus

1042 2348 1124 2395 Papa
1173 2350 1324 2384 investivit
1373 2350 1489 2384 dictum
1532 2350 1678 2385 comitem
1732 2363 1787 2398 per

1042 2410 1153 2445 cupam
1182 2408 1360 2444 argenteam
1399 2400 1598 2440 deauratam,
1634 2412 1786 2446 praesen-

1042 2447 1126 2481 tibus
1165 2456 1195 2482 et
1229 2449 1498 2484 consentientibus
1533 2458 1561 2483 et
1610 2449 1787 2497 approban-

1043 2496 1126 2530 tibus
1171 2497 1318 2532 omnibus
1353 2499 1555 2546 praescriptis
1602 2499 1786 2547 episcopis,

1043 2545 1240 2593 presbyteris,
1267 2547 1452 2583 diaconibus
1498 2548 1721 2595 cardinalibus,
1755 2559 1785 2584 et

1043 2595 1279 2642 iniungentihus
1302 2597 1377 2631 milii
1410 2599 1572 2645 scrinario,
1610 2607 1645 2634 ut
1679 2598 1786 2635 huius-

1044 2645 1124 2678 modi
1155 2645 1362 2681 iuramentnm
1405 2647 1538 2695 publicis
1576 2648 1686 2684 litteris
1719 2661 1786 2685 exa-
