2129 3223
52 228 100 255 Au.
119 228 148 256 C.
168 230 235 257 ¹290

72 1497 189 1520 Exordium.

57 1819 76 1839 tt.
105 1817 163 1844 Ilugo
192 1818 224 1838 Ss.

44 1849 89 1870 stou
100 1848 224 1876 adscriptum

871 232 1034 255 uon'oattts
1058 233 1093 254 ΙΙΙ
1119 232 1165 254 tw.

247 287 415 332 accedatis,
432 288 567 322 Domino
587 288 705 322 ibidem
723 288 752 322 in
769 288 880 323 ordine
897 297 996 323 vestro

247 340 395 375 devotum
418 341 605 387 obsequium
635 342 822 388 impensuri.

297 394 410 428 Datum
457 394 540 441 apud
575 393 739 429 Civitatem
785 395 994 430 Cas-tellanam

246 455 334 482 sexto
360 447 484 482 decimo
514 443 661 483 kalendas
690 449 830 488 ianuarii,
867 448 993 494 pontifl-

245 509 333 535 catus
356 502 452 536 nostri
478 513 561 536 anno
587 511 709 548 quarto.

253 560 313 592 Dat.
330 562 376 592 die
396 562 428 591 17
446 562 613 592 decembris
633 563 715 599 1219,
732 564 833 602 pontit.
852 574 927 592 anno
945 573 978 593 11,

570 646 671 654 —

571 749 667 784 XLII.

244 826 282 858 Β.
307 825 402 869 Huqo
425 826 611 859 Lincotnien.
637 827 791 870 episcopus
818 834 992 860 sanctornm

292 879 456 923 cathalogo
478 880 681 918 adscribitw·;
711 892 777 913 cum
806 881 934 921 ‹teci-eto.
961 888 992 913 ut

292 933 341 966 die
366 933 562 976 depositionis
588 934 695 977 ipsius,
722 934 852 967 eiusdem
874 935 992 977 festivi—

292 994 338 1020 tas
364 988 453 1020 anm's
480 987 609 1031 sinyulis
642 987 803 1019 celebretur
830 988 890 1029 (4).

509 1068 722 1098 SUMMARIUM

240 1144 406 1174 Exordium.
429 1160 467 1165 —
489 1142 518 1172 B.
543 1143 624 1181 {lugo
651 1144 696 1173 Ss.
720 1143 787 1172 albo
814 1143 991 1182 adscriptus.

239 1225 370 1254 Honorius
389 1225 531 1260 episcopus
550 1231 644 1252 servus
656 1231 794 1252 servorum
814 1224 868 1257 Dei,
886 1223 993 1252 dilectis

283 1274 348 1303 filiis
366 1274 500 1304 universis
515 1273 738 1303 christifidelibus
756 1275 927 1309 praesentem
944 1280 991 1308 pa-

283 1325 374 1359 ginam
398 1324 571 1359 inspecturis,
597 1323 715 1352 salutem
751 1323 778 1350 et
815 1322 992 1357 apostoticam

283 1372 503 1402 bendictionem.

288 1447 421 1483 Divinae
453 1447 594 1493 dignatio
630 1447 768 1494 pietatis,
803 1456 928 1481 sanctos
962 1454 989 1480 et

238 1501 356 1536 electos
383 1513 459 1536 suos
491 1501 520 1534 in
549 1500 694 1535 coelestis
721 1500 807 1546 regni
843 1500 990 1534 felicitate

239 1555 357 1590 locatos
380 1555 484 1590 adhuc
507 1555 536 1588 in
559 1554 655 1588 Terra
679 1553 902 1588 miraculorum
926 1566 989 1588 cor-

239 1609 416 1644 ruscatione
443 1608 603 1647 clarificat,
627 1615 660 1641 ut
687 1607 829 1641 fidelium
855 1619 909 1654 per
931 1608 990 1642 lioc

238 1664 371 1698 excitata
399 1662 542 1705 devotio,
569 1673 678 1696 eorum
714 1661 859 1705 suffragia
896 1661 989 1707 digna

240 1718 440 1752 veneratione
479 1716 638 1762 deposcat.
675 1715 757 1749 Cum
794 1715 891 1760 igitur
917 1727 990 1749 san-

238 1780 305 1805 ctae
332 1769 558 1805 reeordationis
588 1769 754 1814 Hugonem
779 1768 990 1802 Liucolnien-

239 1836 305 1858 sem
321 1824 519 1870 episcopum,
537 1834 630 1869 quem
646 1822 724 1855 sieut
743 1820 834 1855 nobis
853 1820 990 1867 plenarie

239 1885 372 1921 constat,
407 1877 504 1911 divini
533 1876 675 1910 muneris
709 1875 834 1920 largitas
862 1883 922 1909 tam
959 1875 988 1908 in

240 1932 312 1971 vita,
330 1942 424 1977 quam
447 1930 540 1963 etiam
565 1936 635 1975 post
654 1936 772 1962 vestem
791 1928 990 1963 mortalitatis

239 1993 378 2024 exutam,
406 1983 578 2028 insignium
602 1982 824 2016 miraculorum
848 1982 991 2016 multitu-

240 2039 314 2073 dine
364 2037 549 2077 illustrarit,
594 2043 773 2070 sanctorum
825 2035 990 2081 cathalogo

240 2090 483 2139 adscripsimus3
512 2089 745 2124 universitatem
769 2097 901 2124 vestram
926 2101 991 2123 mo-

241 2157 367 2188 nemus,
393 2143 595 2178 exhortamur
623 2143 652 2176 in
677 2141 812 2177 Domino
834 2151 989 2190 quatenus

240 2200 309 2234 eius
344 2197 426 2246 apud
457 2196 558 2231 Deum
588 2195 762 2242 patrocinia
790 2195 900 2230 devote
931 2196 990 2229 1111-

242 2252 382 2300 ploretis.
406 2251 453 2286 Ad
478 2251 553 2285 haec
575 2256 759 2287 statuenteS,
789 2256 821 2282 ut
848 2248 899 2283 die
925 2248 990 2283 de-

243 2306 408 2354 positionis
438 2305 536 2352 ipsius
563 2302 702 2337 eiusdem
730 2302 878 2337 festivitas
899 2302 990 2337 annis

241 2359 373 2406 singulis
399 2359 509 2394 devote.
537 2357 576 2392 de
604 2364 727 2391 caetero
754 2356 938 2390 celebretur.

290 2413 369 2448 Data
389 2412 522 2447 Viterbii
549 2414 593 2445 15
614 2409 763 2445 kalendas
778 2411 891 2451 martii,
917 2422 991 2457 pou-

242 2466 379 2501 tilicatus
406 2465 503 2501 nostri
530 2477 613 2500 anno
640 2471 761 2511 quarto.

257 2530 317 2560 Dat.
336 2531 383 2560 die
403 2531 439 2560 18
463 2531 602 2560 februarii
628 2530 708 2562 1220,
733 2529 833 2568 pontit'.
850 2538 925 2558 anno
942 2537 977 2557 11,

280 2601 318 2635 (t)
337 2600 424 2627 Edidit
441 2602 566 2632 Parisius,
586 2600 651 2627 Hist.
673 2601 750 2634 Aug,
772 2608 830 2634 pag»
849 2600 909 2626 509.

1669 222 1737 254 367

1359 289 1465 322 XLlll.

1041 364 1175 396 „tbolin'o
1210 366 1414 407 quorumdam
1437 371 1618 397 statutorum
1643 375 1698 407 per
1722 363 1786 395 Bo-

1086 414 1240 445 nonz'enses
1273 421 1379 446 contra
1399 414 1565 446 libertatem
1588 413 1786 445 scholarium

1086 463 1234 495 editorum
1264 465 1324 502 (sl).

1307 535 1518 565 Sl'NlNlAltlliM

1036 598 1128 625 (lausa
1154 596 1329 626 sanciendae
1353 597 1584 625 constitutionis,
1614 613 1649 617 ——
1673 596 1783 627 Statuta

1076 651 1089 670 a
1111 640 1347 670 Bononiensibus
1368 641 1442 670 edita
1475 657 1511 662 -
1536 640 1672 670 Libertati
1693 640 1785 671 Scho-

1076 686 1180 715 larium
1205 687 1349 715 contraria
1382 702 1419 706 —-
1444 684 1655 724 Reprobautur.

1035 761 1164 789 Honorius
1182 761 1324 796 opiscopus
1343 768 1438 789 servus
1449 767 1588 789 servorum
1600 761 1654 794 Dei,
1675 762 1785 790 dilectis

1079 810 1145 838 filiis
1154 809 1249 845 populo
1259 809 1411 842 Bononien..
1424 810 1543 838 satutem
1560 811 1589 838 et
1608 810 1784 845 apostoticam

1077 858 1296 887 benedictionem.

1084 922 1130 955 Ex
1158 921 1307 956 relatione
1340 921 1526 956 venerabilis
1553 922 1654 955 fratris
1682 921 1781 955 nostri

1035 970 1161 1016 Ugolini
1181 971 1321 1017 episcopi
1340 969 1484 1004 Hostieu.
1504 970 1670 1005 devotione
1687 982 1780 1017 quam

1034 1020 1071 1053 ad
1095 1019 1271 1054 Romanam
1292 1019 1464 1054 Ecclesiam
1487 1020 1595 1066 geritis
1614 1019 1781 1059 intellecta.

1035 1077 1119 1103 tauto
1141 1068 1177 1103 ad
1201 1080 1248 1108 ea,
1275 1080 1355 1114 quae
1377 1078 1509 1102 vestram
1533 1068 1666 1103 salutem
1689 1069 1781 1114 respi-

1034 1119 1120 1152 ciunt
1146 1126 1175 1152 et
1203 1117 1367 1161 honorem,
1395 1117 1568 1152 ferventius
1593 1118 1781 1164 aspiramus,

1034 1176 1151 1213 quanto
1189 1179 1242 1200 vos
1275 1174 1433 1212 tamquam
1470 1166 1667 1201 obedientiae
1701 1166 1782 1201 filios

1034 1217 1070 1250 ad
1094 1215 1238 1249 eiusdem
1259 1215 1471 1249 obediendum
1494 1215 1648 1250 mandatis
1667 1227 1782 1261 cogno-

1033 1266 1151 1299 scimus
1187 1265 1360 1310 proniores,
1395 1276 1448 1299 vos
1482 1265 1519 1298 ab
1556 1265 1592 1298 iis
1623 1265 1781 1299 retrabere

1033 1321 1222 1359 satagentes,
1244 1325 1324 1359 quae
1347 1321 1376 1347 et
1394 1312 1508 1348 samam
1532 1322 1665 1348 vestram
1684 1314 1782 1349 obnu-

1033 1362 1142 1406 bilant,
1165 1370 1193 1397 et
1216 1362 1325 1396 afferre
1350 1362 1438 1397 vobis
1461 1371 1588 1409 possent
1610 1364 1782 1398 incommo-

1033 1411 1107 1445 dum
1136 1419 1167 1445 et
1204 1411 1365 1446 iacturam.
1396 1411 1479 1446 Sane
1506 1423 1578 1456 cbum
1610 1424 1648 1446 ex
1675 1412 1781 1447 studio

1033 1460 1190 1495 literarum
1222 1469 1343 1507 praeter
1361 1460 1480 1494 infinita
1499 1461 1677 1507 commoda,
1700 1474 1781 1509 quae

1033 1509 1167 1549 sentitis,
1196 1522 1231 1544 ex
1260 1522 1296 1544 eo
1326 1517 1424 1544 vestra
1453 1510 1564 1544 civitas
1591 1511 1671 1545 inter
1705 1511 1782 1546 alias

1032 1559 1070 1593 sit
1093 1558 1222 1598 famosa,
1245 1566 1275 1592 et
1299 1559 1329 1592 111
1354 1559 1500 1593 11111νο150
1523 1560 1643 1594 mundo
1665 1572 1780 1595 nomeu

1032 1608 1242 1642 annuncietur
1282 1607 1399 1654 ipsius,
1437 1608 1578 1655 factaque
1613 1610 1652 1643 sit
1687 1609 1780 1644 altera

1032 1657 1208 1695 Bethleem,
1248 1657 1361 1690 domus
1391 1657 1535 1691 videlicet
1581 1659 1687 1705 panis,
1727 1659 1781 1705 qui

1034 1705 1171 1752 parvulis
1211 1705 1382 1751 frangitur,
1417 1706 1447 1739 in
1483 1706 1610 1747 eadem,
1644 1719 1680 1741 ex
1720 1720 1780 1753 qua

1032 1763 1147 1788 exeunt
1175 1754 1283 1798 duces,
1313 1754 1365 1800 qui
1395 1764 1501 1800 regant
1536 1755 1686 1802 populum
1718 1756 1782 1790 Do-

1033 1804 1122 1847 mini,
1142 1804 1290 1849 quoniam
1312 1804 1341 1837 iu
1361 1804 1466 1838 studio
1485 1804 1596 1838 eruditi
1618 1817 1782 1839 assumun-

1033 1860 1082 1886 tur
1112 1852 1149 1886 ad
1186 1853 1325 1897 regimen
1361 1853 1548 1896 animarum,
1584 1866 1644 1888 nou
1679 1855 1780 1888 solum

1032 1901 1153 1936 debetis
1178 1914 1194 1936 3
1217 1901 1415 1936 Scliolarium
1444 1902 1679 1948 gravaminibus
1705 1915 1782 1937 con-

1031 1951 1211 1997 quiescere,
1246 1963 1353 1985 10111111
1386 1951 1478 1985 etiam
1514 1951 1582 1986 illos
1609 1952 1783 1987 bonoribus

1033 1999 1224 2044 praevenire.
1261 2000 1469 2035 Attendeutes
1502 2000 1585 2046 quod
1620 2001 1677 2047 ipsi
1711 2013 1782 2046 gra-

1032 2048 1111 2083 tuito
1131 2048 1167 2083 ad
1188 2049 1379 2084 studendum
1404 2057 1535 2084 vestram
1556 2050 1782 2096 praeelegerunt

1031 2098 1203 2142 civitatem,
1226 2110 1306 2144 quae
1330 2110 1400 2133 oum
1425 2098 1513 2145 prius
1535 2108 1616 2132 esset
1639 2099 1782 2139 humilis,

1033 2158 1087 2193 per
1114 2159 1168 2181 eos
1201 2147 1316 2182 ibidem
1345 2147 1543 2193 cougregatis
1571 2147 1688 2182 divitiis
1719 2147 1783 2181 sere

1031 2208 1235 2242 supergressa
1262 2204 1308 2230 est
1336 2196 1477 2231 civitates
1505 2197 1684 2242 provinciae
1716 2196 1784 2230 uni-

1033 2256 1147 2279 versas.
1185 2245 1302 2279 Verum
1338 2257 1391 2280 vos
1424 2244 1461 2279 ad
1502 2245 1589 2283 baec,
1627 2245 1707 2279 sicut
1744 2257 1782 2279 ex

1033 2301 1118 2340 parte
1146 2293 1357 2328 universitatis
1386 2294 1527 2340 ipsorum
1559 2294 1613 2327 suit
1639 2295 1784 2340 proposi—

1033 2351 1097 2376 tum
1121 2354 1226 2376 coram
1251 2342 1353 2381 1101115,
1377 2342 1516 2376 debitum
1541 2354 1602 2377 non
1633 2342 1784 2377 babentes

1033 2399 1223 2437 respectum.
1250 2392 1379 2437 gratiam
1404 2392 1544 2437 ipsorum
1574 2392 1604 2425 in
1628 2391 1783 2436 debitum,

1033 2449 1061 2474 et
1085 2440 1260 2475 libertatem
1285 2440 1314 2474 iu
1338 2441 1521 2475 servitutem
1546 2440 1711 2479 molientes
1733 2453 1784 2475 re-

1032 2489 1158 2528 ducere,
1181 2489 1346 2533 statuistis,
1363 2498 1393 2523 ut
1408 2489 1433 2523 si
1456 2490 1527 2536 quis
1551 2490 1696 2525 iuventus
1719 2490 1785 2525 fuc-

1033 2538 1070 2572 rit
1086 2545 1216 2579 seetam‚
1240 2538 1431 2585 pactionem,
1448 2538 1495 2573 vel
1516 2539 1782 2586 conspirationem

1068 2601 1107 2633 (t)
1125 2599 1161 2625 Ex
1180 2599 1284 2634 Regest>
1304 2600 1386 2626 Vatic.

1803 230 1842 255 An
1873 230 1901 255 C.
1920 229 1985 254 ¹220

1803 1424 1868 1445 Causa
1882 1427 1979 1446 sancten-

1795 1456 1833 1476 dae
1873 1460 1978 1476 constitu-

1795 1488 1866 1507 tionis.
