2129 3223
39 254 91 282 An.
103 254 132 281 C.
152 253 220 281 ¹²⁶8

34 1388 173 1415 tnssnnnniur,
185 1392 218 1411 ml-

33 1421 75 1440 ditu
93 1420 219 1446 prohibiito-

33 1457 60 1472 ue
69 1452 180 1479 quidquam
192 1454 217 1474 de

35 1483 126 1509 antiquis
139 1484 220 1505 ordini·

33 1514 220 1536 con-iuuitontbus

65 1544 192 1566 immutandi.

863 248 1011 271 emmaus
1034 249 1062 269 lv
1086 248 1134 269 ΙΨ.

236 312 297 347 que
346 308 530 348 procurator

1655 234 1719 266 801

585 313 684 336 mator
732 310 777 336 ter
824 302 853 336 in
902 314 986 336 anno
1005 310 1007 338 ἶ
1027 312 1228 336 communem
1256 300 1375 346 redigat
1397 308 1457 335 tam
1492 299 1668 347 praeclarae
1697 298 1777 332 reli-

238 349 336 384 valeat
373 350 512 396 equitare
528 378 536 390 ‚
576 350 726 398 quodque
767 351 984 398 praebendarii
1027 351 1133 396 gionis
1153 358 1268 385 statum
1291 358 1320 383 et
1343 350 1546 384 eminentiam
1571 349 1776 394 singularem;

239 399 330 433 vestri
366 399 396 433 in
421 400 532 433 vestris
565 399 684 434 valeant
714 401 913 435 coemeteriis
935 412 986 435 se-

237 447 338 493 peliri,
370 455 400 482 ct
428 448 513 495 quod
537 448 697 494 prioribus
725 458 754 484 et
776 450 986 484 conventibus

236 496 431 542 singularum
465 497 631 532 domorum
667 498 757 532 liceat
789 506 888 533 terras
913 511 986 533 suas

236 554 266 579 ct
294 546 440 593 grangias
465 547 503 581 ad
530 558 661 582 censum
689 547 764 582 dare
797 555 985 595 perpetuum

236 603 266 629 et
289 602 485 630 contractum
508 608 743 643 quemcumque
766 596 880 640 facere,
901 609 986 631 con-

238 644 334 678 versis
362 653 393 679 et
426 644 557 680 redditis
593 646 723 680 minime
759 645 929 692 requisitis,
957 654 987 681 et

237 693 418 738 plui-ababa,
436 706 544 741 quaea
564 702 685 729 vetusto
700 694 842 730 eiusdem
865 695 987 730 ordinis

1028 408 1061 434 ut
1095 412 1150 447 per
1172 399 1252 434 banc
1275 400 1354 434 viam
1386 399 1521 434 mediam
1550 406 1580 432 et
1602 409 1710 432 eorum
1735 397 1778 430 vi-

1028 456 1132 484 temus
1158 449 1359 489 calumniam,
1381 449 1435 495 qui
1456 448 1517 483 cito
1545 447 1636 482 nobis
1654 446 1777 481 obiice-

1029 506 1112 539 rem,
1147 497 1233 545 quod
1274 497 1362 532 facilc
1401 497 1440 531 de
1474 496 1600 531 ieiuniis
1638 496 1777 543 disputat

1029 555 1137 582 venter
1157 548 1283 594 plenuS,
1305 554 1336 581 et
1358 546 1482 581 illorum
1505 546 1668 580 obviemus
1690 553 1776 580 astu-

1029 597 1105 640 tiae,
1137 597 1190 644 qui
1219 595 1279 630 sub
1305 596 1423 639 celitio,
1446 596 1613 642 piusquam
1636 594 1775 641 expedit,

1030 645 1156 680 forsitan
1194 645 1335 686 delicati,
1373 653 1404 678 ut
1441 644 1591 679 voluntati
1630 644 1775 691 propriae

1028 694 1236 738 satisfaciant,
1260 706 1310 738 ne,
1337 693 1420 740 quod
1455 693 1547 733 absit,
1570 693 1630 727 dici
1657 705 1775 727 conve-

239 754 297 776 usu
326 742 474 777 laudabili
505 751 681 778 noscuntur
714 743 840 791 penitus
875 743 985 784 aliena;
1005 752 1008 775 i
1030 744 1095 778 niat
1117 743 1281 790 voluptati,
1304 743 1545 778 necessitatibus
1560 742 1690 776 aliorum
1707 753 1776 776 sese

237 791 388 826 nonnulla
410 793 540 838 insuper
557 792 775 838 adiungentes‚
797 805 876 839 quae
897 806 987 839 prae·
1005 779 1008 819 l

238 840 384 886 rogativis
403 840 628 888 praeiudicant,
651 853 730 888 quas
750 841 864 876 domus
887 843 985 876 vestra

1027 793 1162 839 compati
1195 792 1357 830 simulant,
1380 791 1537 826 defectum
1567 791 1661 825 liuius
1695 798 1776 824 tem-

1030 842 1114 888 poris
1135 841 1318 888 allegantes,
1336 841 1402 887 qui,
1427 848 1459 875 ut
1485 840 1606 880 dicunt,
1625 853 1684 875 uon
1703 839 1777 886 pati—

236 889 334 923 maior
361 890 508 925 habuisse
541 890 739 937 dignoscitur
773 891 812 925 ab
845 892 985 938 antiquo,
1004 882 1008 920 l
1028 899 1078 925 tur
1099 898 1202 925 tantae
1228 889 1436 925 districtionis
1458 901 1643 930 censuram·‚
1665 889 1777 924 statui-

234 937 356 984 sicque‚
391 947 426 973 ut
448 939 575 981 dicitur,
604 952 659 986 per
689 940 810 974 diversa
839 940 985 986 capitula,

235 995 295 1020 tam
318 1000 457 1028 severae,
473 1000 567 1035 quam
592 989 684 1024 utiles
705 997 735 1024 et
757 988 899 1023 sincerae
915 1001 986 1023 con-

232 1036 410 1072 stitutiones
437 1045 468 1072 et
494 1037 713 1073 observantiae
748 1037 868 1072 ordinis
898 1039 985 1072 rela-

232 1093 354 1129 xantur,
377 1087 565 1121 obscuratur
585 1099 697 1122 aurum
721 1087 821 1133 ipsius
843 1096 870 1120 vt
900 1087 985 1121 color

231 1134 370 1180 optimus
386 1136 578 1177 immutatum
597 1137 695 1183 etqui
719 1146 885 1183 procurant
901 1136 984 1175 talia,

231 1183 375 1219 eiusdem
409 1185 531 1220 ordinis
563 1186 768 1220 excellentiae
806 1186 984 1227 detrabunt,

231 1232 306 1268 dum
331 1234 502 1269 infirmitati
526 1235 783 1270 condescendere
805 1248 839 1269 se
861 1235 985 1269 conlin-

233 1291 323 1327 gunt

281 1331 301 1378 S
330 1334 361 1366 5.
396 1332 462 1367 Nos
495 1344 568 1367 vero
597 1333 650 1380 qui
682 1345 737 1367 vos
775 1341 805 1367 et
847 1342 983 1367 vestrum

233 1381 376 1415 ordinem
399 1389 429 1415 et
452 1381 614 1428 diligimus
635 1390 666 1416 et
687 1381 858 1416 dileximus
885 1395 920 1416 ex
943 1382 985 1416 af-

233 1429 329 1470 fectu,
357 1431 388 1464 in
416 1443 479 1477 quo
514 1431 614 1466 bonae
643 1432 824 1476 memoriae,
851 1432 905 1478 qui
933 1444 984 1465 se-

234 1479 375 1514 cundum
395 1491 521 1514 carnem
546 1493 604 1516 nos
621 1481 742 1526 genuit,
764 1481 856 1516 Pater
878 1489 985 1515 noster

234 1537 264 1562 et
298 1528 444 1574 religiose
471 1529 585 1564 vixisse
612 1530 763 1570 noscitur,
790 1538 820 1565 et
849 1542 981 1577 agonem

232 1590 326 1612 suum
370 1578 503 1613 feliciter
542 1579 683 1614 creditur
727 1591 983 1623 consummasse,

232 1627 324 1662 «lictis
345 1627 513 1675 stipendiis
535 1637 565 1663 et
591 1628 748 1663 similibus
775 1629 892 1663 salubri
906 1641 984 1663 con—

231 1677 301 1712 silio
323 1677 473 1713 duximus
495 1677 702 1721 obviandum,
724 1677 762 1712 ad
787 1679 816 1712 id
841 1686 981 1712 nostrum

231 1726 394 1761 flectentes
417 1728 580 1772 intuitum,
609 1737 642 1763 ut
664 1740 721 1763 nec
743 1728 864 1762 ordinis
887 1728 983 1761 liber-

231 1783 277 1810 tas
307 1784 415 1822 pereat
437 1777 519 1812 circa
541 1790 589 1817 ea,
620 1790 700 1824 quae
726 1777 900 1824 capitulum
928 1789 983 1822 ge-

230 1827 336 1862 nerale
359 1839 415 1873 pro
442 1834 584 1873 tempore
605 1826 771 1861 statuenda
796 1826 982 1870 decreverit,

231 1878 335 1911 necin
351 1888 420 1910 eam
435 1884 583 1923 evagetur
598 1876 769 1916 licentiam,
784 1884 815 1910 ut
839 1875 981 1910 eiusdem

231 1926 363 1972 rigores,
390 1933 451 1960 tam
474 1925 626 1964 celebres,
649 1934 710 1960 tam
735 1925 880 1961 famosos.
907 1925 982 1960 levis

233 1975 351 2022 impetu
375 1975 542 2010 voluntatis
563 1984 705 2016 evacuet,
725 1987 739 2009 a
755 1975 871 2009 sanctis
886 1975 984 2008 Patri-

1004 923 1008 978 i
1028 951 1100 974 mus
1117 951 1193 986 ergo
1211 946 1242 974 et
1263 939 1421 974 observari
1449 937 1669 973 inviolabiliter
1693 949 1790 985 prae-t

1027 989 1177 1035 cipimus,
1198 988 1281 1034 quod
1310 988 1348 1022 de
1369 987 1508 1034 antiquis
1531 987 1628 1033 ipsius
1656 987 1777 1022 ordinis

1027 1037 1310 1072 constitutionibus
1332 1038 1469 1084 generali
1493 1035 1630 1082 capitulo
1650 1036 1695 1070 vel
1718 1035 1777 1069 dis-

1028 1086 1205 1121 finitoribus
1232 1098 1404 1132 numquam
1422 1086 1512 1120 liceat
1528 1085 1646 1131 absque
1664 1085 1776 1132 prioris

1027 1144 1056 1170 et
1075 1136 1301 1171 monachorum
1321 1136 1434 1169 domus
1453 1135 1579 1168 maioris
1596 1134 1774 1168 Cartusien.

1026 1184 1158 1219 consilio
1181 1193 1210 1219 et
1229 1197 1359 1219 assensu
1383 1184 1501 1230 aliquid
1527 1184 1706 1227 immutare,
1722 1183 1775 1217 sed

1026 1245 1086 1268 nec
1107 1234 1152 1268 eis
1178 1233 1450 1268 consentientibus
1473 1233 1649 1267 immutatio
1673 1232 1778 1267 huius-

1027 1282 1111 1317 modi
1139 1283 1236 1318 robur
1262 1282 1386 1321 habeat,
1420 1282 1533 1322 donec,
1565 1294 1673 1316 eorum
1700 1293 1777 1328 per-

1026 1332 1161 1367 durante
1183 1344 1355 1375 consensu,
1378 1332 1407 1365 in
1433 1331 1531 1365 tribus
1557 1330 1706 1377 capitulis
1727 1342 1778 1376 ge-

1027 1380 1186 1416 neralibus
1228 1381 1404 1415 successive
1449 1380 1539 1414 suerit
1583 1379 1776 1415 confirmata.

1026 1429 1118 1471 Quod
1147 1430 1170 1464 si
1195 1442 1289 1464 secus
1310 1429 1403 1464 fuerit
1430 1437 1629 1473 attentatum,
1658 1429 1686 1462 id
1713 1428 1778 1463 de-

1025 1479 1187 1514 cernimus
1215 1479 1339 1513 irritum
1368 1486 1397 1512 et
1422 1479 1525 1513 inane.

1073 1527 1093 1575 g
1121 1531 1153 1562 4.
1182 1528 1222 1562 Et
1255 1528 1329 1563 licet
1355 1528 1599 1563 constitutiones
1628 1536 1690 1562 tam
1725 1539 1778 1561 ca—

1025 1577 1175 1618 nonicae,
1214 1590 1308 1624 quam
1349 1576 1466 1623 legales
1505 1589 1566 1610 non
1609 1577 1777 1622 praeterita

1025 1626 1224 1672 regulariter,
1252 1626 1308 1661 sed
1342 1626 1445 1660 futura
1480 1626 1641 1660 dumtaxat
1670 1626 1777 1672 respi-

1025 1676 1125 1717 ciant;
1148 1688 1183 1711 ea
1207 1684 1323 1716 tamen,
1346 1687 1426 1722 quae
1453 1676 1484 1708 in
1514 1684 1615 1709 vestro
1637 1674 1777 1721 capitulo

1024 1725 1161 1770 generali
1197 1737 1298 1772 nuper
1333 1724 1436 1760 secere
1463 1732 1594 1767 statuta,
1628 1736 1776 1770 quorum,

1025 1774 1074 1808 vel
1103 1774 1134 1808 in
1156 1774 1276 1820 specie,
1305 1774 1350 1808 vel
1376 1775 1408 1808 in
1438 1785 1555 1819 genere
1578 1785 1671 1819 supra
1701 1773 1777 1808 seci-

1026 1835 1095 1857 mus
1116 1823 1324 1867 mentionem,
1356 1823 1483 1870 penitus
1512 1821 1720 1870 reprobamus
1747 1830 1776 1855 et

1024 1872 1110 1906 omni
1130 1884 1237 1907 carere
1260 1872 1406 1907 volumus
1429 1871 1541 1907 robore
1565 1871 1730 1905 firmitatis.

1073 1921 1156 1955 Nulli
1180 1933 1256 1967 ergo
1278 1921 1408 1955 omnino
1429 1929 1483 1955 ecc.

1074 1969 1188 2004 Datum
1212 1970 1341 2005 Viterbii
1366 1970 1536 2004 undecimo
1559 1969 1708 2004 kalendas
1730 1982 1774 2002 se>

233 2024 305 2067 bus,
333 2035 394 2059 non
426 2025 494 2058 sine
529 2024 672 2065 consilio,
697 2032 789 2071 prout
811 2024 982 2064 credimus,
1028 2020 1193 2066 ptembris,
1215 2019 1415 2066 pontificatus
1439 2020 1534 2054 nostri
1552 2031 1633 2053 anno
1653 2026 1773 2065 quarto.

233 2073 340 2108 Sancti
370 2071 509 2118 Spiritus
532 2073 739 2114 introductos,
767 2080 798 2107 et
826 2072 865 2107 ad
889 2073 981 2109 vitam

1059 2080 1118 2110 Dat.
1136 2082 1181 2110 die
1197 2080 1234 2110 ⁶22
1253 2081 1369 2118 augusti
1390 2080 1475 2116 1258,
1495 2079 1594 2118 pontif.
1614 2087 1689 2108 anno
1708 2086 1743 2107 iv.

830 2349 922 2381 FlNlS
943 2350 1028 2380 TOM!
1052 2349 1171 2379 Tlilt‘l’ll

314 2612 385 2640 Ball.
410 2612 485 2641 Itum,
513 2612 563 2639 l'ot.
591 2612 637 2639 ΙΙΙ.
829 2609 881 2638 101

1794 244 1840 267 ΑυΔ
1858 242 1884 267 C.
1909 241 1974 267 '520⁸
