2129 3223
45 263 95 292 Au.
113 263 140 291 C.
163 265 228 292 ¹255

283 324 335 354 ties
370 323 578 354 confitendum.
613 338 651 345 -—
683 321 817 351 Professa
847 320 986 350 canonice

281 368 407 406 eligatur
423 369 451 397 in
474 367 664 398 abbatissam.
683 383 721 389 —
735 365 920 396 lnsufficiens
937 366 988 395 de-

281 412 424 451 ponenda.
444 428 482 434 —
500 411 615 442 Electae
637 420 712 450 quae
730 411 882 449 cogitanda
902 416 929 440 et
946 411 988 440 sa-

279 457 393 487 cienda.
416 473 455 479 —
476 456 686 486 Convocandae
708 455 850 485 moniales
873 456 906 484 ad
935 464 986 484 ca-

279 501 415 539 pitulum.
441 518 480 524 —-
497 500 559 530 Non
582 500 780 530 contrahenda
799 499 914 529 debita:
934 509 987 529 nec

279 545 457 574 admittenda
477 544 616 583 deposita.
627 560 667 566 —
681 542 828 573 officiales
844 543 987 573 discretae

278 588 440 626 eligendae.
466 606 505 611 —
525 588 654 626 Tempus
672 592 701 617 et
721 587 784 617 loca
803 586 922 616 silentii.
950 604 988 610 —

829 262 1039 286 lxsocsssrtcs
1066 263 1099 286 tv
1121 263 1171 286 1⁸1³.

1658 255 1723 289 571

1028 331 1097 354 rum
1129 318 1168 353 de
1203 318 1297 353 verbo
1330 321 1368 355 ad
1397 319 1527 355 verbnm
1560 321 1777 368 praesentibus

1028 368 1122 403 inseri
1144 367 1306 406 facientes,
1329 370 1382 414 qui
1406 369 1475 404 talis
1497 377 1554 404 est:

1076 417 1097 464 ἓ
1135 419 1168 451 2.
1210 416 1394 464 Raynaldns
1433 418 1634 453 miseratione
1672 418 1775 454 divina
1805 426 1906 464 itidem,
1945 430 1974 452 o-

1027 465 1184 501 Ostiensis
1205 473 1237 500 et
1263 466 1465 501 velletrensis
1491 468 1670 514 episcopus,
1696 459 1973 503 clia-''¹⁰¹¹‘'⁵⁰‘''“‘⁰‘

1805 490 1828 514 l,
1863 495 1902 511 eeu
1929 491 1974 510 eiu·

1028 515 1171 550 rissimae
1192 515 1249 550 sibi
1283 517 1314 550 in
1351 515 1477 551 Christo
1508 517 1596 551 matri
1632 524 1663 551 et
1696 517 1830 570 filiacffc
1851 520 1915 540 ‘¹⁰¹⁸
1939 520 1974 539 ¹¹¹·

1769 568 1774 573 .
1801 554 1857 571 θΙἸΣθ4

1028 564 1174 600 dominae
1185 564 1307 608 Clarae,
1322 565 1495 599 abbatissae
1510 565 1617 600 Sancti
1632 565 1775 601 Damiani

1792 267 1842 293 An.
1860 267 1887 294 C.
1908 269 1975 295 ¹253

278 631 399 668 Quando
421 637 449 662 et
474 632 601 672 qualiter
622 632 657 662 ad
685 636 794 661 cratem
817 631 987 670 colloquen-
1028 613 1222 669 Assisinatis,
1249 614 1380 660 eiusque
1402 614 1575 669 SPFOFibUS'
1603 622 1663 649 [am
1688 628 1777 659 iffae·

278 676 407 705 dum.—
422 676 524 706 Modus
543 680 571 706 et
592 675 722 706 custodia
740 675 839 705 cratis.
859 692 897 698 —
914 675 987 705 Pau-
1028 662 1182 703 SCUUbUSv
1204 675 1299 710 quam
1327 662 1451 705 sutum,
1474 663 1606 697 salutem
1629 672 1659 698 Εῑ
1686 663 1776 699 bene·

278 724 374 758 pertas
403 730 519 750 summo
542 721 639 750 studio
666 720 817 749 servanda.
846 736 885 742 —
912 720 985 749 Pro·
1028 711 1196 746 dictionem
1222 719 1393 756 paternam.
1423 712 1503 754 Quia
1539 724 1607 751 vos,
1642 712 1777 748 dilectae

278 765 387 802 prietas
405 766 525 795 omnino
543 765 669 795 vitanda.
684 782 723 787 -
737 764 940 795 Laborandum
959 765 986 794 in
1029 760 1058 794 in
1075 759 1203 796 Christo
1222 760 1314 802 filiae,
1334 760 1443 794 mundi
1464 772 1595 807 pompas
1609 769 1639 795 et
1657 761 1778 796 delitias

278 817 367 847 opere
389 817 539 838 manuum.
562 825 600 831 —
618 808 771 838 Abbatissa
789 809 823 838 de
842 808 986 843 laboritio,

278 856 306 881 et
323 851 519 891 eleemosynis
535 852 680 890 disponat.
693 869 730 874 —
742 852 819 882 Nihil
837 853 985 891 proprium

277 904 394 925 sorores
409 900 555 934 reputent.
573 913 612 918 —
629 896 706 925 Nihil
729 897 920 926 emittendum
943 897 985 926 vel

275 940 479 979 recipiendum
499 940 666 970 inconsulta
690 939 852 969 abbatissa.
869 956 907 962 —
922 939 988 969 Ser-

277 983 413 1014 viendum
432 988 459 1013 et
471 983 684 1023 providendum
706 984 841 1013 infirmis,
857 1000 896 1006 -—
909 982 987 1019 Quo-

277 1028 362 1058 modo
398 1028 524 1058 infirmis
554 1027 734 1057 cubandum.
766 1043 804 1050 —-
836 1027 986 1065 Fugienda

277 1070 421 1110 colloquia
445 1071 627 1101 intrantium.
654 1087 691 1093 —
714 1071 872 1101 Peccantes
892 1072 986 1101 corri-

276 1114 399 1153 gendae.
421 1131 460 1137 —-
477 1114 615 1145 Rixantes
632 1115 844 1145 conciliandae.
863 1131 900 1138 ——-
921 1115 988 1145 Ser-

275 1157 421 1188 vientibus
445 1163 523 1188 extra
554 1159 766 1189 monasterium
789 1167 864 1197 qnae
887 1159 987 1189 obser-

277 1202 380 1232 vanda.
395 1219 434 1225 —
450 1201 625 1233 Abbatissae
644 1202 815 1232 charitative
831 1202 987 1240 corrigant.

274 1261 315 1268 —·
335 1244 415 1281 Quae
433 1246 550 1276 vitanda
569 1256 582 1275 a
607 1246 769 1276 sororibus.
788 1262 826 1268 ——
843 1244 987 1276 Ostiariae

276 1289 367 1327 leges.
384 1306 424 1312 —
441 1289 533 1327 Leges
552 1290 712 1319 visitatoris
735 1294 762 1319 et
780 1290 933 1329 capellani.
950 1306 988 1312 —

237 1363 408 1392 Innocentius
430 1363 572 1400 episcopus
587 1371 682 1393 servus
716 1371 854 1393 sorvorum
873 1364 928 1396 Dei.
947 1365 990 1392 di-

280 1412 363 1441 lectis
380 1413 408 1441 in
440 1413 548 1442 Christo
567 1413 675 1441 filiabus
693 1414 806 1442 Sanctae
825 1413 919 1442 Clarae
942 1413 990 1440 ab—
1008 1422 1010 1446 ς

281 1461 412 1495 natissae.
434 1462 549 1498 aliisquo
563 1462 701 1490 sororibus
722 1462 884 1491 monasterii
900 1462 989 1490 Sancti

281 1509 403 1539 Damiani
417 1510 588 1544 Amisia-ms,
614 1510 732 1539 salutem
753 1511 783 1539 et
815 1510 988 1546 apostolicam
1009 1526 1011 1537 i
1118 1542 1124 1548 ,

1009 1558 1010 1563 =
1031 1541 1091 1577 bus
1117 1555 1148 1577 tn
1179 1549 1283 1577 vestro
1319 1543 1510 1577 monasterio
1536 1543 1782 1580 succedentibus

1010 1591 1060 1629 ,in
1098 1599 1328 1639 perpepetuum
1364 1592 1600 1632 confirmamus,
1630 1602 1660 1627 et
1689 1606 1781 1641 prae—

281 1558 506 1587 benedictionem.

287 1628 374 1664 Solet
406 1641 543 1664 annuere
574 1630 675 1664 Sedes
711 1630 891 1676 Apostolica
930 1631 990 1676 piis

240 1677 332 1722 votis,
352 1686 383 1712 et
406 1678 546 1713 honestis
570 1678 741 1722 petentium
768 1679 918 1724 precibus
946 1679 991 1713 fa-

239 1738 346 1762 vorem
361 1726 549 1762 benevolum
574 1727 737 1774 impartiri.
761 1727 807 1762 Ex
830 1737 918 1773 parte
944 1729 990 1762 si-·

241 1775 371 1822 quidem
393 1784 494 1811 vestra
517 1776 608 1811 nobis
623 1776 722 1811 extitit
741 1776 904 1811 humiliter
919 1789 991 1824 sup-

244 1824 403 1871 plicatum,
426 1834 461 1859 ut
481 1825 561 1859 vitae
583 1825 762 1864 formulam,
787 1826 871 1860 iuxta
897 1838 990 1873 quam

243 1873 453 1908 communiter
478 1873 508 1907 in
531 1873 700 1920 spirituum
723 1875 902 1914 unitate,ac
921 1883 991 1909 voto

243 1922 411 1957 altissimae
446 1922 648 1968 paupertatis,
686 1922 789 1957 rivere
824 1923 991 1967 deberetis,

245 1975 333 2011 vobis
359 1987 375 2010 a
398 1975 490 2010 heato
512 1974 680 2010 Francisco
706 1975 868 2020 traditam,
911 1985 940 2011 et
976 1990 991 2011 a

74 1672 193 1695 Exordium.

55 1972 80 1994 Α.
87 1972 107 1993 Β.
117 1972 230 1994 Francisco

46 2003 144 2025 (rt-fissia
183 2003 231 2024 dat·

46 2034 127 2062 regula.

247 2090 353 2117 noster
375 2081 534 2117 Ostiensis
549 2090 580 2116 et
601 2082 798 2118 Vellitrensis
826 2084 994 2131 episcopus

246 2135 370 2171 duxerit
405 2135 654 2182 approbandam,
693 2137 867 2172 secundum
908 2138 992 2184 quod

248 2191 278 2224 in
301 2189 400 2237 ipsius
421 2189 562 2236 episcopi
584 2189 696 2224 litteris
731 2190 856 2237 plenius
893 2189 994 2225 couti-

248 2250 349 2284 netur,
371 2254 429 2277 nos
455 2253 641 2277 curaremus
680 2244 853 2289 apostolico
883 2244 996 2278 muni-

248 2295 333 2331 mine
354 2294 512 2330 roborare.

297 2352 314 2393 5
334 2351 365 2383 1.
389 2347 574 2383 Devotionis
596 2349 690 2394 igitur
709 2358 828 2385 vestrae
850 2350 996 2398 precibus

68 2399 98 2420 ΑΒ
135 2400 236 2426 ⁸⁹⁵⁸⁶⁰⁹⁰
251 2401 404 2446 inclinati,
426 2402 509 2449 qnod
533 2403 572 2437 ab
594 2402 705 2437 eodem
728 2404 876 2451 episcopo
902 2416 997 2450 super

54 2429 147 2452 oettonei
185 2434 238 2450 exa-

56 2491 128 2511 centio
160 2490 239 2512 conflr-

57 2523 131 2541 untur.

254 2561 426 2604 firmamus,
454 2571 485 2598 et
507 2563 680 2610 praesentis
701 2562 807 2609 scripti
826 2563 998 2609 patrocinio

254 2615 500 2657 communimus,
532 2623 672 2651 tenorem
706 2615 878 2650 litterarum
914 2616 998 2663 ipsa-

1028 810 1277 855 contempsistis,
1306 817 1338 844 et
1366 810 1467 856 ipsius
1489 809 1618 849 Christi,
1646 811 1778 857 eiusque

1028 859 1245 894 sanctissimae
1256 859 1362 893 matris
1377 866 1545 905 sequentes
1563 859 1703 905 vestigia,
1720 860 1778 894 ele-

1027 908 1119 954 gistis
1154 908 1292 943 habitare
1322 908 1460 943 inclusae
1493 920 1642 955 corpore,
1678 916 1710 943 et
1745 909 1776 942 in

1029 965 1210 1004 paupertate
1244 970 1366 991 summa
1399 957 1571 995 deservire,
1607 966 1640 992 nt
1672 966 1778 992 mente

1027 1005 1122 1040 libera
1149 1007 1274 1053 possitis
1299 1005 1435 1041 Domino
1462 1006 1619 1040 famulari:
1643 1019 1700 1041 nos
1724 1020 1779 1041 ve-

1028 1062 1126 1089 strum
1163 1063 1304 1090 sanctum
1342 1055 1535 1102 propositum
1572 1055 1601 1088 in
1639 1055 1777 1090 Domino

1029 1104 1297 1147 commendantes,
1313 1104 1394 1138 votis
1417 1105 1536 1146 vestris,
1550 1112 1579 1137 vt
1597 1105 1713 1139 sanctis
1726 1104 1778 1138 de-

1028 1152 1151 1187 sideriis
1177 1153 1309 1188 libenter
1332 1153 1482 1187 volumns
1507 1152 1620 1186 affectu
1649 1161 1777 1199 paterno

1030 1200 1165 1235 favorem
1191 1201 1379 1237 benevolum
1401 1202 1562 1249 impartiri.
1591 1201 1778 1248 Eapropter,

1030 1251 1140 1284 vestris
1158 1250 1218 1297 piis
1233 1250 1379 1297 precibus
1402 1250 1555 1293 inclinati,
1579 1249 1708 1285 sormam
1732 1251 1779 1285 vi-

1030 1298 1122 1333 vendi
1150 1311 1186 1333 ac
1207 1299 1337 1334 modum
1365 1307 1490 1334 sanctae
1512 1299 1653 1335 unitatis,
1675 1311 1711 1334 ac
1732 1299 1779 1334 al-

1031 1347 1167 1381 tissimae
1185 1348 1390 1394 paupertatis,
1414 1360 1506 1394 quain
1531 1348 1620 1382 vobis
1640 1347 1678 1382 Β.
1696 1357 1780 1392 pater

1029 1395 1233 1434 Franciscns,
1250 1396 1345 1430 verbo
1361 1404 1390 1430 rt
1406 1397 1522 1443 scripto
1537 1396 1663 1431 tradidit
1675 1397 1781 1432 obser-

1031 1445 1176 1484 vandam,
1200 1444 1419 1491 praesentibus
1437 1454 1617 1480 annotatam
1639 1447 1780 1480 auctori-

1031 1501 1091 1527 tate
1110 1493 1229 1528 domini
1249 1493 1353 1541 Papae
1375 1503 1403 1528 et
1427 1506 1507 1534 mea,
1529 1494 1616 1530 vobis
1633 1503 1663 1529 et
1681 1495 1782 1530 omni-

1031 1641 1129 1675 sentis
1167 1640 1274 1688 scripti
1312 1641 1484 1687 patrocinio
1525 1654 1781 1687 communimus,

1031 1701 1112 1736 quae
1141 1689 1208 1724 talis
1234 1698 1291 1724 est.

1336 1763 1416 1798 Car.
1443 1768 1472 1798 1.

1081 1833 1192 1880 Incipit
1221 1834 1325 1879 regula
1355 1842 1386 1869 et
1419 1835 1515 1869 forma
1547 1837 1626 1870 vitae
1660 1837 1779 1872 ordinis
1807 1843 1980 1870 Resutaetvss·

1033 1894 1174 1917 sororum
1199 1881 1391 1929 pauperum,
1423 1896 1516 1930 quam
1546 1884 1658 1920 beatus
1678 1885 1780 1921 Fran·
1792 1873 1891 1931 {ziffifn
1923 1872 1981 1894 ΡΨ

1034 1932 1136 1965 ciscus
1148 1931 1290 1965 instituit.
1309 1931 1397 1973 Quae
1413 1933 1539 1979 quidem
1552 1943 1612 1968 est:
1627 1933 1779 1970 Sanctum

1012 1980 1242 2026 ,Evangelium
1276 1980 1401 2015 Domini
1431 1981 1533 2016 Nostri
1562 1983 1631 2018 lesu
1662 1983 1782 2019 Christi

245 2028 334 2064 vobis
350 2036 462 2076 sponte
476 2036 668 2076 susceptam.
687 2029 871 2064 venerabilis
901 2030 994 2065 frater

1013 2081 1015 2087 ‘
1036 2078 1162 2124 proprio
1185 2086 1211 2112 et
1235 2078 1265 2112 in
1285 2079 1436 2113 castitate.
1460 2078 1550 2115 Clara
1575 2081 1702 2127 indigna
1726 2095 1783 2116 an-

1034 2028 1216 2069 observare,
1258 2030 1389 2064 vivendo
1429 2031 1457 2064 in
1499 2031 1675 2067 ohedientia
1714 2034 1782 2068 siue

1035 2126 1104 2160 cilla
1126 2125 1244 2161 Christi
1266 2135 1297 2160 et
1329 2127 1466 2173 plantula
1488 2129 1660 2164 beatissimi
1688 2132 1783 2177 patris

1036 2175 1207 2214 Francisci,
1232 2176 1386 2221 promittit
1404 2177 1632 2212 observantiam
1651 2187 1681 2213 et
1703 2192 1781 2213 rere-

1036 2224 1169 2258 rentiam
1186 2224 1314 2259 domino
1332 2225 1437 2272 Papae
1453 2225 1650 2267 Innocentio,
1666 2235 1696 2262 et
1711 2240 1783 2262 snc-

1037 2272 1218 2307 cessoribus
1245 2273 1313 2307 eius
1339 2275 1489 2309 canonice
1523 2275 1724 2319 intrantibus,
1753 2285 1783 2310 et

1015 2321 1195 2356 ÷Eectesiae
1221 2321 1392 2356 Romanae.
1421 2322 1462 2358 Et
1495 2323 1575 2358 sicut
1600 2325 1630 2358 in
1667 2325 1783 2372 princi-

1038 2371 1088 2417 pio
1111 2370 1325 2404 conversionis
1346 2383 1433 2414 suae,
1453 2383 1513 2406 una
1531 2384 1602 2406 cum
1622 2373 1783 2409 sororibus

1016 2419 1102 2458 ,suis
1130 2419 1270 2464 promisit
1298 2419 1509 2455 obedientiam
1535 2420 1627 2456 beato
1651 2421 1784 2458 Franci-

56 2461 148 2486 ffl¹=⁸b
170 2458 238 2481 ¹³⁰⁰·
250 2455 313 2491 hoc
347 2455 462 2491 factum
497 2465 555 2494 est,
590 2465 619 2491 et
647 2464 746 2491 ratum
781 2456 933 2492 habentes
967 2460 1017 2492 et*

252 2515 387 2555 gratum,
416 2509 494 2544 illud
525 2510 706 2544 auctoritate
728 2509 899 2556 apostolica
920 2522 998 2545 con·
1017 2508 1019 2536 ἶ

1038 2479 1106 2507 sc0,
1135 2468 1174 2501 ita
1201 2468 1343 2502 eamdem
1380 2470 1531 2514 promittit
1565 2470 1784 2508 inviolabiliter

1039 2516 1204 2551 observare
1242 2518 1479 2552 successoribus
1513 2519 1588 2553 suis.
1629 2519 1668 2555 Et
1705 2521 1784 2557 aliae

1039 2577 1162 2600 sorores
1195 2574 1359 2600 teneantur
1391 2578 1515 2614 semper
1548 2570 1785 2605 successoribus

1017 2648 1019 2654 ,
1040 2613 1118 2648 beati
1150 2614 1306 2649 Francisci
1330 2624 1359 2649 et
1386 2618 1485 2650 sorori
1509 2615 1631 2660 Clarae,
1657 2626 1687 2653 et
1714 2619 1783 2655 aliis
