2129 3223
56 223 103 251 An.
125 224 153 251 C.
169 226 234 251 l⁴2l5

247 279 327 324 gliae
348 278 524 321 concitavit,
566 277 604 312 ita
640 284 671 311 nt
703 275 813 310 ordine
845 288 990 323 perverso

249 330 278 363 in
302 328 387 363 illurn
417 328 627 372 insurgerent,
662 334 825 372 postquam
863 338 990 360 conver-

247 390 302 412 sus
328 376 488 412 Ecclesiae
521 375 680 414 satisfecit,
714 375 766 421 qui
802 375 989 409 assistebant

246 426 345 461 cidem
369 425 496 472 quando
512 425 685 460 Ecclesiam
701 423 889 459 offendebat.
911 424 987 459 Orta

65 483 155 505 Burones
180 475 402 522 con-siquidem
432 475 511 509 inter
537 487 590 509 eos
618 474 820 509 dissentionis
848 474 986 514 materia,

51 517 142 570 plantum
161 515 231 536 ³⁰⁸⁰*
244 537 315 559 cum
339 525 445 571 plures
466 524 535 558 (lies
556 523 660 558 statuti
684 523 815 558 luissent
849 522 886 557 ad
923 530 986 557 tra—

243 573 391 609 ctandum
415 574 454 609 de
473 586 560 620 pace,
595 572 740 619 utrinque
776 572 900 606 interim
932 584 985 606 so-

243 622 364 659 lemnes
387 623 493 658 nuncii
520 623 556 657 ad
581 630 715 657 nostram
743 621 871 656 fuerunt
903 633 986 667 prae-

61 675 109 697 ¹5⁰¹³
141 677 165 711 ‘¹9
187 673 373 708 ¹¹⁰⁶sentiam
410 672 566 708 destinati.
601 671 683 706 Cum
723 670 840 717 quibus
879 670 984 705 habito

49 705 172 728 ¹⁰⁰⁰⁶⁰¹¹²¹¹²
240 721 380 768 diligenti
409 729 551 765 tractatu,
575 728 643 768 post
678 720 799 767 plenam
825 719 983 755 delibera-

239 772 355 807 tionem
383 772 567 818 scripsimus
587 783 643 818 per
663 769 792 805 eosdem
820 768 983 816 Stephano

237 820 458 856 Cantauriensi
493 820 728 867 archiepiscopo
756 827 786 854 et
824 820 982 867 episcopis

237 870 430 918 Anglicanis,
464 870 683 917 praecipiendo
713 868 919 908 mandantes,
949 877 981 903 ut

236 920 273 955 ad
302 920 531 956 reformandam
565 920 645 954 inter
688 927 837 966 utrosque
877 930 979 953 veram

235 977 264 1004 et
291 969 415 1017 plenam
455 969 655 1005 concordiam
685 968 821 1014 diligens
855 969 980 1014 impen-

234 1018 344 1055 derent
393 1020 531 1054 studium
560 1028 587 1053 et
631 1030 756 1064 operam
798 1018 978 1061 efficacem,

233 1080 343 1104 omnes
370 1070 603 1104 coniurationes
650 1076 677 1101 et
716 1068 977 1113 conspirationes,

232 1118 257 1154 si
280 1130 360 1165 quae
381 1118 502 1154 fuerant
520 1118 598 1153 forte
625 1125 843 1163 praesumptae
860 1129 875 1151 a
898 1124 977 1150 tem-

233 1179 307 1213 pore
336 1167 483 1203 subortae
516 1167 691 1203 discordiae
733 1166 813 1201 inter
845 1178 975 1212 regnum

231 1225 261 1252 et
284 1217 506 1261 sacerdotium,
542 1216 712 1264 apostolica
750 1215 976 1250 denunciantes

232 1267 416 1302 auctoritate
433 1274 579 1303 cassatas.
606 1274 636 1300 et
669 1278 723 1313 per
756 1266 975 1300 excommuni-

231 1316 365 1351 cationis
385 1316 570 1352 sententiam
606 1315 793 1353 inhibentes,
831 1326 870 1349 nc
904 1314 974 1349 talia

231 1365 270 1400 de
296 1375 417 1402 caetero
440 1373 716 1413 praesumerentur
747 1377 763 1399 a
801 1375 973 1411 quoquam,

231 1423 393 1461 magnates
432 1423 462 1450 et
494 1414 616 1449 nobiles
651 1413 782 1460 Angliae
817 1413 973 1447 monendo

231 1464 414 1511 prudenter,
443 1472 473 1499 et
504 1464 671 1499 efficaciter
695 1462 911 1517 iniungendo,
940 1472 973 1517 ut

230 1526 287 1561 per
307 1514 469 1550 manifesta
510 1513 687 1549 devotionis
725 1521 755 1547 et
789 1512 973 1547 humilitatis

231 1562 346 1599 indicia
368 1564 473 1612 ipsum
497 1576 601 1610 regem
624 1563 680 1597 sibi
714 1563 835 1609 placere
869 1561 973 1596 stude-

229 1620 309 1654 rent;
335 1625 372 1649 ac
394 1613 507 1649 deinde
529 1614 554 1648 si
577 1613 654 1661 quid
678 1612 767 1647 abeo
780 1611 972 1646 deducerent

229 1662 463 1708 postulandum,
486 1675 548 1698 non
572 1663 754 1703 insolenter,
776 1661 829 1696 sed
865 1661 973 1696 humi-

227 1711 298 1747 liter
329 1713 543 1760 implorarent,
577 1711 711 1757 regalem
751 1718 972 1746 conservantes

227 1761 255 1795 ei
281 1761 446 1806 honorem,
468 1771 499 1797 et
524 1761 709 1796 exhibentes
747 1759 872 1795 servitia
901 1772 971 1795 con-

226 1819 325 1854 sueta,
351 1824 431 1857 quae
470 1811 527 1857 ipsi
559 1819 589 1845 et
625 1810 880 1857 praedecessores
917 1822 972 1845 eo-

227 1871 296 1894 rum
336 1861 394 1895 sibi
421 1869 450 1895 et
485 1859 782 1907 praedecessoribus
814 1860 877 1893 suis
918 1873 969 1894 im-

228 1909 414 1956 penderunt:
443 1922 515 1944 cum
554 1922 592 1944 ex
628 1909 674 1944 eis
706 1910 772 1956 ipse
811 1920 863 1943 rex
907 1922 970 1944 non

227 1957 339 1994 debeat
375 1958 496 2005 absque
538 1958 654 1993 iudicio
681 1957 818 2006 spoliari,
855 1966 887 1993 ut
926 1960 971 1993 sic

226 2007 312 2054 quod
339 2008 550 2047 intenderent,
581 2019 708 2054 possent
738 2007 861 2042 facilius
893 2007 972 2043 obti-

227 2068 312 2093 nere.
336 2057 400 2092 Nos
421 2058 503 2092 enirn
526 2057 661 2092 eundem
693 2069 797 2104 regem
836 2069 890 2104 per
925 2058 972 2092 lit-

227 2114 307 2142 teras
334 2116 457 2142 nostras
490 2107 678 2152 rogavimus,
711 2116 742 2141 et
776 2107 970 2151 monuimus,

225 2164 256 2191 et
278 2166 332 2203 per
354 2156 508 2204 praefatos
530 2156 799 2203 archiepiscopum
838 2165 867 2191 et
901 2159 970 2203 epi-

226 2217 339 2253 scopos
379 2205 584 2240 nihilominns
627 2206 725 2251 rogari
772 2213 801 2239 et
848 2208 968 2241 moneri

227 2255 448 2291 mandavimus
466 2256 497 2289 in
522 2255 737 2290 remissionem
773 2254 832 2289 sibi
858 2268 970 2302 pecca-

227 2304 349 2340 minum
372 2305 584 2351 iniungentes,
608 2312 763 2351 quatenus
797 2305 971 2351 praedictos

227 2361 388 2400 magnates
421 2361 452 2388 et
484 2353 608 2389 nobiles
642 2353 777 2399 henigne
814 2361 970 2395 tractaret,

227 2409 258 2437 et
279 2403 377 2438 iustas
403 2415 511 2438 eorum
541 2403 707 2449 petitiones
725 2403 895 2438 clementer
921 2404 970 2438 ad-

228 2451 374 2496 mitteret,
397 2461 430 2487 ut
457 2460 487 2487 et
509 2453 565 2499 ipsi
595 2451 823 2498 congaudendo
853 2464 971 2499 cogno-

228 2509 352 2537 scerent
371 2513 445 2537 eum
470 2503 502 2536 in
529 2501 689 2536 meliorem
723 2508 835 2535 statum
868 2501 970 2537 divina

227 2551 324 2595 gratia
339 2562 410 2586 esse
431 2559 598 2592 mutatum,
619 2562 655 2585 ac
678 2563 732 2596 per
760 2550 817 2585 hoc
852 2550 910 2598 ipsi
941 2560 972 2586 et

230 2599 379 2635 haeredes
399 2612 508 2635 eorum
543 2600 600 2635 sibi
629 2607 659 2634 et
687 2599 872 2634 haeredibus
904 2602 971 2635 suis

845 220 1053 244 rNNOCENTms
1074 221 1111 243 111
1134 221 1180 244 ΡΡ.

1657 215 1726 248 299

1030 275 1181 311 deberent
1222 278 1397 324 promptius
1436 286 1467 313 et
1496 278 1639 314 devotius
1677 279 1775 316 saniu-

1031 325 1096 364 lari;
1125 325 1213 372 plena
1236 327 1283 360 eis
1307 327 1336 362 in
1372 328 1534 369 veniendo,
1562 329 1713 365 morando
1743 341 1773 365 et

1030 374 1206 410 recedendo
1225 377 1390 411 securitate
1417 390 1580 421 concessa,
1604 378 1643 414 ita
1685 380 1770 427 quod

1029 425 1053 458 si
1090 424 1167 460 sorte
1207 427 1352 472 nequiret
1391 426 1470 462 inter
1506 440 1561 463 eos
1600 430 1770 465 concordia

1029 474 1206 521 provenire,
1221 475 1250 509 in
1269 476 1353 510 curia
1375 489 1430 511 sua
1449 489 1502 524 per
1525 485 1627 524 partes
1648 491 1769 523 eorum,

1027 523 1201 558 secundum
1224 524 1308 569 leges
1342 533 1370 560 et
1403 526 1648 562 consuetudines
1684 531 1768 576 regni

1026 572 1152 607 suborta
1187 573 1339 609 dissentio
1361 576 1528 621 sopiretur.
1552 576 1668 611 Verum
1712 591 1769 614 an·
1797 585 1880 607 ΜΨ
1921 593 1965 604 ·”“

1027 630 1149 669 tequam
1174 623 1279 658 nuncii
1302 637 1374 658 cuin
1398 625 1456 659 hoc
1479 626 1606 671 provido
1628 634 1658 661 et
1687 618 1862 664 ius10'³¹'⁰‘'³'

1026 672 1170 706 mandato
1194 673 1369 713 rediissent,
1392 673 1433 707 illi
1463 674 1635 710 iuramento
1675 677 1767 713 fideli-

1025 721 1095 755 tatis
1117 723 1245 756 omnino
1271 731 1474 770 contempto,
1513 737 1585 759 cum
1629 727 1687 761 etsi
1713 741 1767 763 rex

1023 783 1078 805 eos
1113 771 1228 806 iniuste
1264 781 1433 819 gravasset,
1473 774 1530 819 ipsi
1568 782 1670 810 tamen
1704 790 1764 813 non

1023 819 1207 856 debuissent
1228 822 1272 856 sic
1300 835 1390 868 agere
1407 831 1513 858 contra
1547 836 1631 868 eum,
1666 835 1701 860 ut
1735 827 1764 862 in

1022 882 1115 905 causa
1143 883 1197 906 sua
1241 871 1335 907 iidem
1371 873 1489 907 iudices
1518 881 1548 908 et
1582 884 1766 911 executores

1021 920 1212 965 existerent,
1241 921 1361 956 vassalli
1386 930 1491 957 contra
1528 922 1704 965 dominum,
1735 934 1765 960 et

1020 969 1136 1004 milites
1163 978 1270 1006 contra
1294 983 1396 1017 regem
1413 972 1538 1019 publice
1551 974 1764 1019 coniurantes,

1021 1031 1083 1053 non
1111 1019 1212 1054 solum
1236 1033 1307 1055 curn
1334 1021 1415 1062 aliis,
1442 1021 1496 1056 sed
1520 1034 1590 1057 curn
1618 1024 1688 1060 eius
1702 1037 1765 1060 ma-

1021 1068 1229 1104 nifestissimis
1255 1071 1391 1106 inimicis
1405 1082 1682 1119 praesumpserunt
1694 1087 1765 1110 con-

1020 1126 1064 1152 tra
1086 1131 1159 1153 eum
1182 1131 1265 1154 arma
1304 1133 1430 1155 movere
1450 1148 1457 1161 ,
1495 1131 1686 1167 occupantes
1734 1132 1763 1158 et

1018 1168 1214 1204 devastantes
1241 1177 1337 1204 terras
1352 1170 1449 1211 illius;
1472 1171 1510 1205 ita
1525 1184 1664 1219 quoque,
1680 1174 1763 1220 quod

1018 1218 1173 1253 civitatem
1196 1218 1445 1260 Londinensem,
1472 1233 1553 1267 quae
1587 1223 1681 1258 sedes
1715 1232 1761 1258 est

1017 1267 1115 1313 regni,
1138 1268 1312 1314 proditione
1328 1269 1385 1304 sibi
1414 1270 1557 1305 traditam
1572 1272 1760 1308 invaserunt.

1018 1316 1142 1351 luterim
1191 1318 1336 1364 praefatis
1368 1326 1470 1354 autem
1508 1321 1630 1355 nunciis
1664 1334 1764 1357 rever·
1786 1331 1845 1366 ,lum
1869 1336 1957 1359 momu-

1016 1366 1166 1407 tentibus,
1191 1379 1243 1401 rex
1270 1367 1382 1402 obtulit
1422 1370 1467 1404 eis
1499 1371 1675 1405 secundum
1704 1365 1850 1414 for-{ihsex
1868 1362 1957 1383 “mu''

1015 1428 1097 1450 mam
1121 1416 1258 1451 mandati
1282 1418 1376 1451 nostri
1418 1420 1550 1454 iustitiae
1589 1420 1761 1467 plenitudi-

1016 1477 1085 1500 nem
1113 1466 1273 1505 exhibere,
1295 1479 1389 1511 quam
1414 1469 1470 1515 ipsi
1503 1470 1633 1504 omnino
1669 1483 1760 1517 sper-

1015 1522 1136 1558 nentes,
1175 1525 1349 1563 coeperunt
1385 1530 1494 1552 manus
1533 1519 1701 1555 extendere
1721 1521 1758 1556 ad

1014 1564 1131 1611 peiora.
1159 1565 1252 1600 Unde
1287 1578 1340 1600 rex
1388 1567 1454 1613 ipse
1496 1568 1533 1603 ad
1568 1569 1758 1605 audientiam

1015 1622 1153 1649 nostram
1177 1615 1350 1662 appellans,
1381 1617 1494 1652 obtulit
1527 1618 1573 1652 eis
1611 1619 1758 1655 exhibere

1014 1663 1161 1698 iustitiam
1191 1676 1295 1699 coram
1324 1666 1424 1711 nohis,
1456 1666 1493 1700 ad
1533 1680 1628 1714 quem
1664 1668 1758 1704 huius

1013 1725 1124 1747 causae
1148 1714 1299 1749 iudicium
1332 1716 1450 1751 ratione
1485 1715 1617 1752 dominii
1653 1720 1757 1765 perti-

1013 1762 1117 1803 nebat,
1145 1763 1228 1810 quod
1256 1764 1315 1810 ipsi
1343 1773 1417 1799 sunt
1444 1766 1567 1812 penitus
1589 1769 1755 1812 aspernati.

1013 1811 1136 1847 Deinde
1170 1812 1283 1847 obtulit
1318 1813 1390 1854 illis,
1432 1823 1465 1849 ut
1500 1824 1560 1850 tam
1602 1816 1641 1852 ab
1676 1818 1755 1864 ipso,

1012 1874 1104 1908 quam
1129 1862 1189 1897 illis
1210 1871 1344 1909 quatuor
1366 1864 1420 1898 viri
1455 1864 1646 1911 eligerentur
1680 1879 1756 1915 pru-

1012 1911 1122 1946 dentes
1168 1913 1221 1958 qui
1274 1925 1332 1948 una
1380 1913 1542 1950 nobiscum
1596 1916 1755 1952 subortam

1012 1961 1092 1995 inter
1125 1973 1179 1996 eos
1217 1961 1406 1998 discordiam
1437 1965 1660 2007 terminarent,
1683 1978 1756 2014 pro⁸⁵

1012 2010 1150 2055 mittens,
1177 2011 1261 2058 quod
1284 2020 1355 2047 ante
1381 2014 1486 2048 omnia
1507 2024 1666 2051 revocaret
1683 2017 1756 2051 uni-

1012 2071 1118 2095 versos
1151 2060 1279 2104 abusus,
1313 2062 1507 2110 quicumque
1551 2064 1684 2100 fuissent
1724 2066 1755 2100 in

1011 2109 1123 2156 Anglia
1142 2122 1199 2145 suo
1220 2118 1361 2158 tempore
1387 2112 1573 2148 introducti:
1612 2114 1667 2149 sed
1700 2127 1757 2150 nee

1012 2159 1071 2193 hoc
1097 2158 1140 2193 illi
1163 2159 1282 2205 dignati
1304 2169 1379 2195 sunt
1410 2170 1581 2208 acceptare.
1614 2162 1753 2198 Tandem

1013 2207 1074 2242 illis
1097 2220 1149 2243 rex
1177 2210 1352 2255 proposuit,
1378 2211 1461 2257 quod
1485 2224 1556 2246 cum
1579 2214 1665 2258 regni
1697 2212 1755 2247 do-

1012 2257 1144 2292 minium
1167 2258 1203 2292 ad
1230 2257 1406 2294 Romanam
1446 2259 1619 2295 Ecclesiam
1660 2263 1755 2308 perti-

1012 2313 1109 2346 neret,
1138 2307 1203 2354 ipse
1226 2319 1286 2342 non
1310 2316 1440 2354 poterat,
1468 2321 1525 2344 nec
1540 2310 1756 2346 debebatabs-

1011 2367 1072 2401 que
1097 2364 1203 2391 nostro
1242 2356 1369 2403 speciali
1405 2358 1551 2393 mandato
1585 2359 1752 2407 quicquam

1012 2404 1050 2439 de
1073 2405 1125 2439 illo
1148 2406 1178 2439 in
1203 2415 1342 2440 nostrum
1372 2406 1599 2453 praeiudicium
1633 2409 1755 2444 immu-

1012 2462 1086 2489 tare.
1110 2452 1202 2489 Unde
1226 2467 1331 2490 rursus
1352 2455 1391 2490 ad
1413 2465 1550 2492 nostram
1564 2457 1753 2494 audientiam

1012 2503 1191 2550 appellavit;
1234 2505 1385 2550 seipsum,
1426 2518 1461 2540 ac
1509 2518 1642 2554 regnum
1681 2521 1753 2544 cum

1012 2553 1095 2587 omni
1131 2554 1248 2588 honore
1288 2567 1323 2588 ac
1362 2554 1427 2588 iure
1474 2568 1531 2591 suo
1565 2557 1754 2604 apostolicae

1014 2603 1196 2649 protectioni
1236 2615 1426 2649 supponens.
1467 2604 1529 2640 Sed
1564 2618 1635 2641 cum
1666 2608 1753 2643 nullo

1793 225 1839 251 An.
1860 225 1884 250 C,
1906 226 1973 252 stt&

1781 2222 1812 2243 Nil
1828 2223 1922 2250 profi-it:
