2129 3223
827 215 923 240 iimtzx
952 216 1163 240 nvnmcanmu

228 269 330 302 XXIII.
353 269 444 302 Prior
463 275 493 301 et
513 270 624 302 fratres
644 270 775 303 Sanctae
802 271 915 304 Maria-:-
936 272 973 304 de
993 275 998 322 l

318 318 426 351 Rheno
452 318 483 350 in
518 319 709 351 monasterio
742 319 875 353 Sanctae
903 321 997 369 Fra-f

315 366 400 400 xedis
428 367 466 400 (lc
491 367 574 400 Urbe
599 368 748 409 degentes
768 370 807 401 ob
833 369 996 414 inobsory

315 415 472 448 vationcm
505 417 634 459 regutao
668 422 694 449 οι
727 417 972 451 inobedientiam
994 415 996 452 Ξ

315 464 425 497 eadem
447 464 587 498 Ecclesia
612 465 786 508 privantur,
818 466 887 500 106.
994 466 997 519 Ι

227 512 328 545 XXIV.
358 513 551 556 Approbatio
584 515 839 557 congregationis
866 527 996 548 mona-f

316 562 451 595 chorum
468 562 580 595 Montis
595 563 742 604 Yirgjnis,
761 564 881 597 ordinis
899 566 975 597 San·
994 559 996 561 ’

316 610 355 644 cti
382 611 558 648 Benedicti,
582 612 655 646 1107.
994 608 997 642 i

230 659 315 691 XXV.
333 660 378 692 Ad
395 660 551 693 decanum
569 661 857 703 Rotliomagcnsem
878 674 976 706 super

315 709 479 741 nonnullis
500 709 578 742 iuris
596 710 750 748 articulis,
778 710 846 743 110.

439 801 691 835 INNOCENTIIJS
713 803 761 835 lll.

231 895 252 927 l.
280 895 322 928 De
356 894 495 938 legitima
529 896 576 929 sui
618 897 791 937 electione,
825 908 908 940 quae
942 902 975 930 ut

314 944 427 984 fausta,
462 944 723 989 reipublic-aeque
743 947 889 980 salutaris
915 947 977 979 exi-

315 998 391 1034 stat,
417 1005 528 1028 omncs
543 995 642 1027 Deum
665 1006 756 1029 orare
777 995 875 1033 iubet,
898 996 971 1029 113.

226 1042 262 1075 II.
281 1041 456 1076 Confirmat
475 1043 663 1076 sententiam
685 1055 742 1088 per
760 1045 879 1087 legatos
896 1046 976 1088 Apo-

313 1091 442 1124 stolicae
471 1091 561 1125 Sedis
589 1092 683 1125 latam
715 1097 825 1125 contra
858 1094 976 1126 Marco-

314 1140 441 1173 valdum
468 1141 623 1174 libertatis
656 1141 889 1175 ecclesiasticae
913 1141 976 1174 vio-

314 1188 460 1227 latorem,
483 1195 513 1222 et
532 1189 716 1233 patrimonii
741 1190 899 1223 Ecclesiae
930 1190 975 1222 in-

314 1246 469 1277 vasorem,
493 1237 566 1270 114.

227 1285 276 1318 Ill.
299 1285 474 1319 Confirmat.
501 1287 626 1329 regulas
654 1288 808 1330 quasdam
835 1299 853 1320 a
882 1299 975 1321 cano-

316 1334 395 1367 nicis
415 1335 576 1368 Perusinis
596 1341 709 1369 mutuo
729 1346 858 1369 assensu
880 1338 976 1369 factas

314 1384 353 1416 ad
373 1384 512 1428 quietem
537 1390 567 1417 ct
587 1395 793 1418 cmumuncm
820 1385 914 1418 vitam
943 1385 974 1418 in

315 1432 490 1476 capitulum
511 1433 738 1472 inducendam,
767 1433 840 1467 1215.

226 1481 272 1514 tv.
291 1481 484 1516 Confirmato
505 1482 625 1515 Pisanis
640 1483 891 1526 archiepiscopis
910 1494 976 1516 me-

313 1531 493 1574 tropolitico
513 1531 582 1564 iure
607 1542 704 1575 super
723 1531 904 1565 Corsicanis
918 1532 975 1565 Ec-

312 1579 432 1620 etesiis,
467 1579 587 1612 eisdem
620 1580 765 1613 concedit
800 1580 973 1624 primatum

312 1639 410 1672 super
434 1628 612 1672 provincias
639 1629 860 1669 Turritanam‚
889 1629 975 1662 Cala-

313 1676 449 1710 ritanam
469 1682 500 1710 et
518 1677 751 1716 Arborensem,
774 1677 849 1711 117.

225 1725 258 1757 V.
286 1725 418 1758 Litteras
442 1725 631 1769 apostolicas
650 1725 709 1758 sub
733 1725 864 1758 dimidia
888 1726 976 1760 datas

312 1774 400 1807 bulla
424 1785 533 1818 parem
554 1785 627 1807 cum
648 1774 697 1813 iis,
719 1785 800 1817 quae
822 1775 909 1808 bulla
929 1775 977 1808 in-

313 1827 401 1866 tegra
420 1822 615 1866 diriguntur,
637 1822 821 1856 firmitatem
841 1823 973 1863 habere,

312 1872 466 1912 decernit,
489 1871 562 1906 118.

225 1921 272 1954 Vl.
308 1921 484 1955 Confirmat
515 1920 763 1954 transactionem
801 1921 974 1964 quamdam

313 1969 423 2003 initam
452 1970 536 2003 inter
559 1970 848 2013 Rothomagensem
873 1969 976 2003 archi-

312 2018 512 2063 episcopum,
542 2024 570 2052 et
600 2018 815 2052 Ricchardum
843 2018 974 2061 Angliae

313 2077 434 2110 regem,
457 2067 531 2101 119.

324 2115 438 2149 Ratum
471 2116 568 2149 habet
600 2117 712 2149 foedus
744 2115 858 2149 initum
892 2116 975 2149 inter

312 2164 496 2209 Philippum
524 2166 675 2199 Franciae
702 2176 824 2209 regem,
853 2171 883 2199 et
908 2166 975 2199 Bal-

314 2213 450 2246 duinum
470 2214 618 2248 comitem
639 2215 817 2254 Flandriae,
840 2214 913 2247 1⁹21.

224 2263 298 2297 VIII.
319 2263 364 2296 De
392 2262 509 2307 palatio
529 2263 675 2296 Iudicum
701 2268 732 2297 et
750 2263 972 2297 Tabellionum

312 2312 550 2346 Beneventanae
571 2312 703 2346 civitatis
723 2318 874 2346 statutum
897 2324 973 2346 con-

314 2360 430 2401 firmat,
453 2360 528 2395 1⁶23.

226 2411 274 2443 lx.
297 2409 465 2444 Canonicis
497 2409 646 2444 basilicae
679 2410 786 2443 Sancti
819 2410 903 2444 Petri
937 2410 974 2443 de

312 2459 395 2493 Urbe
419 2458 591 2502 quemdam
617 2459 764 2493 concedit
788 2459 972 2499 redditum,

313 2511 344 2540 et
361 2507 445 2540 bona
469 2507 623 2540 nonnulla
649 2507 830 2548 confirmat,
853 2507 928 2541 1⁹23.

226 2557 262 2589 X.
285 2556 399 2589 Ratum
426 2555 522 2589 habet
548 2560 700 2589 statutum
727 2555 822 2599 legati
851 2561 976 2600 aposto-

313 2604 366 2638 lici
398 2604 431 2637 in
464 2605 672 2644 Lombardia,
704 2605 791 2647 quod
823 2604 976 2638 haeretici

227 2115 287 2150 VII.

1644 209 1714 241 845

1103 272 1141 304 ad
1163 272 1329 313 dignitates
1356 283 1412 304 nec
1442 273 1531 315 eligi,
1561 283 1617 305 nec
1647 273 1763 316 eligere

1106 320 1238 363 possint,
1267 320 1335 353 124.

1017 368 1064 401 XI.
1088 368 1294 401 Confirmatio
1310 369 1507 412 regularium
1528 370 1761 403 institutionum

1104 417 1333 450 canonicorum
1372 418 1761 454 Praemonstratensium,

1103 465 1221 508 quibus
1249 467 1403 499 nonnulla
1431 467 1652 500 conceduntur
1673 468 1764 510 privi-

1105 514 1197 556 legia,
1221 514 1294 547 1²25.

1018 563 1078 595 ¹X'll.
1101 563 1276 596 Confirmat
1301 564 1462 607 privilegia
1490 565 1662 597 Perusina(¹
1692 566 1764 598 rivi-

1108 611 1190 651 tatis,
1218 612 1293 646 1129.

1019 661 1092 694 Xlll.
1117 662 1158 694 Dc
1180 662 1273 695 modo
1295 663 1428 695 faciendi
1454 664 1625 699 electiones
1645 667 1765 710 cpisco-

1105 720 1219 753 porum
1240 711 1273 743 in
1293 721 1391 753 regno
1417 711 1554 752 Siciliae,
1582 714 1651 749 1:30.

1018 758 1090 791 XIV.
1119 758 1270 802 Sequitur
1294 760 1331 792 ad
1359 761 1618 806 archiepiscopos
1644 769 1675 796 et
1701 764 1764 807 epi-

1103 818 1216 851 scopos
1235 809 1325 851 regni
1345 809 1483 846 Siciliae.
1506 810 1579 844 131.

1018 856 1076 888 XV.
1100 856 1259 890 Lundensi
1291 858 1449 891 Ecclesiae
1475 859 1630 902 primatus
1649 872 1763 895 conco-

1105 904 1190 938 ditur
1222 917 1319 950 super
1352 912 1492 941 caeteras
1520 909 1609 951 regni
1644 910 1763 943 Svetiae

1104 953 1272 993 Ecclesias,
1299 954 1372 988 ¹132.

1019 1001 1092 1033 xvi.
1116 1001 1238 1045 Populo
1259 1004 1432 1037 Tudertino
1448 1005 1578 1048 antiqua
1598 1006 1766 1039 confirmat

1105 1050 1280 1093 privilegia,
1304 1052 1377 1086 2133.

1018 1098 1104 1131 xt‘tl.
1128 1100 1289 1134 Fratribus
1309 1101 1441 1135 Sanctae.
1456 1103 1617 1136 Trinitatis
1632 1104 1764 1137 Redem-

1106 1148 1222 1191 ptionis
1254 1149 1454 1193 Captivorum
1495 1153 1607 1194 regula
1644 1152 1761 1189 datur,

1106 1197 1189 1231 iuxta
1209 1209 1304 1241 quam
1326 1200 1427 1233 vix-ero.
1452 1201 1598 1240 debeant,
1621 1201 1694 1235 133.

1018 1244 1118 1278 xvnl.
1137 1246 1338 1280 Canonizatio
1354 1249 1452 1281 sancti
1470 1250 1661 1289 Honiohoni‚
1686 1250 1759 1284 1:37.

1018 1294 1093 1326 xlx.
1126 1295 1291 1329 Flandriae
1324 1297 1455 1331 comites
1481 1299 1540 1331 suh
1567 1299 1763 1342 protectione

1105 1343 1193 1377 Sedis
1218 1345 1418 1388 Apostolicae
1438 1347 1653 1390 recipiuntur,
1682 1358 1762 1380 non-

1105 1393 1257 1437 nullaque
1286 1395 1403 1428 eisdem
1425 1396 1648 1429 conceduntur
1674 1397 1764 1440 privi-

1104 1442 1197 1484 legia,
1219 1443 1293 1477 140.

1104 1490 1264 1524 Nonnulla
1289 1492 1423 1525 fratrum
1444 1493 1482 1526 de
1502 1493 1662 1527 Calatrava
1681 1494 1766 1528 insti-

1106 1544 1173 1572 tuta
1193 1546 1222 1573 et
1242 1540 1406 1584 privilegia
1427 1541 1671 1583 confirmantur,
1689 1543 1762 1577 140.

1019 1587 1095 1619 XXI.
1119 1588 1358 1623 Turonensibus
1382 1591 1631 1635 archiepiscopis
1650 1592 1765 1635 prima-

1103 1641 1154 1669 tus
1178 1639 1366 1671 conceditur
1388 1650 1485 1682 super
1511 1640 1683 1673 Ecclesiam
1705 1641 1764 1673 Do-

1106 1685 1239 1726 Iensem,
1262 1687 1335 1721 143.

1017 1733 1106 1767 XXII.
1135 1735 1337 1778 Privilegium
1372 1736 1495 1770 clericis
1523 1737 1682 1770 Ecclesiae
1713 1738 1759 1771 Ss.

1103 1783 1203 1827 Sergii
1220 1790 1251 1818 et
1265 1784 1379 1818 Bacchi
1398 1786 1435 1818 de
1457 1785 1539 1819 Urbe
1559 1796 1760 1823 concessum.

1105 1832 1179 1867 151.

1017 1882 1120 1915 XXIII.
1143 1882 1399 1926 Compostellano
1419 1883 1662 1928 archiepiscopo
1682 1884 1763 1917 Ulix—

1103 1931 1252 1964 bonensis
1284 1937 1315 1965 et
1347 1931 1528 1965 Elborensis
1560 1932 1762 1977 episcopatus

1104 1979 1329 2021 subjiciuntur,
1352 1980 1426 2015 152.

1015 2028 1116 2061 XXlV.
1139 2028 1395 2072 Compostellana
1413 2029 1554 2064 Ecclesia
1578 2031 1711 2074 erigitur
1730 2031 1761 2063 in

1104 2077 1395 2120 metropolitanam,
1418 2078 1492 2112 156.

1016 2127 1103 2159 XXV.
1133 2126 1223 2166 Quod
1254 2128 1400 2160 rudiores
1426 2127 1497 2161 laici
1526 2129 1563 2161 de
1591 2128 1762 2172 Scripturis

1103 2175 1208 2209 Sacris
1222 2181 1342 2210 temere
1357 2176 1511 2217 iudicare,
1530 2177 1673 2221 privatim
1690 2188 1763 2211 con-

1102 2225 1209 2258 venire
1240 2232 1270 2259 et
1298 2225 1497 2266 concionari,
1528 2228 1708 2261 sacerdotes
1731 2233 1761 2261 et

1102 2273 1274 2307 Ecclesiam
1295 2280 1501 2308 contemnere
1525 2286 1588 2309 non
1613 2276 1759 2315 debeant,

1103 2321 1178 2356 «159.

1015 2369 1116 2403 XXVI.
1145 2370 1351 2405 Confirmatio
1385 2377 1416 2405 et
1447 2373 1610 2406 concessio
1638 2372 1761 2416 privile-

1102 2420 1228 2463 giorum
1261 2421 1421 2455 Ecclesiae
1454 2421 1484 2455 S.
1521 2422 1687 2465 Grisogoni
1721 2423 1759 2455 de

1104 2468 1199 2509 Urbe,
1221 2468 1295 2503 161.

1016 2513 1130 2547 XXVII.
1166 2514 1381 2547 Marcovaldus
1413 2525 1431 2547 a
1464 2514 1608 2548 censuris
1637 2515 1760 2548 solutus

1104 2558 1328 2599 denunciatur,
1350 2558 1424 2592 164.

1016 2602 1143 2636 XXVIII.
1171 2603 1323 2636 Hortatur
1348 2603 1536 2646 Gregorium
1561 2603 1757 2637 Catholicum

1018 1490 1081 1522 XX.
