2129 3223
121 254 169 280 ΑΒ.
191 254 221 279 C.
234 252 301 279 ¹2²8

130 1200 187 1222 Bate
216 1201 299 1229 pepuli·

117 1234 260 1258 aigeincauda.

365 243 435 276 442

316 316 446 357 queunt
474 308 504 342 in
529 307 682 354 praesenti
705 306 845 342 laborare
872 308 998 347 curetis,
1027 314 1057 341 ut

317 358 438 393 iudices
468 357 645 392 saeculares
671 356 715 390 sic
741 357 787 391 eis
814 356 852 391 de
881 356 946 391 utili
979 356 1057 390 dila-

317 408 399 442 tione
422 406 617 453 proi·,i‹leant
645 405 728 453 quud
753 414 820 453 post
842 407 900 440 iter
924 406 1059 453 peregri-

315 457 449 491 nationis
470 465 642 503 arreptum,
669 468 834 503 quousque
855 456 893 490 de
919 457 1056 502 ipsorum

315 506 402 541 obitu
431 507 476 541 vel
512 505 612 540 reditu
641 506 813 540 certissime
839 514 1068 551 cogitoscatur,÷

316 568 481 590 usurarum
526 555 724 590 incommoda
767 567 828 590 non
873 555 1056 593 incurrant,

314 605 544 652 compellendis
577 605 785 640 nibilominus
822 604 947 639 ludaeis
986 616 1058 650 pro-

314 664 426 689 ventus
448 655 628 702 pignorum,
656 667 736 701 quos
758 655 880 688 iuterim
905 653 962 699 ipsi
987 665 1058 699 per-

314 705 475 751 ceperint,
503 705 532 739 in
570 713 704 744 sortem,
732 704 878 750 expensis
911 702 1058 737 deductis

314 755 509 793 necessariis,
527 762 718 802 computare.
745 753 911 788 Debitores
932 764 1058 799 quoque

314 804 603 850 crucesignatorum
627 804 663 838 ad
687 815 734 847 ea,
757 803 787 837 in
809 802 924 850 quibus
946 810 1058 836 tenen-

313 861 380 895 tur,
415 854 533 889 eisdem
570 854 690 899 cogatis
729 853 831 887 usuris
862 851 1059 886 cessantibus

315 903 531 950 persolvenda,
557 903 730 938 creditores
751 903 890 949 ipsorum
921 901 957 935 ad
987 914 1059 948 pro-

315 952 486 999 rogandum
518 953 670 987 terminos
704 952 852 986 solutioni
881 951 1058 985 debitorum

315 1004 486 1048 praefixos,
522 1011 613 1049 prout
651 1013 780 1036 necesse
814 1000 923 1043 fuerit,
959 1000 1061 1034 indu-

314 1060 431 1086 centes.
465 1051 546 1094 Quia
583 1064 655 1086 vero
687 1050 829 1086 nonnulli
866 1058 1059 1097 assumptam

313 1100 448 1136 Crucem
483 1109 590 1136 contra
619 1102 720 1136 dictos
751 1100 923 1135 haereticos
950 1107 1061 1134 aucto-

314 1151 402 1185 ritate
434 1151 558 1198 propria
585 1151 769 1198 deposuisse
797 1150 956 1189 dicuntur,
991 1149 1061 1184 illos

313 1213 380 1235 eam
405 1213 564 1235 resumere
586 1200 792 1247 compellatis.
810 1199 978 1234 Monemus
1001 1199 1061 1245 igi-

315 1258 364 1284 tur
385 1250 607 1284 discretionem
632 1258 777 1290 vestram,
799 1257 828 1283 et
852 1249 1014 1283 hortamur
1029 1249 1059 1282 in

313 1299 451 1334 Domino
479 1299 547 1334 lesu
570 1299 709 1340 Christo,
733 1298 944 1346 praesentium
973 1297 1062 1332 vobis

313 1349 498 1384 auctoritate
526 1349 726 1388 mandantes,
753 1357 909 1395 quitenus
937 1347 1062 1394 populis

315 1398 402 1432 iobis
428 1398 564 1433 subditis
586 1398 752 1453 diligenter
778 1405 971 1443 exponentes
998 1409 1062 1431 om·

317 1448 364 1481 nia
392 1447 589 1494 supradicta,
616 1449 725 1502 eisque
747 1446 783 1481 ad
812 1445 1059 1494 impendendum

316 1496 453 1544 praefato
489 1497 614 1543 negotio
644 1510 673 1531 in
708 1496 824 1533 rebus
855 1496 1061 1542 personisque

314 1559 498 1581 succursum
536 1547 654 1581 sedulis
687 1545 958 1580 exhortationibus
992 1545 1063 1579 ani-

316 1605 453 1635 mantes,
477 1596 506 1630 in
535 1596 668 1641 singulis
702 1595 842 1630 articulis
876 1594 1063 1641 supradictis

316 1707 385 1729 nem
408 1703 542 1729 vestram
564 1695 712 1729 noscitur
735 1694 905 1740 pertinere,
941 1694 981 1728 ita
1008 1706 1063 1727 vos

315 1744 501 1779 exhibentes
534 1744 687 1779 sollicitos
721 1752 751 1778 et
783 1751 939 1783 attentos,
978 1743 1062 1789 quod

315 1795 476 1840 proximos
516 1793 581 1840 ipse
619 1793 712 1827 ardor
747 1801 865 1827 vestrae
905 1792 1065 1827 charitatis

314 1843 487 1882 accendat,

317 1943 488 1989 praemium
512 1949 687 1988 expectare.

367 1991 480 2026 Datum
517 1991 659 2034 perusii,
694 1990 883 2025 duodecimo
917 1990 1064 2025 kalendas

317 2041 509 2080 novembris,
539 2040 736 2087 pontificatus
771 2041 865 2074 nostri
894 2051 976 2074 anno
1009 2052 1064 2075 se—

316 2090 432 2125 cundo.

376 2143 438 2173 Dat.
453 2143 500 2173 die
518 2142 553 2172 ⁹21
579 2142 671 2172 octob.
694 2141 778 2178 1228,
798 2140 899 2181 pontif.
918 2150 964 2170 an.
980 2150 1007 2171 η

647 2296 729 2332 XiV.

320 2381 552 2426 Archiepi'scopo
575 2380 711 2414 Colocen.
739 2379 909 2413 conceditur
935 2378 1068 2422 facultas

368 2432 506 2475 ere'yendi
527 2431 745 2463 monasterium
771 2430 807 2462 de
830 2428 936 2462 Cuchet
957 2429 988 2460 ίιι
1023 2438 1068 2460 se·
1088 2439 1089 2443 ¹

369 2481 436 2513 dem
458 2480 655 2524 episcopalem
683 2485 795 2511 attenta
818 2480 957 2511 vastitate
998 2488 1069 2510 suae
1088 2483 1089 2506 ἶ

369 2532 531 2568 dioecesis,
578 2541 644 2562 cum
691 2529 896 2572 assiynate'one
933 2537 1069 2571 conyrua

370 2589 395 2611 et
421 2586 594 2624 opportuna
613 2590 670 2623 pro
691 2578 827 2622 episcopo
854 2577 991 2620 eligendo
1013 2577 1067 2616 tsi).
1088 2588 1090 2591 ¹

359 2650 398 2682 ti)
415 2648 452 2674 Ex
474 2648 577 2683 Regest.
600 2648 682 2674 Vatic.

904 252 1038 274 nnLLAlu
1045 252 1089 274 ΠΜ
1116 250 1277 273 Ronlanum

1861 248 1913 275 An.
1929 248 1960 275 C.
1973 248 2041 275 ¹229

1367 304 1579 336 SUMMARIUM

1100 371 1226 401 vastitas
1247 371 1382 402 Colocen.
1400 372 1556 402 dioecesis.
1574 388 1613 394 —-
1634 371 1694 407 Qua
1722 371 1847 409 diligen-

1140 412 1175 441 tia
1201 412 1235 441 ad
1261 413 1437 442 erectionem
1462 421 1646 451 processum.
1671 428 1710 434 —
1736 410 1847 441 Conce-

1139 456 1217 486 ditur
1227 455 1361 487 colocen.
1381 457 1504 487 facultas
1526 456 1723 496 episcopalem
1745 456 1845 487 sedem

1138 501 1338 530 construendi.
1357 518 1397 524 —
1413 500 1578 531 clausulae.

1099 571 1242 607 Gregorius
1260 571 1402 607 episcopus
1419 578 1513 600 servus
1531 578 1670 601 servornm
1695 572 1751 606 Dei,
1768 579 1844 602 vene·

1142 621 1223 649 rabili
1245 620 1332 650 fratri
1362 621 1562 658 archiepiscopo
1585 621 1705 651 colocen.
1729 622 1846 652 salutem

1143 671 1173 699 et
1192 670 1370 707 apostoticam
1387 670 1608 700 benedictionem.

1148 736 1335 772 Iamdudum
1352 737 1480 785 pr‘mide
1503 739 1656 784 cogitans,
1678 738 1762 786 quod
1780 738 1846 775 Co·
1874 750 1964 771 vasina-
1978 750 2043 771 coin-

1101 786 1236 822 locensis
1256 787 1408 822 dioecesis
1429 787 1507 822 adeo
1528 795 1574 822 est
1596 787 1721 828 diffusa,
1759 789 1844 836 quod
1859 787 1907 804 ⁰⁰¹¹
1925 781 2000 802 ‘¹⁰⁰⁶‘
2004 787 2040 801 ’'¹‘

1101 837 1199 884 ipsam
1223 848 1285 871 non
1313 836 1395 871 vales
1417 838 1499 872 iuxta
1518 836 1611 872 officii
1640 839 1681 872 tui
1704 837 1844 874 debitum

1078 886 1265 921 scommode
1306 886 1442 927 visitare,
1477 899 1515 922 ne
1557 887 1643 934 gregi
1678 886 1846 923 Dominico

1101 935 1225 970 deesset
1256 947 1331 970 cura
1373 936 1516 982 pastoris,
1558 936 1650 972 nobis
1686 937 1846 973 humiliter

1101 985 1297 1032 supplicasti,
1319 985 1401 1020 utin
1429 986 1616 1021 monasterio
1650 986 1689 1021 de
1722 986 1847 1022 Cuchet

1102 1044 1170 1069 tuae
1185 1034 1340 1070 dioecesis
1361 1035 1570 1083 episcopalem
1592 1036 1699 1071 sedem
1725 1037 1847 1072 noviter

1101 1096 1292 1125 crearemus,
1319 1097 1392 1119 cum
1414 1094 1541 1132 paratus
1562 1097 1670 1130 esses,
1709 1086 1847 1121 creando

1102 1133 1218 1169 ibidem
1241 1135 1403 1189 episcopo,
1427 1143 1491 1169 tum
1519 1135 1557 1170 de
1590 1135 1729 1190 piopriis
1764 1136 1846 1175 tuis,

1102 1191 1167 1218 tum
1214 1183 1253 1218 de
1296 1196 1395 1231 ipsius
1428 1185 1609 1219 monasterii
1645 1185 1848 1241 proventibus

1103 1241 1267 1274 trecentas,
1294 1242 1325 1268 et
1345 1233 1385 1268 de
1413 1233 1504 1268 bonis
1525 1234 1686 1269 Ecclesiae
1707 1242 1779 1270 tuae
1797 1235 1849 1270 tri·

1101 1282 1186 1328 ginta
1213 1295 1333 1318 marcas
1360 1283 1390 1317 in
1412 1283 1655 1318 annuoredditu
1677 1285 1846 1331 assignare.

1102 1331 1195 1366 Unde
1217 1332 1288 1367 timi
1310 1332 1400 1367 nobis
1422 1340 1493 1367 tuae
1515 1333 1698 1369 intentionis
1725 1346 1849 1382 propo-
1874 1344 1919 1372 Ωιιι
1935 1344 2045 1371 dmum-²·

1102 1382 1196 1416 situm
1220 1394 1282 1417 non
1306 1382 1462 1417 immerito
1483 1382 1661 1429 placuisset,
1684 1396 1724 1418 ne
1745 1392 1847 1419 tamen
1861 1376 2044 1434 ssffoeffifflm'm

1104 1431 1133 1464 in
1156 1439 1241 1466 tanto
1273 1432 1398 1478 negotio
1425 1431 1529 1467 subito
1557 1433 1726 1479 procedere
1762 1432 1849 1468 vide-

1104 1492 1219 1519 remur
1251 1493 1450 1527 nequaquam
1484 1494 1556 1516 mox
1586 1482 1648 1517 tuis
1687 1483 1850 1530 supplica—

1104 1529 1245 1564 tionibus
1266 1530 1416 1565 duximus
1438 1531 1656 1575 annuendum,
1678 1532 1732 1567 sed
1762 1544 1851 1568 vene-

1104 1578 1253 1613 rabilibus
1289 1579 1436 1615 fratribus
1468 1581 1585 1615 nostris
1617 1579 1790 1617 Cenadien.
1821 1589 1852 1617 et

315 1645 511 1699 exequamini
539 1645 667 1692 singuli,
694 1645 776 1692 quod
804 1644 842 1679 ad
870 1644 1063 1679 sollicitudi-
1104 1627 1304 1663 Ulu'affllvan·
1327 1629 1483 1676 episcopis
1505 1631 1621 1665 ”⁰⁵¹¹'ls
1639 1630 1785 1667 dedimus
1807 1631 1854 1666 Ιῗῑ·

1106 1679 1181 1712 teris
1204 1678 1233 1712 in
1259 1678 1425 1719 mandatis,
1442 1687 1474 1713 ut
1495 1691 1590 1726 super
1608 1691 1640 1714 re
1660 1680 1852 1722 huiusmodi,

1105 1735 1133 1761 et
1156 1726 1225 1761 eius
1246 1728 1488 1762 circumstantiis
1507 1729 1704 1775 inquirentes
1727 1730 1852 1776 plenius

522 1855 640 1890 vosque
675 1842 704 1876 iu
745 1842 898 1889 praesenti
926 1854 942 1876 a
971 1842 1085 1876 nobis*

314 1893 464 1938 gratiam,
491 1901 519 1927 et
554 1893 583 1926 in
612 1891 751 1927 suturum
789 1892 917 1939 possitis
949 1903 964 1925 a
997 1891 1086 1926 [ὶεο1

1107 1777 1278 1817 veritatem,
1305 1790 1384 1824 quae
1406 1778 1582 1813 invenirent
1608 1778 1698 1813 nobis
1719 1779 1853 1814 fideliter

1107 1826 1297 1867 intimarent,
1323 1836 1355 1862 ut
1377 1839 1414 1861 ex
1440 1839 1548 1862 eorum
1576 1828 1726 1863 relatione
1764 1828 1853 1864 suffi-

1106 1877 1225 1910 cienter
1260 1876 1416 1917 instructi,
1457 1877 1700 1924 procederemus
1739 1878 1852 1914 exinde

1107 1926 1190 1959 iuxta
1203 1925 1326 1961 divinae
1343 1925 1572 1972 beneplacitum
1594 1926 1774 1962 voluntatis.
1789 1927 1853 1971 Qui

1107 1974 1287 2009 mandatum
1321 1976 1528 2022 apostolicum
1553 1977 1714 2023 exequuti,
1736 1990 1853 2025 propo-

1107 2025 1200 2058 situm
1228 2032 1316 2059 tuum
1345 2025 1559 2073 multipliciter
1583 2026 1853 2068 commendantes,

1108 2082 1141 2107 ut
1172 2073 1245 2108 illud
1280 2082 1386 2122 optato
1421 2087 1681 2122 prosequeremur
1717 2076 1854 2121 effectu,

1108 2134 1165 2157 nos
1190 2124 1375 2170 suppliciter
1396 2133 1575 2159 exorarunt.
1599 2125 1645 2160 Tu
1673 2137 1801 2172 quoque
1822 2126 1852 2160 in

1110 2180 1212 2206 nostra
1241 2175 1412 2219 praesentia
1441 2174 1639 2219 constitutus,
1662 2174 1738 2209 illud
1770 2175 1853 2211 idem

1108 2221 1323 2267 multiplicatis
1365 2223 1640 2258 intercessionibus
1687 2224 1853 2259 instantius

1087 2298 1089 2318 :
1110 2271 1284 2317 postulasti.
1311 2272 1377 2307 Nos
1395 2273 1489 2319 igitur
1509 2273 1705 2308 attendentes
1727 2273 1768 2320 pii
1787 2285 1855 2320 pro-

1087 2320 1199 2366 ·positi
1232 2322 1411 2367 puritatem,
1446 2335 1518 2357 cum
1556 2322 1699 2357 nonnulli
1733 2322 1855 2358 soleant

1087 2371 1215 2415 ÷potius
1241 2371 1278 2404 ad
1316 2383 1377 2406 non
1406 2371 1508 2406 habita
1543 2373 1648 2406 minus
1685 2372 1767 2406 licite
1806 2372 1854 2407 in-

1088 2424 1089 2434 *
1110 2419 1209 2463 hiare,
1230 2432 1322 2466 quam
1351 2421 1434 2456 licite
1453 2421 1557 2457 habita
1571 2421 1670 2456 taliter
1683 2421 1855 2469 dispertiri,

1111 2484 1150 2507 ne
1164 2482 1270 2508 contra
1293 2483 1323 2510 te
1353 2474 1415 2510 dici
1444 2475 1557 2511 valeat:
1579 2474 1694 2510 Messis
1725 2476 1854 2523 quidem

1112 2526 1219 2570 multa,
1240 2529 1373 2575 operarii
1397 2540 1470 2564 vero
1491 2529 1605 2576 pauci:
1636 2529 1698 2564 tuis
1733 2530 1856 2578 suppli-

1110 2581 1288 2617 canonibus
1309 2591 1496 2625 annuentes,
1517 2591 1548 2619 et
1573 2592 1748 2632 sperantes,
1770 2585 1855 2632 quod

1088 2645 1172 2680 {non
1201 2635 1303 2671 solum
1330 2639 1498 2684 praemissa
1534 2639 1686 2685 promissa
1714 2637 1857 2685 comple-
