2129 3223
383 230 452 264 578

331 296 426 330 fueris
454 294 632 341 requisitus,
659 292 755 328 semel
784 292 815 327 in
852 304 935 328 anno
971 293 1076 328 venies

330 357 401 380 cum
435 353 569 391 quatuor
606 343 756 378 militibus
789 344 820 377 in
856 343 984 378 servitio
1023 354 1077 377 seu

331 394 467 429 exercitu
483 392 643 428 Ecclesiae
667 405 721 440 per
746 401 816 428 octo
842 392 909 427 dies
951 393 981 427 in
1020 392 1080 426 tuis

331 451 510 478 moraturus
532 443 690 490 expensis,
704 442 849 477 veniendi
872 454 907 476 ac
930 441 1079 477 redeundi

331 502 472 539 tempore
513 493 642 527 minime
676 500 866 540 computato.
912 490 946 525 lu
988 491 1081 525 liuius

331 552 435 578 autem
463 542 507 576 rei
530 541 712 577 memoriam
744 550 926 590 praesentes
963 541 1081 575 litteras

332 593 386 627 tibi
415 593 632 627 concessimus
661 591 764 627 bullae
807 599 932 627 nostrae
968 590 1081 625 muni-

333 642 420 677 mine
447 641 617 677 roboratas.

379 691 495 726 Datum
517 691 661 727 Laterani
689 691 780 726 nonis
803 690 991 729 decembris,
1008 701 1083 736 pon-

331 741 466 777 tificatus
489 741 587 776 nostri
616 753 699 777 anno
720 741 840 788 quinto.

358 802 419 834 Dat.
438 804 485 833 die
500 803 519 833 5
536 803 701 833 decembris
722 802 803 836 1220,
822 800 923 841 pontis.
941 809 1016 830 anno
1032 808 1055 829 v.

134 242 183 268 An.
206 241 235 268 C.
251 242 317 269 ¹220

681 943 733 978 LI.

332 1014 409 1047 Atia
435 1012 544 1045 similis
566 1012 736 1056 infeudatio
771 1011 890 1044 Azzoni
930 1014 966 1042 de
1007 1008 1081 1041 Fre-

378 1073 483 1106 qnauo
504 1062 559 1095 sub
585 1072 690 1095 annuo
711 1071 826 1094 canone
846 1060 937 1092 unius
970 1060 1083 1092 asturis

378 1118 407 1145 et
451 1112 582 1144 duorum
627 1111 804 1144 braccorum
817 1136 826 1147 ,
867 1109 1084 1151 Ecclesiarum,

384 1162 451 1195 iure
470 1161 504 1195 in
524 1159 664 1194 omnibus
689 1171 804 1205 semper
823 1160 907 1192 salvo
930 1159 986 1200 (l).

605 1236 819 1269 suituARttsstu

335 1307 411 1337 Loca
435 1306 543 1337 Azzoni
560 1306 719 1341 infeudata,
737 1314 788 1344 pro
807 1304 915 1344 quibus
940 1303 1086 1334 fidelitatis

375 1353 573 1381 iuramentum
598 1349 752 1389 praestitit.
772 1364 810 1370 —
828 1347 948 1377 Census.

334 1418 463 1448 Honorius
482 1415 625 1454 episcopus
638 1409 732 1446 se'rvns
752 1422 892 1444 servorum
909 1414 966 1446 Dei,
989 1415 1087 1443 diiecto

378 1467 433 1496 filio
452 1467 536 1496 nobiti
553 1467 612 1496 viro
630 1466 726 1494 Azzoni
746 1465 778 1493 de
797 1465 943 1499 Fregnano,
969 1464 1088 1492 satutem

379 1519 410 1546 ot
432 1517 613 1554 apostolicam
630 1515 853 1544 benedictionem.

384 1581 434 1616 Ad
460 1592 662 1616 communem
684 1579 824 1613 notitiam
849 1577 994 1612 volumus
1017 1588 1089 1623 per-

339 1633 444 1666 venire
460 1630 543 1678 quod
565 1642 624 1664 nos
641 1629 798 1663 fidelitatis
820 1640 835 1662 a
860 1635 888 1661 te
910 1627 1087 1661 iuramento

342 1689 480 1728 recepto,
509 1691 565 1727 pro
591 1688 693 1714 castro
727 1678 843 1712 Rosen.
883 1688 953 1711 cum
983 1676 1090 1723 pleba-

153 1642 207 1663 Locn
246 1640 322 1661 Arroni

139 1673 256 1695 intendam,
286 1676 323 1697 pro

140 1705 215 1731 quihus
232 1702 324 1723 [identa-

139 1740 167 1756 [ιε
184 1736 324 1754 iuramentum

141 1765 252 1786 *ruestitin
406 1780 412 1786 ,
555 1779 561 1784 ,
666 1779 672 1784 ,
801 1776 806 1781 ,

141 1776 151 1794 ⁶
205 1797 216 1805 ·
273 1791 284 1799 ‘
339 1779 489 1820 Fusiano,
507 1779 704 1820 Arimanuis,
726 1776 884 1819 Rodiano,
905 1774 1092 1818 Calvezauo,

341 1828 439 1864 Curte
468 1829 506 1864 de
529 1827 643 1868 Pratis,
665 1826 782 1862 Sancto
805 1825 909 1869 Petro,
942 1823 1092 1867 Moniet'e,

339 1879 492 1914 Montaltu
532 1885 563 1912 et
583 1877 691 1912 Monte
712 1876 864 1910 Torturae
887 1886 957 1908 cum
990 1875 1094 1907 omui-

334 1929 401 1964 -bus
423 1939 530 1963 earum
559 1926 771 1974 pertinentiis,
799 1936 879 1971 quae
914 1923 1093 1958 sueruutde

344 1986 425 2013 terra
456 1978 558 2012 clarae
593 1976 764 2010 memoriae
803 1973 984 2008 comitissae
1023 1972 1095 2006 ,ila-

344 2027 461 2068 thildis,
487 2034 518 2061 et
539 2038 619 2073 quae
647 2033 732 2072 patei·
760 2032 834 2058 tuus
869 2023 1010 2057 noscitur
1045 2030 1092 2056 te-

344 2077 462 2118 nuisse,
485 2084 513 2111 te
535 2075 575 2110 de
597 2075 726 2110 fratrum
746 2081 926 2108 nostrorum
957 2072 1092 2106 consilio

344 2134 375 2161 et
395 2137 552 2162 consensu
574 2124 762 2160 investimus
788 2122 826 2157 de
855 2122 973 2156 eisdem
1006 2121 1100 2155 nobis

346 2176 386 2212 de
417 2174 571 2223 imperiali
619 2174 777 2208 voluntate
817 2171 913 2206 libere
934 2171 1100 2210 restitutis,

347 2238 384 2261 ea
405 2226 436 2261 in
464 2224 594 2261 feudum
619 2224 671 2258 tibi
699 2224 823 2269 tuisque
846 2220 994 2267 legitimis
1027 2220 1101 2254 hae-

349 2275 477 2310 redibus
490 2273 706 2314 concedendo,
722 2271 936 2307 Ecclesiarum
957 2271 1100 2304 omnium

197 2334 284 2354 Census.

352 2474 467 2509 tionem
492 2472 652 2520 praedicti,
681 2479 710 2506 et
745 2483 818 2506 cum
859 2469 956 2504 fueris
995 2469 1104 2516 requi-

353 2523 443 2563 situs,
470 2523 567 2557 semel
590 2522 621 2556 in
643 2533 726 2556 anno
754 2521 863 2555 venies
883 2531 956 2554 cum
972 2527 1108 2567 quatuor

355 2570 509 2606 militibus
537 2572 567 2606 in
602 2570 730 2606 servitio
754 2581 809 2605 seu
838 2569 975 2604 exercitu
1003 2567 1110 2603 Eccle-

393 2637 488 2671 4051
509 2638 610 2672 Regest.
632 2637 713 2663 Vatic.

342 1740 427 1771 natu,
455 1738 484 1765 et
505 1737 604 1769 curte,
640 1728 793 1771 Labauto,
830 1726 966 1760 Castello
992 1725 1099 1765 Novo,

350 2326 417 2360 iure
439 2325 540 2359 salvo:
571 2323 704 2369 singulis
742 2330 845 2356 autem
883 2320 974 2354 annis
1015 2319 1105 2354 uobis

348 2383 378 2409 et
397 2373 638 2410 successoribus
653 2372 768 2407 nostris
782 2370 872 2405 dabis
896 2381 995 2404 unum
1025 2377 1106 2404 astu-

351 2436 415 2458 rem
450 2432 480 2458 et
507 2423 587 2458 duos
618 2422 747 2456 braccos
774 2421 803 2454 in
849 2418 932 2454 leudi
964 2418 1108 2466 recogni-

912 238 1097 261 BULLAnttM
1124 237 1285 260 ROMANUM

1120 292 1182 327 siae
1206 304 1262 338 per
1287 300 1357 326 octo
1383 291 1450 327 dies
1473 292 1502 326 in
1527 292 1586 326 tuis
1610 301 1787 327 moraturus
1810 306 1864 326 cx-

1123 342 1239 388 pensis,
1269 341 1413 376 veniendi
1452 353 1487 376 ac
1530 341 1681 377 redeundi
1726 350 1867 388 tempore

1122 391 1250 425 minime
1271 400 1462 437 computato.
1494 390 1526 424 In
1557 392 1649 426 liuius
1685 400 1788 426 autem
1823 393 1865 426 rei

1121 441 1304 475 memoriam
1337 448 1517 486 praesentes
1552 441 1667 476 litteras
1702 441 1755 476 tibi
1792 453 1867 476 con-

1121 490 1275 524 cessimus
1302 490 1404 524 bullae
1419 498 1543 524 nostrae
1565 491 1740 525 munimine
1773 491 1869 526 robo—

1125 548 1216 574 ratas.

1171 589 1284 624 Datum
1308 589 1451 623 Laterani
1474 590 1566 624 nonis
1587 588 1776 631 decembris,
1798 602 1869 637 pon-

1122 639 1256 674 tificatus
1285 640 1379 674 nostri
1403 651 1485 673 auno
1507 639 1625 685 quinto.

1279 700 1338 731 Dat.
1358 701 1413 737 die,
1436 710 1572 740 annoque
1598 702 1713 732 eodem.

1459 851 1525 887 LII.

1124 923 1325 967 Confirmatio
1349 925 1582 969 privileqiorum
1599 932 1625 959 et
1645 927 1875 960 immunitatum

1172 984 1191 1005 α
1216 973 1377 1006 Bohemiae
1397 985 1465 1018 φερε
1494 975 1633 1008 Ecclesiis
1670 983 1696 1009 et
1736 977 1877 1010 ecclesia-

1171 1024 1252 1056 sticis
1273 1025 1361 1066 reyni
1398 1025 1447 1057 sui
1471 1036 1679 1059 concessarum
1715 1037 1751 1058 ac
1788 1026 1877 1059 resti-

1173 1079 1313 1107 tuturum
1339 1074 1395 1115 (l).

1391 1142 1605 1174 SUMMARIUM

1125 1203 1282 1234 Rohemiae
1306 1213 1354 1234 rex
1380 1205 1528 1236 libertates
1550 1205 1691 1236 Ecclesiis
1719 1207 1766 1236 sui
1792 1209 1874 1246 regni

1165 1249 1305 1279 restituit:
1327 1266 1367 1271 —
1382 1250 1422 1279 Ac
1446 1249 1542 1280 firmat
1560 1250 1721 1289 privilegia.
1738 1266 1778 1274 —-
1799 1249 1876 1282 Haec

1166 1294 1261 1324 omnia
1283 1293 1388 1324 validat
1404 1292 1561 1324 Honorius.
1585 1311 1624 1317 —
1640 1293 1807 1326 clausulae.

1127 1360 1257 1389 Honorius
1277 1362 1418 1397 episeopus
1437 1369 1532 1390 servus
1544 1369 1686 1391 servorum
1701 1362 1757 1396 Dei.
1771 1363 1880 1393 dilectis

1172 1409 1236 1438 filiis
1253 1410 1405 1444 abbatibus.
1422 1411 1599 1447 praepositis,
1621 1411 1739 1445 decanis,
1771 1414 1802 1441 et
1819 1413 1880 1442 uni-

1171 1460 1258 1488 versis
1277 1459 1385 1488 clericis
1404 1466 1451 1495 per
1474 1460 1625 1488 Bohemiam
1641 1461 1814 1495 constitutis,
1837 1468 1879 1490 sa·

1172 1508 1260 1537 intem
1284 1509 1313 1536 et
1333 1509 1512 1543 apostoticam
1531 1510 1761 1540 benedictionem.

1177 1572 1372 1613 Quaestione
1399 1584 1494 1619 super
1527 1573 1756 1615 iurisdictione,
1789 1575 1882 1609 deci-

1132 1621 1202 1660 mis,
1230 1629 1260 1654 et
1282 1620 1351 1655 aliis
1373 1620 1507 1656 diversis
1536 1623 1678 1658 articulis
1716 1624 1797 1658 inter
1829 1636 1883 1658 ve-

1133 1670 1303 1704 nerabilem
1347 1670 1471 1705 frati-em
1512 1680 1652 1706 nostrum
1690 1672 1880 1720 Pragensem

1132 1721 1334 1767 episcopum,
1356 1728 1388 1753 et
1409 1720 1557 1756 dilectum
1582 1721 1679 1756 filium
1699 1724 1882 1769 magistrum

1134 1769 1281 1804 loannem
1308 1778 1539 1816 procuratorem
1569 1770 1698 1807 illustris
1732 1773 1816 1818 regis
1854 1782 1883 1806 et

1139 1819 1292 1853 baronum
1322 1818 1490 1854 Boliemiae
1517 1833 1621 1855 coram
1651 1821 1740 1856 uobis
1766 1821 1886 1856 diutius

1878 242 1927 268 An.
1951 241 1981 268 C.
2002 240 2063 268 tim

1862 1871 1867 1876 .
1914 1853 2024 1874 nehemiae
2045 1857 2082 1872 tex

1135 1869 1271 1914 agitata;
1296 1867 1379 1902 idem
1416 1878 1598 1916 procurator
1630 1871 1770 1918 ipsorum
1806 1883 1887 1918 regis

1137 1928 1167 1953 et
1207 1918 1359 1952 baronum
1395 1920 1522 1954 nomine
1556 1921 1736 1967 recognovit
1769 1928 1799 1956 et
1836 1921 1886 1955 di·

1138 1968 1221 2002 misit
1260 1967 1363 2002 eidem
1387 1969 1536 2016 episcopo
1566 1978 1595 2005 et
1631 1969 1791 2006 Ecclesiae
1812 1982 1886 2005 suae

1138 2029 1263 2052 omnem
1314 2016 1486 2053 libertatem
1526 2028 1555 2053 et
1590 2032 1715 2054 omnem
1754 2019 1887 2055 iurisdi-

1139 2067 1287 2106 ctionem,
1315 2079 1394 2113 quae
1421 2077 1492 2102 sunt
1520 2068 1680 2104 Ecclesiae
1716 2069 1887 2104 Boliemiae

1140 2116 1204 2151 sive
1236 2117 1274 2150 de
1309 2117 1385 2160 iure,
1420 2118 1484 2152 sive
1519 2131 1572 2165 per
1604 2119 1784 2166 privilegia,
1824 2119 1891 2154 sive

1144 2178 1197 2212 per
1234 2166 1436 2212 approbatam
1477 2168 1738 2203 consuetudinem
1781 2169 1890 2214 acqui—

1143 2217 1232 2255 sitae,
1262 2224 1291 2249 et
1325 2217 1502 2262 specialiter
1530 2218 1607 2257 illas,
1634 2230 1713 2264 quas
1741 2218 1798 2252 iste
1841 2229 1893 2252 rex

1145 2278 1200 2313 per
1224 2266 1383 2312 privilegia
1403 2279 1478 2301 suae
1512 2267 1671 2302 Ecclesiae
1698 2268 1757 2301 iam
1792 2267 1893 2301 dictae

1147 2315 1314 2352 concessit,
1343 2316 1529 2363 promittens
1561 2316 1645 2364 quod
1684 2316 1723 2351 de
1763 2317 1894 2352 iurisdi-

1148 2365 1250 2398 ctione
1274 2368 1461 2401 rusticorum
1484 2366 1521 2400 ad
1544 2366 1701 2401 Ecclesias
1719 2378 1793 2401 suae
1812 2366 1897 2401 dioe-

1149 2415 1228 2449 cesis
1265 2416 1512 2461 pertinentium,
1554 2428 1657 2450 coram
1686 2415 1800 2450 dilecto
1834 2415 1898 2450 filio

1151 2472 1257 2498 nostro
1300 2464 1453 2510 Gregorio
1494 2464 1527 2498 S.
1565 2465 1720 2500 Theodori
1761 2465 1896 2500 diacono

1151 2513 1317 2555 cardinali,
1352 2515 1552 2562 Apostolicae
1573 2514 1666 2549 Sedis
1688 2514 1810 2561 legato,
1851 2515 1897 2549 vel

1151 2563 1235 2601 alio,
1277 2565 1326 2599 cui
1370 2564 1430 2599 hoc
1469 2565 1729 2599 committendum
1773 2565 1900 2599 duxeri-

1189 2634 1227 2669 (t)
1245 2634 1282 2660 Ex
1303 2634 1408 2670 Regest.
1430 2635 1512 2662 Vatic.

1901 1885 2010 1905 libertates
2043 1880 2083 1902 Ec-

1901 1915 1973 1936 etesiis
1981 1915 2013 1934 sui
2023 1914 2084 1938 cegat

1901 1945 2006 1967 restitum
