2129 3223
126 276 176 302 An.
195 275 223 301 C.
244 275 309 301 taos

373 266 442 298 (ΕΙ-ΤΣ

654 331 747 365 lel.

322 408 483 452 Approbat
538 407 730 439 concordiam
780 407 947 451 quamdam.
998 414 1074 438 mter

373 457 627 499 Satzburqensem
648 456 908 501 archiepiscopum
938 463 963 489 et
993 457 1074 500 capi-

373 507 471 539 tulum
506 505 662 549 Guryense
705 506 814 539 Initum
854 517 944 550 super
986 506 1095 539 modo,

372 556 503 600 ele‘yendt'
527 557 697 600 episcopum
724 556 911 599 Guryensem
942 557 999 598 (l).

590 629 803 660 smntARttm

323 695 413 735 Capit.
445 695 574 734 Gurgeu.
612 696 777 726 adiudicari
816 697 875 727 sibi
908 697 979 735 petit
1009 696 1074 735 epi-

311 765 316 771 .
363 740 445 778 scopi
463 739 508 770 sui
525 739 708 770 electionem.
727 757 766 762 —
784 739 923 770 Rationes
946 751 979 770 ex
995 744 1076 780 parte

363 784 552 823 Salzburgen.
585 784 801 823 archiepiscopi
837 786 1005 823 productae.
1038 801 1078 807 —-

363 828 521 868 Utriusque
550 829 640 868 partis
669 833 815 858 momenta
847 829 973 858 examini
1002 828 1076 858 sub-

365 874 447 903 iecta.
475 890 514 895 --
542 872 608 902 Dies
628 873 850 912 archiepiscopo
870 874 955 903 dicta.
976 890 1013 896 —-
1033 874 1077 904 Ad

364 918 468 947 Sedent
489 917 687 955 Apostolicam
707 927 764 947 non
789 918 913 948 accedit.
935 935 975 940 —
997 918 1078 948 Aliae

364 962 504 992 rationes.
530 978 569 983 ——-
597 961 677 996 Quae
709 962 897 1000 proposuerit
930 971 999 1001 pars
1021 962 1076 992 ad-

364 1015 456 1036 versa:
482 1023 521 1028 —
548 1005 661 1042 Quibus
681 1007 886 1045 respondetur.
918 1024 956 1029 —
983 1006 1076 1037 Causa

363 1051 494 1089 delegata
519 1055 586 1081 ante
606 1052 680 1080 duos
699 1051 867 1080 cardinales
886 1051 921 1080 de
941 1051 1078 1080 mandato

365 1096 524 1126 Pontificis:
540 1112 579 1117 —
596 1094 651 1130 Qui
669 1098 758 1124 testes
778 1095 957 1133 recipientes
985 1095 1079 1124 utrin-

364 1150 420 1180 que
443 1140 619 1179 productos,
648 1148 702 1168 nec
729 1138 861 1168 valentes
891 1138 1077 1168 amicabilem

364 1185 608 1224 compositionem
633 1184 796 1219 adducere,
815 1183 911 1213 omnia
935 1183 970 1213 ad
999 1182 1078 1213 Pon-

366 1230 472 1259 tificem
502 1229 692 1259 remiserunt.
718 1245 757 1251 --
778 1227 864 1258 Iussu
884 1228 935 1258 PP.
959 1237 1079 1266 compo-

364 1274 431 1304 sitio
454 1274 485 1304 fit
511 1274 586 1304 inter
605 1278 713 1312 partes.
736 1289 776 1295 —
801 1273 872 1303 Eius
891 1273 1077 1304 observantia

367 1319 532 1356 iniungitur
547 1318 767 1355 Salzburgensi.
784 1318 1028 1349 —Confirmatur
1042 1319 1078 1349 ab

366 1363 546 1393 Innocentio.
563 1380 602 1385 —
624 1362 791 1392 Clausulae.

326 1438 499 1467 Innocentius
517 1437 659 1474 episeopus
678 1445 774 1466 servus
793 1445 934 1467 servorum
952 1437 1009 1471 Dei,
1035 1439 1079 1466 de·

372 1494 437 1516 cano
454 1488 484 1516 et
507 1487 644 1516 canonicis
663 1487 857 1522 augensibus.

376 1555 694 1590 Turbulentissimam
722 1556 938 1602 quaestionem
961 1565 989 1590 et
1015 1556 1081 1602 plu-

134 1606 442 1663 q2¹³-Urdi:33131'235231rimum
471 1605 645 1640 intricatam
674 1617 769 1651 super
803 1605 957 1640 electione
994 1605 1080 1640 Pon-

134 1675 184 1700 pem
221 1655 423 1700 ep;;.-0p;tilicis
447 1655 477 1688 in
502 1663 600 1689 vestra
641 1654 781 1690 Ecclesia
818 1655 957 1689 facienda
1001 1656 1080 1690 inter

134 1712 164 1725 ¹¹¹·
180 1706 314 1725 ‘'¹²⁰¹*NJ‘0m-
332 1717 385 1738 ros
406 1712 436 1739 et
449 1703 712 1750 Salzburgensem
739 1704 913 1739 Ecclesiam
952 1713 1079 1751 tempo-

332 1754 417 1787 ribus
459 1753 560 1788 bonae
612 1754 783 1788 memoriae
825 1754 1000 1801 «Alexandri
1050 1762 1080 1788 et

331 1803 418 1837 Lucii
464 1803 738 1849 praedecessorum
791 1811 969 1838 nostrorum
1018 1816 1078 1838 non

331 1854 399 1886 sine
422 1854 546 1896 magnis
572 1854 718 1899 expensis
751 1860 781 1886 et
803 1853 951 1899 gravibus
993 1853 1082 1887 labo-

332 1902 420 1937 ribus
441 1903 586 1948 agitatam
611 1903 724 1936 nostris
738 1914 865 1950 quoque
888 1902 1082 1949 temporibus

332 1952 464 1998 contigit
495 1952 652 1991 suscitari,
690 1960 775 1998 parte
817 1960 915 1986 restra
952 1953 1082 1987 [ii-initer

332 2011 503 2044 asserente,
526 2001 609 2048 quod
659 2001 784 2036 libertas
821 2001 955 2048 eligendi
996 2002 1083 2036 robis

334 2051 511 2097 pontificem
540 2050 576 2085 ad
601 2063 655 2085 vos
680 2058 740 2084 tani
763 2051 801 2085 de
822 2051 887 2086 iure
908 2053 1082 2095 communi,

334 2113 427 2148 quam
451 2101 579 2147 antiqua
612 2100 843 2135 consuetudine
883 2114 919 2135 ac
953 2101 1081 2148 speciali

335 2150 498 2198 privilegio
524 2150 734 2196 competebat.
772 2149 864 2185 Unde
900 2159 1083 2197 procurator

336 2208 437 2234 vester
459 2200 627 2247 postulavit
650 2212 664 2234 a
699 2199 799 2243 nobis,
838 2209 872 2234 ut
907 2200 1083 2235 faceremus

338 2262 389 2284 ros
413 2249 540 2296 pacifica
569 2249 721 2283 libertatis
748 2250 848 2296 ipsius
885 2250 1083 2296 possessione

338 2299 485 2341 [tandei-e,
509 2307 626 2345 partem
655 2298 782 2333 alteram
815 2299 1034 2346 compellendo
1067 2313 1083 2334 a

340 2357 437 2382 testra
464 2360 561 2394 super
596 2348 655 2382 boc
692 2348 828 2382 indebita
868 2349 1084 2384 molestatione

299 2413 322 2424 Ει
339 2410 470 2432 cessate.
494 2397 553 2431 Cui
581 2410 651 2431 cum
672 2410 708 2432 ex
723 2398 816 2432 altera
833 2406 917 2445 parte
931 2400 1083 2445 quaedam

157 2441 276 2488 1³}‚⁴Jf2j5
307 2447 528 2486 fssobiicervtur
566 2448 735 2491 sententia,
769 2459 850 2494 quae
888 2460 984 2495 super
1026 2449 1086 2484 lioc

262 2506 269 2518 Γ
314 2510 325 2513 ·
342 2509 396 2542 pro
418 2497 640 2541 salzburgensi
669 2496 829 2531 dicebatur
855 2496 995 2533 Ecclesia
1019 2511 1086 2545 pro-

1233 1119 1481 1166 praedecessoris
1504 1121 1600 1154 nostri
1629 1118 1777 1153 babuisse
1808 1130 1866 1152 au-

1119 1169 1292 1204 ctoritatem
1341 1170 1501 1215 negotium
1538 1168 1726 1203 terminandi
1771 1180 1867 1215 super

898 275 949 296 nt't
962 274 1083 296 {Atitt'tt
1114 273 1272 294 ΗΟΠᾹΝΙῙΠ

1092 328 1277 375 prolatam.
1301 327 1417 362 Verum
1440 326 1587 362 exhibitis
1614 326 1706 362 nobis
1733 326 1861 374 quibus-

1092 409 1095 421 ,
1113 377 1184 412 dam
1212 377 1324 412 littei-is
1345 376 1445 412 bonae
1461 376 1632 412 memoriae
1648 375 1862 423 Frisiugensis

1093 426 1095 469 ]
1113 427 1253 474 episcopi
1277 434 1307 462 et
1328 425 1449 462 abbatis
1469 426 1604 461 Sanctae
1626 425 1752 470 Crucis,
1781 438 1861 473 quae

1092 473 1095 482 ¹
1115 476 1299 511 videbantur
1321 476 1412 511 latam
1436 475 1475 511 ab
1491 476 1567 523 ipsis
1588 475 1702 510 dictam
1732 483 1862 510 seuten-

1115 526 1188 560 tiam
1226 526 1399 566 continere‚
1434 525 1516 560 idem
1555 525 1722 573 proposuit
1750 524 1863 559 subse-

1114 583 1258 622 quenter,
1292 575 1375 623 quod
1412 587 1483 610 cum
1522 574 1596 610 dieti
1627 575 1796 622 episcopus
1828 582 1863 609 et

1114 625 1211 660 abbas
1233 637 1294 660 non
1319 624 1434 660 fuerint
1459 624 1607 659 ordinarii
1639 624 1770 664 iudices,
1806 635 1864 659 nec

1115 684 1270 710 constaret
1293 674 1377 722 quod
1398 674 1514 709 fuerint
1528 673 1636 708 arbitri
1652 673 1863 708 communiter

1115 724 1205 759 electi
1238 737 1253 758 a
1287 723 1452 771 partibus,
1485 723 1531 758 vel
1570 722 1691 757 iudices
1729 735 1745 757 a
1780 722 1863 757 Sede

1116 774 1297 820 Apostolica
1320 773 1466 819 delegati.
1492 772 1577 820 quod
1604 781 1788 816 statuerant,
1813 785 1865 807 ro-

1117 823 1177 857 bur
1203 823 1318 858 babere
1340 834 1402 857 non
1432 830 1555 870 poterat
1588 821 1753 866 firmitatis,
1784 833 1864 856 con-

1118 872 1250 908 tendens
1277 885 1331 907 vos
1353 872 1504 907 hacteuus
1526 872 1622 906 libere
1645 870 1734 906 vobis
1760 871 1865 918 ponti-

1118 922 1208 957 ficem
1231 922 1374 968 elegisse.
1405 921 1507 963 Quem
1545 933 1638 956 usum
1676 919 1865 956 sufficienter

1117 983 1150 1006 se
1178 973 1311 1006 asseruit
1338 972 1553 1018 probaturum.
1576 969 1723 1018 Cumque
1756 969 1866 1004 suisset

1118 1021 1145 1054 ei
1162 1033 1197 1055 ex
1212 1021 1342 1055 adverso
1354 1019 1737 1067 responsumwraedictos
1749 1019 1866 1054 iudices

1118 1083 1154 1104 ex
1178 1070 1374 1117 delegatione
1397 1071 1454 1104 iam
1479 1070 1551 1105 dicti
1571 1069 1740 1104 Alexandri
1764 1068 1866 1116 Papae

1119 1218 1253 1264 eligendi
1276 1231 1350 1261 usu,
1376 1227 1408 1252 et
1428 1218 1650 1253 commissione
1679 1219 1744 1265 ipsa
1771 1229 1866 1252 vene-

1120 1268 1271 1303 rabilibus
1323 1267 1471 1303 fratribus
1513 1268 1629 1303 nostris
1675 1267 1865 1308 Brixinensi.

1118 1317 1325 1364 Frisingeusi‚
1338 1325 1369 1352 et
1384 1317 1571 1364 Tergestino
1592 1317 1762 1365 episcopis,
1784 1328 1868 1351 rece-

1121 1367 1258 1413 ptionem
1283 1368 1408 1402 testium
1441 1380 1520 1414 quos
1552 1367 1699 1402 alterutra
1733 1366 1865 1413 partium

1121 1416 1210 1452 vellet
1233 1416 1406 1463 producere
1429 1417 1577 1451 duximus
1598 1415 1865 1461 committendam.

1119 1465 1266 1500 Partibus
1283 1474 1387 1500 autem
1416 1475 1523 1513 postea
1567 1466 1607 1500 in.
1634 1474 1738 1500 nostra
1777 1477 1868 1513 prae-

1120 1515 1218 1550 sentia
1241 1516 1433 1555 constitutis,
1455 1524 1485 1549 et
1523 1515 1738 1550 attestationes
1772 1527 1868 1562 super

1120 1564 1182 1598 illis
1209 1564 1334 1599 duobus
1355 1564 1494 1599 articulis
1533 1564 1738 1599 offerentibus
1776 1564 1870 1599 nobis

1120 1613 1255 1658 clausas,
1283 1622 1466 1661 procurator
1488 1623 1589 1648 vester
1610 1613 1666 1648 fuit
1695 1614 1725 1647 in
1749 1613 1868 1648 iudicio

1121 1671 1310 1709 protestatus
1332 1663 1415 1710 quod
1444 1676 1506 1698 non
1525 1663 1671 1698 credebat
1694 1675 1790 1709 super
1810 1663 1869 1698 hoc

1120 1712 1306 1747 sententiam
1342 1713 1433 1746 latam
1480 1713 1603 1751 fuisse,
1645 1721 1674 1747 et
1716 1714 1740 1747 si
1791 1713 1869 1747 forte

1122 1762 1229 1796 suisset
1257 1762 1327 1805 lata,
1347 1773 1402 1806 per
1415 1771 1532 1796 metum
1551 1763 1656 1809 utique
1684 1762 1782 1797 fuerat
1798 1774 1870 1796 con-

1121 1820 1164 1844 tra
1190 1819 1322 1845 vestram
1347 1811 1517 1846 Ecclesiam
1554 1811 1738 1852 iudicatum,
1774 1823 1867 1859 quem

1120 1860 1158 1895 ad
1182 1873 1239 1895 nos
1269 1869 1389 1895 secreto
1424 1861 1615 1901 vocavimus,
1646 1869 1676 1896 et
1703 1861 1742 1896 de
1769 1869 1870 1896 metus

1124 1910 1346 1957 inquisivimus
1367 1910 1528 1958 qualitate.
1563 1910 1626 1945 Sed
1666 1923 1738 1945 cum
1778 1910 1870 1945 nobis

1122 1967 1240 1994 metum
1266 1959 1447 1995 huiusmodi
1474 1961 1681 2007 expressisset
1704 1961 1756 2007 qui
1783 1960 1870 1995 suffi-

1122 2010 1242 2044 cienter
1269 2009 1418 2056 probatus
1452 2010 1580 2045 minime
1613 2009 1773 2045 videbatur
1813 2022 1870 2045 au-

1124 2058 1202 2093 ferre
1223 2058 1449 2094 adminiculum
1478 2061 1557 2107 parti
1601 2068 1730 2101 vestrae,
1761 2072 1798 2095 ac
1836 2071 1871 2094 se

1124 2108 1205 2142 nolle
1235 2108 1367 2155 probare
1395 2109 1492 2143 alium
1520 2109 1680 2150 fateretur,
1709 2109 1872 2157 postulans

1124 2157 1266 2192 inducias
1295 2158 1332 2192 ad
1374 2167 1493 2193 metum
1535 2171 1630 2205 quem
1676 2166 1871 2206 expresserat

1123 2207 1405 2253 comprobandum,
1433 2221 1489 2243 uos
1519 2209 1556 2243 ad
1594 2208 1794 2243 concordiam
1823 2209 1873 2242 in-

1124 2255 1307 2297 tendentes,
1335 2266 1396 2292 tam
1424 2258 1503 2293 sibi.
1545 2269 1638 2305 quam
1678 2258 1869 2304 procuratori

1125 2306 1220 2352 partis
1243 2307 1371 2341 alterius
1398 2308 1630 2350 consuluimus,
1653 2315 1685 2341 ut
1700 2306 1869 2343 adventum

1125 2355 1309 2391 venerabilis
1348 2357 1451 2392 fratris
1494 2357 1590 2392 nostri
1631 2355 1871 2404 Salzburgensis

1124 2404 1351 2454 archiepiscopi
1375 2414 1588 2454 expectarent,
1624 2406 1677 2453 qui
1721 2414 1871 2442 venturus

1126 2462 1199 2487 tunc
1231 2456 1380 2501 temporis
1420 2456 1457 2490 ad
1496 2456 1608 2491 Sedem
1656 2455 1869 2503 Apostolicam

1124 2503 1319 2549 sperabatur.
1338 2505 1399 2547 Qui
1425 2518 1496 2540 cum
1521 2517 1717 2553 nequaquam
1734 2506 1871 2542 venisset

341 2546 488 2590 mitigata,
510 2546 592 2580 idem
618 2555 801 2593 procurator
819 2549 953 2582 asseruit
968 2548 1085 2583 nuttam
1103 2547 1107 2590 l
1125 2552 1248 2587 diutius
1269 2563 1461 2601 expectatus,
1483 2564 1513 2589 et
1545 2555 1672 2602 quidam
1710 2569 1747 2591 ex
1782 2557 1870 2592 vobis

1877 271 1927 298 An.
1945 269 2056 297 (ΞΛΜ
2093 271 2129 287 ⁸³

2098 1101 2118 1245 ‚2„,„„..,„.,.
2110 1042 2114 1047 ,
2109 1026 2112 1031 ,
2095 996 2113 1010 „⁴
2099 940 2117 977 μω
2111 915 2113 918 ,
2095 849 2114 886 ..3,
2105 834 2111 838 .
2097 771 2113 822 -,-,«
2108 751 2112 758 ,
2104 723 2115 730 9
2099 705 2110 712 ι
2090 578 2114 693 ἶν’-μ’.
2095 538 2098 541 “
2093 451 2107 501 ἕψω·
2099 422 2102 430 -

1895 1276 2006 1304 [utusque
2019 1283 2065 1304 par*-
2106 1271 2114 1287 ”

1880 1308 1907 1328 tis
1923 1310 2028 1329 niomenta
2043 1313 2066 1328 e·
2110 1311 2116 1321 1

1880 1339 1956 1360 :amini
1962 1338 2057 1360 subiecta
2108 1337 2116 1374 ζ

1898 2363 1946 2384 Die·
1963 2362 2067 2390 archiopi-
2090 2366 2104 2386 ,³-

1883 2399 1949 2422 seopo
1962 2395 2026 2415 dicta.
2091 2407 2095 2410 -

1892 2606 1921 2626 Ad
1927 2605 2002 2627 Sedem
2008 2604 2067 2633 Apo·
2089 2584 2097 2591 ι

1127 2664 1233 2686 secum
1263 2653 1413 2700 quosdam
1442 2660 1536 2688 testes
1567 2654 1734 2692 redeuntes
1769 2657 1872 2693 duxe-
1883 2635 2068 2690 mazamutino-

341 2597 465 2640 penitus
507 2607 603 2642 super
644 2595 705 2630 hoc
754 2598 940 2631 sententiam
991 2598 1086 2633 fuisse
1127 2603 1248 2636 interim
1269 2604 1305 2638 ad
1319 2613 1449 2639 vestram
1466 2604 1637 2640 Ecclesiam
1652 2607 1870 2650 accessissent,

375 2659 414 2692 (¹)
432 2659 466 2684 Ex
489 2659 588 2691 Bahnz..
607 2660 650 2686 lib.
671 2669 709 2688 xi,
731 2661 813 2696 Epist.
831 2661 874 2687 99.
