2129 3223
106 248 156 273 An.
176 247 205 274 C.
219 248 286 275 ¹255

114 2260 180 2281 Ceam
194 2261 290 2282 sanet-n-

108 2291 127 2310 di
142 2292 230 2313 decretl,

348 240 418 272 474

291 309 355 350 ‘per
376 311 469 350 caput
498 303 640 350 aspexit,
674 311 906 337 sacramentum
935 301 1048 348 glorisi-

299 353 357 386 cati
394 352 545 399 Corporis
578 351 736 386 celebrare
769 351 990 386 mirificentius
1019 352 1047 384 in

299 402 404 436 azimis
419 401 607 436 sinceritatis
624 400 728 447 elegit.
751 400 816 436 Sed
832 401 939 448 utique
959 401 1049 447 panis

299 449 432 497 simplex
453 459 525 485 ante
551 450 739 485 sacrificium
763 451 853 497 panis
866 458 922 485 est.
940 449 1049 484 Trans·

299 499 560 534 substantiatione
582 511 655 534 vero
680 499 757 534 facta
781 512 836 546 per
864 499 954 534 verba
982 498 1050 533 Do-

299 549 427 588 minica,
450 549 540 595 panis
567 560 628 583 non
656 558 719 592 est,
752 557 782 583 et
810 549 880 584 ideo
904 559 961 582 nec
989 548 1050 581 ser-

300 606 469 637 mentatus
507 609 565 632 nec
594 599 712 632 azimus
738 598 798 632 dici
826 605 948 653 potest
985 595 1047 631 Sed

300 646 351 681 ille
379 647 484 693 potius
504 647 645 682 creditur
666 658 734 682 esse
763 648 851 694 panis
873 646 972 686 vivus
995 646 1048 693 qni

298 695 460 730 descendit
498 696 537 731 de
576 697 689 736 coelo
732 704 762 731 et
810 695 916 731 tribuit
954 696 1047 730 vitam

298 745 427 780 mundo.
451 745 536 780 Haec
559 753 589 781 et
619 746 668 780 liis
692 745 807 781 similia
831 745 940 780 docuit
962 744 1046 779 Petri

297 794 404 829 sedem
432 796 540 831 unctio
562 795 712 842 spiritus,
747 803 776 829 et
810 795 926 830 sanitas
957 793 1049 829 intel-

297 843 408 878 lectus.

346 896 361 936 ξ
388 896 420 927 4.
450 892 595 934 Utinam,
623 901 653 928 et
675 903 706 928 tu
735 892 860 928 tandem
879 891 1048 939 aliquando

297 943 450 977 iuniorem
473 943 685 990 discipulum,
719 943 771 990 qui
803 942 878 976 vidit
899 950 929 976 et
951 941 1048 976 credi-

297 992 341 1026 dit
356 1000 484 1027 secutus
501 993 692 1031 introeas.ut
706 991 855 1028 omnibus
870 990 1047 1034 intellectis,

298 1040 461 1076 nobiscnm
492 1053 562 1076 vere
590 1041 702 1088 psallas
732 1041 809 1076 illud
842 1040 1045 1075 Davidicum:

297 1089 379 1124 Ecce
401 1103 496 1137 quam
523 1090 641 1126 bonum
665 1099 695 1125 et
725 1102 818 1138 quam
855 1089 1046 1129 iucundum,

297 1138 437 1174 babitare
465 1139 576 1175 fratres
603 1141 632 1174 in
664 1152 775 1175 unum.

345 1187 459 1223 Datum
484 1189 641 1230 Laterani,
669 1189 791 1224 decimo
819 1188 929 1235 quinto
944 1187 1048 1222 kalen-

297 1237 353 1272 das
380 1238 468 1281 iunii,
491 1239 693 1285 pontificatus
721 1238 818 1274 nostri
843 1249 926 1272 anno
954 1249 1012 1271 vii.

355 1298 416 1328 Dat.
435 1299 482 1328 die
502 1299 537 1329 18
562 1300 629 1329 maii
654 1299 740 1337 1233,
756 1298 858 1339 pontis.
877 1308 922 1328 an.
943 1306 990 1328 vu.

594 1481 737 1517 XXXIV.

300 1563 391 1603 Quod
427 1564 457 1597 in
482 1571 634 1608 posterum
660 1563 749 1596 nulla
785 1563 938 1597 laicorum
974 1574 1048 1596 eon-

344 1614 524 1656 fraternitas
546 1614 579 1645 in
607 1612 683 1646 Urbe
710 1613 821 1657 absque
849 1613 937 1646 Sedis
965 1613 1049 1657 Apo-

346 1663 469 1695 stolicae
491 1663 613 1696 licentia
645 1662 774 1706 speciali
805 1662 960 1705 erigatur,
992 1661 1049 1694 mi-

346 1723 461 1756 nusque
486 1711 659 1744 observetur
679 1711 783 1753 farma
805 1711 944 1749 illarum,
973 1721 1049 1755 quae

346 1761 453 1794 irritae
470 1761 683 1798 declarantur,
711 1761 791 1793 circa
817 1760 1049 1793 associationem

346 1810 529 1843 cadaverum
556 1809 768 1853 defunctorum
800 1810 861 1851 (Ι).

567 1889 781 1921 ΞΗΜΜΑΒΙΠΜ

354 1956 447 1987 Causa
467 1957 620 1987 sanciendi
640 1956 760 1986 decreti.
779 1970 815 1978 -
833 1954 996 1986 Decretum.

301 2037 446 2072 Gregorius
459 2036 602 2072 opiscopus
612 2027 708 2064 servus
717 2041 857 2064 servorum
873 2033 929 2067 Dei,
943 2034 1053 2063 dilectis

345 2085 410 2114 filiis
429 2084 584 2114 rectoribus
606 2085 802 2114 fraternitatis
821 2083 908 2116 Urbis.
935 2083 1053 2112 satutem

345 2136 376 2164 ot
398 2134 578 2171 apostolicam
601 2133 823 2162 benedictionem.

351 2210 400 2245 Ad
416 2217 551 2245 nostram
570 2209 720 2244 noveritis
736 2207 928 2243 audientiam
945 2219 1054 2255 perve-

304 2260 387 2295 nisse
391 2259 493 2306 ,quod
511 2258 580 2293 laici
595 2258 724 2305 quidam
739 2257 777 2292 de
790 2256 876 2292 Urbe
891 2257 1053 2298 habentes,

305 2309 358 2344 sed
382 2320 443 2343 non
459 2307 635 2343 secundum
659 2307 841 2347 scientiam,
861 2307 961 2341 zelum
984 2305 1056 2351 Dei,

305 2359 372 2393 sine
404 2357 607 2404 Apostolicae
634 2356 729 2392 Sedis
756 2355 878 2390 licentia
901 2355 1052 2402 quasdam

306 2407 516 2442 fraternitates
528 2405 711 2440 adinvenire
721 2405 779 2439 sibi
791 2405 967 2440 temeritate
982 2416 1055 2452 pro-

307 2456 370 2501 pria
385 2463 679 2502 praesumpserunt,
688 2466 821 2501 quarum
833 2454 996 2488 occasione
1009 2465 1056 2488 so

307 2504 483 2539 lemnitates
493 2503 644 2551 quasdam
660 2504 741 2538 circa
753 2515 883 2550 corpora
897 2502 1054 2538 defuncto·

307 2564 375 2587 rum
412 2561 532 2599 praeter
572 2552 750 2599 generalem
790 2551 1055 2587 consuetudinem

343 2616 382 2651 (¹)
398 2617 436 2644 Ex
452 2618 557 2653 Regest.
576 2618 660 2645 Vane.

873 249 1060 272 ntJLLARttJM
1088 248 1250 270 ROMANUM

1094 301 1246 335 hactenus
1269 301 1298 335 in
1319 299 1433 335 talibus
1456 299 1668 340 observatam,
1689 310 1752 346 pro
1780 311 1836 334 sua

1093 349 1210 384 faciunt
1239 349 1396 384 voluntate
1430 349 1565 396 propriis
1598 347 1775 384 rectoribus
1807 356 1838 382 et

1091 399 1293 434 thesaurariis
1305 398 1365 434 sibi
1387 399 1513 443 creatis,
1535 398 1652 446 quibus
1670 396 1837 441 obediunt,

1091 448 1271 495 frequenter
1297 448 1539 489 convenientes,
1567 456 1599 482 ut
1625 455 1738 482 statuta
1767 459 1837 482 ser—

1092 506 1163 532 vent
1185 510 1313 538 eorum,
1341 497 1483 532 convivia
1517 497 1613 532 certis
1640 497 1838 544 temporibus

1091 545 1280 582 celebrando
1307 547 1339 581 in
1361 546 1597 593 derogationem
1633 546 1837 581 fraternitatis

1090 595 1276 631 clericorum
1295 595 1390 631 Urbis
1412 607 1428 630 a
1452 596 1554 641 longis
1577 605 1658 630 retro
1681 596 1838 643 tempori-

1090 644 1149 679 bus
1171 645 1380 693 approbatae;
1415 644 1487 691 qnia
1515 657 1588 679 vero
1616 652 1743 691 propter
1770 644 1838 679 fra-

1091 694 1252 729 ternitates
1287 693 1467 729 huiusmodi
1502 694 1666 734 laicorum,
1689 694 1761 729 licet
1782 707 1839 729 su-

1091 743 1278 790 perficialem
1319 743 1534 790 apparentiam
1565 742 1702 778 habeant
1736 743 1839 778 hone-

1089 793 1195 837 statis,
1228 801 1275 828 est
1306 793 1420 827 merito
1456 791 1679 836 dubitandum,
1707 804 1746 828 ne
1778 792 1838 827 sub

1089 853 1196 876 earum
1225 850 1386 889 praetextu
1415 841 1576 888 simplices
1609 841 1747 889 protrahi
1786 853 1838 876 va—

1089 890 1175 926 leant
1195 891 1234 926 ad
1252 903 1410 931 errorem;
1433 892 1628 926 universitati
1648 899 1767 926 vestrae
1783 903 1838 938 per

1088 940 1259 988 apostolica
1295 940 1410 987 scripta
1439 939 1580 976 districte
1614 940 1837 988 praecipiendo

1089 990 1288 1034 mandamus,
1310 997 1467 1037 quatenus
1494 989 1704 1025 fraternitates
1731 989 1839 1024 huius-

1090 1039 1172 1074 modi
1196 1039 1398 1074 denuncietis
1422 1039 1550 1085 penitus
1570 1052 1631 1074 non
1655 1039 1837 1082 servandas,

1089 1088 1173 1123 clero
1200 1088 1314 1133 Urbis,
1344 1100 1382 1123 ne
1409 1087 1448 1123 de
1483 1096 1606 1124 caetero
1628 1089 1658 1123 in
1681 1089 1747 1123 suis
1769 1087 1836 1123 Ec-

1088 1138 1193 1173 clesiis
1206 1137 1333 1173 easdem
1357 1137 1536 1179 admittant,
1560 1150 1662 1185 neque
1684 1137 1837 1185 sepeliant

1089 1199 1219 1234 corpora
1243 1194 1440 1222 mortuorum
1464 1199 1537 1223 cum
1564 1186 1837 1228 solemnitatibus,

1088 1249 1168 1283 quae
1195 1236 1392 1272 introductae
1414 1244 1488 1272 suut
1501 1237 1667 1272 occasione
1685 1237 1837 1283 ipsarum,

1088 1286 1261 1321 districtius
1293 1285 1483 1321 inhibentes.
1515 1285 1695 1322 Statuimus
1724 1286 1836 1326 etiam,

1088 1343 1121 1369 nt
1144 1335 1228 1370 nulla
1250 1334 1310 1370 alia
1326 1343 1462 1382 >praeter
1492 1343 1696 1371 memoratam
1728 1334 1838 1370 frater-

1088 1384 1214 1419 nitatem
1237 1384 1424 1422 clericorum
1443 1384 1482 1419 de
1501 1393 1624 1420 caetero
1643 1384 1695 1419 fiat
1708 1383 1740 1419 in
1754 1383 1839 1419 Urbe

1088 1432 1265 1468 fraternitas
1286 1433 1354 1468 sine
1376 1433 1500 1469 licentia
1522 1433 1615 1469 Sedis
1636 1433 1838 1480 Apostolicae

1087 1482 1233 1528 speciali;
1264 1483 1395 1518 clericos
1430 1495 1501 1518 vero
1529 1482 1589 1530 'qui
1620 1495 1714 1518 secus
1747 1494 1839 1529 prae·

1087 1531 1301 1578 sumpserint,
1321 1539 1352 1566 et
1373 1530 1552 1576 Ecclesias,
1578 1532 1609 1566 in
1632 1531 1748 1580 quibus
1779 1532 1839 1567 hu-

1089 1580 1224 1615 iusmodi
1266 1580 1477 1616 fraternitates
1521 1581 1672 1616 laicorum
1723 1580 1840 1616 fuerint

1089 1629 1277 1669 celebratae,
1313 1631 1501 1677 supponatis
1527 1630 1702 1666 sententiae
1739 1631 1840 1666 inter-

1089 1678 1175 1719 dicti,
1203 1690 1284 1725 quae
1311 1679 1379 1713 sine
1413 1679 1541 1726 speciali
1576 1679 1723 1714 mandato
1744 1679 1840 1715 Sedis

1090 1727 1291 1774 Apostolicae
1319 1727 1499 1763 nullatenus
1520 1728 1623 1763 ‘valeat
1648 1728 1790 1763 relaxari.

1139 1776 1255 1812 Datum
1293 1777 1473 1823 Anagniae,
1521 1777 1656 1825 septimo
1693 1777 1841 1813 kalendas

1092 1825 1292 1866 novembris,
1320 1826 1522 1873 pontificatus
1555 1826 1653 1862 nostri
1680 1838 1768 1862 annot
1794 1838 1839 1861 vi.

1131 1885 1190 1916 Dat.
1210 1887 1257 1917 die
1276 1887 1314 1916 26
1329 1887 1458 1917 octobris
1475 1886 1561 1925 1232,
1576 1887 1678 1927 pontif.
1697 1896 1743 1917 an.
1765 1895 1801 1917 vi.

1399 2035 1531 2071 XXXV.

1097 2106 1287 2150 Reformatt'o
1334 2109 1555 2141 monachorum
1601 2108 1844 2142 Cluniacemium

1247 2157 1366 2190 ordinis
1388 2158 1499 2191 Sancti
1525 2158 1688 2191 Benedicti.

1361 2233 1576 2266 SUMMARtUM

1095 2301 1188 2333 Causa
1199 2303 1349 2334 faciendae
1357 2304 1584 2335 reformationis.
1594 2321 1633 2328 —
1643 2305 1669 2334 t.
1678 2303 1844 2344 Capitulum

1135 2357 1233 2386 gener.
1267 2349 1343 2388 apud
1366 2348 1538 2379 cluniacum
1573 2349 1729 2388 quotannis
1763 2349 1843 2378 cele-

1136 2392 1294 2424 brandum:
1308 2395 1338 2424 in
1351 2403 1444 2434 eoque
1455 2395 1602 2425 tractanda
1616 2393 1845 2433 praescribit.—

1136 2435 1163 2465 2.
1182 2435 1355 2468 Desinitores
1369 2443 1396 2468 et
1408 2438 1572 2468 visitatores
1589 2437 1804 2476 provinciarum
1816 2438 1844 2467 in

1136 2488 1169 2509 eo
1193 2480 1332 2519 eligendi.
1346 2498 1385 2504 —
1396 2482 1422 2512 3.
1434 2481 1474 2511 De
1486 2481 1586 2511 causis
1598 2480 1726 2510 nondum
1743 2481 1847 2511 defini-

1137 2524 1183 2553 tis.
1206 2541 1244 2547 —
1261 2525 1288 2555 5.
1304 2525 1432 2564 Capituli
1449 2529 1552 2555 statuta
1568 2525 1614 2555 bis
1633 2525 1663 2555 in
1679 2534 1755 2555 anno
1769 2525 1848 2555 reci-

1138 2569 1232 2598 tanda.
1251 2585 1289 2591 —-
1306 2570 1333 2599 6.
1358 2569 1528 2599 visitatores
1550 2568 1670 2598 nonnisi
1706 2577 1848 2608 expensas

1137 2612 1302 2643 moderatas
1322 2613 1474 2652 recipiant.
1492 2629 1529 2635 —
1559 2612 1584 2642 7.
1607 2611 1662 2648 Qui
1685 2613 1721 2643 ad
1744 2612 1848 2643 huius·

1851 243 1901 269 Αιι.
1919 241 1948 269 C.
1963 242 2033 270 ¹232

1883 903 2003 926 Decretum
