2129 3223
39 221 87 250 An.
106 223 134 249 C.
151 223 218 249 ¹923

855 224 1019 247 ΠΟΝὌΙΠΓῖ
1041 225 1076 246 ΙΙΙ
1101 224 1148 247 PF.

233 288 282 312 ras
304 276 437 312 babeant
464 277 577 317 laicali,
597 276 689 311 salvis
704 277 793 313 iustis
816 287 843 313 et
865 279 980 314 debitis

232 326 393 362 acrosticis
417 326 591 361 secundum
621 326 867 362 moderationem
892 328 980 363 inse-

234 376 300 410 rius
319 375 514 416 adnotatam,
541 388 603 410 non
626 375 824 412 obstantibus
846 390 979 424 compo-

232 425 399 460 sitionibus
420 425 444 459 si
467 437 547 472 quae
576 426 771 472 reperiamur
794 426 890 461 sactae
907 439 979 474 per-

233 481 343 520 petuo,
371 486 410 508 ne
439 473 500 509 illis
526 486 621 521 super
647 474 764 520 quibus
791 487 853 510 non
882 488 979 523 appa-

232 530 300 558 rent
325 522 426 570 aliqua
450 524 658 558 instrumenta
693 524 751 558 nisi
783 537 799 559 a
831 525 918 560 vobis
949 533 977 560 et

230 571 366 606 subditis
389 573 498 607 vestris
525 585 634 608 eorum
657 573 780 620 aliquae
804 574 914 609 merito
931 587 980 610 ac-

230 629 413 668 ceptentur;
436 622 475 656 ita
499 631 602 657 tamen
626 623 708 669 quod
737 635 832 669 snper
854 636 979 671 posses-

231 670 374 706 sionibus
395 684 472 719 quas
495 672 525 706 in
550 673 704 719 praesenti
727 672 844 707 eaedem
871 682 978 708 tenent

231 718 409 765 Ecclesiae,
438 721 521 756 nulla
549 722 594 756 cis
622 733 752 768 prorsus
779 734 794 756 a
818 734 976 769 quoquam

230 770 370 815 quaestio
393 778 564 805 moveatur.
588 770 622 804 In
650 771 742 805 casali
763 783 833 805 vero
858 785 925 806 xxv
948 780 978 806 et

229 817 311 853 ultra
334 831 435 866 usque
461 819 499 854 ad
529 832 595 854 Lxx
619 820 699 854 lares
730 820 879 860 habente,
914 821 977 856 duo

228 875 320 902 erunt
342 876 471 916 papates
499 881 571 904 cum
595 869 760 911 uxoribus,
786 870 857 903 filiis
885 879 915 904 et
938 870 978 905 fa-

229 917 325 952 miliis
346 920 423 958 suis,
451 918 511 953 nisi
533 918 611 953 forte
634 919 686 953 filii
706 919 876 953 manserint
891 928 977 954 extra

228 965 341 1002 domos
363 975 509 1014 paternas
535 967 594 1002 sub
626 967 839 1002 Ecclesiarum
867 968 977 1003 domi-

228 1015 283 1051 nio
308 1028 324 1050 a
351 1016 450 1051 laicali
480 1017 695 1052 iurisdictione
729 1018 859 1051 omniuo
886 1017 975 1051 liberi

227 1073 259 1100 et
285 1066 454 1101 immunes.
481 1066 621 1108 Quilibet
650 1078 722 1101 vero
749 1078 845 1113 papas
877 1079 974 1101 unum

227 1115 422 1150 ennicarium
447 1116 477 1149 in
501 1116 596 1149 scatia
618 1128 674 1150 sua
697 1115 830 1149 liberum
853 1116 975 1156 habeat,

227 1165 254 1198 si
283 1164 369 1199 illum
397 1176 481 1199 nunc
508 1164 602 1199 babet
626 1165 670 1199 vel
702 1164 845 1199 habuerit
867 1177 882 1199 a
903 1172 975 1199 tem-

229 1225 305 1261 pore
322 1213 515 1261 supradicto.
539 1213 633 1255 Quod
651 1213 677 1248 si
693 1213 805 1248 larium
826 1226 977 1248 numerus

228 1263 506 1310 septuagenarium
535 1263 713 1307 excesserit,
737 1263 768 1297 in
796 1263 978 1309 casaliqua-

230 1321 300 1347 tuor
323 1320 450 1360 papates
479 1320 571 1347 erunt
599 1313 628 1345 in
657 1312 708 1346 illo
740 1311 828 1346 liberi
856 1320 886 1345 et
915 1313 977 1345 im-

229 1373 344 1396 munes
366 1373 438 1396 cum
461 1361 596 1407 singulis
623 1361 802 1404 ennicariis,
823 1361 903 1395 sicut
923 1373 977 1395 sn-

229 1409 334 1457 perius
360 1418 407 1445 est
427 1422 625 1457 expressum.
647 1409 739 1451 Quod
767 1410 792 1444 si
813 1410 891 1444 ultra
906 1422 977 1444 cen-

228 1459 382 1494 tenarium
404 1467 435 1494 et
470 1459 656 1505 vigesimum
692 1459 840 1505 quintum
866 1470 997 1493 esces—1

228 1508 314 1550 serit,
337 1520 488 1544 numerus
504 1517 652 1555 papatum
674 1516 836 1543 excrescet
856 1508 888 1542 in
910 1519 978 1543 sex-

229 1566 306 1592 tum.
339 1557 377 1593 Et
409 1558 453 1593 sic
485 1558 635 1605 deinceps
668 1565 796 1605 papates
823 1557 978 1592 addentur

228 1619 299 1642 cnm
323 1606 466 1642 libertate
498 1608 699 1654 praescripta.
739 1607 780 1641 At
810 1607 835 1641 si
865 1607 978 1641 casalis

228 1668 295 1690 xxv
326 1656 405 1691 lares
439 1668 500 1690 non
538 1656 667 1699 babeat,
700 1656 739 1691 de
772 1655 978 1690 vicinioribus

229 1704 385 1740 casalibus
402 1717 456 1740 seu
473 1705 551 1739 locis
568 1714 611 1740 tot
633 1705 843 1751 adiungantur
861 1705 976 1745 eidem,
997 1721 999 1747 2

227 1754 312 1801 quod
336 1754 492 1802 praelatus
515 1766 578 1788 xxv
607 1766 760 1789 numerus
794 1754 977 1799 impleatur;
997 1755 999 1764 ¹

228 1811 259 1837 et
293 1803 339 1838 sic
369 1811 461 1838 erunt
493 1804 555 1837 duo
584 1811 711 1850 papates
745 1803 775 1837 in
809 1802 863 1837 illo
892 1815 979 1849 prae-

229 1852 344 1898 scripta
367 1852 510 1886 libertate
532 1851 717 1895 gaudentes.
746 1852 912 1887 Caeterum
934 1864 976 1886 re-

229 1900 306 1948 liqui
337 1901 456 1936 rurales
489 1909 617 1947 papates
651 1909 761 1936 cuncta
797 1900 920 1935 servitia
949 1909 978 1935 et

228 1949 342 1985 auxilia
381 1958 533 1985 consueta
573 1958 602 1984 et
643 1950 791 1996 praestita
827 1949 1000 1995 haetenus,

229 1998 319 2034 laicis
344 1999 556 2038 exhibebunt,
584 2011 621 2033 eo
643 2007 747 2034 tamen
775 1999 871 2042 salvo,
894 1999 977 2045 quod
999 2000 1000 2005 ’

231 2049 372 2094 ipsorum
409 2047 558 2083 dominus
586 2048 766 2095 temporalis
799 2056 829 2082 et
864 2049 912 2082 sui
949 2048 977 2082 in

231 2109 384 2144 personas
405 2109 515 2132 eorum
545 2108 657 2131 manus
685 2105 807 2132 mutere
837 2109 898 2131 non
922 2109 980 2131 au-

231 2146 373 2187 debunt,
409 2159 466 2181 nec
503 2146 682 2192 permittent
728 2145 811 2193 quod
840 2146 870 2180 in
900 2154 979 2181 terra

232 2245 436 2280 voluntatem.
486 2244 620 2291 Papates
658 2256 732 2279 vero
773 2256 830 2279 seu
876 2244 980 2278 cleriei

233 2295 336 2339 graeci
359 2294 576 2329 Ecclesiarum
592 2292 818 2328 cathedralium
843 2293 982 2328 virentes

233 2356 248 2378 a
281 2351 440 2390 tempore,
475 2355 537 2390 quo
565 2342 746 2377 mandatum
773 2342 982 2389 apostolicum

233 2392 401 2433 emanavit,
434 2392 471 2427 ad
498 2391 583 2438 quod
612 2391 857 2436 resignationem
879 2391 984 2426 Rave-

234 2441 324 2477 nicae
351 2441 456 2477 dictus
483 2441 632 2489 princeps
660 2440 775 2475 dicitur
806 2440 984 2487 recepisse,

235 2498 327 2525 erunt
347 2490 477 2525 omnino
507 2490 608 2530 liberi,
635 2497 668 2523 ut
689 2489 727 2525 de
750 2489 818 2523 aliis
840 2490 986 2536 superius

235 2547 283 2574 est
308 2551 507 2587 expressum.
532 2538 596 2574 Sed
624 2546 653 2573 et
675 2538 756 2573 circa
780 2538 918 2585 reliquos
937 2550 988 2585 pa-

235 2595 325 2636 pates
345 2589 505 2624 civitatum
536 2587 611 2623 illud
636 2587 718 2621 idem
746 2594 888 2622 servetur
901 2586 986 2633 quod

1652 215 1715 248 591

1020 286 1066 314 est
1082 278 1120 312 dc
1141 278 1297 313 ruralibus
1319 280 1508 317 ordinatum.
1537 279 1672 316 praelati
1694 291 1768 326 quo·

1019 340 1080 374 que
1114 327 1153 362 de
1187 327 1338 363 laicorum
1369 330 1551 366 bominibus
1573 338 1685 366 contra
1707 343 1768 366 vo-

1020 377 1169 412 luntatem
1207 378 1346 424 ipsorum
1376 389 1436 414 tam
1465 381 1494 414 in
1530 379 1683 415 Ecclesiis
1709 393 1766 416 ca-

1020 426 1224 461 thedralibus.
1253 440 1347 474 quam
1372 430 1401 463 in
1425 429 1492 463 aliis
1516 429 1678 464 civitatum
1710 443 1766 466 seu

1019 476 1166 511 casalium
1195 476 1234 510 ‹le
1261 486 1384 512 caetero
1405 479 1541 525 aliquem
1574 490 1637 514 non
1670 479 1767 515 insti-

1021 533 1119 565 tuent,
1142 538 1201 561 nec
1218 525 1255 560 ad
1281 526 1408 562 ordines
1437 527 1665 575 promovebunt
1687 529 1764 565 ultra

1021 583 1167 622 papatum
1198 588 1363 610 numerum
1394 585 1616 624 praetaxatum.
1644 577 1709 613 Sed
1735 589 1764 614 et

1021 633 1147 670 papates
1181 637 1196 660 a
1232 625 1450 661 iurisdictione
1490 627 1578 661 liberi
1601 627 1765 668 laicorum,

1019 673 1173 716 debitum,
1195 683 1225 709 et
1239 675 1402 721 antiquum
1418 677 1620 717 acrosticum,
1641 678 1763 724 siquod

1019 722 1135 759 debent
1162 736 1218 771 pro
1247 725 1347 768 terris,
1374 738 1454 772 quas
1477 739 1558 760 nunc
1581 733 1699 767 tenent,
1726 739 1764 762 ex

1020 773 1091 811 illis,
1114 785 1222 820 quasa
1238 773 1397 819 praedicto
1420 783 1561 822 tempore
1586 784 1764 820 tenuerunt,

1019 822 1109 857 laicis
1135 823 1203 857 sine
1225 822 1407 858 difficultate
1430 824 1617 871 persolvent.
1645 824 1765 872 Saepe-

1018 871 1122 907 dictus
1155 884 1227 907 vero
1256 873 1404 919 princeps
1425 882 1455 908 ct
1480 873 1584 908 Latini
1606 874 1666 908 sibi
1688 876 1765 910 sub-

1019 921 1087 955 iecti
1116 920 1255 956 decimas
1278 922 1398 967 integre
1421 922 1552 963 solvent,
1588 931 1618 958 et
1653 923 1765 960 sacient

1017 982 1031 1004 a
1055 969 1185 1006 Graecis
1207 971 1265 1006 sibi
1289 971 1425 1005 subditis
1466 980 1494 1006 et
1522 983 1583 1006 non
1609 973 1765 1009 rebellan-

1019 1019 1102 1054 tibus
1133 1021 1228 1055 simili
1267 1020 1362 1055 modo
1398 1021 1546 1067 persolvi.
1585 1021 1684 1057 Porro
1710 1036 1765 1059 vos

1018 1069 1120 1103 eidem
1145 1070 1278 1116 principi
1313 1078 1342 1104 et
1364 1071 1431 1105 suis
1453 1070 1667 1106 Ecclesiarum
1701 1072 1765 1107 the·

1017 1130 1139 1160 saurOS,
1166 1127 1197 1153 et
1223 1118 1281 1154 alia
1306 1119 1436 1154 mobilia
1459 1128 1570 1163 vestra,
1594 1132 1717 1156 necnon
1735 1131 1764 1157 et

1019 1167 1148 1202 iniurias
1169 1168 1330 1214 irrogatas,
1350 1176 1472 1214 praeter
1495 1170 1691 1216 personales,
1715 1183 1765 1206 re-

1019 1216 1148 1251 mittetis
1186 1217 1327 1252 omnino.
1356 1217 1579 1253 Verumtamen
1613 1218 1652 1253 de
1687 1232 1764 1267 per-

1017 1265 1179 1300 sonalibus
1195 1266 1411 1313 fructibusque
1427 1267 1582 1314 perceptis
1594 1276 1624 1302 et
1641 1268 1765 1305 damnis

1017 1315 1098 1349 datis
1121 1322 1274 1361 tempore,
1309 1328 1372 1362 quo
1400 1316 1547 1362 princeps
1575 1318 1639 1362 ipse
1671 1317 1764 1354 suita

1018 1363 1130 1398 dilecto
1154 1364 1219 1399 filio
1246 1374 1354 1399 nostro
1376 1365 1493 1400 Ioanne
1521 1365 1602 1400 tituli
1630 1365 1766 1403 Sanctae

1018 1413 1170 1447 praxedis
1192 1413 1374 1460 presbytero
1392 1414 1562 1454 cardinale,
1586 1427 1669 1450 nunc
1685 1417 1767 1464 Apo-

1018 1462 1147 1497 stolicae
1170 1462 1263 1497 Sedis
1298 1463 1410 1508 legato,
1433 1465 1767 1500 excommunicationis

1018 1513 1174 1546 sententia
1197 1512 1377 1552 innodatus,
1402 1525 1524 1548 necnon
1544 1514 1583 1548 ‹le
1607 1517 1767 1563 perceptis

1019 1561 1173 1595 fructibus
1196 1573 1231 1595 ex
1255 1561 1510 1608 possessionibus
1533 1571 1564 1598 et
1590 1563 1684 1598 bonis
1714 1577 1767 1600 ec—

1018 1610 1212 1648 clesiasticis,
1237 1618 1267 1644 et
1289 1610 1413 1645 damnis
1447 1612 1539 1646 illatis
1566 1625 1581 1647 a
1610 1620 1766 1660 tempore,

997 1672 1081 1706 ,rquo
1123 1660 1304 1694 mandatum
1352 1661 1507 1695 emanavit
1551 1661 1767 1709 praedictum,

1021 1709 1167 1756 princeps
1194 1709 1261 1755 ipse
1288 1721 1323 1743 ac
1346 1709 1394 1743 sui
1427 1710 1515 1744 vobis
1536 1719 1766 1758 competentem

1019 1757 1263 1793 satisfactionem
1309 1758 1491 1804 impendent
1537 1768 1566 1794 et
1608 1759 1769 1796 dimittent

1020 1807 1119 1847 vobis,
1153 1807 1177 1842 si
1202 1807 1231 1841 in
1254 1807 1361 1854 aliquo
1390 1816 1534 1854 reputant
1560 1821 1593 1844 se
1620 1810 1769 1854 offensos,

1019 1868 1055 1891 ac
1082 1856 1111 1890 in
1141 1857 1467 1904 recompensationem
1498 1858 1639 1893 omnium
1677 1872 1769 1905 prae—

1020 1905 1176 1940 dictorum
1211 1906 1323 1942 vestris
1350 1906 1582 1942 cathedralibus
1603 1907 1769 1950 Ecclesiis,

1020 1954 1154 1989 deducta
1183 1955 1379 2000 Argolicensi
1415 1955 1556 1990 Ecclesia
1593 1969 1649 2003 pro
1684 1966 1770 2004 parte

1021 2004 1137 2038 nobilis
1153 2005 1330 2048 memorati,
1350 2004 1435 2039 mille
1461 2005 1709 2052 hyperperorum
1724 2009 1769 2049 (l)

1020 2065 1162 2088 annuum
1202 2053 1360 2088 redditum
1401 2055 1561 2100 assignare
1596 2055 1770 2096 curabunt3

1022 2103 1061 2137 ita
1085 2102 1170 2149 quod
1186 2102 1313 2137 cuilibet
1329 2102 1498 2137 cathedrali
1515 2103 1674 2139 Ecclesiae
1691 2117 1771 2140 sors,

1000 2164 1101 2199 ,quae
1129 2152 1227 2198 ipsam
1264 2152 1435 2197 contingit,
1464 2152 1609 2187 videlicet
1643 2161 1770 2187 centuni

232 2204 339 2230 contra
375 2196 541 2230 latinorum
581 2195 769 2230 clericorum
804 2194 1003 2230 celebretur·

1022 2202 1220 2247 septuaginta
1242 2200 1402 2236 Ecclesiae
1436 2201 1629 2244 patracensi,
1656 2201 1774 2236 Corin-

1024 2250 1135 2284 thiensi
1159 2249 1301 2289 totidem,
1325 2261 1447 2284 necnon
1471 2258 1597 2284 centum
1619 2251 1774 2297 quinqua-

1023 2299 1107 2345 ginta
1146 2298 1414 2333 Lacadamonensi
1443 2307 1473 2333 et
1501 2299 1672 2334 Amiclensi
1710 2299 1773 2334 Ec-

1024 2348 1139 2387 clesiis,
1167 2347 1343 2382 Coronensi
1379 2359 1506 2394 quoque
1527 2355 1654 2383 centum
1677 2348 1774 2395 quin-

1025 2397 1188 2443 quaginta,
1216 2404 1245 2430 et
1269 2396 1396 2431 totidem
1418 2396 1629 2437 Mothonensi,
1651 2409 1774 2432 necnon

1027 2446 1175 2480 Olenensi
1210 2445 1370 2480 Ecclesiae
1406 2445 1553 2487 totidem3
1589 2454 1619 2481 et
1646 2446 1775 2493 Argoli-

1063 2519 1101 2553 (t)
1122 2519 1316 2551 Hyper-perum,
1334 2523 1438 2546 moneta
1460 2519 1552 2554 imper.
1580 2518 1709 2546 Bizantin.
1731 2514 1777 2546 au-

1028 2566 1081 2589 rea,
1099 2558 1135 2584 sic
1152 2558 1232 2590 dicta,
1249 2559 1324 2593 quasi
1341 2566 1372 2585 ex
1391 2566 1455 2585 auro
1475 2559 1572 2584 eximie
1591 2558 1671 2585 rutilo
1690 2561 1716 2585 et
1735 2566 1778 2596 res-

1029 2601 1103 2624 cocto
1119 2597 1247 2625 confecta.

1787 226 1824 251 Αη
1851 225 1869 251 C
1902 225 1967 252 ¹293
