2129 3223
49 232 100 262 ΑΟ.
118 233 147 261 C.
168 233 234 260 ¹2¹⁷

57 980 172 1009 Episcopus
194 982 226 1002 ci-

44 1014 129 1034 'tutem
158 1013 227 1033 inter-

43 1043 99 1065 cteta
119 1042 226 1069 subponit.

56 2058 153 2081 Potestas
163 2060 223 2087 flugi-

41 2090 71 2110 ιίιι
85 2090 168 2117 unguit·
189 2091 225 2111 ad—

877 232 1040 257 }{ONORHJS
1063 233 1098 255 ΙΙΙ
1123 233 1168 255 ΙῬ.

1671 224 1740 256 529

249 296 281 323 et
306 287 383 333 alia,
416 299 497 335 quae
520 286 649 334 praelati
686 287 828 334 episcopi
871 296 901 323 et
925 287 997 322 reli·
1038 287 1230 322 clesiasticos
1256 290 1538 334 compromitteret.
1560 295 1591 323 et
1612 299 1722 323 eorum
1745 299 1791 322 ar·

247 337 327 384 giosi
362 335 587 372 rationabiliter
613 336 832 384 proponebant
866 349 996 384 prorsus

247 385 356 421 audire
369 394 587 425 contemnens,
604 385 716 420 iterum
734 395 897 441 praesente
911 386 995 421 dicto

247 433 458 481 Senogallien.
490 435 642 482 episcopo
668 435 740 469 fecit
761 446 817 481 per
838 435 993 470 civitatem

246 484 410 530 praeconis
433 495 507 518 voce
531 483 669 527 clamari,
701 491 733 517 ut
756 483 862 518 nullus
885 484 994 531 loque-

246 541 332 568 retur
353 533 413 567 iam
436 532 520 568 dicto
541 531 660 568 Fauen.
688 531 849 580 episcopo,
871 541 923 568 aut
937 533 995 568 ati-

243 582 328 629 quod
351 590 510 617 exerceret
527 582 750 617 commercium
773 593 845 617 curn
869 582 993 623 eodem,

243 639 275 666 et
314 631 563 679 praesumptioni
603 631 893 678 praesumptionem
909 659 916 672 ,
957 644 993 667 ac

243 679 340 716 furori
385 680 521 715 furorem
564 680 727 720 adiiciens,
756 679 893 714 inhibuit
933 681 993 716 sub

243 741 344 777 poena
379 729 493 784 banni,
526 738 556 764 et
591 729 716 764 vinculo
751 729 932 774 iuramenti,
961 740 991 765 ut

241 777 349 814 nullus
371 779 511 823 missam,
537 777 816 826 praedicationem,
850 779 898 813 vel
921 778 992 813 offi—

241 828 325 863 cium
348 826 476 876 aliquod
499 827 622 862 audiret
644 839 795 874 episcopo
813 827 992 875 saepedicto

243 884 419 931 praesente,
443 884 476 911 ut
502 876 548 911 sic
569 875 682 912 ordine
710 876 902 923 perturbato,
936 876 991 924 ip-

240 937 311 961 sum
348 926 534 972 episcopum
575 925 868 960 excommunicasse
908 938 991 972 quo-

241 974 410 1010 dammodo
448 974 614 1010 videretur.
652 973 770 1008 Videris
803 987 878 1021 ergo
906 975 988 1009 idem

241 1024 412 1072 episcopus
443 1024 547 1059 locum
581 1023 718 1070 amplius
745 1023 988 1059 dissimulationi

240 1085 304 1108 non
324 1085 406 1114 esse,
432 1085 504 1107 cum
523 1072 627 1108 dictus
649 1071 850 1118 Albergeuus
876 1072 915 1107 de
937 1073 989 1108 die

241 1122 273 1156 in
299 1121 383 1157 diem
407 1122 494 1156 lieret
517 1122 715 1166 insolentior,
745 1130 775 1156 et
796 1122 988 1167 gravamini-

239 1171 301 1206 bus
337 1171 516 1218 gravamina
550 1170 737 1210 cumularet,
766 1170 796 1204 in
820 1171 923 1218 ipsum
959 1180 988 1206 et

240 1219 390 1260 iudicem,
414 1231 450 1254 ac
473 1227 567 1254 totam
596 1219 743 1254 familiam
772 1219 839 1254 eius
860 1232 989 1254 excom-

239 1268 475 1310 municationis,
496 1276 528 1303 et
554 1269 583 1303 in
610 1269 771 1304 civitatem
795 1268 986 1316 praedictam

239 1317 398 1353 interdicti
425 1317 598 1353 sententias
633 1317 852 1364 promulgavit.
887 1317 987 1353 Porro

238 1379 310 1402 cum
345 1366 480 1403 dilectus
506 1366 589 1402 filius
614 1366 756 1401 Andreas
777 1366 988 1401 subdiaconus

237 1425 268 1452 et
289 1416 491 1463 cappellanus
506 1424 612 1450 noster
630 1424 705 1450 tuuc
724 1415 753 1449 in
770 1415 910 1462 partibus
928 1415 988 1450 illis

236 1465 375 1501 officium
397 1465 561 1511 legationis
582 1476 745 1504 exercens
770 1464 907 1519 praefato
923 1465 987 1512 epi-

236 1526 353 1562 scopo,
375 1523 406 1548 et
431 1513 623 1563 quibusdam
648 1513 716 1548 aliis
742 1514 932 1553 convocatis
956 1527 985 1548 in

238 1565 326 1610 ipsos
362 1563 481 1598 Fauen.
514 1572 545 1598 et
577 1575 687 1599 eorum
728 1563 900 1610 complices
932 1575 987 1610 pio

236 1613 450 1648 destructione
478 1611 655 1660 praedictae
688 1611 985 1659 Forosempronien.

236 1661 396 1698 Ecclesiae
427 1661 766 1697 excommunicationis
796 1661 985 1696 seutentiam

237 1711 440 1758 protulisset,
470 1710 671 1759 saepedictus
703 1710 906 1757 Albergettus
934 1722 987 1757 per

236 1760 372 1796 nuncios
403 1772 479 1795 suos
513 1760 671 1795 mandavit
707 1760 766 1806 ipsi
798 1760 948 1806 episcopo
971 1771 986 1793 a

237 1809 414 1857 praesentia
434 1809 508 1844 dicti
531 1809 623 1855 legati
652 1820 789 1849 reverso,
816 1817 848 1843 ut
863 1820 988 1843 excom-

236 1858 462 1894 municationis
483 1866 515 1893 et
540 1857 696 1892 interdicti
711 1857 893 1901 sententias,
909 1869 988 1904 quas

237 1907 268 1942 in
297 1908 414 1963 ipsum,
435 1915 467 1942 et
487 1906 636 1947 iudicem,
658 1918 693 1941 ac
715 1905 864 1941 familiam
884 1918 986 1950 suam,

236 1965 266 1991 et
292 1956 450 1992 civitatem
476 1954 598 1991 Fauen.
628 1955 810 2002 protulerat,
833 1967 869 1990 ac
893 1955 985 1990 aliam

236 2017 364 2054 quoque
385 2005 478 2040 latam
503 2006 534 2039 in
558 2004 721 2040 mulierem
744 2004 902 2051 quandam
930 2016 987 2051 pro

237 2067 288 2095 eo,
309 2053 395 2102 quod
411 2053 569 2108 quandam
586 2053 744 2088 Ecclesiae
766 2065 839 2088 suae
856 2053 985 2088 domum

237 2112 346 2140 contra
371 2103 523 2138 iustitiam
558 2102 677 2137 detinet
713 2103 885 2146 violenter,
919 2102 987 2137 sine

237 2152 421 2189 conditione
443 2151 583 2207 qualibet
607 2151 769 2195 relaxaret,
796 2164 854 2186 nec
884 2153 987 2199 impe-

237 2202 330 2244 diret,
351 2215 415 2250 quo
430 2202 538 2237 minus
553 2202 653 2248 ipsius
667 2201 828 2236 Ecclesiae
842 2201 987 2236 homiues

238 2251 416 2306 impositam
444 2250 503 2286 sibi
530 2249 693 2285 collectam
727 2250 923 2290 exolverent,
957 2259 986 2285 et

237 2300 277 2336 de
304 2301 430 2337 statutis
451 2299 575 2335 concilii
605 2307 667 2334 toto
697 2307 838 2346 tempore
865 2299 913 2333 sui
939 2311 988 2333 re-

237 2351 369 2396 giminis
397 2349 602 2385 intentionem
627 2361 687 2383 non
716 2348 854 2388 faceret,
881 2349 927 2383 vel
956 2349 987 2382 in

238 2399 375 2447 aliquem
402 2399 471 2435 eius
493 2397 701 2433 iurisdictioni
732 2375 910 2432 subiecium
933 2409 988 2432 ex-

239 2448 532 2484 communicationis
553 2447 738 2482 sententiam
762 2447 986 2501 promulgat-‚et

239 2496 386 2546 Cumque
409 2498 491 2533 idem
514 2497 680 2544 episcopus
702 2494 814 2530 nolens
836 2496 906 2531 eius
927 2508 989 2530 ma-

239 2545 325 2582 litiae
360 2547 560 2590 consentire,
598 2546 722 2580 offerret
748 2544 869 2585 eidem,
904 2546 987 2591 quod

240 2596 405 2642 superbis
426 2595 576 2630 omnibus
611 2596 642 2628 in
677 2595 800 2641 aliquos
826 2594 908 2628 viros
935 2605 988 2628 ec-

319 2653 392 2683 Bau.
410 2652 486 2682 Rom.
515 2652 566 2680 t'ol.
588 2650 629 2680 ΙΙΙ
801 2649 834 2678 ffi

1038 336 1168 371 bitrium
1196 337 1265 371 sine
1288 336 1493 383 refragatione
1516 336 1656 384 qualibet
1678 336 1788 372 obser-

1039 394 1133 425 varet,
1156 385 1259 420 dictus
1281 386 1482 432 Albergettus
1506 386 1608 422 verbis
1636 386 1787 421 iustitiam

1038 435 1082 469 vel
1098 435 1286 482 aequitatem
1317 435 1502 470 sonantibus
1523 435 1674 470 obturans
1694 447 1787 470 aures

1035 493 1065 518 et
1086 485 1228 519 animum
1258 496 1362 524 more,
1396 496 1431 519 ac
1465 485 1504 520 de
1527 485 1607 519 malo
1639 485 1670 519 in
1695 485 1786 532 peius

1035 533 1224 577 corruendo,
1251 533 1470 568 demonstrans
1503 546 1536 569 se
1562 546 1659 581 super
1685 534 1785 569 talen-

1036 591 1100 617 tum
1125 582 1246 630 plumbi
1272 595 1344 617 cum
1372 583 1535 629 iniquitate
1568 584 1696 624 sedere,
1731 595 1783 618 sa-

1035 632 1173 667 cristiam
1196 631 1348 666 Fanensis
1369 631 1541 672 Ecclesiae,
1567 633 1596 666 in
1616 645 1676 680 qua
1695 642 1783 668 erant

1034 693 1164 728 corpora
1196 680 1397 722 Sanctorum,
1425 681 1619 723 indumenta,
1647 681 1729 723 libri,
1753 692 1784 716 et

1034 739 1152 766 caetera
1179 730 1389 776 ecclesiastica
1417 738 1611 771 ornamenta,
1638 742 1710 765 cum
1731 742 1783 765 ca·

1034 779 1129 826 pella,
1161 788 1190 814 et
1225 779 1416 826 quibusdam
1451 779 1518 813 aliis
1552 780 1647 814 rebus
1684 779 1783 826 ipsius

1032 828 1188 875 episcopi,
1204 840 1240 863 ac
1257 827 1366 863 Hostia
1385 831 1428 872 (l)
1449 829 1591 864 universa
1611 829 1782 864 canonicae

1032 877 1197 912 securibus
1219 877 1318 924 frangi
1347 877 1429 918 fecit,
1460 889 1495 912 ac
1519 890 1568 913 res
1596 877 1711 912 ibidem
1734 878 1783 912 in-

1032 934 1140 961 ventas
1166 927 1341 971 conscribi,
1375 934 1405 961 et
1444 927 1614 962 canonicos
1640 926 1679 961 de
1714 927 1782 974 ipsa

1031 976 1181 1010 canonica
1208 975 1472 1016 eiici,subtractis
1493 976 1611 1011 eisdem
1635 976 1782 1011 omnibus

1031 1025 1200 1059 alimentis.
1242 1024 1364 1060 Deinde
1399 1025 1531 1059 ministri
1571 1025 1712 1060 eiusdem
1750 1026 1779 1060 iu
1814 1022 1819 1025 ’

1031 1074 1209 1129 episcopale
1244 1073 1393 1129 palatium
1417 1074 1582 1114 irruentes,
1619 1082 1649 1109 et
1675 1086 1782 1110 came-

1031 1135 1096 1157 ram
1118 1123 1224 1178 ipsius
1245 1123 1386 1171 episcopi
1405 1122 1582 1169 frangtutes
1603 1124 1778 1164 securibus,

1029 1172 1160 1217 scrinia,
1195 1173 1224 1207 in
1258 1172 1374 1220 quibus
1407 1173 1568 1219 privilegia
1601 1181 1631 1207 et
1654 1174 1779 1208 instru-

1029 1229 1134 1256 menta
1156 1230 1358 1269 episcopatus
1383 1222 1482 1268 posita
1513 1230 1621 1266 ei·,ant
1654 1223 1779 1268 penitus

1029 1270 1264 1317 confregerunt,
1285 1283 1321 1305 ac
1339 1271 1528 1317 expulerunt
1559 1272 1778 1327 cappellanum

1028 1328 1058 1353 et
1085 1332 1197 1354 omnes
1223 1319 1394 1354 servientes
1433 1320 1533 1366 ipsius
1566 1321 1706 1367 episcopi
1740 1321 1779 1356 de

1030 1369 1153 1415 palatio,
1186 1377 1216 1403 et
1242 1368 1309 1403 solo
1337 1369 1419 1403 iuter
1450 1367 1606 1403 Satlianae
1629 1370 1779 1405 satellites

1029 1426 1224 1458 remanente,
1260 1429 1394 1464 quorum
1424 1429 1506 1452 unus
1535 1418 1638 1453 adhuc
1664 1418 1779 1454 huma-

1029 1467 1133 1501 nitatis
1153 1468 1271 1514 aliquid
1295 1467 1434 1501 retinens
1455 1467 1514 1502 sibi
1542 1467 1620 1501 dixit
1643 1468 1672 1502 in
1691 1481 1778 1509 aure,

1028 1516 1114 1563 quod
1137 1516 1294 1563 praefatus
1313 1515 1517 1563 Albergettus
1538 1529 1610 1551 eum
1635 1518 1779 1553 mutilare

1029 1565 1159 1600 firmiter
1186 1575 1403 1613 proposuerat,
1428 1566 1452 1599 si
1476 1578 1510 1601 ea
1534 1574 1625 1601 nocte
1652 1567 1682 1601 in
1711 1567 1778 1614 ipso

1029 1615 1144 1662 palatio
1178 1622 1365 1655 remaneret,
1393 1615 1477 1650 unde
1504 1614 1587 1650 idem
1610 1616 1779 1663 episcopus

1028 1664 1067 1698 de
1089 1664 1154 1699 viro
1182 1664 1354 1711 iniquitatis
1386 1665 1498 1699 merito
1521 1665 1624 1711 iniqua
1649 1677 1778 1712 praesu-

1028 1726 1130 1753 mens,
1155 1714 1257 1748 statim
1282 1713 1361 1759 fugit
1387 1713 1424 1748 ad
1451 1713 1545 1748 altare
1569 1715 1694 1749 maioris
1715 1714 1778 1749 Ec-

1028 1763 1143 1798 clesiae
1169 1763 1364 1797 vestimentis
1397 1771 1427 1797 et
1453 1763 1673 1798 calceamentis
1705 1776 1776 1798 om-

1028 1812 1134 1856 nibus,
1149 1813 1234 1859 quod
1256 1812 1348 1846 etiam
1371 1811 1476 1847 dicere
1499 1812 1600 1859 pudor
1620 1821 1678 1853 est,
1700 1825 1778 1859 spo-

1028 1860 1135 1896 liatus:
1164 1860 1270 1907 ibique
1291 1873 1363 1895 cum
1391 1869 1511 1908 septem
1534 1862 1572 1895 de
1595 1862 1696 1909 ipsius
1718 1862 1776 1897 loci

1028 1910 1191 1945 canonicis
1233 1918 1263 1944 et
1298 1922 1406 1945 eorum
1443 1909 1558 1945 familia
1606 1911 1778 1958 permansit

1028 1959 1128 1994 tribus
1150 1958 1264 1993 diebus
1291 1968 1321 1994 et
1339 1959 1484 1995 noctibus
1496 1961 1564 1994 sine
1580 1972 1671 2006 pane,
1695 1961 1777 2000 vino,

1028 2020 1120 2055 aqua,
1143 2017 1173 2043 et
1195 2008 1343 2043 omuibus
1365 2008 1532 2048 alimentis,
1556 2009 1651 2043 valvis
1672 2009 1780 2044 Eccle-

1028 2058 1092 2092 siae
1119 2057 1251 2093 confixis
1285 2058 1380 2092 clavis
1414 2058 1521 2093 ferreis
1549 2058 1586 2092 de
1614 2058 1705 2097 foris
1740 2071 1777 2091 ne

1030 2107 1104 2153 ipsis
1120 2114 1246 2162 pateret
1267 2119 1426 2160 egressus,
1452 2116 1482 2141 et
1512 2107 1697 2142 custodibus
1719 2107 1778 2141 de-

1029 2157 1145 2203 putatis
1171 2168 1252 2190 circa
1276 2168 1372 2202 ipsam
1403 2156 1574 2190 Ecclesiam
1599 2169 1636 2190 ue
1657 2169 1710 2202 per
1733 2155 1777 2190 fe-

1029 2213 1150 2240 nestras
1174 2206 1275 2251 panis,
1298 2213 1349 2239 aut
1377 2205 1516 2239 edulium
1539 2205 1623 2239 aliud
1647 2204 1777 2239 inferre-

1030 2262 1089 2288 tur.
1112 2253 1279 2289 Postremo
1307 2254 1390 2287 idem
1413 2254 1631 2308 episcopusin
1659 2253 1777 2288 liuius—

1030 2302 1114 2337 modi
1138 2303 1249 2337 mortis
1271 2303 1412 2348 angustia
1441 2303 1574 2350 posituS,
1591 2303 1669 2337 facta
1697 2315 1778 2349 pro-

1029 2352 1195 2387 testatione
1219 2364 1323 2386 coram
1347 2351 1414 2398 ipso
1439 2352 1539 2394 altari,
1562 2360 1592 2386 et
1618 2352 1779 2387 canonicis

1029 2401 1204 2440 antedictis
1221 2413 1260 2435 ne
1276 2401 1501 2448 praeiudicuet
1516 2379 1677 2436 Ecclesiae
1693 2401 1778 2448 quod

1029 2460 1091 2486 tum
1119 2450 1341 2485 certo'mortis
1369 2459 1454 2485 metu
1478 2451 1578 2485 facere
1597 2450 1778 2496 cogebatur,

1030 2501 1201 2543 consensit,
1234 2508 1266 2534 ut
1289 2508 1419 2534 mortem
1443 2499 1607 2546 effugeret,
1629 2499 1703 2534 dicti
1723 2500 1778 2534 Al-

1032 2549 1160 2595 bergetti
1190 2549 1394 2595 petitionibus
1424 2549 1623 2595 supradictis.
1653 2548 1779 2584 Praesa-

1068 2612 1105 2637 tt»
1125 2610 1272 2644 tegendum
1291 2619 1305 2645 1¹
1318 2614 1415 2636 namu<
1436 2615 1510 2636 ostiu.

1804 236 1853 258 An.
1871 232 1900 258 C.
1921 233 1985 258 ¹217

1793 1914 1876 1930 statilia.
