2129 3223
130 306 176 332 An.
194 306 224 332 C.
240 306 309 333 4255

373 295 443 329 604

323 368 355 394 ut
369 360 494 404 dicitur,
510 358 678 394 accedente
699 371 867 398 consensu,
896 358 1066 394 reverentia

323 418 426 444 tamen
460 416 489 444 et
516 408 694 444 obedientia
726 409 818 444 Sedis
853 409 1065 456 Apostolicae.

321 471 356 493 ac
370 459 515 502 altorum,
532 458 648 504 quibus
666 458 794 494 obedire
807 459 968 499 tenemini,
983 471 1066 492 sem-

322 520 376 555 per
405 507 498 542 salva.
539 507 701 543 Statuistis
742 509 870 555 insuper
909 520 947 542 ne
985 507 1067 542 ullus

322 558 468 602 manister
490 558 519 591 in
547 569 748 605 quacumque
769 557 915 592 facultate
942 557 978 591 ad
1001 557 1066 591 col-

322 607 437 662 legium
461 606 681 654 magistrotum
705 607 750 642 vel
771 607 963 643 consortium
988 605 1068 641 Uni-

322 657 472 691 iet-sitatis
506 668 614 692 eorum
645 657 840 704 aliquatenus
873 656 1066 696 admittatur

322 706 378 740 nisi
416 707 501 752 prius
535 706 565 740 in
598 706 687 753 plena
723 706 963 753 congregatione
998 717 1067 739 ma-

320 756 487 800 gistrorum
511 756 556 789 vel
580 756 689 790 saltem
712 768 816 790 coram
839 755 939 790 tribus
966 755 1067 801 magi-

320 806 394 841 stris
428 817 501 839 suae
536 804 691 840 facultatis
725 805 761 839 ad
797 805 855 839 hoc
889 805 1067 851 specialiter

321 853 478 901 deputatis
499 854 632 889 iurasset
659 862 772 889 statuta
799 863 898 890 vestra
928 854 1009 888 licita
1037 862 1067 888 et

321 903 463 946 honesta,
490 911 520 938 et
543 904 630 938 vobis
656 903 866 951 expedientia,
882 915 914 938 se
938 903 1068 938 firmiter

321 960 527 987 servaturum.
561 953 688 988 Secreta
721 965 847 1000 quoque
874 961 903 987 et
937 952 1066 987 consilia

321 1011 420 1036 vestra
456 1010 526 1048 post
560 1002 777 1036 inhibitionem
811 1002 870 1036 sibi
907 1001 1016 1036 factam
1050 1013 1067 1036 a

322 1050 420 1091 vobis,
442 1051 576 1085 fideliter
598 1052 791 1086 celaturum:
820 1051 968 1098 quodque
990 1050 1068 1085 obli-

320 1099 499 1146 gationibus
534 1101 644 1135 vestris
678 1101 770 1135 licitis
804 1109 833 1134 et
857 1101 1009 1139 honestis,
1032 1112 1068 1135 ac

323 1149 408 1184 vobis
430 1150 683 1195 expedientibus,
709 1151 875 1197 praecipue
901 1162 939 1185 ex
961 1158 1068 1184 tenore

322 1199 555 1246 privilegiorum
584 1208 754 1234 vestrorum
784 1199 980 1247 capientibus
1012 1211 1068 1246 pa·

321 1249 410 1283 cilice
438 1248 637 1283 concorditer
663 1249 849 1284 consentiet.
883 1248 921 1284 Et
950 1257 982 1282 ut
1010 1249 1069 1283 hoe

323 1297 443 1332 firmius
468 1306 654 1342 servaretur,
689 1297 863 1338 addidistis,
900 1306 932 1333 ut
960 1297 1067 1332 nullus

324 1348 469 1393 magister
503 1347 690 1394 principium
728 1347 861 1382 alicuius
893 1347 1067 1382 baccallarii

323 1404 441 1436 tenere,
463 1396 508 1430 vel
531 1396 598 1432 eius
622 1396 776 1444 principio
799 1398 949 1432 interesse
977 1409 1069 1444 prae-

323 1453 438 1484 sumat,
455 1445 513 1480 nisi
534 1446 620 1491 prius
635 1446 661 1480 ei
678 1446 865 1485 constiterit,
884 1446 965 1492 quod
986 1446 1067 1480 idem

323 1494 529 1529 baccallarius
548 1494 585 1529 ad
603 1494 760 1542 praedicta
778 1495 872 1529 modo
889 1495 1069 1541 praehabito

323 1544 367 1578 sic
396 1544 518 1590 ligatus,
542 1556 598 1578 nec
627 1544 706 1578 idem
739 1543 940 1579 baccallarius
963 1544 985 1577 si
1009 1545 1070 1579 alio

324 1592 418 1627 modo
445 1593 630 1640 incoeperit,
655 1593 804 1639 magister
833 1593 1030 1640 aliquatenus
1053 1605 1068 1628 a

323 1641 413 1676 vobis
447 1642 607 1677 habeatur.
639 1642 798 1677 Statuistis
826 1650 1000 1689 praeterea,
1035 1650 1070 1677 ut

323 1692 348 1725 si
385 1699 525 1726 cessante
563 1690 676 1726 Studio
710 1691 860 1726 Parisien.
889 1691 929 1726 ob
961 1703 1070 1726 causas

323 1740 504 1774 consimiles
532 1740 576 1774 vel
603 1741 678 1775 alias
711 1740 923 1780 rationabiles,
956 1740 1071 1788 aliquis

324 1790 447 1823 interim
473 1788 701 1824 baccallatius
695 1801 725 1824 tn
745 1789 848 1837 aliqua
869 1789 1012 1825 facultate
1033 1790 1071 1824 tle

323 1850 404 1873 novo
426 1838 609 1873 solemniter
636 1838 785 1885 incipere,
806 1839 852 1874 vel
879 1839 994 1886 aliquis
1017 1851 1071 1873 eo-

325 1900 407 1930 rum,
429 1888 481 1935 qui
505 1888 641 1934 primum
669 1895 826 1933 rexerunt
851 1900 923 1923 suas
946 1889 1069 1923 interim

326 1949 484 1971 resumere
518 1938 785 1993 praesumpserint
826 1937 994 1978 lectiones,
1035 1951 1069 1972 ex

324 1993 400 2021 tunc
421 1998 435 2020 a
459 1987 617 2021 consortio
640 1995 742 2022 vestro
762 1988 792 2021 iu
817 1995 999 2034 perpetuum
1023 2000 1072 2021 ex-

325 2036 484 2075 cludatur,
522 2048 579 2070 nec
624 2035 768 2075 Parisiis,
800 2049 853 2070 seu
891 2036 975 2077 alibi,
1017 2037 1068 2071 ubi

325 2085 462 2120 studium
486 2085 645 2120 transferri
668 2086 845 2131 contigerit,
869 2087 950 2120 inter
971 2086 1071 2132 magi-

327 2143 407 2169 stros
421 2147 477 2169 seu
493 2134 651 2170 scholares
665 2134 863 2181 aliquatenus
881 2135 1071 2179 admittatur,

326 2193 357 2219 et
379 2196 476 2231 poena
499 2183 656 2219 consimili
680 2184 847 2228 scholario,
869 2185 922 2231 qui
948 2184 1071 2219 interim

325 2246 417 2269 causa
440 2232 535 2268 studii
565 2233 700 2268 Parisios
728 2235 831 2268 venire
855 2246 1073 2281 praesumpse—

326 2285 376 2323 rit,
412 2283 597 2330 puniretur,
626 2283 683 2317 nisi
719 2291 964 2328 transgressores
991 2296 1075 2329 prae-

326 2334 399 2367 dicti
424 2333 710 2380 praesumptionem
732 2345 821 2367 suam
845 2332 883 2367 ad
912 2333 1072 2367 arbitrium

326 2381 547 2417 Universitatis
563 2391 682 2417 vestrae
702 2383 878 2417 curaverint
897 2383 1073 2423 emendare,

327 2440 356 2466 et
377 2431 453 2466 haec
475 2431 654 2471 ordinastis,
674 2440 702 2466 et
724 2431 875 2466 statuistis
889 2431 947 2466 sub
964 2443 1073 2478 poena,

327 2492 420 2527 quam
448 2480 589 2527 infligere
614 2481 753 2527 potestis,
778 2480 997 2516 inviolabiliter
1018 2480 1074 2515 ob—

328 2529 493 2570 servanda3
510 2530 717 2565 nihilominus
735 2538 932 2565 recensentes
946 2542 1074 2565 excom-

329 2579 550 2614 municationis
576 2580 775 2624 sententiam,
801 2591 881 2627 quae
916 2581 945 2614 in
974 2588 1075 2615 trans-

329 2639 487 2682 gressores
516 2629 760 2676 praemissorum
787 2630 902 2673 extitit,
931 2639 963 2663 ut
997 2642 1075 2683 pto-

330 2677 471 2724 ponitur,
499 2678 708 2725 promulgata.
741 2678 779 2714 ab
807 2678 985 2713 omnibus
979 2690 1076 2713 iuvio-

902 305 1088 328 BELa-tumn
1115 305 1276 328 ROMANUM

1868 308 1918 334 An.
1932 305 1962 334 C.
1981 306 2047 334 ¹255

1107 358 1241 393 labiliter
1271 358 1447 400 observari,
1477 359 1572 395 salvis
1601 358 1752 394 omnibus
1787 360 1854 395 iure

1107 420 1143 442 ac
1166 407 1307 443 libertate
1334 408 1493 443 canonicis
1520 408 1672 444 Parisien.
1701 416 1852 456 quantum

1106 457 1143 492 ad
1161 458 1278 501 omnia,
1295 458 1324 492 in
1340 457 1467 505 quibus,
1485 466 1515 493 et
1532 470 1587 505 per
1604 470 1686 505 quae
1704 470 1721 493 a
1744 459 1854 493 vestris

1107 506 1360 542 ordinationibus
1382 514 1412 542 et
1432 509 1558 543 statutis
1579 507 1761 543 auctoritate
1783 520 1856 563 apo-

1107 556 1227 600 stolica,
1248 569 1302 591 seu
1323 568 1521 604 quacumque
1542 557 1600 592 alia
1614 565 1689 592 sunt
1703 558 1851 604 exempti

1155 609 1170 649 ξ
1197 608 1229 640 4
1257 605 1356 641 Porro
1377 606 1499 641 dilectis
1531 606 1601 641 filiis
1627 607 1729 654 priore
1758 605 1853 642 Prae·
1882 612 2039 641 Debisrexff

1107 654 1281 690 dicatorum
1297 663 1327 690 et
1347 656 1521 702 guardiano
1542 656 1700 690 Minorum
1725 655 1852 691 fratrum
1867 645 2048 697 ρξ’ῃῖῗέζῗῗῖῗξῗᾱ

1107 717 1195 739 suam
1218 705 1256 740 ad
1279 704 1394 740 Sedem
1409 713 1608 751 praetactam,
1629 704 1784 751 refugium
1800 718 1854 753 op·
1865 707 1941 760 {²³¹0ss
1953 707 2050 759 ssp‘ffiss‘

1107 766 1301 801 pressorum
1312 739 1920 802 deferentibusquaestionem,qnod1³:1¹3?
1968 745 1992 765 ’ψ

1108 816 1162 838 vos
1200 805 1363 839 occasione
1398 812 1586 838 statutorum
1625 803 1805 839 huiusmodi
1837 818 1854 839 a

1108 852 1207 897 vobis,
1232 854 1279 888 eis
1299 853 1447 894 exclusis,
1475 866 1532 901 pro
1554 861 1657 888 vestro
1679 852 1766 888 libito
1787 854 1856 889 edi-

1107 909 1223 946 torum,
1239 903 1334 949 ipsos,
1356 910 1386 937 et
1411 902 1545 938 liberum
1564 911 1595 937 et
1616 902 1762 950 quietum
1790 911 1857 938 sta-

1108 959 1174 986 tum
1203 964 1249 985 ma
1276 953 1281 957 ”
1303 959 1434 996 trorum,
1461 960 1491 986 et
1518 952 1646 987 fratrum
1669 952 1854 988 eorumdem

1107 964 1406 1036 ordinumgf‘arisiis
1439 1001 1544 1036 studio
1567 1001 1794 1042 insistentium,
1820 1014 1857 1037 ac

1108 1050 1299 1086 scholarium
1327 1062 1457 1085 suorum
1492 1051 1628 1086 indebite
1665 1050 1855 1091 turbabatis.

1109 1099 1265 1146 praefatus
1293 1099 1498 1135 Innocentius
1527 1112 1584 1135 nec
1609 1100 1780 1148 expediens
1807 1113 1857 1135 re-

1109 1156 1234 1195 putans,
1258 1160 1360 1196 neque
1383 1149 1498 1184 decens
1520 1149 1687 1197 praedictis
1707 1149 1856 1185 omnibus

1110 1211 1272 1246 pressuras
1295 1198 1494 1239 huiusmodi,
1515 1199 1563 1234 vel
1587 1199 1748 1235 molestias
1769 1199 1856 1235 irro—

1108 1249 1187 1293 gari,
1208 1248 1297 1283 vobis
1318 1249 1386 1283 suis
1401 1247 1487 1283 dedit
1503 1248 1615 1283 litteris
1638 1248 1668 1283 in
1691 1247 1856 1289 mandatis.

1109 1305 1143 1332 ut
1161 1297 1200 1332 ab
1216 1298 1356 1344 ipsorum
1379 1297 1572 1345 quibuslibet
1595 1298 1683 1333 novis
1704 1297 1858 1334 molestiis

1108 1355 1138 1381 et
1152 1347 1446 1394 inquietationibus,
1475 1347 1642 1394 praedictis
1663 1348 1786 1383 statutis
1807 1360 1859 1383 ne—

1109 1408 1265 1452 quaquam
1293 1396 1502 1441 obstantibus,
1515 1396 1716 1438 desistentes,
1737 1397 1859 1432 nihilo-

1111 1446 1215 1480 minus
1239 1445 1366 1494 penitus
1394 1458 1494 1493 usque
1521 1446 1558 1480 ad
1586 1446 1701 1481 festum
1724 1447 1859 1482 Assum-

1111 1496 1226 1541 ptionis
1247 1495 1284 1530 B.
1312 1495 1450 1541 Virginis
1472 1497 1617 1550 proximo
1636 1503 1713 1531 tunc
1738 1504 1859 1532 ventu-

1110 1556 1197 1585 rum,
1219 1544 1250 1579 iu
1272 1555 1400 1587 eorum,
1428 1544 1474 1579 vel
1499 1545 1618 1591 pristini
1645 1553 1744 1580 status
1771 1545 1859 1592 ipso-

1111 1605 1180 1628 rum
1208 1594 1472 1641 praesumperetis
1499 1594 1723 1640 praeiudicium
1755 1602 1858 1630 atten-

1111 1651 1187 1677 tare.

1158 1695 1174 1735 ἕ
1201 1694 1233 1726 5.
1261 1690 1299 1726 Et
1325 1691 1472 1738 quoniam
1508 1691 1590 1727 inter
1612 1704 1666 1727 vos
1692 1702 1722 1728 et
1748 1694 1858 1729 fratres

1112 1740 1286 1786 praedictos
1307 1740 1389 1775 idem
1404 1739 1607 1776 Innocentius
1628 1753 1754 1777 onmem
1772 1755 1860 1778 scan-

1111 1789 1172 1824 dali
1195 1797 1225 1824 et
1246 1789 1421 1825 discordiae
1448 1790 1596 1836 cupiebat
1617 1792 1780 1827 materiam
1798 1804 1858 1827 am-

1113 1847 1240 1894 putare,
1281 1846 1314 1873 ut
1351 1839 1411 1873 sub
1445 1839 1570 1874 vinculo
1597 1840 1683 1886 pacis
1722 1841 1860 1888 pacificis

1111 1888 1260 1923 scientiae
1305 1887 1419 1922 studiis
1461 1888 1630 1933 vacaretis,
1672 1891 1861 1937 supradictis

1111 1937 1272 1985 episcopis
1304 1949 1359 1984 per
1388 1949 1445 1972 sua
1467 1938 1582 1985 scripta
1617 1939 1795 1984 mandavit,
1827 1949 1860 1975 ut

1114 1996 1173 2021 tam
1203 1999 1269 2031 vos,
1290 1999 1384 2034 quarn
1412 1986 1522 2022 fratres
1547 1988 1687 2028 eosdem,
1713 2001 1750 2024 ex
1773 1967 1859 2036 [iarte

1112 2049 1167 2072 sua
1196 2036 1406 2084 peremptorie
1428 2036 1523 2071 citare
1549 2045 1706 2082 curarent,
1726 2039 1811 2085 quod
1828 2040 1857 2073 in

1114 2086 1286 2133 praemisso
1310 2085 1388 2121 sesto
1414 2086 1484 2129 (nisi
1512 2087 1571 2121 sub
1598 2087 1707 2122 iisdem
1734 2088 1857 2123 interint

1114 2136 1290 2181 proveniret
1335 2135 1511 2179 concordia)
1552 2147 1606 2183 per
1641 2145 1858 2183 procuratores

1114 2184 1244 2219 idoneos
1270 2184 1308 2219 ad
1334 2185 1432 2232 ipsius
1456 2185 1662 2232 praesentiam
1690 2187 1857 2232 veniretis,

1115 2241 1147 2268 ut
1168 2246 1264 2281 super
1285 2235 1464 2282 praemissis
1492 2235 1576 2282 quod
1605 2235 1699 2274 utile,
1732 2235 1857 2271 salubre

1113 2291 1143 2318 et
1178 2284 1369 2319 conveniens
1404 2284 1612 2331 prospiceret,
1638 2291 1765 2320 auctore
1785 2285 1858 2320 Do-

1115 2333 1219 2372 mino,
1247 2333 1421 2378 ordinaret,
1456 2345 1515 2368 nec
1538 2335 1754 2381 permitterent
1775 2334 1856 2370 idem

1114 2382 1269 2437 episcopi,
1299 2382 1410 2417 fratres
1442 2382 1568 2418 eosdem
1595 2396 1610 2418 a
1638 2383 1725 2418 vobis
1750 2392 1857 2419 contra

1115 2432 1284 2478 praemissa
1311 2431 1416 2467 medio
1438 2441 1578 2480 tempore
1601 2432 1767 2468 molestari

1163 2485 1178 2524 ἓ
1201 2483 1233 2515 6.
1257 2481 1400 2529 Denique
1418 2482 1499 2517 idem
1522 2481 1743 2529 praedecessor
1757 2491 1857 2518 morte
1886 2488 2052 2512 nemnem?

1115 2539 1299 2576 praeventus
1330 2530 1404 2565 nihil
1428 2530 1527 2578 potuit
1556 2531 1639 2566 iuxta
1667 2532 1752 2578 pium
1778 2544 1837 2568 con
1820 2522 2055 2579 &gx-ermemm-

1114 2587 1241 2626 ceptum
1268 2580 1364 2614 animi
1399 2581 1447 2615 sui
1480 2591 1574 2627 super
1600 2579 1710 2615 eodem
1734 2582 1857 2629 negotio

1115 2628 1260 2674 definire,
1281 2629 1388 2677 sicque
1411 2641 1466 2665 nos
1489 2628 1597 2664 habuit
1624 2629 1653 2664 in
1675 2629 1856 2667 huiusmodi

1115 2677 1334 2714 SOlllClllldlsslS
1376 2690 1466 2720 cusa,
1499 2678 1579 2713 Slf'ut
1614 2687 1642 2714 el
1671 2679 1702 2715 ln
1729 2682 1858 2716 caeteris

1886 1699 1915 1720 Ab
1929 1698 2054 1721 Innocentio

1873 1733 1960 1758 utraque
1969 1735 2018 1757 pars
2027 1731 2057 1751 el-

1874 1763 1923 1782 tnta.
