2129 3223
134 293 181 321 Au.
201 291 227 318 C.
249 293 317 320 tato

145 647 254 668 Decretum
275 654 312 675 pro

131 678 271 704 regninnnm
282 685 302 699 in

130 710 174 729 een·

178 711 251 728 nitate.

154 2010 272 2032 Exordium.

379 281 450 316 258

329 345 412 393 quod
434 353 480 380 est
500 344 577 378 iuris
603 343 762 378 Romanae
795 340 956 376 Ecclesiae
993 347 1071 387 pate·
1090 339 1094 363 t

922 285 1056 308 BULLAni
1063 284 1107 306 ml
1135 283 1297 305 Ronlanum

1114 349 1223 372 norum
1246 335 1447 380 Pontificum,
1475 335 1614 382 vestigiis
1646 335 1856 377 inhaerentes,

1875 280 1925 308 An.
1945 279 1973 308 C.
1988 281 2056 309 ¹210

328 407 433 430 remur
454 392 597 428 imminui
621 391 666 426 vel
689 390 815 426 turbari.
835 389 911 425 Inde
925 396 970 424 est
988 387 1071 436 quod
1091 387 1093 411 l
1112 386 1171 421 sub
1193 385 1274 420 beati
1314 385 1398 421 Petri
1436 394 1466 421 et
1513 395 1615 421 nostra
1663 385 1857 441 protectione
1870 394 2053 447 Seffiztggnznb

1112 435 1315 483 suscipimus,
1342 443 1372 470 et
1405 435 1574 482 praesentis
1607 435 1713 482 scripti
1753 435 2054 483 privi-‚p.,.101,0,„„,

327 444 364 479 ad
391 442 550 490 exemplar
584 441 683 477 felicis
722 439 947 476 recordationis
997 438 1092 491 Ale-q

326 493 434 528 xandri
457 491 560 539 Papae
597 490 844 539 praedecessoris
878 489 975 524 nostri
1012 486 1092 535 sub*

327 542 581 577 interminatione
637 539 841 576 anathematis
901 537 1092 586 districtius}

326 591 506 627 inhibemus
527 604 566 626 ne
593 591 662 638 quis
685 588 910 638 praescriptum
939 599 1068 633 regnum
1090 605 1091 636 ἰ

325 641 472 676 invadere
492 640 537 676 vel
562 640 687 675 turbare
710 645 896 687 praesumat,
930 645 982 671 aut
1004 637 1093 670 iura⁴

325 691 502 726 charissimi
529 690 559 725 in
581 689 707 724 Christo
733 688 789 723 filii
811 686 906 722 nostri
941 685 1070 720 illustris
1089 695 1091 726 ξ

325 740 485 775 Danorum
528 740 611 786 regis
654 738 699 773 vel
733 736 902 772 haeredum
938 747 1068 769 suorum

325 790 466 825 minuere
502 788 627 832 audeat,
655 787 699 823 vel
732 787 788 821 sibi
832 784 1069 833 quomodolibet

325 851 486 887 usurpare.
519 838 551 873 Si
588 837 640 885 qui
673 845 777 871 autem
818 835 912 870 huius
947 842 1069 869 nostrae

324 888 543 935 prohibitionis
589 897 834 932 transgressores
885 884 1067 924 extiterint,
1108 893 1126 928 q

322 938 568 984 indignationem
601 944 738 971 nostram
766 942 794 969 et
820 934 983 969 Romanae
1010 933 1067 969 Ec-

321 988 438 1023 clesiae
459 1000 492 1022 se
520 986 663 1022 noverint
696 986 890 1023 incursuros,
929 991 959 1018 et
997 996 1088 1022 anas,

322 1038 468 1072 thematis
492 1035 594 1071 iaculo
621 1034 788 1070 feriendos.

369 1086 483 1122 Datum
506 1085 649 1120 Laterani
672 1085 763 1119 tertio
781 1082 930 1119 kalendas
942 1082 1067 1118 februa-

321 1137 370 1180 rii,
393 1135 591 1183 pontificatus
617 1134 714 1169 nostri
742 1146 823 1168 anno
845 1132 1044 1168 duodecimo.

339 1198 398 1229 Dat.
417 1197 463 1228 die
480 1197 519 1228 30
537 1196 662 1226 ianuarii
684 1195 768 1229 1210,
784 1195 886 1235 pontis.
906 1204 981 1225 anno
997 1202 1044 1224 xri.
1085 1211 1087 1228 2

626 1359 751 1394 Lxxll.

427 1433 624 1476 Confirmatio
645 1432 792 1464 bonorum
815 1432 964 1464 Ecclesiae

588 1482 728 1514 Senensis
750 1483 804 1521 (111.

585 1558 797 1589 summatum!

318 1627 484 1658 Exordium.
506 1643 544 1649 —
558 1626 716 1656 Ecclesiam
737 1625 896 1656 Senensem
917 1625 970 1655 sub
989 1627 1064 1664 Apo-

358 1672 458 1702 stolica
490 1671 666 1710 protectione
694 1670 848 1709 recipiens,
871 1670 965 1700 eidem
988 1670 1062 1700 bona
1082 1670 1084 1695 ἱ

357 1715 454 1746 omnia
473 1715 634 1745 confirmat.

317 1790 488 1820 Innocentius
506 1790 751 1826 episcopusservus
769 1796 908 1818 servornm
925 1789 981 1822 Dei.
995 1790 1063 1818 Bono

362 1840 469 1869 senensi
484 1840 615 1876 episcopo.
636 1839 747 1875 eiusque
766 1839 965 1868 successoribus
985 1846 1062 1868 cano·
1082 1848 1084 1872 3

361 1890 420 1919 nice
436 1888 646 1922 substituendis,
667 1889 695 1917 in
712 1890 886 1925 perpetuum.

367 1957 401 1992 ln
424 1957 572 1993 eminenti
594 1956 686 1992 Sedis
704 1957 902 2004 Apostolicae
924 1958 1061 2004 specula,

318 2007 391 2043 licet
416 2007 577 2051 immeriti,
606 2006 791 2053 disponente
813 2007 960 2051 Domino,
995 2020 1062 2042 con·
1083 2021 1085 2035 r

319 2056 433 2099 stituti,
459 2057 571 2092 fratres
596 2063 720 2091 nostros
759 2064 819 2091 tam
857 2056 1085 2104 propinquoS,i

320 2119 413 2154 quam
448 2105 542 2152 longe
581 2105 700 2154 positos
734 2105 867 2140 fraterna
920 2113 1064 2141 tenemur

321 2157 449 2191 caritate
470 2156 611 2202 diligere,
633 2164 663 2190 et
684 2155 843 2199 Ecclesiis,
861 2155 976 2203 quibus
998 2155 1064 2191 Do-

321 2206 408 2240 mino
433 2205 574 2241 militaref
590 2213 773 2245 noscuntur,
802 2217 890 2240 suam
926 2205 1086 2255 dignita-l

321 2263 383 2290 tem
410 2262 441 2290 et
471 2255 619 2291 iustitiam
651 2266 845 2290 conservare.
879 2254 1085 2302 Eapropter„

321 2303 509 2340 venerabilis
535 2305 564 2339 in
591 2303 719 2340 Christo
751 2304 843 2339 frater
871 2304 957 2340 Bone
999 2304 1087 2351 epi-l

322 2366 427 2401 scope,
468 2355 532 2389 tuis
564 2354 654 2389 iustis
692 2354 956 2401 postulationibus
1002 2355 1086 2389 cle-t

323 2411 444 2439 menter
465 2404 646 2447 annuimus,
668 2413 698 2438 et
710 2402 876 2451 praefatam
891 2403 1064 2438 Ecclesiam
1086 2417 1087 2420 ¹

325 2452 355 2487 in
378 2465 437 2500 qua
460 2453 528 2488 Deo
557 2462 685 2489 auctore
707 2465 841 2499 praeesse
878 2452 1066 2493 dinosceris,

326 2502 600 2548 praedecessorum
636 2512 813 2537 nostrerum
862 2502 961 2538 felicis
999 2515 1067 2538 me—

326 2550 441 2586 moriae
462 2552 656 2592 Coelesssni,
690 2551 846 2598 Eugenii,
886 2553 1066 2596 Anastasii,

326 2598 470 2641 Adriani,
492 2601 660 2635 Alexandri
687 2610 715 2636 et
743 2601 929 2643 Clementis,
955 2601 1068 2637 Roma-

362 2668 401 2702 (t)
418 2669 454 2695 Ex
476 2669 575 2703 Baluz.‚
597 2672 645 2698 loc.
663 2671 707 2698 cit.

1082 1886 1084 1912 ,κ
1105 1869 1208 1914 piano,
1232 1869 1357 1916 plebem
1375 1868 1509 1904 Sanctae
1537 1868 1748 1914 Innocentiae,

1082 1917 1174 1953 ‘bem
1202 1919 1240 1954 de
1275 1919 1358 1953 Kar-li
1394 1926 1423 1952 et
1468 1917 1594 1960 Murlo‚

1112 485 1192 532 legio
1218 484 1463 527 communimus,
1499 492 1669 519 statuentes
1713 493 1746 519 ut

1787 484 1855 520 Ec,
1870 488 1964 508 tectione
1995 489 2054 508 reei-

1870 519 1942 545 plens.
1984 519 2052 539 niden

1112 535 1223 570 clesiae
1257 533 1452 570 xenodochia
1480 542 1510 568 et
1538 533 1665 569 castella
1690 546 1761 569 cum
1783 546 1855 570 om·
1869 549 2054 571 bon-omniam-

1112 584 1205 619 nibus
1236 583 1326 619 bouis
1347 591 1377 618 et
1399 583 1668 630 possessionibus,
1709 595 1790 631 quae
1822 583 1854 619 in

1112 634 1356 681 praesentiarum
1393 633 1473 667 iuste
1503 632 1647 667 Ecclesia
1681 633 1736 668 tibi
1764 645 1854 669 com-

1110 684 1205 718 missa
1240 691 1269 718 et
1296 682 1437 729 legitime
1465 681 1615 729 possidet,
1653 690 1705 717 aut
1737 682 1768 717 in
1803 682 1853 717 su-

1088 735 1215 767 ¹turum
1263 732 1467 767 concessione
1493 739 1558 769 etc..
1594 744 1686 777 usque
1728 744 1853 778 perma-

1110 790 1213 823 neant,
1236 783 1267 817 in
1295 781 1410 829 quibus
1430 781 1510 816 haec
1548 782 1683 829 propriis
1707 781 1854 816 duximus

1108 831 1312 879 exprimenda
1354 829 1524 865 vocabulis.
1562 830 1771 877 Baptismales
1803 832 1853 866 si-

1131 881 1235 916 uidem
1274 880 1422 916 ecclesias
1442 891 1514 915 cum
1542 879 1728 928 prioratibus
1744 892 1851 916 earum

1107 939 1201 978 atque
1229 930 1391 980 cappellis,
1417 941 1496 978 quae
1528 930 1564 964 ad
1606 929 1852 966 iurisdictionem

1107 980 1267 1015 Ecclesiae
1289 979 1352 1014 tibi'
1379 979 1567 1014 commissae
1603 979 1758 1027 pertinere
1795 993 1852 1015 no-

1107 1038 1248 1067 scuntur,
1273 1029 1396 1077 plebem
1420 1028 1563 1064 videlicet
1590 1029 1724 1064 Sanctae
1750 1030 1852 1076 Agne-

1107 1080 1145 1113 tis
1166 1091 1236 1115 cum
1277 1078 1424 1113 omnibus
1465 1079 1601 1126 antiquis
1652 1079 1851 1126 pertinentiis

1106 1130 1184 1172 suis,
1219 1128 1339 1176 plebem
1374 1127 1412 1162 de
1460 1127 1591 1171 Liliano,
1643 1127 1765 1175 plebem
1812 1128 1850 1162 de

1085 1178 1265 1217 ⁴Lornan0,
1288 1177 1410 1225 plebem
1434 1177 1472 1212 (le
1494 1177 1608 1220 Sciata,
1631 1177 1752 1224 plebem
1775 1176 1852 1213 San-

1105 1228 1144 1262 cti
1169 1227 1302 1262 Andreae
1325 1227 1362 1261 de
1400 1226 1539 1266 Bozone,
1579 1226 1701 1274 plebem
1743 1227 1849 1262 Sancti

1106 1277 1227 1312 Martini
1255 1277 1286 1311 in
1314 1276 1429 1311 Graina
1451 1289 1523 1310 cum
1550 1276 1634 1318 omni
1663 1277 1729 1311 iure
1765 1276 1850 1324 quod

1107 1326 1202 1361 habes
1225 1326 1254 1360 in
1278 1326 1388 1361 eodem
1415 1326 1554 1366 castello,
1581 1335 1610 1360 et
1637 1326 1667 1360 in
1692 1325 1850 1360 Villanova

1105 1376 1230 1423 plebem
1259 1375 1392 1410 Sanctae
1414 1374 1589 1410 Christinae
1616 1375 1654 1409 de
1676 1374 1849 1417 Liciniano,

1105 1425 1230 1471 plebem
1257 1424 1296 1459 de
1319 1425 1470 1472 Sparena,
1493 1424 1615 1471 plebem
1643 1423 1749 1460 Sancti
1780 1424 1850 1460 Na-

1104 1475 1188 1515 zarii,
1212 1473 1333 1521 plebem
1356 1474 1395 1508 de
1429 1473 1618 1508 Saturniano
1651 1486 1721 1508 cum
1762 1475 1847 1509 omni

1105 1523 1171 1558 iure
1202 1523 1285 1570 quod
1318 1523 1415 1558 habes
1462 1523 1491 1556 in
1535 1522 1673 1558 Ecclesia
1715 1523 1850 1559 Sanctae

1103 1572 1232 1616 Mariae,
1254 1585 1334 1620 quae
1360 1572 1458 1607 estin
1492 1572 1591 1618 burgo
1628 1572 1734 1607 Sancti
1768 1573 1848 1615 Qui-

1103 1622 1158 1656 rici
1180 1622 1211 1656 in
1234 1621 1380 1665 Ozenna,
1406 1629 1436 1656 et
1458 1622 1487 1655 in
1515 1621 1849 1658 circumadiacentibus

1104 1671 1192 1716 locis,
1215 1671 1337 1718 plebem
1375 1670 1414 1705 de
1455 1670 1612 1718 Oppiano,
1653 1671 1777 1719 plebem
1809 1672 1848 1708 de

1103 1720 1277 1764 Ancaiano,
1320 1720 1442 1768 plebem
1485 1719 1524 1755 de
1558 1720 1662 1756 Monte
1705 1720 1847 1765 Codano,

1105 1770 1228 1816 plebem
1251 1770 1357 1805 Sancti
1379 1769 1507 1816 Georgii
1539 1769 1571 1804 in
1617 1769 1746 1811 Valona,
1780 1771 1848 1819 ple-

1082 1836 1083 1841 *
1104 1819 1174 1854 bem
1197 1820 1302 1854 Sancti
1325 1819 1497 1859 Valentini,
1524 1819 1646 1866 plebem
1681 1820 1720 1855 de
1754 1819 1847 1869 Cop-

1779 1871 1848 1918 ple-

1642 1919 1766 1966 plebem
1808 1919 1848 1955 de

1103 1968 1226 2012 Creola,
1261 1968 1382 2015 plebem
1424 1967 1557 2003 Sanctae
1598 1968 1773 2005 Christinae
1815 1970 1846 2004 in

1104 2017 1192 2057 Caio,
1215 2017 1337 2064 plebem
1360 2017 1398 2051 de
1431 2016 1537 2051 Monte
1570 2018 1709 2058 Alcino,
1743 2019 1847 2055 eccle-

1104 2067 1180 2101 siam
1208 2067 1341 2110 Sanctae
1371 2066 1485 2101 Mariae
1520 2066 1558 2101 de
1592 2067 1709 2114 Burgo,
1739 2069 1846 2104 Sancti

1103 2115 1235 2158 Quirici,
1258 2115 1445 2151 Cascianum
1460 2116 1552 2151 etiam
1570 2118 1652 2164 qnod
1675 2118 1848 2165 specialiter

1104 2165 1141 2200 ad
1164 2173 1247 2200 tuam
1274 2165 1531 2211 gubernationem
1554 2175 1584 2201 et
1616 2167 1845 2213 providentiam

1107 2215 1248 2262 pertinet,
1271 2215 1394 2250 titulum
1415 2214 1522 2249 Sancti
1541 2215 1654 2264 Angeli
1669 2217 1707 2252 de
1723 2217 1846 2261 Tressa,

1106 2264 1229 2311 plebem
1250 2264 1289 2299 de
1316 2264 1477 2304 Cortiano,
1499 2265 1622 2311 plebem
1646 2265 1685 2301 de
1698 2266 1846 2311 Ricensa,

1106 2314 1229 2361 plebem
1252 2313 1290 2348 de
1317 2314 1445 2357 Roscia,
1461 2313 1585 2361 plebem
1608 2315 1646 2350 de
1670 2315 1846 2356 pentulina.

1107 2363 1227 2410 plebem
1251 2363 1288 2397 de
1309 2363 1477 2403 Sus-icelle,
1501 2364 1621 2409 plebem
1637 2365 1675 2399 de
1693 2364 1846 2406 Folliano‚

1106 2412 1228 2459 plebem
1251 2412 1359 2448 Sancti
1382 2412 1464 2447 'Iusti
1488 2412 1518 2447 in
1541 2413 1704 2453 Casciano‚
1723 2414 1844 2462 plebem

1106 2461 1145 2496 de
1165 2461 1365 2497 Marmoraria
1402 2473 1472 2497 cum
1501 2463 1647 2498 omnibus
1674 2464 1767 2499 rebus
1817 2473 1847 2500 et

1107 2511 1303 2558 pertinentiis
1329 2524 1448 2547 earum.
1477 2512 1646 2548 Castellum
1682 2512 1721 2547 de
1768 2513 1847 2549 Por-

1106 2561 1206 2601 clano,
1238 2561 1397 2596 castellum
1420 2561 1458 2596 de
1473 2561 1603 2608 pognia,
1622 2562 1781 2598 castellum
1808 2563 1848 2598 de

1107 2609 1265 2652 Monticlo,
1280 2611 1441 2647 castellum
1462 2611 1500 2646 de
1522 2611 1664 2652 Fercule,
1685 2612 1846 2649 castellum

1107 2659 1147 2695 de
1171 2659 1341 2702 Suvicelle,
1363 2660 1522 2696 castellum
1545 2660 1584 2695 de
1606 2660 1718 2703 Murlo,
1740 2663 1848 2698 castel-

1868 580 1943 601 fimat.
