2129 3223
157 284 208 312 Αη.
225 284 254 311 C.
273 284 340 312 ¹266

162 1081 273 1103 Conradini
301 1082 332 1102 la-

149 1114 221 1133 etum
229 1112 330 1139 deplorat.

404 274 472 309 766

353 341 495 376 manniae
521 352 537 374 a
564 339 646 375 Sede
668 339 808 374 nosceris
833 338 1010 386 Apostoliea
1038 351 1092 374 re-

351 390 482 436 cepisse,
504 389 594 424 cuius
614 388 696 435 larga
720 388 948 433 benevolentia,
969 388 1092 435 largitas

351 450 475 486 quoque
504 437 647 473 benivola
675 438 762 473 vobis
791 438 941 473 hactenus
968 450 1092 485 semper

350 488 458 527 affluit,
485 494 514 522 et
540 488 628 535 quasi
651 487 720 522 sons
747 487 930 523 indeficiens
951 487 1037 522 vobis
1062 495 1092 523 et

351 537 461 573 vestris
486 536 636 572 Ecclesiis
661 537 828 584 gratiarum
863 537 979 572 fluenta
1005 549 1091 572 com-

350 586 524 626 municans,
546 598 601 622 vos
622 587 769 622 instruxit
795 587 944 627 consiliis,
964 587 1091 622 robora-

350 637 393 671 vit
413 636 546 676 auxiliis,
574 636 695 672 vallavit
718 636 882 683 praesidiis
903 644 931 671 et
959 636 1090 684 privile-

349 687 410 731 giis
431 685 605 720 honoravit.
622 685 741 721 lustum
760 695 807 721 est
821 687 914 732 igitur
931 694 961 720 et
985 685 1089 733 pietati

349 735 553 775 conveniens,
579 744 613 770 ut
634 735 673 770 ad
701 744 829 770 matrem
853 736 959 770 levetis
982 734 1090 770 oculos

350 785 497 829 universi,
523 793 553 819 et
577 797 653 820 cura
677 785 814 832 pervigili
841 784 995 820 studeatis
1023 784 1090 819 eius

348 833 474 870 obviare
497 835 656 882 periculis,
683 846 763 881 quae
790 834 814 869 si
838 847 892 869 sua
917 834 962 869 vel
989 842 1089 869 vestra

347 883 536 925 dixerimus,
566 897 620 919 sua
655 892 757 919 tamen
790 884 907 919 rectius
947 884 1090 919 dicemus

347 941 377 968 et
397 942 510 975 vestra;
537 946 622 977 cum,
648 933 772 968 dolente
798 933 986 981 capite,n0n
1004 933 1088 968 sitin

347 982 497 1018 membris
517 983 644 1018 sanitas.

442 1035 469 1067 l.
489 1031 655 1068 Caeterum
677 1040 830 1079 quantum
851 1031 1023 1068 Ecclesiam
1040 1033 1091 1067 lla—

347 1082 520 1128 gelaverit,
542 1090 693 1129 quantum
713 1082 919 1121 concusserit,
941 1091 1017 1129 quot
1032 1094 1089 1129 pro

347 1131 437 1166 bonis
458 1132 486 1167 ei
514 1131 593 1166 mala
621 1130 791 1165 reddiderit
818 1131 932 1166 domus
961 1132 1090 1178 impera-

347 1180 422 1216 toris
444 1180 606 1220 Friderici,
635 1180 749 1215 nedum
776 1179 926 1216 Ecclesiis
949 1189 978 1215 et
1001 1181 1090 1226 prin-

345 1229 469 1277 cipibus
490 1230 695 1265 Alemanniae
718 1237 827 1264 notum
850 1231 967 1273 existit,
989 1230 1043 1265 sed
1060 1238 1090 1264 et

346 1279 465 1315 mundo
501 1280 656 1314 notorium
691 1280 860 1317 universo:
894 1279 980 1314 unde
1008 1280 1090 1314 iusto

345 1328 513 1364 damnatus
540 1328 669 1369 iudicio,
690 1336 721 1363 et
748 1336 808 1363 tam
831 1328 972 1375 imperii,
995 1341 1089 1375 quam

345 1379 431 1425 regni
453 1378 579 1413 Siciliae
606 1378 672 1413 iure
697 1379 812 1423 pariter
832 1386 862 1413 et
885 1378 1003 1413 honore
1026 1379 1091 1424 pri-

347 1437 445 1469 vatus,
466 1427 550 1462 diem
567 1426 786 1462 miserabiliter
811 1427 961 1461 claudens
986 1436 1089 1461 extre·

347 1489 432 1511 mum
447 1478 506 1518 sui,
522 1486 646 1511 tenuem
669 1475 794 1522 reliquit
816 1477 1016 1517 memoriam,
1039 1477 1087 1510 cui

345 1525 476 1561 sublatis
495 1538 511 1561 e
527 1526 629 1561 medio
653 1525 735 1568 filiis,
760 1526 792 1559 in
814 1525 909 1560 domo
936 1525 1010 1560 tanti
1034 1537 1090 1559 no-

347 1576 441 1610 minis
477 1577 568 1610 unica
609 1583 728 1609 tantum
765 1573 899 1609 scintilla
942 1575 1089 1609 remansit

346 1625 455 1660 aetatis
469 1625 574 1660 adhuc
595 1633 730 1667 tenerae,
751 1631 964 1669 praematurae
986 1632 1090 1658 tamen

348 1675 491 1714 malitiae,
520 1682 612 1721 prout
639 1673 698 1708 lida
721 1672 871 1708 relatione
903 1673 1090 1711 didicimus,

346 1723 575 1763 Conradinum,
597 1723 687 1758 cuius
714 1722 986 1768 congauderemus
1013 1734 1091 1769 pro-

347 1773 453 1818 feetui,
467 1774 492 1808 si
508 1773 574 1808 suis
591 1780 756 1807 contentus
779 1771 979 1819 reprobatum
999 1784 1089 1806 avum

348 1835 402 1868 pro
430 1822 548 1857 meritis
584 1822 680 1856 nollet
720 1822 750 1855 in
777 1821 845 1856 suis
871 1821 1007 1865 imitari,
1034 1833 1092 1855 nec

346 1885 422 1908 ausu
440 1872 604 1907 temerario
627 1871 791 1906 moliretur
810 1870 977 1917 infringere
1012 1882 1092 1917 quae

347 1929 455 1957 contra
488 1934 579 1956 avum
602 1921 764 1959 eumdem,
798 1921 943 1966 exigente
965 1920 1091 1959 iustitia,

349 1971 447 2006 felicis
474 1970 698 2006 recordatiouis
734 1969 956 2017 praedecessor
988 1977 1093 2004 noster

348 2020 561 2063 Innocentius,
577 2019 682 2054 multis
696 2027 832 2066 spectata
854 2019 965 2063 oculis,
987 2018 1092 2053 multis

351 2070 477 2116 probata
505 2069 663 2112 sensibus,
691 2068 882 2115 approbante
909 2080 996 2104 sacro
1024 2080 1094 2102 con-

349 2119 433 2164 cilio,
465 2119 624 2159 definivit;
646 2118 699 2153 sed
728 2130 800 2153 ecce
823 2118 883 2152 iam
915 2118 1027 2165 prodiit
1062 2118 1092 2152 in

351 2168 512 2216 publicum
546 2180 607 2204 non
635 2175 828 2214 transumpta
865 2180 937 2201 cum
973 2167 1094 2202 semine

352 2219 446 2265 patris
467 2218 625 2265 iniquitas,
647 2217 703 2252 sed
729 2218 828 2252 avitae
852 2217 955 2264 potius
977 2216 1093 2251 ambitu

353 2267 589 2315 magnitudinis,
605 2267 695 2302 cuius
717 2266 745 2301 ei
767 2278 860 2313 saepe
883 2266 1031 2301 memoria
1050 2278 1095 2300 re-

353 2325 491 2358 vocatur,
513 2317 551 2352 ad
574 2325 719 2363 nepotem
743 2315 956 2362 improvidum
979 2324 1096 2350 temere

354 2375 539 2414 propagata,
573 2367 683 2413 sicque
719 2366 853 2400 multum
889 2376 1096 2412 praepropere

354 2416 483 2452 timidus
503 2415 687 2451 adolescens
708 2427 782 2450 cum
809 2414 968 2460 aliquibus
988 2414 1095 2448 inimi--

355 2466 400 2500 cis
434 2465 594 2501 Ecclesiae
620 2463 825 2503 Lombardis,
852 2462 1042 2498 Marchianis
1068 2471 1098 2497 et

355 2515 477 2557 Tuscis,
497 2514 609 2562 Apulis
630 2524 723 2560 atque
750 2513 866 2549 Siculis
892 2512 1099 2548 fraudulentis

357 2577 464 2599 se.
486 2564 631 2612 applicat.
655 2563 842 2598 Potestatem
860 2562 1023 2597 Ecclesiae
1037 2574 1097 2596 non

357 2613 575 2657 considerans,
596 2625 676 2660 quae
697 2613 778 2647 sicut
804 2624 894 2647 avum
917 2612 984 2647 eius
1007 2611 1101 2646 nuda-

359 2663 401 2697 vit
415 2663 557 2709 imperio,
571 2663 638 2697 suis
655 2662 774 2697 meritis
791 2660 1101 2708 exigentibus,atque

920 281 1108 305 BULLARwM
1134 281 1295 305 ROMANUM

1889 283 1940 310 An.
1956 283 1985 311 C.
2004 283 2070 311 ¹266

1110 342 1116 419 Ι
1133 350 1229 386 regno
1242 338 1380 379 Siciliae,
1401 338 1447 374 sic
1469 348 1500 375 et
1520 351 1592 375 eum
1614 339 1682 375 iure
1701 352 1738 375 ac
1755 340 1874 378 honore

1133 389 1218 435 regni
1255 388 1515 436 lerosolymitani,
1546 390 1678 437 aliisque
1711 390 1875 436 diguitati-

1133 438 1192 473 bus
1209 438 1384 483 etiuribus,
1406 438 1430 473 si
1451 451 1531 486 quae
1552 439 1656 480 habet,
1678 441 1792 487 poterit
1809 442 1875 488 pri-

1133 501 1214 532 vare,
1229 488 1287 522 nisi
1302 488 1359 523 sibi
1373 489 1503 524 consilio
1519 489 1638 524 meliori
1660 490 1831 535 provideat,
1843 499 1872 526 et

1131 539 1223 574 Sedis
1240 537 1437 585 Apostolicae
1460 538 1663 584 beneplacitis
1683 551 1717 574 se
1737 549 1871 587 coaptet.

1179 589 1199 636 S
1233 589 1264 622 2.
1299 587 1396 622 Porro
1432 600 1492 623 non
1527 588 1594 623 sine
1628 600 1739 634 magna
1770 589 1873 625 cordis
1899 594 2070 632 Nonuuttqsnait

1130 636 1336 673 amaritudine
1358 649 1458 684 nuper
1479 637 1665 683 recepimus,
1687 638 1770 685 quod
1799 630 2070 678 non-Lissffffign'ssssfi

1133 687 1206 722 nulli
1233 699 1271 721 ex
1299 687 1347 721 his
1375 686 1568 733 principibus
1593 695 1625 720 et
1652 687 1806 733 praelatis,
1833 689 1870 723 ad
1885 691 2006 739 ⁹0¹ss¹⁰f⁸¹¹¹
2028 687 2070 708 ‘'i·

1130 749 1211 784 quos
1246 738 1294 771 ius
1318 737 1451 783 pertinet
1485 735 1620 782 eligendi
1656 736 1870 772 Romanorum
1886 725 1942 745 ω’

1132 798 1234 833 regem
1260 785 1299 820 ad
1325 786 1544 832 imperatorem
1574 786 1772 831 postmodum
1800 799 1872 833 pro-

1131 835 1338 875 movendum,
1366 835 1396 868 in
1427 847 1494 869 eam
1523 835 1668 869 venerint
1696 835 1872 877 audaciam,

1130 894 1165 919 nt
1185 897 1281 931 super
1302 884 1454 919 electione
1475 883 1649 919 Conradini
1676 885 1816 920 eiusdem
1835 886 1873 921 ad

1132 934 1298 981 imperium
1345 933 1482 968 occultos
1529 933 1663 968 audeant
1689 943 1719 969 et
1749 943 1872 981 apertos

1132 985 1211 1019 inire
1238 991 1386 1018 tractatus
1411 994 1485 1017 suae
1515 983 1624 1018 salutis
1654 984 1872 1029 immemores,

1132 1034 1236 1068 hostes
1267 1033 1401 1067 iustitiae
1428 1041 1457 1066 et
1483 1033 1599 1079 quietis
1631 1032 1773 1080 publicae
1800 1043 1872 1069 tur-

1131 1083 1265 1123 batores;
1287 1095 1358 1116 cum
1381 1081 1532 1116 deberent
1554 1094 1614 1116 non
1645 1082 1746 1117 solum
1768 1091 1871 1118 atten-

1130 1133 1221 1171 dere,
1256 1132 1339 1178 quod
1367 1142 1526 1165 assumere
1560 1131 1761 1178 ineligibilem
1795 1132 1871 1167 nulli

1131 1182 1230 1217 liceat.
1260 1193 1364 1215 verum
1392 1180 1482 1215 etiam
1506 1180 1671 1225 diligenter
1697 1181 1872 1222 attendere,

1130 1229 1290 1278 quomodo
1312 1242 1396 1264 nunc
1413 1230 1460 1264 eis
1479 1237 1618 1275 paratum
1641 1230 1824 1277 quemlibet,
1843 1239 1873 1265 et

1131 1281 1215 1315 omni
1234 1279 1417 1325 exceptione
1440 1279 1587 1314 maiorem
1615 1279 1720 1314 liceret
1745 1280 1871 1326 eligere,

1132 1329 1265 1363 maxime
1287 1328 1444 1375 pendente
1459 1328 1590 1363 duarum
1612 1329 1801 1364 electionum
1821 1342 1872 1364 ne-

1130 1380 1214 1425 gotio
1241 1390 1344 1413 coram
1368 1377 1469 1417 nobis,
1495 1389 1575 1424 quae
1597 1377 1723 1413 fuerunt
1742 1378 1781 1413 de
1802 1379 1873 1414 cha-

1132 1428 1264 1463 rissimis
1303 1428 1331 1461 in
1371 1426 1499 1462 Christo
1541 1427 1613 1461 filiis
1651 1428 1766 1463 nostris
1799 1441 1872 1474 rege

1131 1477 1286 1512 Castellae
1321 1484 1351 1511 et
1384 1476 1545 1512 Ricliardo
1577 1488 1650 1521 rege
1671 1476 1872 1521 Coruubiae,

1131 1527 1203 1560 viris
1228 1525 1400 1560 illustribus
1421 1535 1450 1559 et
1471 1526 1646 1571 magnificis
1669 1539 1723 1572 per
1747 1539 1812 1567 eos,
1833 1527 1873 1562 ad

1131 1587 1210 1621 quos
1237 1575 1284 1609 ius
1310 1574 1446 1621 eligendi
1474 1575 1622 1621 pertinet,
1649 1575 1680 1609 in
1716 1575 1874 1611 discordia

1131 1624 1314 1659 celebratae:
1339 1623 1423 1658 lmnc
1449 1631 1552 1657 autem
1576 1623 1686 1670 probat
1713 1636 1782 1660 esse
1804 1625 1874 1659 ine-

1131 1673 1279 1720 ligibilem
1307 1673 1416 1707 aetatis
1442 1672 1615 1717 iufirmitas,
1641 1686 1721 1720 quae
1749 1674 1874 1709 inhabi-

1131 1723 1192 1757 lem
1208 1735 1280 1757 eum
1303 1721 1398 1757 efficit
1416 1716 1456 1756 §d
1476 1722 1622 1763 honores,
1644 1723 1735 1758 cuius
1752 1723 1872 1758 etiamsi
1901 1731 1970 1759 Quare
1988 1732 2072 1766 eusen-

1133 1772 1305 1817 legitimum
1333 1771 1500 1805 terminum
1528 1772 1695 1817 attigisset,
1726 1783 1798 1807 eum
1829 1762 2031 1806 ta-‘¹'¹⁵¹¹⁰¹¹⁵¹''

1133 1834 1205 1856 men
1233 1821 1303 1864 eligi
1327 1833 1387 1854 non
1416 1819 1552 1863 deceret,
1579 1821 1631 1867 qui
1661 1820 1700 1855 de
1728 1833 1876 1868 persecu-

1133 1870 1254 1906 toribus
1268 1869 1426 1904 Ecclesiae
1443 1869 1615 1904 manifestis
1638 1878 1699 1904 tam
1722 1870 1877 1906 veteribus

1133 1933 1225 1968 quam
1259 1919 1419 1954 modernis
1447 1919 1572 1954 trahens
1598 1919 1764 1965 originem,
1798 1921 1876 1955 iusta

1135 1977 1238 2017 posset
1260 1969 1319 2003 hac
1344 1969 1409 2003 sola
1432 1969 1550 2003 ratione
1577 1968 1696 2016 repelli.

1183 2019 1203 2063 ἓ
1228 2021 1259 2052 5.
1287 2018 1360 2060 Quo
1392 2018 1475 2052 circa
1513 2030 1583 2052 cum
1619 2017 1720 2053 officio
1755 2026 1878 2053 nostrae
1904 2025 2003 2048 Prohibet
2024 2026 2074 2063 {2¹0-

1134 2064 1290 2103 seri'itutis
1312 2066 1484 2107 incumbat,
1506 2066 1666 2103 fraudibus
1687 2075 1719 2102 et
1754 2068 1879 2103 malitiis
1891 2063 2074 2115 maganum-:3

1136 2129 1353 2164 perversorum
1376 2128 1550 2156 occurrere,
1585 2129 1634 2156 ne,
1659 2116 1743 2163 quod
1776 2117 1878 2158 absit,
1892 2120 1999 2155 ⁰9⁰n⁰¹¹³⁵
2021 2126 2075 2148 ¹³00-

1137 2167 1276 2212 neglecta
1299 2166 1417 2201 valeant
1440 2165 1582 2201 incendia
1614 2166 1694 2202 vires
1728 2178 1853 2202 sumere
1869 2193 1878 2209 ,
1893 2157 1932 2172 Μ’

1135 2228 1214 2263 quae
1242 2216 1271 2250 in
1294 2216 1368 2262 ipsis
1391 2215 1486 2249 initiis
1517 2215 1616 2250 levius
1641 2215 1878 2261 extinguuntur,

1136 2278 1194 2300 nos
1222 2265 1251 2298 in
1274 2277 1384 2299 omnes
1407 2273 1436 2299 et
1469 2265 1612 2311 singulos
1650 2265 1880 2312 cuiuscumque

1136 2314 1295 2360 dignitatis
1310 2314 1357 2348 vel
1372 2314 1586 2358 excellentiae,
1607 2313 1881 2361 archiepiscopalis

1137 2365 1230 2398 etiam
1254 2364 1299 2398 vel
1321 2363 1520 2410 episcopalis,
1547 2371 1600 2398 aut
1627 2362 1754 2398 alterius
1779 2363 1880 2398 eccle-

1137 2413 1278 2447 siasticae
1317 2413 1363 2447 vel
1401 2414 1569 2448 saecularis
1605 2413 1882 2452 existant,cuius-

1138 2474 1273 2509 cumque
1295 2462 1358 2496 sint
1383 2462 1500 2508 gradus
1522 2463 1567 2497 vel
1595 2461 1723 2500 ordinis,
1745 2462 1809 2497 sive
1830 2475 1882 2497 se—

1139 2524 1207 2550 xus,
1234 2511 1299 2558 qui,
1322 2512 1486 2558 praetactis
1509 2511 1640 2558 publicis
1670 2510 1717 2545 vel
1753 2511 1883 2546 occultis

1139 2573 1194 2596 seu
1217 2560 1469 2608 quibuscumque
1495 2560 1562 2595 aliis
1595 2559 1709 2600 modis,
1731 2572 1884 2608 procura-

1142 2610 1217 2644 bunt
1255 2610 1330 2644 dicti
1365 2609 1534 2645 Conradini
1576 2610 1807 2656 promotionem
1850 2611 1879 2644 in

1141 2659 1355 2694 Romanorum
1377 2672 1481 2706 regem
1506 2658 1550 2694 vel
1578 2661 1810 2706 imperatorem,
1831 2667 1883 2695 aut
