2129 3223
23 250 74 278 An.
93 249 204 278 01208

60 2345 177 2368 hominm.

811 250 1022 274 lNNOCEN't‘tt's
1045 251 1078 272 ΙΙΙ
1105 251 1151 273 FP.

221 304 338 340 iudicio
351 304 390 340 de
402 311 576 352 perpetrata
588 303 749 351 iniquitate
764 312 965 351 cognoscant,

220 364 251 390 vt
271 365 402 389 munere
430 353 620 401 apostolicae
654 353 882 389 benedictionis
906 355 965 389 im-

221 415 343 444 munes,
362 403 498 438 scientes
522 403 605 450 quod
630 402 701 438 ideo
723 403 782 438 sub
803 404 898 439 altare
917 416 965 439 re-

218 452 332 500 liquiae
369 460 540 501 martyrum
580 452 795 488 reconduntur
810 480 818 492 ,
855 462 887 487 ut
923 453 962 488 ibi

219 509 326 538 contra
360 510 578 549 persecutores
606 503 704 549 ipsius
737 502 794 537 loci
830 503 963 537 vindicta

219 550 290 586 iusti
321 551 486 598 sanguinis
520 551 718 599 postuletur,
752 551 804 587 ubi
835 553 965 599 sanguis

218 601 321 636 iustus
337 610 602 636 commemoratur
624 601 755 642 effusus,
778 602 860 636 iuxta
879 603 963 649 quod

219 650 351 698 legitur:
374 649 446 685 Vidi
468 650 528 686 sub
542 650 637 686 altare
657 651 715 686 Dei
739 651 857 686 animas
887 652 964 686 occi·

218 711 325 735 sorum
352 708 480 748 propter
499 699 628 735 verbum
653 699 709 736 Dei
725 709 755 735 et
776 710 903 748 propter
919 708 965 736 te-

217 749 401 785 stimonium
429 749 514 797 quod
541 749 699 785 habebant
732 759 762 785 et
789 749 965 786 clamabant

217 798 373 834 dicentes:
402 797 596 847 Usquequo,
618 799 755 835 Domine
781 808 908 835 sanctus
935 809 965 836 et

219 860 322 890 verus,
338 860 400 884 non
424 848 546 884 iudicas
566 856 597 883 et
617 849 756 884 vindicas
778 849 963 896 sanguinem

218 905 361 934 nostrum
375 897 415 934 de
431 898 469 933 iis
491 899 544 946 qui
564 898 704 934 habitant
726 898 966 945 superterram?

217 946 375 983 Omnibus
391 955 494 983 antem
517 947 621 983 eidem
644 948 714 984 loco
736 960 791 983 sua
816 949 880 983 iura
897 961 964 983 ser-

218 996 362 1033 vantibus
388 997 561 1033 consolatio
596 996 702 1033 Sancti
730 997 866 1045 Spiritus
905 999 965 1033 tri-

219 1046 331 1083 buatur
356 1046 409 1081 hic
435 1049 480 1092 (1)
507 1047 536 1082 in
563 1059 688 1082 aevum.
722 1049 835 1082 Amen.

265 1095 380 1132 Datum
419 1095 502 1143 apud
531 1097 754 1132 monasterium
792 1096 965 1132 Casiuense

216 1145 405 1181 duodecimo
429 1145 578 1181 kalendas
606 1147 741 1192 augusti,
766 1132 988 1201 pontificatus!

219 1207 290 1230 vero
311 1194 432 1230 domini
454 1194 630 1231 Innocentii
647 1196 749 1243 Papae
768 1196 861 1237 tertii,
883 1209 966 1231 anno
986 1204 988 1221 -'

219 1243 397 1280 undecimo.

265 1299 326 1331 Dat.
349 1301 396 1331 die
414 1300 448 1331 21
470 1302 535 1332 iulii
556 1302 640 1339 1208,
661 1302 763 1342 pontis.
785 1311 860 1333 anno
878 1311 916 1333 xr.

555 1445 622 1481 Lx.

218 1512 264 1546 De
293 1513 384 1547 modo
405 1513 510 1548 utendi
534 1513 601 1547 iure
622 1514 660 1548 ab
689 1515 866 1559 Apostolica
889 1516 966 1549 Sede
987 1534 988 1537 κ

265 1574 402 1597 concesso
427 1563 605 1608 conferendi
624 1564 766 1609 beneficia
792 1564 853 1606 (2).

482 1626 697 1659 SUMMARtUM

218 1684 384 1715 Exordium.
398 1701 438 1707 —
454 1685 496 1715 Ad
516 1685 659 1716 beneficia
680 1695 822 1725 personae
845 1688 967 1719 idoneae
988 1682 989 1719 J

258 1724 501 1764 praesentandae.
531 1742 571 1749 —
592 1727 653 1758 Nou
677 1726 853 1758 conserenda
881 1733 966 1759 ante-
988 1728 989 1753 i

256 1773 346 1805 quam
363 1770 475 1796 vacent.
496 1781 535 1788 —
552 1765 591 1796 De
614 1768 809 1806 expectativis.
824 1767 967 1799 -Dero-

256 1805 334 1844 gotio
355 1805 579 1836 contrariorum.

217 1866 391 1897 Innocentius
410 1867 552 1904 episeopus
570 1875 667 1898 servus
685 1875 825 1899 servorum
848 1870 904 1904 net,
925 1878 968 1900 ve·

263 1911 427 1942 nei-abitinas
444 1912 583 1942 tratribus
592 1913 812 1951 archiepiscopis,
826 1916 968 1952 episcopis.
988 1932 990 1939 ι

263 1964 295 1986 oe
313 1957 423 1986 dilectis
445 1956 510 1986 miis
539 1958 695 1992 abbatibus,
723 1959 870 1995 prioribus.
891 1969 968 1998 pree·
988 1975 990 1989 ι

264 2002 372 2038 positis.
392 2001 509 2036 decanis
544 2003 750 2038 archidiaconis.
782 2005 968 2042 archipresby·

264 2047 345 2081 tei-is.
364 2048 396 2076 et
407 2046 469 2076 aliis
478 2045 657 2077 scelestarum
668 2049 813 2085 praelatis,
822 2057 970 2088 earumque

265 2092 396 2129 capitulis
425 2093 456 2121 et
489 2093 673 2127 conventibus.
699 2101 747 2123 seu
771 2094 894 2132 collegiis
911 2098 969 2125 tam
988 2094 990 2121 ἒ

265 2137 409 2174 exemptis.
430 2142 511 2173 qnam
544 2143 596 2166 non
618 2139 764 2175 exemptis,
784 2146 815 2168 ac
845 2142 970 2177 petronis

265 2181 374 2212 clericis
398 2188 446 2210 seu
469 2181 550 2210 laicis
571 2185 728 2218 praesentes
751 2185 864 2215 litteras
880 2187 968 2223 inspe-
988 2179 990 2223 s

266 2226 365 2261 etnrts,
376 2227 495 2257 salutem
507 2228 535 2255 et
551 2228 727 2263 apostoticam
745 2229 968 2261 benedictionem.
988 2225 990 2260 ἶ

270 2283 442 2333 Postquam
467 2285 609 2332 regimini
632 2287 787 2332 generalis
801 2288 968 2325 Ecclesiae
988 2309 990 2337 3

224 2346 282 2370 nos
307 2334 380 2370 licet
415 2335 588 2369 immeritos
615 2336 718 2371 divina
750 2338 849 2385 pietas
872 2340 967 2375 voluit
988 2340 990 2384 ζ

225 2383 419 2431 praesidere,
447 2392 478 2419 et
511 2384 597 2420 cordi
625 2397 751 2433 semper
776 2386 990 2434 habuimus,³

223 2433 308 2481 quod
331 2433 525 2469 honestatem
547 2442 577 2469 et
599 2435 738 2470 ordinem
765 2437 795 2471 in
823 2440 968 2474 omnibus
988 2431 990 2491 Ξ

223 2494 432 2528 servaremus,
454 2495 490 2518 ac
511 2484 542 2518 in
565 2484 797 2532 provisionibus
818 2486 967 2523 faciendis
987 2495 990 2525 ἑ

224 2531 411 2569 haberemus
429 2533 513 2568 illius
528 2533 742 2581 providentiae
757 2536 899 2583 modum,
913 2551 969 2585 per
987 2529 991 2583 i

259 2588 298 2624 (ί)
314 2588 473 2617 Addendum
483 2589 592 2618 forsitan
602 2594 636 2617 et.
655 2592 692 2626 (n.
710 2592 749 2626 τ.)
787 2592 826 2627 (9)
837 2593 897 2620 Rer.
912 2595 967 2620 An·
987 2588 991 2625 l

223 2626 278 2662 glic.
299 2628 395 2665 Script.
417 2634 520 2662 vetem,
538 2634 602 2658 tom.
624 2638 646 2662 ι,
668 2639 726 2665 pag.
749 2632 809 2658 328.

341 2672 415 2702 eun.
432 2673 508 2702 Rom.
532 2673 586 2702 voi.
608 2674 650 2703 111
792 2676 829 2706 es
986 2656 991 2691 ¹

1632 243 1701 274 217

1006 316 1098 351 quem
1127 304 1268 338 ecclesiis
1296 313 1324 338 et
1359 305 1575 346 monasteriis,
1603 317 1657 341 seu
1685 306 1753 341 aliis

1007 353 1066 400 piis
1100 353 1176 387 locis
1207 352 1308 388 bonor
1346 363 1377 390 et
1399 354 1601 390 commodum
1637 367 1751 403 prove-

1007 403 1096 437 niret.
1115 401 1209 444 Quod
1227 411 1330 437 autem
1355 405 1546 439 contrarium
1562 404 1751 453 quandoque

1005 452 1156 487 accidisse
1171 451 1348 488 dinoscitur
1370 464 1433 488 tum
1453 463 1580 501 propter
1602 454 1750 490 malitiam

1006 509 1196 549 temporum,
1219 509 1283 536 tum
1302 503 1532 550 improbitatem
1557 505 1684 539 nimiam
1702 517 1752 552 pe-

1007 552 1146 592 titorum,
1173 563 1268 598 saepe
1295 552 1386 587 nobis
1408 553 1546 588 dolorem
1579 554 1699 597 intulit,
1722 563 1752 588 et

1006 600 1092 636 cordi
1113 609 1216 636 nostra
1239 603 1375 649 suspiria
1395 602 1581 644 cuniulavit;
1605 605 1750 645 maxime,

1005 663 1077 685 cum
1103 658 1172 697 post
1201 650 1299 686 multa
1331 652 1474 700 diffugia,
1502 660 1533 687 et
1558 654 1751 700 excogitatae

1006 701 1203 736 resistentiae
1234 701 1396 745 studium,
1433 702 1628 749 provisiones
1655 715 1751 750 quas-

1005 750 1075 784 dam
1104 762 1232 797 prorsus
1262 751 1348 787 inviti
1378 751 1556 793 fecerimus,
1583 764 1662 800 quas
1694 764 1752 799 po·

1006 799 1103 834 tuisse
1119 800 1214 834 vitare
1234 813 1289 847 pro
1311 813 1427 847 magno
1443 809 1472 836 et
1490 802 1622 837 solemni
1639 802 1753 848 gaudio

1006 848 1206 884 duceremus.
1230 849 1311 885 Cum
1335 850 1438 898 itaque
1461 850 1581 886 dudum
1602 850 1754 886 fuerimus

1007 907 1111 933 mente
1132 899 1252 945 vigiles,
1275 908 1309 935 ut
1325 913 1420 948 super
1442 900 1492 935 his
1514 901 1662 936 adhibere
1686 913 1755 948 pos-

1006 959 1114 983 semus
1144 949 1317 984 remedium
1351 958 1589 997 opportunum,
1619 962 1676 985 nos
1699 962 1754 998 pro

1006 997 1112 1044 quiete
1139 999 1252 1033 mentis
1275 1009 1410 1041 nostrae,
1438 1012 1474 1035 ac
1507 1011 1562 1047 pro
1594 999 1756 1036 Ecclesia-

1008 1059 1089 1088 rum,
1117 1049 1381 1084 monasteriorum
1405 1057 1436 1084 et
1463 1049 1604 1084 locorum
1630 1050 1755 1097 praedi-

1007 1105 1128 1130 ctorum
1146 1097 1257 1138 salute,
1274 1098 1423 1133 duximus
1437 1099 1654 1144 statuendum,
1669 1100 1754 1146 quod

1007 1146 1122 1192 singuli
1148 1156 1283 1182 vestrum
1313 1150 1464 1183 canonias
1486 1158 1516 1183 et
1544 1149 1754 1195 praebendae,

1007 1207 1042 1230 ac
1055 1195 1221 1237 beneficia,
1241 1209 1296 1232 seu
1313 1207 1509 1244 personatus
1525 1211 1560 1233 ae
1577 1198 1754 1245 dignitates,

1007 1256 1078 1279 cum
1115 1257 1207 1287 cura,
1234 1255 1287 1281 aut
1313 1248 1382 1282 sine
1408 1260 1501 1288 cura,
1529 1247 1691 1289 redditus,
1720 1261 1755 1284 ac
1784 1259 1812 1279 Ati
1850 1258 1953 1293 henan-it

1007 1295 1099 1328 etiam
1137 1297 1326 1341 pensiones,
1362 1297 1398 1331 ad
1434 1298 1655 1343 collationem,
1690 1298 1754 1333 sive
1770 1290 1953 1346 Ξὲἷιῖηὲῗωζὲζῖ

1008 1344 1204 1389 electionem,
1228 1358 1284 1381 seu
1316 1347 1597 1394 praesentationem
1623 1357 1755 1383 vestram
1771 1351 1854 1371 “mm-

1008 1395 1202 1439 spectantia,
1239 1406 1319 1443 quae
1351 1395 1533 1431 obtinentur
1571 1409 1586 1431 a
1617 1397 1757 1445 quibus-

1008 1453 1142 1490 cumque
1170 1444 1318 1479 oriundis
1344 1453 1429 1480 extra
1460 1457 1554 1492 regna
1582 1446 1612 1480 in
1641 1446 1757 1494 quibus

1008 1490 1164 1526 habentur
1186 1495 1391 1530 canonicatus
1414 1503 1445 1529 et
1473 1494 1672 1543 praebendae
1687 1524 1695 1538 ,
1722 1508 1758 1532 ac

1768 251 1859 278 Amc.
1881 250 1946 277 ¹208

987 1541 1064 1582 3alia
1100 1543 1296 1589 supradicta,
1323 1544 1388 1579 sive
1417 1544 1645 1592 apudSedem
1669 1547 1758 1594 Apo-

987 1590 1150 1637 ¹stolicam
1186 1602 1354 1635 maneant,
1398 1595 1463 1629 sive
1501 1594 1574 1629 alibi
1613 1607 1757 1632 commo-

987 1649 1133 1679 nentur,
1165 1650 1298 1678 extunc
1327 1645 1471 1691 personis
1503 1643 1624 1680 idoneis
1653 1645 1755 1682 Deum

1010 1689 1153 1725 habendo
1189 1705 1262 1738 prae
1292 1693 1393 1728 oculis
1427 1693 1588 1735 conterre,
1624 1694 1670 1729 vel
1704 1707 1756 1730 eas

1008 1739 1046 1774 ad
1082 1752 1116 1775 ea
1151 1741 1285 1788 eligere,
1323 1755 1359 1778 ac
1394 1743 1510 1779 electas
1544 1744 1754 1786 confirmare,

1009 1790 1073 1824 sive
1100 1801 1317 1838 praesentare,
1344 1802 1374 1827 et
1396 1801 1609 1840 praesentatas
1639 1793 1757 1830 admit-

988 1847 1097 1880 tere,
1136 1840 1260 1877 sublato
1291 1842 1460 1878 cuiuslibet
1496 1843 1757 1879 contradictionis

1009 1897 1037 1923 et
1073 1889 1295 1936 appellationis
1333 1892 1514 1934 obstaculo,
1537 1894 1674 1929 valeatis.
1717 1892 1757 1929 Et

988 1943 990 1960 ¹
1009 1950 1046 1972 ex
1068 1946 1143 1974 tunc
1166 1952 1318 1986 personae
1346 1942 1430 1989 ipsae
1453 1943 1483 1977 in
1506 1942 1627 1978 eisdem
1655 1955 1755 1979 cauo-

1010 1988 1070 2022 uiis
1091 1995 1122 2022 et
1144 1989 1344 2036 praebendis,
1365 2004 1401 2026 ac
1423 1992 1600 2033 beneficiis,
1623 2005 1680 2028 seu
1708 1993 1757 2028 di-

1009 2038 1179 2084 gnitatibus
1201 2048 1228 2074 et
1256 2041 1493 2087 personatibus,
1521 2042 1699 2078 redditibus
1726 2052 1755 2077 et

1011 2088 1213 2133 pensionibus
1236 2090 1364 2135 plenum
1393 2101 1423 2126 et
1451 2092 1675 2127 inconcussum
1713 2095 1755 2136 (1)

1009 2136 1183 2173 obtineant.
1218 2138 1284 2173 Nec
1312 2148 1414 2175 tamen
1438 2140 1478 2175 de
1500 2141 1548 2175 his
1572 2143 1752 2189 priusquam
1774 2148 1951 2170 None⁰¹=ser2⁰d³

1010 2194 1119 2221 vacent
1145 2199 1178 2222 se
1214 2188 1409 2235 aliquatenus
1441 2190 1664 2235 intromittant,
1699 2192 1752 2226 sed
1768 2183 1879 2233 {mquam
1914 2186 1947 2200 '³‘

1009 2248 1044 2270 ea
1066 2237 1132 2283 ipsa
1157 2237 1223 2272 iure
1245 2250 1339 2285 quam
1362 2239 1456 2274 citius
1479 2241 1653 2275 vacaverint
1673 2252 1755 2276 asse-

1009 2295 1155 2332 quantur,
1183 2296 1213 2321 et
1241 2287 1306 2334 ipsa
1341 2288 1492 2329 intrandi,
1515 2301 1550 2324 ac
1579 2290 1754 2335 retinendi,

1011 2335 1126 2370 nullius
1160 2337 1309 2383 requisito
1331 2349 1498 2380 consensu,
1534 2337 1662 2374 liberant
1698 2339 1752 2376 ha-

1011 2384 1102 2418 beant
1134 2384 1324 2420 facultatem.
1359 2386 1419 2421 Ista
1448 2396 1551 2422 tamen
1585 2389 1668 2436 quod
1693 2389 1755 2429 illi,

1009 2434 1060 2480 qui
1086 2446 1171 2468 nunc
1190 2434 1254 2480 ipsa
1279 2435 1431 2476 obtinent,
1454 2449 1488 2472 ea
1507 2449 1674 2487 quousque
1692 2450 1758 2474 ces-

1010 2483 1174 2523 serint,vel
1189 2484 1395 2529 decesserint,
1418 2486 1511 2533 pleno
1534 2487 1601 2522 iure
1626 2488 1758 2536 pacifice

1010 2531 1160 2576 habeant,
1187 2540 1216 2568 et
1249 2535 1372 2582 quiete,
1408 2547 1443 2571 ac
1478 2536 1598 2572 nullum
1627 2539 1756 2574 omnino

1010 2594 1105 2628 super
1129 2582 1177 2617 liis
1199 2592 1362 2631 praetextu
1380 2585 1520 2621 eiusdem
1542 2588 1646 2623 statuti
1664 2600 1756 2636 prae-

1044 2638 1083 2674 (t)
1100 2640 1258 2668 Addendum
1279 2641 1388 2670 fortasse
1407 2646 1456 2670 ius.
