2129 3223
12 310 62 338 An.
80 309 109 337 C.
124 310 192 338 12⁶3

208 365 293 401 uime
318 365 458 406 valentia
480 372 511 400 et
531 364 616 412 quod
643 364 680 400 ad
704 366 868 412 pecuniam
894 365 955 400 col-

207 414 366 462 ligendam
388 415 457 457 cogi
485 426 547 448 non
571 414 697 460 possitis
719 415 803 450 inviti
828 427 883 460 per
908 414 956 449 lit

208 471 290 499 teras
311 463 410 511 ipsius
423 462 516 498 Sedis
532 462 570 498 de
586 471 708 498 caetero
730 463 976 509 impetrandas3

208 512 358 560 quodque
386 512 490 547 nullus
511 520 650 547 vestrum
676 513 881 548 correctionis
899 525 954 547 seu

208 561 394 597 visitationis
416 560 462 596 vel
486 561 699 607 inquisitionis
720 562 869 605 officium,
893 573 957 596 mo-

209 611 357 646 nasteriis
383 609 431 644 vel
454 610 610 650 eeclesiis,
630 622 685 646 scu
701 610 956 657 quibuscumque

210 660 355 708 personis
376 659 572 706 impendet-e,
606 660 652 694 vel
689 659 728 693 ad
760 659 957 706 cognitiones

209 719 388 749 cansarum,
416 709 581 743 citationes
603 709 736 754 partium
776 717 805 742 et
833 709 957 743 denun-

209 758 361 794 tiationes
392 758 618 792 sententiarum
648 757 803 792 interdicti
838 765 868 791 et
900 770 957 792 ex-

209 806 532 843 communicationum
572 806 742 853 procedere
783 814 835 841 aut
875 807 957 841 reci-

210 868 284 903 pere
310 866 417 891 curam
441 855 624 890 monialium
651 868 706 891 seu
742 856 956 902 religiosarum

208 904 420 953 quarumlibet
457 916 660 951 personarum
700 913 865 940 teneantur
904 917 959 952 per

209 954 396 1002 apostolicas
431 953 549 989 litteras
578 954 758 1001 impetratas
792 963 820 988 et
855 954 958 1000 impe-

209 1002 336 1039 trandas
382 1003 412 1037 in
448 1011 626 1050 posterum.
670 1003 730 1037 nisi
776 1002 957 1038 huiusmodi

209 1052 396 1099 apostolicae
423 1051 543 1087 litterae
564 1052 602 1087 de
619 1052 678 1086 hoe
705 1051 827 1087 indulto
848 1060 879 1086 et
905 1064 960 1086 or-

209 1100 283 1136 dine
303 1109 407 1136 vestro
432 1112 612 1148 expressam
652 1100 784 1135 fecerint
821 1101 960 1135 mentio-

210 1160 296 1195 nem,
320 1150 505 1185 auctoritate
528 1149 617 1184 vobis
642 1150 814 1197 apostolica
854 1149 960 1184 indul-

210 1210 334 1246 gemus.
376 1197 590 1234 Concedimus
625 1207 732 1242 etzam,
771 1207 804 1233 ut
842 1198 878 1232 ad
914 1199 960 1233 vi·

210 1247 367 1283 sitandam
412 1248 513 1295 aliqua
550 1250 739 1283 monasteria
774 1247 959 1282 monialium

211 1297 440 1345 cuiuscumque
466 1297 597 1340 ordinis,
625 1297 670 1332 vel
693 1297 729 1332 ad
767 1296 959 1331 audiendum

211 1345 426 1381 confessiones
446 1358 553 1381 earum
580 1345 727 1392 compelli
766 1346 962 1393 aliquatenus

213 1407 274 1430 non
292 1395 430 1442 possitis,
445 1407 504 1430 nec
518 1395 555 1429 ad
574 1395 789 1442 recipiendum
809 1395 962 1430 commis-

212 1454 321 1480 siones
347 1456 510 1479 causarum
525 1456 580 1479 seu
595 1453 819 1478 sententiarum
839 1456 963 1479 execu—

212 1494 326 1534 tiones,
347 1493 395 1528 vel
417 1493 475 1528 alia
497 1493 710 1539 contingentia
733 1505 844 1528 causas
880 1494 963 1539 ipsas

213 1553 268 1589 per
301 1542 421 1577 litteras
453 1541 611 1590 praefatae
636 1541 742 1581 Sedis,
779 1542 810 1576 in
847 1542 963 1589 quilius

214 1603 276 1627 non
298 1590 376 1627 facta
391 1590 482 1626 fuerit
504 1591 543 1625 de
562 1590 756 1638 indulgentia
781 1591 961 1626 huiusmodi

214 1641 331 1676 mentio
356 1640 514 1688 specialis,
536 1641 602 1675 site
626 1653 680 1687 per
702 1640 821 1686 legatos
845 1641 889 1675 vel
905 1639 964 1675 de·
984 1650 985 1656 ¹

213 1690 361 1736 legatos
355 1690 455 1737 ipsius
480 1690 525 1724 vel
548 1691 641 1724 etiam
659 1701 714 1736 per
730 1701 963 1744 quoscumque.

212 1738 328 1774 Nullus
354 1739 484 1786 insuper
516 1738 776 1784 atcltiepiscopus
810 1738 856 1773 vel
895 1751 964 1781 ept—

214 1798 342 1844 scopus,
368 1788 539 1834 nullusque
565 1788 646 1822 alius
674 1789 830 1842 praelatus
862 1787 965 1821 eccle-

214 1837 372 1878 siasticus,
394 1848 452 1871 nec
479 1848 586 1871 eorum
609 1837 714 1870 virtrii
737 1837 782 1870 vel
805 1835 965 1879 officiales,

215 1885 253 1921 ad
289 1885 477 1933 pot-tandum
501 1898 557 1920 seu
589 1884 794 1920 deserendum
837 1863 965 1923 litterzas

217 1934 263 1970 vel
290 1936 510 1982 exequendum
538 1943 591 1969 aut
617 1934 875 1974 denunciandum
898 1946 967 1968 sen-

217 1984 329 2019 tentias
365 1992 472 2019 contra
496 1984 655 2030 principes
676 1984 967 2021 saeculatres,coin-

218 2033 397 2074 munitates,
419 2035 554 2080 populos
586 2041 640 2067 ‘seu
669 2045 883 2079 quoscumque
913 2032 967 2067 he-

218 2082 392 2117 nel'aetores
419 2090 548 2121 vestros,
587 2082 756 2128 nullusque
794 2082 967 2127 delegatus,

220 2131 265 2166 vet
291 2131 470 2166 ordinarius
497 2131 591 2165 iudex
612 2131 649 2165 ad
680 2130 861 2165 faciendum
890 2132 969 2165 cita-

219 2181 334 2221 tiones,
373 2179 422 2214 vel
462 2180 703 2215 commissiones
747 2180 969 2226 r«·,cipiendas

219 2230 284 2265 sive
309 2229 394 2277 quod
422 2229 489 2264 sitis
517 2230 546 2262 in
582 2230 688 2263 ratris
720 2228 878 2276 aliquibus
912 2242 969 2262 as-

219 2290 371 2315 sessores.
393 2290 448 2312 seu
476 2278 513 2312 ad
536 2276 612 2312 alias
647 2278 715 2312 lites
749 2289 804 2312 seu
839 2287 970 2312 contro-

222 2328 339 2363 versias
365 2327 580 2372 contingentia
609 2327 638 2360 in
666 2328 782 2369 causis,
813 2338 893 2373 quae
916 2339 971 2360 ro·-

223 2388 287 2411 ram
310 2376 388 2423 ipsis
414 2384 596 2418 tractantur,
623 2376 802 2422 quempiam
831 2384 969 2410 vestrum

222 2425 412 2471 compellere
433 2425 567 2465 valeant,
595 2425 662 2458 sine
690 2426 865 2469 praedictae
878 2425 972 2459 Sedis

224 2473 373 2509 mandato
395 2473 441 2508 vel
465 2473 589 2507 licentia
618 2473 758 2518 speciali,
792 2486 970 2520 expressam

225 2522 357 2558 faciente
378 2522 417 2557 de
440 2523 497 2558 ltac
536 2522 730 2567 indulgentia
768 2523 971 2557 mentionem

222 2571 288 2607 Nec
307 2572 473 2619 quisquam
498 2579 636 2606 vestrutu
666 2583 772 2616 parere
800 2571 846 2605 vel
869 2572 974 2606 inten-

222 2620 296 2655 dere
308 2629 553 2668 teneatursuper
568 2620 618 2655 liis
634 2620 873 2660 monitionibus,
889 2633 975 2655 man-

223 2669 305 2706 datis
325 2678 379 2705 aut
399 2669 592 2706 iussionibus
616 2668 816 2714 eorumdem,
842 2678 895 2704 aut
928 2669 975 2704 fa·
993 2709 997 2714 ¹

845 310 989 335 CLEMENS
1012 310 1046 333 tv
1066 309 1115 333 PP.

1627 299 1695 332 759

995 375 1068 400 cere
1089 364 1136 399 vel
1161 364 1292 410 implere
1314 364 1397 411 quod
1420 365 1451 400 in
1473 364 1532 400 hac
1562 372 1649 412 parte
1683 364 1744 399 du·

974 425 976 456 t
996 414 1097 449 xerint
1120 413 1362 460 iniungendum.

1043 463 1064 510 g
1088 462 1142 497 15.
1170 461 1338 497 Caeterum
1366 462 1524 508 generalis
1548 470 1580 498 et
1614 461 1746 509 provin-
1773 476 1845 498 emet
1850 480 1863 497 ι.
1883 478 1942 497 orn

996 512 1091 547 ciales
1112 511 1248 546 ministri
1271 523 1307 546 ac
1324 512 1462 557 ipsorum
1482 511 1601 555 vicarii,
1623 511 1693 546 illos
1706 523 1743 546 ex
1758 509 1941 565 30⁸⁵⁵uul⁰if2⁰2212

996 560 1154 599 fratribus,
1177 560 1216 596 de
1237 560 1354 607 quibus
1375 561 1556 596 auctoritate
1571 561 1742 595 litterarum
1759 569 1812 595 arud
1829 573 1868 594 er
1866 572 1942 592 σοροῦ

996 609 1089 645 Sedis
1111 609 1328 656 Apostolicae,
1355 610 1400 644 vet
1424 610 1596 654 legatorum
1632 609 1744 656 ipsius
1767 602 1933 653 mffls'ffim

996 658 1241 706 archiepiscopis
1267 667 1298 693 et
1321 659 1492 705 episcopis,
1522 670 1557 694 ac
1578 659 1646 694 aliis
1672 660 1746 706 qui-

998 708 1197 755 buscumque
1225 708 1384 753 provisum
1421 709 1522 742 extitit
1550 708 1594 742 vel
1630 709 1659 742 in
1690 720 1747 754 po-

998 765 1115 792 sterum
1154 757 1321 804 contigerit
1367 756 1540 803 provideri,
1571 757 1746 803 corrigere,

998 818 1032 841 ac
1048 807 1154 846 etiam,
1177 818 1237 840 non
1261 806 1406 840 obstante
1428 804 1676 840 contradictione
1697 805 1746 840 ali-

998 868 1071 903 qna,
1094 856 1216 903 possint
1241 855 1279 890 ad
1302 867 1395 890 suum
1424 855 1566 890 ordinem
1590 866 1747 895 revocare;

999 916 1056 939 nec
1079 917 1132 950 per
1159 905 1277 939 litteras
1296 903 1439 939 eiusdem
1462 903 1567 944 Sedis,
1590 916 1645 939 seu
1671 905 1750 950 lega·

999 962 1102 989 torum
1127 954 1226 1000 ipsius
1242 955 1301 988 iam
1320 954 1475 993 obtentas,
1498 954 1544 988 vel
1565 952 1604 987 de
1625 962 1749 988 caetero

999 1003 1206 1043 obtinendas,
1243 1004 1368 1050 aliquos
1396 1003 1434 1037 de
1468 1001 1617 1037 fratribus
1651 1002 1751 1057 ipsius

999 1052 1118 1086 ordinis
1156 1050 1304 1099 pressais
1339 1050 1586 1098 archiepiscopis
1611 1059 1642 1086 et
1678 1053 1750 1097 epi—

1001 1102 1106 1147 scopis
1139 1110 1193 1136 aut
1219 1101 1288 1135 aliis
1323 1109 1490 1135 teneantur
1511 1101 1541 1135 iu
1563 1101 1668 1136 socios
1694 1101 1753 1134 ‹ie-

1003 1159 1130 1195 putare,
1172 1149 1229 1184 nisi
1265 1150 1365 1184 dictae
1405 1149 1526 1184 litterae
1561 1150 1752 1195 apostolicae

1001 1198 1191 1234 obtinendae
1215 1198 1255 1233 de
1282 1197 1405 1233 indulto
1435 1198 1616 1233 huiusmodi
1641 1207 1672 1233 et
1698 1211 1749 1233 ot·-

1002 1248 1075 1283 dine
1098 1248 1167 1295 ipso
1193 1259 1372 1294 expressam
1397 1247 1525 1282 fecerint
1545 1248 1752 1291 mentionem,

1002 1305 1032 1331 et
1062 1297 1136 1331 alias
1168 1296 1198 1330 id
1230 1296 1383 1331 honestati
1419 1297 1539 1331 ordinis
1571 1305 1601 1332 et
1628 1297 1752 1331 illorum

1002 1345 1093 1380 saluti
1114 1345 1246 1379 viderint
1269 1345 1433 1391 expedire.
1454 1345 1569 1380 Nullus
1594 1354 1698 1380 atitem
1716 1345 1756 1380 le-

1002 1403 1104 1441 gatus,
1137 1395 1194 1428 nisi
1217 1395 1257 1429 de
1284 1394 1379 1429 latere
1402 1403 1508 1429 nostro
1535 1395 1670 1434 missus,
1697 1407 1755 1429 au-

1003 1445 1145 1479 ctoritate
1169 1444 1342 1478 litterarum
1364 1443 1459 1478 Sedis
1473 1444 1673 1490 Apostotieae
1687 1455 1757 1490 spe·

1003 1494 1112 1528 cialem
1143 1492 1182 1526 de
1212 1493 1271 1527 ltoc
1305 1492 1430 1527 indulto
1455 1500 1486 1526 et
1513 1493 1625 1527 ordine
1654 1502 1756 1527 vestro

1004 1554 1066 1577 non
1113 1541 1293 1576 facientium
1332 1544 1548 1586 mentionem,
1587 1542 1757 1589 nullusque

1005 1590 1171 1637 praelatus,
1195 1603 1251 1625 uec
1274 1591 1375 1637 aliqua
1401 1600 1532 1638 persona
1552 1592 1693 1637 religiosa
1711 1592 1757 1626 vel

1005 1640 1174 1675 saecularis
1200 1640 1239 1674 de
1267 1639 1414 1675 fratribus
1443 1640 1588 1674 eiusdem
1619 1640 1757 1684 ordinis,

1005 1690 1041 1723 ad
1065 1702 1133 1727 sua,
1156 1702 1211 1724 seu
1228 1687 1390 1724 Ecclesiae
1412 1691 1536 1733 negotia
1561 1691 1758 1736 procuranda

1007 1739 1052 1773 vel
1080 1750 1188 1774 secum
1217 1739 1422 1781 manendum,
1449 1740 1574 1785 aliquos
1596 1750 1758 1773 insumere

1006 1786 1117 1825 valeat,
1146 1788 1202 1822 uisi
1227 1800 1307 1834 quos
1328 1788 1480 1832 generalis
1498 1796 1528 1821 et
1556 1788 1758 1834 provincialis

1007 1838 1152 1871 minister
1189 1838 1329 1883 ipsorum
1364 1845 1523 1882 tamquam
1560 1838 1690 1871 idoneos
1727 1845 1757 1871 et

1007 1886 1162 1921 discretos
1189 1886 1248 1919 sibi
1278 1886 1400 1920 duxerit
1427 1887 1650 1933 assignandus:
1679 1896 1758 1932 quos

1007 1936 1099 1970 etiam
1135 1936 1296 1970 subiacere
1330 1935 1479 1971 volumus
1511 1936 1635 1970 ordinis
1660 1935 1759 1970 disci-

1009 1985 1122 2031 plinae.

1057 2033 1077 2081 S
1105 2035 1160 2068 16
1182 2032 1257 2068 Illos
1272 2044 1345 2067 veto
1368 2033 1465 2079 ipsius
1487 2033 1608 2068 ordtuis
1634 2033 1755 2069 fratres
1785 2048 1943 2071 omnimodam-

1760 310 1809 337 An.
1826 309 1843 336 C
1873 309 1939 337 1255

1008 2095 1060 2129 qut
1084 2085 1121 2117 ad
1151 2082 1394 2130 praedicandum
1415 2083 1440 2116 (2
1445 2095 1564 2121 ι’,ιιοειιι
1590 2084 1664 2117 tel
1660 2097 1721 2130 tuq:
1717 2085 1760 2116 .ti-
1773 2085 1880 2131 'ignisti
1884 2080 1958 2131 '³¹25‘

1011 2132 1140 2166 teutlutn
1179 2143 1286 2166 contra
1330 2141 1510 2178 prurit-item
1551 2132 1757 2169 litoteticatu
1773 2148 1810 2168 pta

1009 2193 1063 2215 seu
1091 2183 1128 2214 ad
1156 2181 1213 2215 alia
1238 2182 1416 2215 huiusmodi
1447 2182 1582 2226 negotia
1617 2192 1687 2215 sunt
1713 2182 1757 2215 vel
1774 2172 1870 2230 fuqfidg'fi
1870 2176 1920 2226 ‚22³2
1937 2175 1958 2193 ‘²⁸

1011 2230 1126 2265 suerint
1149 2231 1339 2276 ubicumque
1361 2242 1375 2263 a
1399 2229 1440 2264 St
1435 2231 1481 2264 :te
1501 2231 1679 2274 ΑμοεῑιιΙίοἰ
1703 2230 1760 2264 dt-

1012 2280 1123 2326 putati,
1151 2288 1196 2321 tu,
1225 2280 1266 2313 lili
1297 2280 1452 2325 generalis
1475 2280 1627 2319 minister
1650 2280 1760 2326 tuique

1011 2341 1224 2371 successores,
1267 2340 1426 2362 removere
1447 2340 1501 2361 seu
1532 2340 1676 2362 revocare
1700 2342 1761 2374 pe·-

1013 2378 1116 2420 nitus,
1156 2376 1340 2420 transferre,
1368 2378 1507 2423 ipsisque
1535 2377 1619 2424 quod
1648 2390 1762 2424 super-

1012 2426 1142 2461 sedeant
1177 2426 1359 2471 iniungere,
1398 2426 1538 2472 aliosque
1571 2426 1763 2461 substituere

1013 2487 1109 2521 quum
1133 2475 1283 2520 expedire
1307 2474 1463 2528 vide-ritis,
1495 2474 1591 2508 libere
1618 2483 1648 2509 et
1681 2476 1764 2511 licite

1015 2524 1151 2560 valeatis
1170 2532 1199 2557 et
1220 2536 1248 2557 ιιι
1272 2535 1337 2561 eos,
1358 2524 1381 2557 si
1398 2525 1663 2564 contr-trcnerint,
1686 2537 1766 2559 etn-

1015 2585 1118 2607 suram
1140 2573 1380 2607 ecclesiastitam
1404 2584 1561 2615 exetcete,
1583 2585 1618 2608 ac
1635 2575 1765 2620 quilibet

1017 2623 1160 2656 minister
1199 2622 1397 2668 protittcialis
1435 2622 1479 2656 vel
1521 2623 1589 2657 eius
1632 2624 1764 2658 vicarius

1052 2684 1090 2718 (1)
1108 2684 1181 2710 Dicto
1196 2677 1308 2715 Concil„
1324 2686 1390 2710 sess.
1407 2683 1451 2716 22⁵,
1467 2687 1525 2718 cap.
1542 2683 1570 2710 Β

1869 2141 1899 2162 cr
1911 2147 1956 2162 sent
