2129 3223
360 253 403 286 16

309 318 465 353 interdicti
489 317 561 357 sint,
577 315 682 351 nullus
695 315 838 361 obsistat,
852 316 933 351 salva
952 325 1054 350 tamen

309 367 423 403 iustitia
452 366 573 401 illarum
614 364 852 406 Ecclesiarum,
890 377 905 400 a
939 364 1056 412 quibus

118 419 210 462 *naum
225 418 293 468 ΛΨ·
308 423 501 451 mortuorum
525 425 656 461 corpora
674 421 888 448 assumuntur.
909 413 1056 449 Obeunte

111 454 381 499 2.¹..51¹.'.‘..'''iiiiii]vero
410 472 437 499 te
461 476 544 498 nunc
576 463 717 498 eiusdem
752 463 811 498 loci
846 463 973 504 abbate,
1009 463 1055 497 vel

111 512 218 561 {fftf'ss‘ff
249 514 292 529 ’¹⁸‘
309 522 432 547 tuorum
462 512 604 560 quolibet
629 524 860 549 successorum,
888 511 991 546 nullus
1016 511 1056 546 ibi

308 562 445 610 qualibet
467 561 680 609 subreptionis
697 562 819 601 astutia.
839 572 894 596 sen
911 560 1056 595 violentia

310 619 532 658 praeponatur,
561 610 618 645 nisi
642 622 736 657 quein
764 609 875 645 fratres
896 609 1056 645 communi

308 672 477 700 consensu,
500 659 545 694 vel
572 659 702 694 fratrum
732 671 802 705 pars
841 658 965 694 consilii
1006 670 1058 693 sa-

309 710 406 743 nioris
427 708 602 743 secundum
632 708 687 742 Dei
724 709 867 743 timorem
907 715 937 742 et
976 706 1056 742 beati

311 758 472 792 Benedicti
487 757 626 804 regulam
640 756 853 803 praeviderint
865 756 1057 802 eligendum.

113 810 296 866 Uffiffijffiffissjz]
309 806 521 842 Decernimns
541 818 618 852 ergo
647 814 678 840 ut
717 805 795 840 nulli
836 807 966 840 omnino
1001 805 1059 839 lio-

112 874 199 896 ...mqne
227 871 290 889 mni.»
310 855 431 890 minum
459 855 551 890 liceat
574 855 746 902 praefatum
766 855 988 889 monasterium
1011 861 1060 887 te-

114 907 158 920 ⁷¹'⁴'
311 916 396 940 mere
424 903 619 952 perturbare,
651 911 703 938 aut
738 903 807 938 eius
842 903 1060 950 possessiones

110 264 159 290 An.
176 265 204 291 C.
225 263 292 291 ¹18³

310 953 444 993 auterre,
476 953 522 987 vel
558 952 676 987 ablatas
711 952 866 991 retinere,
903 952 1058 991 minuere,

310 1015 364 1037 seu
388 1001 582 1049 quibuslibet
599 1001 817 1036 vexationibus
845 1000 985 1047 fatigare7
1004 999 1057 1034 sed

310 1052 416 1086 omnia
440 1052 560 1097 integra
583 1057 613 1085 et
629 1049 743 1085 illibata
759 1057 923 1084 serventur
937 1061 1060 1092 eorum,

312 1112 367 1147 pro
394 1111 528 1147 quorum
562 1098 791 1145 gubernatione
825 1110 859 1132 ac
897 1105 1060 1132 sustenta-

312 1150 396 1183 tione
423 1159 572 1183 concessa
612 1155 683 1181 sunt
727 1147 837 1181 usibus
869 1146 1061 1181 omnimodis

311 1197 485 1245 profutura,
507 1196 590 1231 salva
613 1195 707 1230 Sedis
729 1195 930 1243 Apostolicae
950 1203 1061 1230 aueto-

312 1247 412 1291 ritate‚
434 1254 464 1281 et
502 1244 702 1280 Cassinensis
736 1245 916 1279 monasterii
957 1244 1062 1279 debito

128 1301 298 1350 Ewor-mssrift·
312 1295 379 1330 iure
400 1303 429 1330 et
453 1295 634 1330 reverentia.
662 1294 695 1329 Si
718 1305 778 1340 qua
811 1294 906 1340 igitur
946 1293 976 1327 in
1010 1292 1061 1327 su-

114 1337 299 1388 1312.1‚”„'.⁰s..‘÷¹53131
313 1352 416 1379 turum
442 1343 665 1384 ecclesiastica,
687 1342 895 1378 saecularisve
918 1353 1061 1387 persona,

116 1400 142 1419 Ψ·
159 1394 230 1412 ““““’Ᾰ
314 1393 394 1428 banc
405 1399 530 1427 nostrae
545 1392 780 1427 constitutionis
793 1392 938 1439 paginam
948 1390 1061 1430 sciens.

314 1450 421 1476 contra
448 1453 516 1476 eam
540 1448 656 1476 temere
679 1441 784 1476 venire
806 1440 980 1483 tentaverit,
1009 1451 1062 1474 se-

313 1491 430 1531 cundo,
454 1491 584 1525 tertiove
613 1491 816 1530 connnonssa,
850 1489 908 1524 uisi
941 1496 1060 1524 reatum

314 1552 406 1574 suum
429 1539 524 1585 digna
547 1538 758 1574 satisfactione
784 1538 965 1577 correxerit,
1000 1550 1062 1584 po-

315 1589 444 1629 testatis,
467 1587 659 1634 honorisque
696 1589 744 1623 sui
773 1587 924 1634 dignitate
948 1595 1062 1626 careat,

314 1649 463 1684 reamque
490 1648 524 1671 se
564 1635 672 1671 divino
706 1636 823 1671 iudicio
858 1637 990 1671 existere
1024 1634 1063 1669 (lc

315 1694 490 1733 perpetrata
519 1685 683 1731 iniquitate
705 1693 885 1732 cognoscat,
913 1693 942 1719 et
964 1696 980 1719 a
1011 1696 1062 1718 sa—

315 1735 488 1770 cratissimo
520 1734 661 1781 Corpore
698 1747 732 1770 ac
764 1734 928 1780 Sanguine
952 1733 1007 1767 Dei
1034 1741 1063 1767 et

315 1784 442 1818 Domini
469 1782 693 1830 Redemptoris
720 1784 817 1818 nostri
846 1783 914 1817 lesu
947 1782 1062 1816 Christi

315 1833 415 1868 aliena
456 1833 520 1876 fiat,
556 1839 650 1878 atque
686 1834 716 1866 in
747 1840 888 1866 extremo
920 1831 1064 1865 examine

131 1884 300 1935 *jffilffdflqu‘rss
315 1881 438 1917 divinae
471 1881 579 1916 ultioni
607 1880 777 1916 subiaceat.
801 1880 934 1916 Cunctis
960 1887 1062 1914 autent

118 1923 212 1966 {nnius
258 1931 263 1933 ’
315 1930 416 1965 eidem
445 1930 514 1965 loco
532 1941 587 1965 sua
610 1931 677 1964 iura
709 1929 907 1965 servantibus
944 1930 983 1963 sit
1006 1941 1062 1975 pax

314 1979 442 2014 Domini
465 1979 561 2013 nostri
592 1978 661 2013 lesu
684 1977 812 2019 Christi,
844 1986 1000 2026 quatenus
1036 1985 1064 2012 ct

315 2028 364 2062 hic
392 2027 526 2062 fructum
550 2026 651 2062 bonae
672 2029 805 2062 actionis
824 2027 1008 2074 percipiant,
1035 2033 1063 2059 et

315 2076 398 2124 apud
415 2077 593 2111 districtum
610 2075 748 2110 iudicem
769 2077 904 2122 praemia
921 2084 1064 2109 aeternae

317 2126 403 2172 pacis
425 2124 595 2159 inveniant.
618 2124 732 2158 Amen.
757 2125 869 2158 Amen.
901 2125 1014 2158 Arnen.

367 2174 437 2209 Eoo
461 2173 577 2207 lactus
598 2173 770 2208 catholicae
797 2173 956 2207 Ecclesiae
995 2172 1065 2218 epi-

315 2235 431 2269 scopus
456 2221 637 2269 subscripsi.

120 2286 138 2298 t·
160 2278 171 2296 θ’
202 2276 223 2296 ¹¹-
245 2277 299 2296 ΕΜ·
364 2271 432 2318 Ego
448 2270 636 2306 Theodorus
649 2271 799 2307 Portuen.
824 2280 853 2305 ct
874 2270 906 2305 S.
931 2270 1066 2305 Rutinae

119 2310 287 2365 ..“i“.'.-“.'.'212'„“.12.
316 2320 410 2355 Sedis
430 2320 601 2367 episcopus
629 2320 811 2368 subscripsi.

368 2369 435 2416 Ego
458 2368 614 2404 Henricus
636 2369 789 2405 Albanen.
805 2370 975 2418 episcopus
989 2368 1066 2402 sub-

318 2419 442 2464 scripsi.

367 2466 433 2513 Ego
475 2466 594 2502 Paulus
632 2467 855 2504 Praenestinus
897 2469 1066 2514 episcopus

319 2515 503 2562 subscripsi.

367 2563 435 2610 Ego
452 2564 585 2600 loannes
608 2566 767 2614 presbyter
792 2566 961 2601 cardinalis
989 2566 1065 2600 tituli

318 2612 352 2646 S.
381 2612 476 2648 Marci
499 2613 684 2661 subscripsi.

154 2186 209 2204 linit
225 2184 256 2204 PF

894 263 993 285 ΒΗΜΛ
999 262 1016 284 it
1023 263 1029 284 Ι
1036 262 1052 284 U
1058 262 1079 283 Μ
1105 262 1194 284 ROMA
1200 263 1216 284 N
1222 263 1238 285 U
1243 263 1265 285 M

1150 316 1216 362 Ego
1238 316 1399 352 Laborans
1421 317 1583 364 presbyter
1610 315 1778 352 cardinalis
1812 316 1844 349 S.

1098 369 1211 404 Mariae
1245 369 1480 417 Transtyberim
1518 371 1563 405 tit.
1611 369 1724 405 Calixti
1768 369 1847 404 sub-

1098 423 1218 469 scripsi.

1147 475 1215 522 Ego
1238 476 1350 512 Petrus
1377 477 1540 525 presbyter
1566 477 1735 512 cardinalis
1768 476 1846 511 tituli

1099 530 1132 564 S.
1156 530 1321 565 Susannae
1344 531 1530 579 subscripsi.

1149 584 1217 631 Ego
1251 584 1383 620 lacobus
1417 585 1571 621 diaconus
1609 586 1777 621 cardinalis
1814 585 1847 619 S.

1101 637 1215 672 Mariae
1238 638 1267 672 in
1295 638 1468 673 Cosmedin
1492 639 1676 686 subscripsi.

1150 691 1217 737 Ego
1253 690 1380 726 Ardicio
1423 692 1575 728 diaconus
1613 692 1782 728 cardinalis
1816 692 1849 727 S.

1100 743 1260 779 Theodori
1282 745 1469 793 subscripsi.

1150 798 1217 844 Ego
1239 798 1410 834 Gratianus
1431 799 1482 834 Ss.
1510 799 1645 834 Cosmae
1658 807 1687 834 et
1705 798 1850 833 Damiani

1102 851 1254 887 diaconus
1281 851 1450 888 cardinalis
1477 852 1660 899 subscripsi.

1151 905 1217 951 Ego
1244 904 1436 940 Octavianus
1462 904 1512 940 Ss.
1537 904 1638 951 Sergii
1673 914 1701 940 et
1735 905 1852 940 Bacchi

1101 958 1255 993 diaconus
1276 959 1445 994 cardinalis
1469 959 1654 1006 subscripsi.

1150 1011 1265 1046 Datum
1294 1012 1455 1058 Anagniae
1483 1024 1538 1058 per
1571 1024 1699 1046 manum
1734 1011 1852 1046 Alberti

1101 1064 1135 1099 S.
1158 1065 1197 1099 R.
1227 1065 1264 1099 E.
1289 1065 1461 1112 presbyteri
1497 1065 1665 1101 cardinalis
1702 1073 1732 1100 et
1771 1076 1854 1100 can-

1102 1118 1232 1158 cellarii„
1272 1131 1352 1153 xviii
1401 1119 1460 1153 kal.
1507 1119 1648 1159 ianuarii,
1684 1118 1854 1154 indictione

1103 1172 1251 1216 secunda,
1290 1172 1515 1207 incarnationis
1555 1172 1734 1208 dominicae
1771 1184 1854 1207 anno

1102 1237 1287 1270 mcxxxiii,
1310 1226 1511 1272 pontificatus
1533 1238 1606 1261 vero
1624 1225 1744 1261 domini
1765 1225 1854 1261 Lucii

1106 1279 1206 1326 Papae
1228 1278 1281 1322 Ill,
1303 1291 1387 1314 anno
1414 1292 1463 1314 tn.

1124 1339 1184 1370 Dat.
1203 1340 1249 1370 die
1272 1341 1309 1369 ‹15›
1328 1340 1495 1370 decembris
1519 1350 1595 1371 anno
1614 1341 1728 1371 Domini
1749 1339 1834 1375 1183,

1351 1385 1452 1424 pontis.
1471 1395 1548 1415 anno
1568 1395 1607 1415 in.

1108 2126 1276 2166 Stanacum.
1313 2131 1346 2157 ul
1385 2124 1512 2156 honores
1547 2123 1739 2157 Carnolensi's
1771 2124 1857 2167 capi-

1157 2179 1214 2210 euti
1248 2178 1445 2210 residentibus
1485 2183 1602 2209 tantum
1641 2177 1854 2216 concedantur,

1156 2238 1180 2263 c!
1208 2243 1244 2263 ite
1264 2231 1343 2273 quis,
1362 2231 1427 2263 alia
1453 2231 1485 2262 in
1514 2230 1650 2264 Ecclesia
1675 2230 1778 2274 fruens
1803 2231 1855 2262 be-

1158 2284 1273 2328 neficio,
1294 2286 1460 2329 canonieus*
1477 2285 1531 2327 ibi,
1549 2285 1596 2317 vel
1619 2284 1766 2329 plebanus
1783 2284 1856 2326 eligi

1154 2338 1249 2381 possit
1273 2339 1327 2380 (1).

1374 2414 1586 2445 SUMMAntUM

1109 2479 1295 2509 l’rooemium.
1311 2466 1349 2502 ὲ
1372 2480 1502 2510 Honores
1524 2481 1711 2511 carnotensis
1733 2481 1854 2521 capituli

1148 2523 1349 2554 residentibus
1373 2530 1483 2555 tantum
1507 2525 1715 2555 conceduntur.
1738 2541 1776 2547 —
1797 2525 1853 2555 So-

1150 2568 1218 2596 litae
1237 2568 1398 2598 clausulae.

1145 2628 1183 2662 (1)
1202 2628 1239 2654 Ex
1256 2628 1378 2656 Dacherii
1398 2630 1531 2665 Spiciteg.‚
1549 2633 1611 2657 tom.
1634 2637 1694 2663 xm,
1712 2637 1771 2665 pag.
1792 2630 1852 2657 521.

1860 260 1898 286 An
1926 258 1953 284 C.
1974 258 2042 284 1185
