2129 3223
34 279 78 308 An
103 279 131 307 C⁴
154 279 220 306 ¹256

41 1687 174 1716 Privitegium

57 2336 166 2358 etansutao
170 2352 174 2357 .

552 336 655 371 XXX.

235 425 355 460 Civibus
408 426 678 459 warmatiensibus
722 428 913 463 conceditur,
950 433 982 459 ue

279 478 364 513 trahi
387 486 476 513 eoetra
497 480 648 513 ciuitatem
669 481 712 513 acl
743 481 889 513 iudicium
929 491 981 513 ne-

279 540 390 577 queant
412 533 501 567 inviti
517 535 574 575 (1).

493 609 707 640 SUMMARlUM

380 680 580 718 Privilegium.
603 696 640 702 —
658 680 824 711 Clausulae.

224 760 374 790 Alexander
389 761 529 797 episcopus
542 767 636 789 servus
647 767 786 789 servorum
798 759 854 792 Dei.
868 760 978 789 dilectis

269 811 336 840 fluis
349 811 453 840 civibus
471 810 724 842 warmatiensibus,
737 810 855 837 salutem
866 811 894 837 et
913 816 978 845 apo-

269 860 396 890 stolicam
415 860 634 888 benedictionem.

272 940 471 987 Apostolicae
509 939 601 974 Sedis
642 939 818 985 benignitas
853 940 975 973 sincere

222 993 464 1042 obsequentium
489 1002 558 1028 vota
586 993 725 1027 fidelium
750 993 852 1027 favore
885 993 976 1027 bene-

221 1048 291 1082 volo
319 1048 463 1094 prosequi
488 1047 664 1086 consuevit,
692 1056 721 1081 et
745 1047 869 1081 illorum
901 1058 973 1093 per-

220 1112 327 1141 sonas,
354 1112 432 1148 quas
462 1101 491 1134 in
520 1112 575 1134 sua
612 1100 777 1134 devotione
812 1106 975 1146 promptas

220 1154 339 1189 invenit
377 1161 407 1188 et
445 1153 610 1191 ferventes,
651 1153 840 1200 quibusdam
877 1153 974 1188 titulis

219 1208 387 1243 decentius
409 1207 568 1242 decorare.

268 1261 310 1297 Ut
335 1262 432 1307 igitur
454 1274 492 1295 ex
514 1260 692 1305 devotione,
719 1274 812 1308 quam
848 1261 884 1295 ad
915 1273 972 1295 nos

219 1323 247 1349 et
269 1314 447 1350 Romanam
465 1314 639 1349 Ecclesiam
656 1314 772 1349 habere
792 1315 972 1352 noscimini

219 1368 365 1403 sentiatis
391 1367 480 1403 vobis
503 1367 637 1403 savorem
671 1367 878 1415 apostolicum
919 1381 973 1402 ac-

219 1421 367 1462 crevisse,
390 1421 502 1456 vestris
529 1421 676 1468 precibus
702 1421 855 1464 inclinati,
885 1421 970 1467 quod

219 1475 403 1510 auctoritate
428 1474 601 1509 litterarum
631 1474 724 1510 Sedis
758 1474 971 1521 Apostolicae‚

218 1540 298 1575 quae
319 1527 359 1563 de
380 1529 438 1563 hac
452 1528 645 1575 indulgentia
658 1528 779 1574 plenam
795 1536 826 1563 et
842 1540 972 1575 expres—

218 1593 284 1616 sam
299 1581 338 1616 de
353 1581 447 1616 verbo
461 1582 497 1616 ad
515 1582 642 1616 verbum
656 1593 719 1616 non
735 1582 867 1616 fecerint
880 1594 972 1616 rnen-

219 1636 349 1676 tionem,
367 1635 448 1670 trahi
474 1644 560 1670 extra
581 1636 737 1670 civitatem
753 1636 969 1670 Worniatien-

218 1701 284 1724 sem
306 1688 344 1723 ad
372 1688 526 1723 iudicium
555 1689 716 1736 nequeatis
736 1689 835 1733 inviti7
851 1701 971 1735 quam-

219 1742 272 1777 diu
300 1742 398 1790 parati
421 1741 541 1777 fueritis
563 1755 665 1777 coram
693 1751 795 1777 vestro
813 1742 971 1777 ordinario

218 1796 258 1832 de
279 1795 368 1831 vobis
393 1796 660 1842 conquerentibus
682 1804 763 1831 stare
799 1796 871 1839 iuri,
912 1808 971 1830 au-

219 1848 360 1885 ctoritate
388 1848 476 1883 vobis
498 1849 709 1896 praesentium
742 1848 971 1895 indulgemus;

219 1902 330 1938 eadem
352 1902 535 1937 auctoritate
564 1901 770 1936 nibilominus
797 1901 972 1937 decernen-

219 1964 277 1997 tes,
305 1964 338 1991 ut
355 1956 379 1990 si
407 1955 526 2003 aliquid
549 1964 657 1990 contra
680 1955 859 1990 huiusmodi
892 1968 968 1991 con-

220 2010 375 2045 cessionis
397 2017 520 2045 nostrae
558 2017 698 2044 tenorem
716 2036 725 2054 ,
760 2022 776 2044 a
811 2022 970 2057 quoquam

221 2063 355 2099 extiterit
378 2063 502 2110 propria
524 2063 696 2097 temeritate
720 2072 970 2110 praesumptum,

221 2120 262 2153 sit
283 2118 404 2153 irritum
433 2126 463 2152 et
485 2118 595 2156 inane·,
610 2125 639 2151 et
654 2118 680 2151 si
699 2117 777 2152 sorte
791 2118 914 2163 aliquae
928 2121 971 2162 (⁹2)

222 2173 252 2206 in
280 2183 336 2207 vos
356 2171 415 2206 hac
448 2171 610 2206 occasione
653 2170 790 2217 prolatae
833 2171 971 2215 fuerint,

221 2225 344 2260 nullutn
358 2224 452 2260 robur
464 2224 626 2259 obtineant
643 2223 809 2267 firmitatis,
825 2225 971 2260 mandato

222 2278 333 2325 Apost.
360 2278 452 2313 Sedis
475 2290 600 2324 semper
621 2278 717 2312 salvo.

270 2331 355 2367 Nulli
373 2343 448 2378 ergo
470 2331 599 2366 omnino
626 2339 679 2365 etc.

273 2386 386 2421 Datum
407 2385 568 2432 Anagniae
590 2385 808 2419 decimotertio
824 2385 972 2419 kalendas

223 2439 313 2484 iunii,
339 2438 536 2486 pontificatus
558 2439 654 2473 nostri
677 2450 760 2473 anno
787 2438 937 2473 secundo.

279 2500 340 2531 Dat.
359 2501 406 2531 die
423 2501 462 2531 20
482 2500 549 2530 maii
572 2499 655 2536 1256,
674 2500 775 2538 pontif.
794 2509 869 2530 anno
889 2509 919 2530 ti.

259 2569 299 2605 (l)
314 2569 344 2596 ln
360 2569 484 2597 Codicillo
500 2569 642 2604 Diplomat.
661 2568 691 2595 ad
710 2568 832 2595 chronic.
851 2569 971 2596 Worma-

225 2613 380 2641 tien.edidit
398 2613 549 2649 Ludewig..
571 2614 672 2648 Reliqu.
697 2622 771 2645 mss„
794 2618 856 2640 tom.
870 2622 898 2646 ir,
911 2622 959 2649 pag

224 2657 277 2684 2²⁹
299 2681 302 2684 Α
324 2658 364 2694 (2)
380 2659 459 2686 Deest
473 2658 583 2694 aliquid.

848 282 1044 304 ALExANmffl
1066 281 1100 303 lv
1123 281 1169 303 ΙΨ.

1653 266 1721 298 657

1344 334 1457 370 XXXI.

1024 404 1180 437 Concessio
1201 405 1424 447 exemptionum
1440 400 1673 444 archihospitali
1687 400 1772 434 San-

1071 453 1110 485 cti
1135 453 1272 497 Spiritus
1294 454 1326 485 in
1348 453 1451 486 Satria
1477 453 1512 484 de
1541 451 1618 484 Urbe
1638 461 1658 483 α
1672 449 1771 482 talleis

1070 509 1096 535 et
1122 502 1250 535 collectis
1278 503 1332 543 (1).

1289 569 1502 600 statuar-tuti

1082 632 1279 670 Exemptionis
1301 632 1464 661 concessio.
1490 648 1529 653 —-
1545 631 1708 661 Clausulae.

1019 699 1170 728 Alexander
1189 698 1329 734 episcopus
1342 704 1438 726 sai-vus
1448 704 1587 726 servorum
1595 697 1652 730 Dei.
1662 697 1770 726 dilectis

1063 747 1128 775 filiis
1147 747 1284 783 magistro
1308 747 1336 775 ot
1362 746 1499 775 fratribus
1517 746 1663 782 hospitalis
1681 746 1771 774 nostri

1062 797 1153 825 sancti
1172 796 1292 832 spiritus
1307 796 1335 825 in
1353 796 1435 824 saxia
1451 796 1483 824 de
1502 795 1579 828 Urbe.
1598 795 1716 823 salutem
1739 795 1768 822 et

1061 845 1239 881 apostoticam
1258 844 1482 873 benedictionem.

1066 907 1108 941 Ut
1129 919 1166 942 eo
1202 907 1353 943 libentius
1388 919 1563 963 pauperum
1603 907 1768 954 hospitalis

1018 957 1109 991 vestri
1133 957 1293 991 consuetis
1314 957 1474 1003 obsequiis
1502 957 1664 1001 insistatis
1705 969 1768 1004 quo

1016 1007 1164 1040 maiorem
1193 1006 1232 1040 ab
1259 1006 1440 1052 Apostolica
1459 1005 1542 1040 Sede
1555 1006 1676 1040 fueritis
1691 1006 1767 1040 clia-

1017 1056 1114 1090 ritatis
1137 1056 1251 1090 intuitu
1276 1055 1411 1090 favorem
1439 1063 1470 1089 et
1495 1055 1626 1101 gratiam
1661 1066 1768 1089 conse-

1015 1105 1129 1151 sequti;
1158 1104 1246 1139 vobis
1268 1104 1450 1139 auctoritate
1472 1104 1686 1151 praesentium
1717 1105 1767 1138 in-

1015 1151 1195 1200 dulgemus
1218 1162 1249 1188 nt
1272 1165 1488 1200 quascumque
1516 1152 1616 1188 tallias
1636 1152 1683 1187 vel
1701 1152 1767 1187 col-

1016 1202 1122 1242 lectas
1145 1210 1198 1237 aut
1219 1202 1399 1237 exactiones
1419 1202 1495 1237 alias
1517 1201 1605 1237 vobis
1641 1214 1658 1236 a
1693 1203 1765 1257 qni-

1016 1251 1163 1292 buslibet,
1188 1251 1233 1286 vel
1264 1251 1411 1286 domibus
1444 1250 1533 1286 vobis
1569 1251 1663 1298 pleno
1697 1251 1764 1285 iure

1014 1300 1353 1347 subiectisimpositas,
1376 1300 1421 1334 vel
1439 1300 1530 1335 etiam
1553 1299 1764 1346 imponendas

1014 1350 1044 1383 in
1069 1350 1199 1405 pecunia
1222 1357 1395 1389 numerata
1411 1349 1456 1383 vel
1473 1349 1569 1383 rebus
1587 1349 1667 1392 aliis,
1686 1348 1761 1383 nulli
1809 1363 1827 1376 <¹-

1014 1399 1183 1433 teneamini
1209 1398 1368 1439 exbibere,
1390 1398 1509 1445 absque
1533 1398 1659 1445 speciali
1680 1410 1765 1432 man-

1014 1448 1086 1483 dato
1114 1447 1207 1482 Sedis
1235 1447 1375 1481 eiusdem
1407 1447 1538 1482 faciente
1578 1447 1702 1494 plenam
1734 1455 1765 1481 et

1013 1508 1191 1542 expressam
1215 1496 1326 1530 dehac
1346 1495 1536 1542 indulgentia
1559 1496 1761 1531 mentionem:

1013 1546 1184 1580 districtius
1212 1545 1400 1589 inhibentes,
1430 1557 1468 1579 ne
1503 1545 1574 1592 quis
1598 1557 1614 1579 a
1649 1545 1738 1579 vobis

1014 1594 1059 1628 vel
1088 1595 1206 1629 eisdem
1237 1593 1385 1628 domibus
1426 1593 1525 1629 tallias
1559 1594 1763 1634 huiusmodi,

1014 1644 1059 1678 vel
1088 1643 1234 1678 collectas
1269 1655 1323 1678 seu
1359 1642 1538 1678 exactiones
1577 1651 1763 1689 extorquere

1014 1701 1201 1739 praesumat;
1228 1704 1264 1726 ac
1285 1692 1493 1727 decernentes
1514 1692 1606 1726 etiam
1633 1703 1761 1726 excom-

1014 1742 1248 1784 municationis,
1275 1741 1494 1787 suspensionis
1533 1749 1562 1775 et
1602 1741 1760 1775 interdicti

1013 1791 1193 1830 sententias,
1216 1790 1239 1824 si
1268 1802 1346 1837 quas
1377 1790 1406 1823 in
1436 1802 1503 1833 vos⁷
1539 1789 1585 1824 vel
1622 1790 1760 1837 aliquem

1013 1847 1149 1874 vestrum
1171 1839 1334 1874 occasione
1356 1838 1537 1874 huiusmodi
1554 1846 1660 1873 contra
1677 1851 1764 1885 prae-

1013 1889 1112 1923 sentis
1141 1887 1354 1935 indulgentiae
1392 1896 1533 1923 tenorem
1573 1888 1760 1934 promulgari

1013 1938 1190 1984 contigerit,
1212 1938 1315 1972 irritas
1335 1945 1366 1971 et
1383 1937 1502 1972 inanes.

1061 1987 1145 2021 Nulli
1172 1999 1246 2033 ergo
1268 1986 1398 2022 omnino
1423 1995 1477 2021 eto.

1060 2036 1177 2071 Datum
1200 2035 1361 2083 Anagniae
1388 2035 1493 2070 idibus
1515 2035 1605 2080 iunii,
1627 2036 1762 2083 pontifi—

1013 2093 1102 2120 catus
1129 2085 1226 2120 nostri
1248 2097 1331 2120 anno
1352 2085 1504 2120 secundo.

1061 2143 1120 2172 Dat.
1139 2143 1186 2172 die
1210 2143 1246 2172 13
1265 2142 1338 2172 iunii
1358 2142 1443 2178 1256,
1466 2142 1567 2180 pontif.
1587 2151 1662 2171 anno
1681 2151 1709 2171 ιι.

1319 2264 1450 2299 XXXII.

1016 2337 1214 2383 Confirmatio
1240 2337 1362 2370 unionis
1389 2348 1530 2381 couyreq.
1560 2336 1677 2369 ordinis
1702 2335 1762 2369 Ca-

1062 2387 1227 2419 maldulen.
1251 2387 1306 2419 sub
1326 2387 1471 2430 regimine
1494 2386 1609 2429 prioris
1630 2386 1761 2417 eiusdem

1061 2435 1151 2468 eremi
1165 2435 1220 2477 (2).

1280 2493 1493 2524 SUMMARIUM

1013 2557 1177 2587 Exordium.
1195 2573 1234 2579 --
1264 2555 1450 2586 lnterdicitur
1472 2565 1509 2585 ne
1531 2556 1622 2585 eremi
1640 2555 1758 2585 Camal-

1052 2600 1169 2630 dulensi
1185 2600 1279 2630 ordini
1295 2599 1420 2629 subiecti
1440 2598 1476 2628 ab
1494 2609 1528 2629 eo
1546 2599 1757 2629 distrahantur.

1048 2658 1086 2692 (1)
1103 2656 1140 2682 Ex
1159 2655 1268 2682 Archiv.
1291 2656 1376 2682 Vatic.
1415 2655 1454 2690 (Ἃ)
1471 2654 1582 2682 Ibidem.

1787 273 1836 299 An.
1853 271 1882 297 C.
1899 270 1967 296 1256

1811 1393 1888 1408 6011ῐῖἒέ
1892 1393 1931 1407 3333

1812 1999 1930 2020 Clausulas.
