2129 3223
55 230 104 260 Αιι.
121 230 150 259 C.
169 231 235 258 ¹22⁹

53 285 321 338 ,ξίζζῗᾞζωῇζδίες
357 299 463 323 verum
505 287 598 322 etiam
636 287 695 322 alia
733 288 875 324 studebis
915 287 996 324 adii-

52 347 236 375 episcop-nnm-
249 349 320 374 cere
341 344 528 385 opportuna,
551 348 662 372 novam
690 336 795 372 sedem
830 338 995 387 episcopa·
1035 341 1150 376 struxit
1179 340 1337 377 Ecclesiae
1359 343 1519 380 Romanae
1541 346 1732 394 sumptibus,
1751 357 1781 384 et

53 379 98 398 *lem
134 381 235 399 constru-

52 409 108 430 Μ,
250 387 310 423 lem
351 387 382 422 in
416 385 576 434 praedicto
615 387 804 422 monasterio
837 388 994 424 statuendi

247 436 429 472 auctoritate
451 435 507 470 tibi
544 436 755 484 praesentium
791 438 995 474 concedimus

248 486 436 522 facultatem.
462 485 535 528 Quo
560 486 641 521 circa
664 485 884 522 fraternitatem
908 498 991 524 tuam

247 547 414 571 monemus
435 543 564 580 attente,
587 547 643 583 per
673 535 844 583 apostolica
877 537 993 585 scripta
1012 566 1015 580 ,

246 585 443 626 mandantes,
458 592 614 632 quatenus
632 586 803 633 prudenter
815 586 993 632 attendens,

245 634 329 683 quod
356 634 545 683 episcopalis
571 635 707 682 dignitas
740 635 830 671 facile
864 636 1014 683 quidem*

245 697 281 720 ex
304 684 453 720 tenuitate
474 684 605 726 vilescit,
634 697 672 720 ne
699 685 804 732 operis
831 686 906 720 tanti
935 686 992 721 de-

244 734 344 770 fectus
366 734 539 782 imputetur
563 734 682 782 opifici,
704 734 911 781 episcopalem
939 747 992 770 se-

244 783 314 819 dem
337 784 379 820 ita
391 784 518 820 studeas
534 784 629 820 rebus
648 784 833 820 necessariis
854 796 991 831 congrue

242 833 393 875 stabilire,
415 833 501 881 quod
523 834 637 869 exinde
658 834 712 869 tibi
757 834 904 870 cumulus
935 847 990 870 ae-

242 890 350 920 ternae
371 883 588 920 retributionis
608 892 777 923 accrescat,
800 891 830 919 et
852 896 909 920 nos
924 897 991 931 pro·
1010 922 1011 935 ¹

241 932 347 969 vidam
371 933 632 975 munificentiam,
659 942 689 969 et
716 933 898 969 munificam
921 947 990 981 pro·
1010 939 1011 947 ¹

241 982 411 1019 videntiam
438 990 523 1018 tuam
555 983 726 1019 debeamus
760 984 873 1019 merito
902 992 1011 1019 com-l

240 1032 400 1068 mendare.
428 1032 511 1068 Nulli
546 1044 623 1080 ergo
658 1033 787 1069 omnino
821 1033 1011 1068 hominum?

239 1081 331 1117 liceat
356 1082 437 1118 hanc
455 1082 600 1130 paginam
623 1091 747 1118 nostrae
771 1083 989 1119 concessionis

239 1131 420 1180 infringere,
441 1132 488 1168 vel
501 1132 528 1167 ei
544 1144 622 1168 ausu
639 1132 803 1168 temerario
821 1132 985 1168 contraire.

238 1180 272 1217 Si
287 1182 360 1229 quis
373 1190 476 1218 autem
490 1181 550 1217 hoc
564 1190 714 1217 attentare
730 1183 988 1230 praesumpserit,

239 1230 487 1278 indignationem
509 1232 736 1279 omnipotentis
757 1231 826 1273 Dei,
852 1245 887 1268 ac
914 1232 988 1268 bea-

239 1287 341 1316 torum
361 1280 445 1317 Petri
468 1289 499 1316 et
520 1281 609 1316 Pauli
636 1281 848 1329 apostolorum
869 1282 936 1317 eius
955 1295 988 1318 se

239 1331 363 1366 noverit
388 1331 603 1367 incursurum.

286 1378 402 1416 Datum
432 1380 555 1416 Perusii
595 1380 809 1416 tertiodecimo
839 1380 987 1416 kalendas

239 1429 410 1474 februarii,
443 1430 642 1478 pontificatus
673 1430 771 1465 nostri
809 1442 891 1465 anno
930 1443 987 1466 se-

237 1478 358 1514 cundo.

277 1540 339 1572 Dat.
354 1540 401 1572 die
419 1541 458 1572 20
478 1541 606 1572 ianuarii
627 1540 712 1578 1229,
732 1541 833 1581 pontif.
849 1550 895 1572 an.
913 1550 943 1573 11.

75 1024 186 1047 eta-inlu

578 1690 646 1726 XV.

241 1769 333 1810 Quod
354 1770 500 1814 hospitale
521 1769 630 1803 Sancti
651 1768 788 1812 Spiritus
825 1769 858 1801 t'n
884 1769 987 1803 Sam'a

287 1819 324 1852 de
346 1818 423 1852 Urbe
447 1830 536 1864 super
561 1830 662 1851 omnes
687 1817 769 1851 alias
799 1817 889 1851 totius
932 1830 988 1852 or-

287 1868 369 1901 dinis
389 1868 497 1902 domus
520 1868 765 1913 proeeminentiae
787 1879 823 1901 ac
843 1868 988 1912 mayisle-

288 1917 331 1950 rii
349 1917 446 1952 locum
467 1918 612 1954 obtineat.
641 1917 841 1962 confirmatur
858 1919 913 1960 (1).

507 1989 722 2022 SUMMARIUM

241 2056 389 2097 Hospitale
410 2057 466 2087 hoc
488 2055 524 2086 ab
539 2056 637 2087 Innoc.
653 2055 690 2086 lIl
705 2056 869 2093 fundatum,
885 2057 989 2087 totius-

280 2111 337 2141 que
355 2101 470 2132 ordinis
492 2104 579 2140 caput
607 2101 807 2131 constitutum.
834 2118 872 2124 —
906 2101 988 2137 Quod

281 2146 434 2177 confirmat
455 2145 623 2184 Gregorius.

241 2212 385 2250 Gregorm
403 2212 545 2248 opiscopus
563 2218 658 2241 servus
669 2218 807 2241 servorum
815 2211 992 2245 nei‚dttectts

286 2262 354 2292 niis
375 2261 485 2291 iohanni
503 2261 648 2297 magistro.
667 2261 697 2289 et
714 2259 850 2289 tratribus
869 2261 990 2297 hospita·
1009 2229 1012 2290 l

287 2311 325 2341 tis
347 2311 442 2340 Sancti
465 2310 595 2346 Spiritus,
619 2309 738 2339 satutem
761 2310 792 2339 et
814 2292 1012 2351 apostoticaml

287 2360 511 2390 medimnum.

856 232 1042 258 (inmotum
1067 234 1103 259 tx
1129 234 1181 259 ΡΡ.

1659 231 1733 265 445
1794 242 1843 271 Aa.
1864 241 1893 271 c.
1906 244 1976 272 im

1038 291 1162 337 pietatis
1195 304 1288 337 opera
1324 294 1434 338 iugiter
1471 306 1667 338 exercentur,
1702 299 1976 357 οοη-ζᾞξξζοζξῗξῖζζ

1794 362 1843 382 mm.

1035 389 1162 426 dotavit,
1185 399 1215 425 et
1236 391 1264 425 ei
1288 392 1448 439 privilegia
1475 396 1592 440 gratiae
1630 397 1779 443 specialis

1037 439 1176 483 indulsit,
1198 441 1364 477 statuendo
1387 442 1466 478 inter
1487 444 1555 484 alia,
1572 453 1605 480 ut
1627 445 1666 480 ibi
1685 457 1778 494 caput

1034 497 1065 524 et
1091 490 1304 536 magisterium
1333 492 1428 527 totius
1445 494 1564 529 ordinis
1591 496 1684 530 vestri
1714 510 1778 544 per·

1035 547 1129 586 petuo
1157 548 1343 587 perseveret,
1367 542 1405 576 ita
1427 542 1510 589 quod
1539 544 1688 591 magister
1720 547 1779 582 ho-

1034 589 1155 636 spitalis
1177 589 1276 636 ipsius
1298 591 1413 637 praesit
1445 593 1596 628 universis
1631 593 1778 632 fratribus

1035 646 1095 673 tam
1120 638 1348 686 praesentibus,
1380 653 1472 687 quam
1509 641 1621 677 futuris
1657 644 1778 681 ordinis

1034 689 1208 726 memorati.
1230 701 1404 736 omnesque
1430 690 1490 725 sibi
1514 699 1679 727 teneantur
1710 694 1777 729 im-

1034 738 1168 783 pendere
1195 738 1408 775 obedientiam
1431 748 1461 775 et
1488 743 1695 778 reverentiam
1726 756 1776 779 re—

1033 787 1185 833 gularem.
1228 788 1291 822 Nos
1334 789 1428 835 igitur
1462 791 1572 825 vestris
1611 792 1776 839 supplica-

1033 837 1172 871 tionibus
1203 838 1365 877 inclinati,
1403 847 1554 874 statutum
1595 840 1775 878 huiusmodi
1796 849 1971 878 onomast-m·

1031 887 1214 922 auctoritate
1250 888 1419 935 apostolica
1455 889 1705 936 confirmamus,
1746 881 1909 928 etG”‘⁰‘¹'¹⁸'

1033 937 1205 982 praesentis
1244 938 1351 985 scripti
1388 938 1561 985 patrocinio
1597 942 1776 977 communi-

1031 997 1112 1020 mus.
1135 986 1217 1021 Nulli
1246 999 1321 1033 ergo
1359 988 1489 1022 omnino
1533 988 1695 1025 hominum
1731 991 1777 1026 li-

1031 1044 1094 1069 ceat
1137 1036 1214 1070 lianc
1251 1037 1394 1083 paginam
1437 1047 1562 1073 nostrae
1608 1039 1777 1076 confirma-

1032 1084 1127 1120 tionis
1161 1085 1352 1131 infringere,
1395 1086 1441 1121 vel
1482 1087 1508 1122 ei
1551 1100 1627 1123 ausu
1676 1097 1776 1125 teme-

1031 1134 1110 1168 rario
1133 1135 1296 1169 contraire.
1313 1134 1345 1170 Si
1369 1136 1440 1183 quis
1461 1144 1564 1172 autem
1593 1137 1651 1173 hoc
1672 1146 1775 1174 atten-

1029 1191 1093 1218 tare
1117 1186 1373 1232 praesumpserit,
1396 1186 1645 1232 indignationem
1672 1189 1776 1223 omni-

1031 1234 1166 1279 potentis
1189 1234 1261 1277 Dei,
1288 1247 1323 1270 ac
1346 1234 1507 1270 beatorum
1531 1236 1615 1271 Petri
1639 1247 1669 1273 et
1683 1237 1773 1273 Pauli

1028 1283 1239 1328 apostolorum
1262 1284 1331 1318 eius
1351 1296 1384 1319 se
1403 1285 1520 1320 noverit
1564 1286 1774 1323 incursurum.

1078 1332 1191 1367 Datum
1219 1333 1342 1368 Perusii
1375 1333 1479 1368 idibus
1513 1335 1626 1379 martii,
1649 1337 1776 1383 pontifi-

1029 1389 1116 1416 catus
1144 1383 1240 1417 nostri
1263 1395 1346 1418 anno
1373 1383 1523 1418 secundo.

1084 1443 1144 1474 Dat.
1161 1445 1207 1475 die
1227 1445 1263 1475 15
1282 1445 1379 1475 martii
1397 1445 1484 1484 1229,
1506 1447 1607 1486 pontif.
1624 1457 1671 1479 an.
1689 1457 1719 1480 n.

1362 1589 1444 1626 XVI.

1030 1666 1229 1710 Confirmatio
1244 1667 1418 1700 libertatum
1438 1668 1609 1703 Suessanae
1645 1669 1777 1705 civitatis

1077 1716 1119 1749 ad
1142 1715 1299 1750 Romanae
1324 1717 1478 1751 Ecclesiae
1509 1718 1687 1764 fidelitatem
1724 1730 1776 1753 re—

1079 1777 1189 1803 versae,
1211 1778 1288 1810 quae
1308 1767 1362 1799 sub
1384 1768 1578 1811 Apostolicae
1601 1769 1690 1804 Sedis
1700 1780 1774 1815 pro-

1080 1816 1200 1848 tectione
1221 1817 1386 1861 suscipitur
1411 1818 1467 1860 (l).

1295 1894 1508 1926 SUMMARIUM

1030 1960 1194 1991 Exordium.
1213 1979 1251 1984 —
1270 1962 1406 1992 Sressani
1426 1972 1477 2001 per
1494 1962 1599 1994 Sedem
1617 1964 1714 2004 Apost.
1728 1975 1777 1996 ca·

1070 2006 1249 2037 laniitatibus
1268 2006 1392 2037 liberati.
1413 2024 1452 2030 —
1470 2007 1525 2037 Eos
1542 2008 1598 2038 sub
1616 2011 1777 2048 apostolica

1071 2052 1247 2089 protectione
1266 2052 1401 2091 suscipit.
1417 2069 1454 2074 -
1468 2052 1621 2090 Privitegia
1651 2054 1694 2084 eis
1709 2064 1778 2085 con-

1070 2095 1155 2127 cedit,
1165 2097 1357 2135 antiquasque
1368 2097 1520 2127 confirmat
1534 2098 1775 2129 consuetudines.

1070 2155 1108 2161 —
1128 2139 1291 2169 Clausulae.

1008 2202 1011 2228 l
1031 2205 1172 2240 Gregorius
1185 2206 1324 2241 episcopus
1335 2213 1429 2234 servus
1443 2214 1582 2235 servorum
1594 2207 1650 2241 Del.
1668 2207 1779 2238 dilectu

1075 2254 1139 2281 tiliis
1158 2255 1260 2283 civibus
1280 2256 1428 2287 suassaius,
1463 2257 1581 2285 satutem
1600 2257 1629 2285 et
1648 2257 1777 2294 apostoli=

1076 2310 1133 2331 cam
1151 2304 1370 2333 benedictionem.

1082 2365 1180 2400 Sestos
1213 2366 1403 2411 Apostolica‚
1446 2367 1541 2401 veluti
1584 2368 1633 2414 pia
1667 2376 1777 2411 mater,
1820 2379 1941 2404 trorum.

293 2416 410 2452 Felicis
435 2416 661 2452 recordationis
687 2415 909 2452 Innocentium
929 2417 992 2452 Pa·
1033 2427 1112 2461 quae
1135 2414 1267 2449 liliorum
1297 2415 1374 2450 uteri
1397 2417 1444 2450 sui
1461 2415 1601 2451 oblivisci
1625 2429 1687 2452 non
1720 2430 1778 2466 po-

64 2508 174 2537 Eonpitalo
193 2507 234 2528 hoc

53 2540 78 2561 «b
106 2540 179 2562 lnnoe.
205 2537 233 2559 tlt

52 2570 172 2596 ‘umm-
200 2572 234 2590 ’θ-
249 2573 334 2607 runt,
356 2566 442 2613 quod
481 2565 633 2613 hospitale
672 2573 834 2609 vestrum,
869 2566 900 2600 in
930 2577 994 2612 quo

285 2630 324 2667 (¹)
341 2631 379 2658 Ex
396 2632 501 2667 Regest.
518 2631 602 2659 Vatic.

248 2479 318 2515 pam
365 2467 638 2514 praedecessorem
680 2473 823 2500 nostrum
869 2466 993 2513 pietatis
1011 2480 1013 2495 i
1034 2473 1103 2502 testi
1127 2463 1259 2517 intrante
1286 2476 1377 2511 saepe
1400 2465 1429 2500 in
1452 2473 1622 2513 conspectu
1644 2479 1702 2503 suo
1727 2480 1779 2515 ge·

248 2516 388 2556 affectus,
414 2524 446 2552 et
483 2515 643 2552 charitatis
681 2515 821 2550 debitum
859 2514 1111 2559 induxe-imitu
1151 2513 1383 2548 tribulationum
1423 2515 1604 2557 multarum,
1641 2529 1777 2565 quarum

1035 2570 1204 2609 tempestas
1231 2574 1295 2602 vos,
1329 2572 1358 2597 et
1390 2563 1469 2599 alios
1507 2565 1650 2602 homines
1674 2566 1777 2615 Regni

1070 2628 1109 2664 (¹)
1125 2628 1164 2655 Ex
1180 2628 1284 2664 Regest.
1306 2628 1392 2656 Vatic.
