2129 3223
61 244 101 272 Αῐι
131 245 243 272 &1265

72 450 152 472 Causae
170 451 243 472 eccle-

60 482 160 503 ·instieaa
168 487 206 503 suo
215 481 245 503 to-

59 517 83 533 ιο
96 513 242 534 τεπιίιιοηᾱυε,

69 989 189 1011 'numento
215 989 240 1010 t]-

57 1021 151 1042 delitam
161 1025 186 1041 ex
196 1022 241 1048 qui-

57 1052 95 1073 bus
103 1055 125 1072 et
135 1050 239 1079 quomodo

56 1082 186 1109 recipienda.

886 248 1033 273 CLEMENS
1068 248 1100 272 tv
1127 248 1175 271 PP.

260 313 349 348 reges
378 302 505 337 Siciliae
532 301 715 337 huiusmodi
744 303 792 337 ius
827 310 1010 350 patronatus

260 351 288 384 in
313 352 389 398 ipsis
415 350 567 386 Ecclesiis
589 351 765 386 habuerint.

312 402 365 434 16.
388 399 509 435 Omnes
531 401 623 434 etiam
643 413 756 436 causae
780 401 817 436 ad
841 401 941 436 sorum
961 413 1010 437 ec-

258 448 466 484 clesiasticum
491 449 682 496 pertinentes
716 449 814 485 libere
837 458 867 484 ct
889 450 1008 498 absque

259 498 322 533 ullo
345 498 572 545 impedimento
594 498 813 545 agitabuntur,
836 500 1008 535 tractabun-

257 554 308 581 tur
333 555 364 582 et
386 547 617 582 ventilabuntur
651 559 756 582 coram
780 548 947 584 ordinariis
977 557 1007 584 et

256 596 326 631 aliis
358 596 578 631 ecclesiasticis
601 597 768 637 indicibus,
800 605 830 632 et
857 599 1008 632 termina-

257 644 374 679 buntur
396 657 453 692 per
473 657 538 684 eos,
566 653 595 680 et
622 646 646 680 si
675 646 712 680 ad
729 646 845 681 Sedem
869 647 1008 694 Aposto-

256 693 346 729 licam
374 706 471 741 super
499 694 680 729 huiusmodi
716 696 821 730 causis
857 696 1005 743 appellari

255 743 434 789 contigerit,
451 751 510 777 tam
526 744 721 790 appellantes
739 757 833 791 qnam
856 745 1004 792 appellati

255 792 292 826 ad
320 792 463 827 eamdem
492 793 598 827 venire
621 792 738 827 Sedem
776 806 831 840 pro
864 794 1006 841 appella-

256 841 377 875 tionum
408 841 672 888 exequutionibus
705 842 801 878 libere
830 851 860 878 et
886 844 1006 891 absque

254 890 359 936 aliqua
382 889 568 925 inhibitione
593 891 824 937 permittantur.

306 941 362 973 17.
390 938 591 974 Sacramenta
621 952 695 974 vero
728 940 885 976 fidelitatis
913 954 1006 989 prae-

254 987 421 1023 stabuntur
448 989 623 1023 secundum
656 989 815 1036 antiquam
851 998 881 1025 et
908 991 1005 1026 ratio-

256 1036 390 1072 nabilem
428 1038 709 1081 consuetudinem,
739 1047 830 1085 prout
853 1041 1003 1075 canonica

254 1092 367 1121 statuta
395 1086 591 1132 permittunt,
614 1087 652 1121 ab
685 1087 754 1122 aliis
787 1088 1001 1124 Ecclesiarum

255 1135 410 1181 praelatis,
433 1147 568 1182 quorum
594 1136 851 1183 praedecessores
865 1139 1004 1184 antiquis

253 1183 303 1218 illa
325 1183 453 1220 Siciliae
473 1185 598 1231 regibus
617 1186 850 1232 praestiterunt.
874 1187 924 1221 ΑΙ)
942 1187 1003 1222 illis

252 1241 357 1268 ameni
389 1234 536 1281 praelatis
566 1235 808 1275 ecetesiasticis,
840 1237 894 1283 qui
923 1244 1003 1271 tem-

254 1282 370 1329 poralia
401 1283 465 1318 sive
494 1284 606 1330 regalia
635 1283 715 1318 bona
744 1292 861 1324 tenent,
896 1286 921 1320 si
948 1286 1002 1333 qui

253 1338 357 1366 tamen
379 1332 452 1373 sint,
474 1333 527 1379 qui
550 1332 734 1367 huiusmodi
759 1334 838 1368 bona
857 1341 964 1369 tenent
986 1348 1001 1370 a

253 1380 383 1416 domino
405 1393 476 1427 rege
497 1381 544 1416 vel
567 1381 636 1417 aliis
661 1381 798 1417 dominis
821 1384 1002 1430 temporali-

253 1428 430 1477 buS‚etqui
448 1430 629 1465 huiusmodi
652 1432 770 1466 ratione
784 1431 938 1466 bonorum
963 1433 1002 1468 ab

252 1479 383 1526 antiquo
400 1487 633 1514 consueverunt
654 1480 780 1526 regibus
797 1489 826 1515 et
846 1481 923 1527 ipsis
943 1481 1002 1516 do·-

252 1527 588 1575 ministemporalibus
607 1530 731 1563 servitia
755 1529 917 1570 exhibere,
939 1530 1001 1565 hu-

252 1576 388 1611 iusmodi
402 1577 533 1612 honesta
550 1585 580 1612 et
597 1579 724 1625 antiqua
736 1579 860 1613 servitia
882 1580 928 1614 eis
955 1592 1002 1614 se-

251 1626 390 1660 cundum
406 1626 623 1662 rationabilem
637 1635 667 1661 et
681 1627 840 1675 antiquam
863 1640 1001 1663 consue-

250 1674 444 1715 tudinern‚et
457 1676 537 1710 sicut
548 1676 674 1723 antiqua
684 1677 843 1722 patiuntur
851 1678 1000 1713 canonica

250 1731 363 1759 statuta
389 1724 629 1771 impendantur7
658 1725 740 1760 salva
771 1737 899 1773 semper
919 1727 999 1761 circa

249 1771 408 1808 Ecclesias
425 1774 620 1809 cathedrales
637 1782 667 1809 et
687 1773 763 1809 alias
791 1774 950 1821 regulares
971 1783 1002 1811 et

250 1822 442 1867 saeculares,
468 1835 504 1858 ac
535 1835 684 1870 personas
710 1831 740 1858 et
762 1823 829 1858 loca
851 1825 1000 1860 ecclesia-

249 1870 344 1916 stica,
372 1880 433 1906 tam
462 1872 491 1906 in
525 1872 675 1907 faciendis
709 1873 944 1920 provisionibus
970 1883 1000 1909 et

249 1919 458 1956 electionibus
484 1921 722 1966 confirmandis,
748 1934 840 1968 quam
870 1924 900 1958 in
930 1935 1000 1958 om-

250 1969 345 2004 nibns
370 1970 622 2018 quibuscumque
649 1971 718 2006 aliis
746 1970 881 2006 Romani
914 1972 1000 2007 Pon-

250 2018 342 2053 tificis
368 2027 398 2054 et
419 2019 578 2055 Ecclesiae
606 2019 767 2055 Romanae
798 2021 1000 2056 iurisdictio-

249 2067 344 2103 nibus
382 2080 417 2103 ac
449 2069 631 2104 auctoritate
664 2069 802 2116 plenaria
841 2080 871 2106 et
902 2070 998 2106 libera

250 2124 414 2164 potestate.
455 2117 655 2153 Revocabitis
700 2131 842 2167 quasque
888 2132 999 2156 omnes

249 2166 490 2202 constitutiones
517 2179 571 2202 seu
595 2168 680 2213 leges
703 2180 758 2214 per
791 2168 911 2204 dictum
934 2168 1000 2204 Fri-

249 2215 403 2260 dericum,
431 2216 477 2250 vel
507 2228 561 2263 per
587 2228 677 2262 reges
704 2217 840 2258 Siciliae,
867 2230 922 2252 seu
942 2231 998 2266 per

249 2263 431 2300 Conradum
465 2265 564 2312 ipsius
598 2264 751 2300 Friderici
791 2266 907 2307 filium,
943 2277 997 2302 aut

248 2313 447 2349 Mansredum
482 2314 657 2361 principem
688 2315 909 2352 Tarentinum,
943 2318 996 2364 qui

249 2362 289 2398 de
316 2362 397 2398 sacto
423 2363 535 2398 retinet
568 2364 669 2410 irrisum
699 2376 829 2410 regnum
857 2359 1018 2426 occupa—¹

248 2419 334 2454 tum,
368 2412 469 2448 editas
490 2421 599 2448 contra
626 2411 870 2448 ecclesiasticam
894 2414 1018 2455 liber-3

249 2469 356 2504 tatem,
379 2474 437 2497 nec
458 2470 569 2497 statuta
589 2462 635 2496 vel
657 2461 854 2498 conditiones
876 2463 996 2511 aliquas
1015 2458 1017 2487 ἶ

249 2510 358 2551 edetis,
384 2511 544 2547 autetiam
573 2511 823 2558 promulgantis,
843 2524 899 2559 per
915 2524 996 2558 quae.

248 2559 307 2595 iuri
335 2568 388 2595 aut
418 2561 648 2596 ecclesiasticae
671 2560 802 2595 libertati
826 2562 993 2608 derogetis.

301 2612 356 2645 18.
395 2608 586 2645 Promittetis
626 2610 718 2645 esum
758 2610 841 2657 quod
888 2591 1018 2650 nullusi

1679 239 1746 272 757

1049 302 1182 338 clericus
1207 303 1252 338 vel
1282 314 1413 350 persona
1437 303 1648 339 ecclesiastica
1675 315 1797 338 eorum-

1049 351 1120 387 dem
1141 352 1228 398 regni
1243 361 1273 387 et
1297 360 1396 388 terrae
1419 353 1449 387 in
1468 353 1549 388 civili
1574 352 1620 387 vel
1643 352 1797 387 criminali

1048 413 1143 436 causa
1165 402 1368 436 convenietur
1390 413 1494 436 coram
1511 402 1615 437 iudice
1633 401 1797 443 saeculari,

1049 450 1107 485 nisi
1135 462 1232 498 super
1272 450 1374 485 feudis
1402 450 1516 486 iudicio
1545 451 1691 497 petitorio
1719 462 1799 486 con·

1049 499 1190 535 veniatur
1228 500 1376 541 civiliter,
1411 499 1466 534 sed
1505 512 1615 535 omnes
1646 512 1798 546 personae

1047 548 1278 584 ecclesiasticae
1309 548 1491 583 omnimode
1519 558 1611 583 erunt
1637 549 1733 584 libere
1767 558 1798 584 et

1049 598 1077 632 in
1102 597 1189 632 nullo
1212 598 1274 644 regi
1303 597 1349 632 vel
1374 597 1507 645 principi
1523 597 1747 633 subiacebunt.

1100 649 1154 681 19.
1177 646 1286 681 Nullas
1308 647 1439 694 insuper
1461 646 1562 682 tallias
1586 647 1630 682 vel
1650 647 1797 682 collectas

1048 695 1216 742 imponetis
1242 696 1406 737 Ecclesiis‚
1432 696 1643 740 monasteriis,
1665 696 1798 739 clericis,

1046 753 1075 779 et
1099 746 1213 780 nostris
1249 745 1398 780 Ecclesiis
1439 744 1486 779 vel
1519 744 1612 779 rebus
1637 756 1746 780 eornm
1770 754 1799 779 et

1047 794 1076 828 in
1101 794 1249 830 Ecclesiis
1284 793 1466 829 vacantibus
1496 805 1550 828 vos
1573 794 1619 828 vel
1648 794 1741 829 vestri
1766 794 1795 828 in

1047 855 1143 888 regno
1177 843 1330 878 haeredes
1363 842 1448 877 nulla
1477 842 1633 878 babebitis
1660 842 1797 889 regalia,

1046 892 1214 940 nullosque
1236 892 1368 936 fructus7
1392 891 1535 927 redditus
1562 899 1592 926 et
1614 900 1797 938 proventus,

1046 941 1146 976 nullas
1168 941 1390 985 obventiones,
1412 953 1448 976 ac
1474 940 1560 975 nulla
1589 953 1717 987 prorsus
1739 941 1796 975 alia

1046 991 1224 1037 percipietis
1244 1003 1281 1025 ex
1296 990 1429 1034 eisdem,
1451 989 1595 1025 custodia
1612 990 1796 1025 earumdem

1046 1039 1255 1075 Ecclesiarnm
1278 1040 1401 1074 interim
1420 1038 1519 1073 libere
1547 1047 1732 1074 remanente
1746 1052 1798 1086 pe-

1045 1100 1100 1123 nes
1123 1101 1272 1135 personas
1297 1088 1527 1124 ecclesiasticas
1553 1088 1635 1123 iuxta
1658 1089 1796 1123 canoni-

1044 1149 1097 1172 cas
1118 1146 1306 1172 sanctiones.

1093 1188 1149 1220 20.
1178 1185 1321 1221 Comites
1360 1198 1450 1230 vero,
1486 1186 1631 1230 barones,
1659 1186 1792 1230 milites,

1043 1243 1072 1270 et
1093 1236 1228 1270 universi
1257 1235 1403 1270 homines
1426 1234 1520 1270 totius
1535 1236 1622 1282 regni
1644 1242 1674 1270 et
1694 1243 1793 1271 terrae

1044 1284 1221 1329 praedictae
1244 1284 1346 1320 vivent
1373 1285 1404 1319 in
1427 1296 1462 1319 ea
1482 1284 1624 1319 libertate
1644 1292 1675 1319 et
1697 1284 1794 1319 habe-

1043 1333 1120 1368 bunt
1143 1334 1210 1368 illas
1234 1333 1459 1374 immunitates,
1485 1332 1599 1380 illaque
1622 1333 1794 1380 privilegia,

1044 1382 1185 1430 ipsisque
1210 1382 1409 1429 gaudebunt,
1442 1394 1521 1430 quas
1546 1389 1577 1417 et
1603 1394 1683 1429 qnae
1713 1391 1795 1417 tem-

1043 1443 1118 1478 pore
1145 1431 1245 1466 clarae
1273 1432 1442 1468 memoriae
1476 1430 1638 1465 Guillelmi
1675 1431 1702 1465 11
1741 1431 1794 1467 Si-

1042 1480 1133 1514 ciliae
1152 1481 1245 1526 regis,
1272 1489 1302 1516 et
1329 1481 1396 1515 aliis
1423 1480 1562 1527 antiquis
1597 1480 1793 1528 temporibus

1042 1529 1231 1565 habuerunt.

1091 1580 1148 1612 21.
1176 1578 1298 1614 Omnes
1335 1579 1444 1613 exules
1482 1578 1569 1625 regni
1601 1578 1727 1614 Siciliae
1761 1587 1790 1614 et

1042 1623 1141 1662 terrae
1157 1628 1334 1674 praedictae
1349 1629 1580 1675 cuiuscumque
1602 1627 1791 1663 conditionis

1041 1677 1192 1719 existant,
1219 1676 1257 1711 ad
1290 1676 1471 1712 mandatum
1505 1676 1666 1711 Ecclesiae
1692 1676 1790 1711 redu-

1042 1733 1153 1760 cantur
1182 1726 1212 1759 in
1236 1737 1368 1771 regnum
1391 1735 1421 1761 et
1448 1725 1639 1772 praedictam
1662 1734 1788 1766 terram,

1043 1774 1183 1821 ipsisque
1204 1774 1242 1809 de
1278 1775 1368 1809 bonis
1399 1782 1430 1810 et
1456 1774 1578 1809 iuribus
1600 1775 1646 1809 eis
1672 1774 1789 1809 debitis

1041 1823 1194 1858 restitutio
1217 1823 1307 1870 plena
1330 1823 1397 1858 fiet:
1428 1824 1457 1858 in
1481 1823 1661 1858 huiusmodi
1683 1832 1787 1860 autern

1042 1872 1236 1907 restitutione
1254 1872 1430 1908 secundum
1451 1872 1642 1920 praedictam
1658 1872 1788 1908 formam

1041 1921 1071 1955 in
1112 1933 1214 1969 cupite
1242 1923 1289 1956 De
1319 1924 1522 1957 ecclesiasticis
1554 1924 1671 1957 tuendis
1713 1934 1788 1958 con-

1041 1978 1155 2005 tentam
1179 1981 1253 2013 tam,
1274 1971 1304 2006 in
1331 1972 1477 2012 notoriis,
1504 1983 1598 2019 quam
1626 1972 1656 2006 in
1685 1972 1788 2006 dubiis

1040 2023 1238 2066 procedetur3
1261 2032 1435 2068 omnesque
1456 2021 1596 2068 captivos
1612 2029 1642 2055 et
1662 2021 1788 2056 obsides

1039 2070 1092 2115 qui
1116 2077 1264 2105 tenentur
1281 2070 1310 2104 in
1335 2082 1433 2116 regno
1454 2079 1484 2105 et
1506 2079 1585 2105 terra
1607 2070 1786 2118 praedictis,

1040 2117 1214 2161 Romanos,
1253 2119 1429 2165 regnicolas
1463 2127 1493 2154 et
1527 2120 1603 2154 alios
1641 2119 1679 2154 de
1705 2128 1786 2154 terra

1039 2167 1210 2209 Ecclesiae,
1237 2168 1358 2203 Tuscos
1393 2177 1421 2202 et
1444 2168 1640 2203 Lonibardos
1660 2176 1691 2202 et
1718 2168 1786 2203 illos

1038 2216 1076 2251 de
1098 2217 1237 2253 Marcltia
1254 2217 1415 2252 Tarvisina
1439 2217 1518 2252 bona
1542 2217 1602 2252 fide
1617 2217 1786 2252 restituetis

1038 2266 1170 2300 libertati
1195 2279 1250 2312 pro
1278 2278 1380 2312 posse.

1087 2317 1133 2349 2⁶2
1167 2315 1363 2350 Haeredibus
1378 2327 1450 2349 vero
1464 2314 1622 2362 quondam
1640 2315 1782 2350 Riccardi

1811 249 1860 276 An.
1876 250 1904 277 C.
1927 249 1995 276 1265

1814 310 1938 332 ctericinou
1946 315 1996 331 eon-

1810 341 1910 362 veniendi
1924 347 1995 362 eoum

1812 371 1881 392 iudico
1898 371 1998 391 saecula«

1811 408 1836 422 n.

1825 653 1853 674 Ει
1892 653 1995 675 neele-ns

1812 685 1994 706 varanttbusnttnt

1812 716 1944 741 exigendum.

1823 1193 1913 1220 Antiqua
1930 1196 1993 1220 privi-

1808 1224 1864 1250 tegra
1878 1224 1992 1250 regnicolis

1809 1255 1960 1276 conservanda,

1820 1586 1894 1608 thules
1926 1593 1990 1608 rere*

1805 1619 1874 1643 canili,
1893 1619 1988 1646 bonaque

1805 1650 1836 1669 eis
1848 1649 1979 1669 restituenda

1811 2319 1885 2341 Sorani
1899 2322 1982 2341 comitis

1798 2350 1877 2371 iuribus
1901 2356 1981 2371 consu<

1037 2365 1161 2399 comit-s
1186 2364 1299 2399 Sorani
1332 2364 1471 2410 garmani
1499 2364 1549 2399 sel.
1578 2363 1699 2398 record.
1728 2364 1784 2399 In-
1797 2380 1854 2401 titur.

1038 2421 1172 2447 nocent.i
1208 2413 1312 2460 Papae
1339 2415 1439 2459 quarti
1476 2413 1534 2455 aus,
1561 2412 1647 2459 quod
1670 2414 1701 2447 in
1728 2425 1784 2448 co-

1037 2464 1144 2496 mitatu
1160 2462 1281 2497 Sorano
1302 2471 1332 2496 et
1349 2462 1417 2496 aliis
1439 2461 1600 2496 Ecclesiae
1621 2461 1783 2498 Romanae

1015 2510 1202 2551 madibus,
1238 2510 1314 2545 illud
1355 2512 1384 2545 in
1418 2510 1486 2545 aliis
1524 2510 1726 2546 comitatibus
1752 2521 1783 2546 et

1037 2559 1139 2599 bonis,
1154 2560 1179 2594 si
1207 2572 1268 2607 qua
1294 2560 1339 2594 eis
1362 2559 1392 2594 in
1416 2571 1512 2606 regno
1538 2567 1568 2595 et
1591 2567 1670 2595 terra
1697 2572 1782 2608 prac-

1036 2609 1128 2643 dictis
1154 2620 1170 2643 a
1199 2608 1324 2655 regibus
1350 2617 1378 2643 et
1407 2608 1601 2657 principibus
1633 2621 1788 2645 concessa·
