2129 3223
192 266 218 293 C.
239 268 304 294 ¹2¹9

135 375 246 396 pluralitas
266 376 304 396 be-

122 407 243 427 neficiorum
272 408 304 427 vt-

122 438 190 457 unda,

131 1252 191 1273 notet
209 1254 233 1273 de
249 1257 300 1273 irre-

118 1286 214 1304 verentia
251 1289 300 1309 erga

119 1313 130 1326 ''-
149 1330 152 1333 .
200 1313 300 1334 Euthan-

369 259 437 291 566
914 267 1101 290 1101111111οΜ
1125 266 1287 289 nonnum
1871 263 1920 291 An.
1938 265 1966 293 c.
1988 263 2054 291 ¹2¹9

319 335 403 366 sura,
433 321 572 357 vestibus
612 329 640 355 et
668 320 736 355 aliis
763 320 946 356 modestiam
974 320 1068 356 cleri-

318 372 427 407 calem.
451 371 679 405 praecaventes
701 370 832 404 sollicite
857 382 893 405 ne
916 370 1066 405 beneficia

317 421 485 455 conferatis
512 419 662 465 indignis,
686 431 742 454 nec
770 431 959 467 quemquam
990 431 1066 466 per—

319 469 448 504 mittatis
482 469 596 504 babere
635 469 740 516 plures
775 477 976 515 personatus,
1011 480 1065 502 seu

319 518 514 566 parochiales
536 517 693 553 Ecclesias
720 517 841 552 liabitas
864 526 932 564 post
963 518 1066 552 conci-

318 569 393 603 lium
416 568 572 614 generale,
595 567 713 614 quibus
735 579 808 602 cura
832 568 869 601 sit
892 568 1065 601 animarum

317 629 450 660 annexa,
474 617 532 652 nisi
558 616 660 651 forsan
684 629 781 663 super
803 616 863 651 lioc
887 617 997 651 babeat
1021 616 1066 650 in-

317 666 510 712 dulgentiam
533 665 628 700 Sedis
656 666 856 713 Apostolicae
883 665 1063 711 specialem.

318 715 456 750 Abbates
480 728 551 749 vcro
573 715 659 762 Nigri
683 715 803 749 ordinis
825 715 983 749 celebrare
1007 715 1065 749 lioc

317 777 399 799 anno
427 764 629 812 provincialia
656 765 785 799 concilia
817 777 878 799 non
907 764 1063 803 omittant,

318 822 411 861 prout
437 814 543 849 exssstit
567 814 596 847 in
621 815 815 860 praescripto
848 813 983 848 concilio
1001 821 1064 847 sta-

317 864 456 906 bilitum,
489 872 518 897 et
553 871 585 897 ut
614 863 767 897 bonorum
797 863 937 897 studium
976 875 1064 897 com-

316 913 464 948 mendare
480 913 649 960 possimus,
665 922 695 947 et
711 913 821 959 punire
837 912 1062 958 negligentiam

317 974 548 1010 perversorum,
581 973 677 1008 super
704 962 762 996 lioc
789 961 828 995 ab
850 961 912 996 illis
942 962 1064 995 certio-

315 1013 375 1047 rari
409 1011 554 1047 volumus
589 1019 618 1045 et
653 1010 851 1045 mandamus.
887 1011 970 1045 Sane
992 1022 1062 1045 cum

315 1061 388 1095 olim
412 1073 463 1095 vas
490 1072 621 1094 aureum
648 1072 762 1094 manna
785 1059 914 1106 plenum
942 1059 1062 1094 Christi

314 1110 450 1157 Corpus,
471 1109 624 1144 Deitatem
638 1109 818 1152 continens,
838 1109 1063 1156 praefigurans,

316 1160 345 1193 in
372 1171 442 1194 arca
470 1158 606 1193 foederis
638 1170 714 1193 auro
737 1166 815 1193 tecta
844 1157 922 1192 infra
948 1158 1061 1193 Sancta

315 1208 503 1244 Sanctorum
521 1207 614 1242 tuerit
629 1207 830 1247 collocatum,
846 1215 877 1241 ut
894 1207 1010 1242 munde
1032 1208 1061 1241 in

316 1258 384 1292 loco
402 1256 570 1292 venerabili
593 1265 787 1295 servai·etui·;
812 1256 957 1291 dolemus
985 1258 1062 1304 plu-

317 1307 429 1341 rimum
463 1315 491 1341 et
523 1305 697 1348 tristamur,
723 1305 806 1352 quod
832 1307 861 1339 in
892 1307 1063 1352 provinciis

315 1355 494 1390 sacerdotes
507 1355 687 1390 sanctiones
706 1355 883 1389 canonicas.
905 1356 1061 1389 immodi-

317 1405 422 1438 vinnm
451 1403 605 1438 iudicium
639 1412 896 1445 contemnenteS,
923 1413 1060 1439 sanctam

316 1452 545 1488 Eucharistiam
575 1453 698 1487 incaute
721 1452 915 1491 custodiunt,
938 1463 966 1488 et
996 1454 1062 1488 im-

316 1501 451 1546 munde,
478 1510 508 1536 et
547 1501 692 1536 indevote
727 1510 940 1546 contrectant,
973 1503 1060 1548 quasi

317 1563 373 1586 nec
404 1550 585 1586 Creatorem
614 1551 756 1594 timeant,
771 1550 818 1585 vel
840 1550 1061 1587 Recreatorem

316 1600 458 1647 diligant,
493 1609 545 1634 aut
578 1600 717 1635 Iudicem
754 1601 895 1634 omnium
927 1612 1064 1647 expave-

316 1657 419 1684 scant:
460 1661 651 1696 quamquam
681 1649 850 1695 Apostolus
884 1649 1062 1684 terribiliter

315 1699 527 1733 comminetur
552 1699 704 1733 deteriora
728 1696 815 1732 illum
845 1700 955 1734 mereri
979 1710 1063 1744 sup-

317 1747 420 1794 plicia,
450 1747 504 1794 qui
533 1747 646 1782 Filium
663 1747 720 1781 Dei
743 1747 985 1789 conculcaverit,
1018 1748 1061 1781 tel

315 1797 502 1843 sanguinem
531 1796 707 1831 testamenti
735 1796 891 1842 pollutum
924 1797 1063 1840 duxerit,

316 1855 368 1880 aut
400 1846 522 1892 spiritui
570 1846 686 1892 gratiae
721 1846 944 1880 contumeliam
978 1847 1061 1881 fece-

316 1895 370 1934 rit,
412 1906 506 1942 quani
543 1903 791 1941 transgressores
828 1895 907 1941 legis
940 1895 1063 1930 Mosai-

315 1956 386 1983 cae,
419 1944 472 1990 qui
500 1945 611 1978 mortis
646 1944 800 1978 sententia
837 1945 1061 1990 plectebantur.

315 1993 360 2027 Ne
394 1994 489 2039 igitur
521 1993 560 2027 dc
589 2002 712 2027 caetero
748 2002 875 2039 propter
908 1994 1061 2028 incuriam

315 2042 513 2077 sacerdotum
538 2043 567 2076 111
585 2042 750 2076 indevotos
768 2041 875 2076 divina
892 2042 1063 2089 indignatio

315 2092 439 2137 gravius
460 2090 652 2126 exardescat.
679 2091 820 2125 districte
841 2091 1063 2138 praecipiendo

317 2140 514 2180 mandamus,
541 2148 698 2186 quatenus
719 2152 735 2174 3
762 2140 982 2175 sacerdotibus
1003 2141 1064 2175 En-

316 2190 460 2225 charistia
480 2190 511 2223 in
535 2189 602 2224 loco
626 2188 793 2236 singulari,
817 2189 936 2224 mundo
970 2190 1062 2224 etiam

317 2247 345 2274 et
372 2240 512 2286 signato,
539 2250 665 2285 semper
702 2238 874 2273 honorifice
914 2239 1063 2274 collocata

317 2288 427 2323 devote
448 2300 483 2323 ac
510 2287 644 2322 fideliter
667 2296 882 2322 conservetur.
905 2288 1063 2324 Sacerdos

319 2349 390 2372 vero
415 2336 549 2384 quilibet
582 2336 763 2383 frequenter
795 2337 906 2372 doceat
940 2337 1062 2384 plebem

319 2398 419 2425 suam,
447 2394 481 2421 ut
501 2398 572 2421 curn
601 2386 632 2419 in
660 2385 869 2422 celebratione
896 2386 1063 2421 missarum

319 2436 456 2469 elevatur
494 2435 603 2470 Hostia
637 2434 800 2480 salutaris,
843 2435 973 2482 quilibet
1014 2449 1063 2470 re-

1110 319 1280 354 honoristce
1312 328 1382 354 ante
1419 328 1527 367 pectus
1549 332 1620 355 cum
1656 320 1742 355 omni
1770 330 1857 354 reve-

1111 370 1207 404 rentia
1231 377 1259 403 et
1292 369 1414 407 timore,
1443 382 1568 416 semper
1599 377 1701 404 tamen
1737 368 1856 403 lumine

1111 418 1312 465 procedente,
1340 430 1411 452 cum
1440 419 1480 452 sit
1501 419 1617 453 candor
1651 418 1730 454 lucis
1754 426 1856 452 aeter-

1111 480 1179 504 nae,
1208 478 1239 502 ut
1265 480 1300 501 ex
1325 467 1382 502 boc
1405 467 1486 514 apud
1514 480 1624 503 omnes
1647 467 1725 502 fides
1746 476 1777 502 et
1798 467 1856 501 de-

1110 517 1191 551 10110
1209 525 1368 563 augeatur.
1392 516 1523 551 Praelati
1546 525 1649 552 31110111
1671 515 1854 552 huiusmodi

1109 566 1246 600 mandati
1286 566 1421 611 graviter
1461 566 1572 612 punire
1611 577 1673 601 11011
1710 565 1855 602 differant

1108 623 1367 661 transgressores,
1394 615 1418 649 si
1442 623 1472 649 et
1495 615 1552 662 ipsi
1581 615 1719 650 ‹ttvifflm
1746 623 1777 650 et
1798 627 1855 650 no-

1107 674 1202 699 stram
1228 664 1334 699 volunt
1356 664 1493 710 effugere
1516 665 1678 699 ultionem.
1708 665 1857 700 Attendat

1108 715 1201 760 igitur
1224 714 1454 761 unusquisque,
1476 722 1508 748 ut
1529 714 1574 748 sic
1596 714 1777 749 mandatum
1797 726 1856 748 no-

1106 773 1204 799 strum
1249 764 1330 798 iuxta
1373 771 1558 811 susceptum
1602 763 1738 798 officium
1780 775 1856 797 exc—

1106 822 1233 861 quatur,
1249 813 1333 860 quod
1351 824 1442 848 nemo
1460 825 1608 848 coronam
1625 813 1693 847 eius
1711 813 1855 859 accipiat,

1109 862 1153 898 vel
1177 863 1216 897 de
1238 874 1296 896 5110
1329 863 1397 898 1000
1425 862 1494 897 01115
1516 862 1742 897 candelabrum
1767 874 1856 897 amo-

1108 912 1168 946 veri
1193 912 1367 958 contingat,
1390 911 1443 946 sed
1467 912 1571 959 potius
1593 912 1735 946 coronari
1758 911 1855 958 gloria

1106 971 1134 997 et
1160 962 1278 995 bonore
1306 969 1472 996 mereatur.

1155 1011 1268 1045 Datum
1286 1010 1415 1045 Viterbii
1440 1013 1481 1045 13
1497 1010 1645 1045 kalendas
1665 1009 1855 1054 decembris,

1107 1060 1308 1108 pontificatus
1332 1061 1427 1095 nostri
1456 1072 1538 1095 anno
1561 1068 1681 1107 quarto.

1131 1122 1191 1151 Dat.
1209 1123 1254 1152 die
1276 1123 1308 1151 19
1327 1122 1496 1152 novembris
1514 1131 1589 1151 anno
1608 1121 1723 1152 Domini
1742 1120 1826 1154 1219.

1354 1167 1455 1205 pontif.
1479 1175 1554 1196 anno
1574 1175 1609 1195 tv.

1439 1319 1518 1354 XLI.

1109 1395 1264 1427 sotictssio
1297 1395 1436 1426 (selectae
1461 1393 1570 1426 Sancti
1603 1393 1690 1425 simi
1715 1392 1750 1424 de
1780 1391 1856 1424 Urbe

1154 1445 1303 1487 fratribus
1330 1444 1446 1475 ordinis
1468 1443 1721 1475 Praedicator-um
1744 1443 1805 1483 (A).

1373 1515 1586 1546 scantattlt'u

1105 1580 1264 1608 Ecclesiam
1282 1579 1309 1607 S.
1329 1578 1400 1607 Sixti
1417 1578 1451 1606 dc
1465 1576 1541 1606 [rbe
1561 1576 1697 1605 concedit
1716 1574 1855 1604 fratribus

1144 1624 1204 1652 ord.
1235 1623 1483 1652 Praetlicatorum.

1104 1696 1234 1723 Honorius
1249 1695 1391 1729 episcopus
1407 1700 1500 1721 servus
1518 1698 1657 1720 servorum
1669 1690 1725 1723 Dei.
1745 1691 1857 1720 attactis

1149 1744 1214 1772 filiis
1232 1744 1264 1771 de
1283 1743 1415 1774 Pruliano.
1436 1743 1467 1770 et
1482 1742 1513 1770 do
1529 1741 1676 1773 Fanotovts,
1703 1742 1734 1769 et
1757 1741 1789 1768 de
1807 1740 1854 1768 La-

1149 1800 1223 1822 moso
1242 1792 1378 1821 tratribus
1397 1793 1427 1820 et.
1445 1791 1595 1823 soi-oribus.
1613 1790 1732 1819 salutem
1745 1790 1775 1818 et
1790 1796 1856 1826 apo-

1152 1842 1279 1871 stolicam
1298 1841 1518 1870 benedictionem.

1155 1906 1254 1951 Ligna
1291 1903 1442 1951 pomifera
1476 1903 1613 1950 plantare
1639 1902 1671 1937 in
1695 1901 1854 1937 Ecclesiae
1882 1913 1997 1935 Ecclesiam
2028 1913 2049 1935 s.

1108 1955 1262 2001 paradiso.
1285 1967 1320 1988 30
1344 1953 1446 1988 lovere
1477 1952 1623 1999 plantata,
1658 1952 1741 1987 iuxta
1769 1950 1852 1998 quod
1867 1943 2050 1997 {ssss'geffistfffrl'i}

1071 2036 1076 2042 ,
1106 2017 1144 2038 cx
1166 2003 1259 2038 officii
1289 2003 1385 2037 nostri
1409 2011 1553 2037 tenemur
1579 2001 1700 2045 debito,
1727 2001 1854 2047 cupien-
1864 2007 1904 2029 ΜΞ
1920 2007 1964 2028 ord·
1984 2005 2046 2027 Pm-

1868 2039 1991 2059 dicatorum.

1107 2061 1163 2091 tes,
1186 2052 1303 2087 dilecto
1326 2052 1389 2086 filio
1418 2052 1501 2086 fratri
1529 2050 1695 2086 Dominico
1721 2059 1750 2085 et
1785 2050 1854 2085 fra-

1106 2101 1206 2136 tribus
1233 2102 1280 2135 sui
1307 2102 1428 2135 ordinis
1449 2099 1615 2135 ecclesiam
1645 2099 1751 2135 Sancti
1774 2099 1852 2134 Sixti

1106 2151 1144 2185 de
1162 2151 1245 2185 Urbe
1260 2151 1412 2185 duximus
1426 2149 1674 2192 concedendam,
1691 2157 1855 2196 sperantes

1107 2205 1137 2238 in
1162 2204 1309 2244 Domino,
1333 2204 1417 2251 quod
1440 2212 1501 2238 tam
1526 2204 1603 2250 ipse,
1626 2215 1718 2249 quam
1746 2202 1855 2237 fratres

1105 2258 1154 2292 sui
1186 2270 1276 2304 poma
1305 2272 1382 2293 nova
1412 2266 1441 2292 et
1464 2266 1580 2294 vetera.
1613 2269 1694 2304 quae
1715 2270 1854 2303 sponsus

1108 2312 1222 2358 legitur
1244 2324 1378 2358 sponsae
1400 2325 1553 2351 servasse,
1570 2312 1772 2347 ministraturi
1793 2313 1851 2347 sint

1106 2365 1321 2401 esurientibus
1343 2366 1517 2401 animabus.
1542 2367 1614 2408 Quo
1630 2367 1712 2400 circa
1733 2367 1854 2401 univer-

1106 2420 1226 2454 sitatem
1262 2428 1395 2454 vestram
1432 2423 1619 2455 monendam
1648 2420 1798 2455 duximus
1824 2428 1852 2455 et

321 2492 460 2518 xerenter
486 2496 519 2518 se
556 2484 699 2527 inclinet,
738 2484 819 2518 idem
848 2485 964 2520 faciens
990 2497 1062 2519 cum
1107 2472 1302 2511 ''⁰¹'‘ffl‘d3m*
1331 2482 1486 2520 quatenus
1508 2486 1578 2508 ⁶¹¹⁰]
1602 2473 1640 2508 '¹¹¹¹
1662 2473 1773 2508 eOdem
1797 2473 1855 2508 fra·

321 2533 418 2578 jpsam
435 2541 534 2579 pom„
552 2533 764 2580 9¹·esb3-1e1·3(1
782 2535 1063 2581 infirtnnmzquam
1107 2535 1150 2562 tre
1174 2526 1340 2562 Dominico
1375 2528 1495 2563 fueritis
1517 2527 1669 2575 requisiti,
1691 2528 1729 2562 ad
1763 2540 1854 2575 prae-

124 2580 306 2638 ..ffssmnssiful-'cif
322 2582 352 2615 ’,η
393 2581 515 2616 decenti
554 2582 685 2619 habitu,
709 2584 906 2629 superposito
944 2585 1064 2618 mundo
1105 2581 1219 2616 dictam
1242 2581 1427 2621 Ecclesiam,
1452 2590 1539 2628 prout
1559 2584 1625 2629 ipse
1649 2582 1852 2624 mandaverit,

322 2629 491 2671 velamine,
523 2631 596 2665 ferat
638 2640 664 2666 et
699 2631 810 2666 referat
842 2633 1007 2668 manifeste
1033 2643 1061 2668 et
1142 2650 1180 2681 (t)
1198 2648 1234 2673 Ex
1255 2648 1356 2682 aegest,
1378 2648 1457 2674 tatic.
