2129 3223
134 269 180 295 tn.
201 270 229 295 ς,
247 270 312 298 ¹199
382 259 446 290 174
913 257 1099 282 eniminum
1123 254 1283 278 nonnum
1880 245 1928 272 An.
1947 243 1974 270 C.
1996 243 2064 272 ¹200
2101 275 2103 277 ,

328 335 366 357 ne
395 323 563 368 nuperum,
586 318 683 352 valeat
706 327 865 363 usurpare.
882 314 929 349 De
953 320 1075 348 caetero
1155 308 1254 339 racula
1276 310 1385 346 patrata
1399 306 1486 336 liuius
1505 308 1624 334 sanctae
1639 302 1761 341 virginis
1777 302 1865 331 inter-

327 383 401 406 vero
422 369 579 416 agendum
595 378 650 414 per
668 365 805 412 legatum
829 374 973 399 nostrum
992 361 1073 408 apud
1154 360 1299 400 ΨΘΞΞΙΟΠῨ·
1316 349 1417 398 “““,55·
1441 350 1508 398 31Ῥο
1524 347 1779 421 ῧᾴὃῦῃξηῑθῑῖῑῖ
1795 344 1866 418 Οὲἷ

328 420 484 467 principes
507 425 541 452 ut
564 416 611 451 vel
637 414 825 450 conveniant
847 414 878 447 in
908 423 1073 459 personam
1155 401 1307 469 ῗέιῗιῗὲθιῃ
1333 402 1423 423 'mssa
1450 394 1497 423 ὼε
1530 402 1594 422 ‘³¹⁰³
1635 396 1718 422 esum
1734 400 1748 420 ³
1765 399 1789 419 ¹⁵

327 469 484 507 idoneam,
508 465 555 501 vel
582 477 616 500 se
646 464 764 500 iudicio
795 470 846 498 aut
868 461 995 496 arbitrio
1023 472 1072 494 iio-

327 526 391 552 sti·0
417 515 625 551 committant.
654 510 802 556 Quodsi
830 518 976 546 neutrum
1010 509 1076 544 ele-

327 566 450 613 gerint,
488 576 560 599 cum
599 563 652 598 diu
686 560 966 610 expectaverimus,
1003 569 1074 592 cum

327 614 544 650 monuerimus
581 624 635 647 eos
669 611 708 647 ad
750 609 968 647 concordiam,
1003 619 1074 640 eiini

328 663 571 699 instruxerimus
597 674 652 697 eos
688 672 743 708 pei·
768 660 888 694 litteras
925 666 954 691 et
987 667 1076 709 nun,—

329 714 407 747 tium
440 720 583 747 nostrum
607 719 637 746 et
660 708 828 745 consilium
857 715 999 742 nostrum
1030 716 1077 738 eis

329 762 515 797 duxerimus
552 758 799 808 exponendum,
836 769 876 791 ne
917 755 1077 789 videamur

329 823 437 845 corum
472 811 576 845 fovere
603 808 792 844 discordiam
815 815 846 841 et
872 805 977 839 dicere
1004 814 1075 837 euni

329 859 482 895 Ezecliia:
510 859 558 894 Sit
594 870 653 905 pax
687 865 717 891 et
753 855 865 890 veritas
900 854 930 887 in
964 851 1077 886 diebus

330 910 457 949 nostris,
491 920 529 943 ne
556 907 581 942 si
617 906 717 942 secuti
753 904 909 939 fuerimus
935 914 951 936 a
984 901 1077 946 longe

331 970 363 997 ut
391 962 552 997 videamus
586 961 692 999 finem,
715 970 789 993 cuin
824 957 918 991 Petro
952 954 1076 989 tandein

332 1017 505 1056 veritatem,
527 1027 608 1062 quae
636 1013 784 1048 Christus
810 1018 868 1050 est,
890 1021 1004 1055 negare
1024 1020 1079 1042 co-

331 1083 458 1115 gamur,
486 1082 558 1104 cuni
594 1068 756 1114 negotium
785 1064 867 1099 istud
895 1063 1078 1098 dilationem

332 1136 395 1157 non
415 1123 529 1169 capiat,
551 1133 623 1156 cum
647 1119 745 1154 Ottlio
767 1126 796 1153 et
819 1129 874 1164 pei·
892 1129 925 1151 se
947 1116 1080 1150 devotus

332 1178 444 1211 existat
477 1176 662 1213 Ecclesiae,
700 1181 729 1208 et
763 1185 800 1207 ex
829 1178 961 1217 utraque
993 1178 1080 1216 parte

333 1230 431 1265 trahat
453 1230 608 1276 originem
632 1240 669 1262 ex
686 1239 803 1274 genere
825 1226 1025 1263 devotorum,
1043 1236 1079 1258 ex

334 1292 419 1330 parte
454 1283 563 1318 matris
589 1282 628 1317 de
661 1281 756 1316 domo
791 1293 901 1327 regum
929 1278 1081 1324 Angliae,

333 1350 369 1371 ex
395 1344 482 1384 parte
509 1336 605 1383 patris
632 1335 670 1370 de
699 1334 843 1381 prosapia
876 1333 994 1367 dueum
1022 1331 1082 1366 Sa-

336 1391 458 1431 xoniae,
480 1391 533 1437 qui
550 1397 662 1424 omnes
676 1388 839 1423 Ecclesiae
858 1387 944 1421 fuere
966 1386 1083 1424 devoti,

152 1450 229 1470 (ΜΘΝ
272 1455 320 1471 ’ω
335 1452 364 1477 et
378 1443 556 1490 specialiter
572 1442 742 1477 Lotharins
764 1441 933 1488 imperator
949 1452 1084 1486 proavus

139 1481 249 1532 initimum
277 1487 417 1541 cm“zius,
438 1497 492 1543 qui
527 1496 575 1530 bis
603 1508 659 1542 pro
687 1494 889 1541 Apostolicae
916 1493 1009 1528 Sedis
1032 1494 1084 1528 lio-

338 1562 412 1584 iiore
439 1549 587 1596 Apuliam
610 1556 657 1583 est
679 1548 850 1594 ingressus,
878 1555 907 1581 et
935 1548 965 1581 in
993 1547 1085 1581 obsc-

337 1604 413 1650 quio
434 1603 595 1637 Ecclesiae
617 1602 779 1637 Romanae
800 1602 947 1641 decessit,
969 1602 996 1636 ei
1019 1615 1086 1637 ma—

339 1657 450 1691 nifeste
477 1656 659 1695 favendum,
686 1664 716 1690 et
744 1657 848 1703 ipsum
868 1655 1085 1702 recipiendum

339 1711 369 1744 in
404 1722 528 1756 regem,
562 1719 589 1744 et
619 1710 802 1756 praemissis
829 1709 979 1744 omnibus
1006 1721 1088 1756 quae

341 1776 395 1808 pro
416 1763 658 1799 honoriticentia
679 1763 840 1799 Ecclesiae
859 1763 1022 1797 Romanae
1038 1763 1089 1797 de-

341 1817 415 1852 bent
439 1818 595 1865 praemitti
623 1817 660 1852 ad
689 1830 836 1853 coronam
868 1816 988 1864 imperii
1017 1829 1090 1852 evo-

343 1870 490 1906 candum.

1114 500 1288 529 Innocentius
1307 499 1448 535 episcopus
1467 504 1564 526 sei-vus
1583 503 1724 526 sei-vorum
1742 495 1800 528 Dei,
1820 502 1868 524 vo-

1158 549 1274 577 nerabili
1290 548 1377 577 frati-i
1395 547 1541 576 Thcumoni
1557 546 1693 583 episcopo.
1717 547 1748 574 et
1756 544 1867 573 dilectis

1159 598 1224 626 filiis
1243 596 1366 632 capitulo
1384 594 1607 630 canoniam-gensi,
1633 594 1753 623 salutem
1783 594 1814 622 et:
1836 599 1867 620 a-

1159 647 1320 682 postolicam
1339 645 1564 673 benedictionem.

1164 703 1244 738 Cum
1273 703 1448 737 secundum
1471 701 1683 747 evangelicam
1704 700 1864 735 veritatem
1911 705 2028 727 Emnifflm-

1118 765 1209 787 uenio
1230 752 1382 787 accendat
1403 752 1577 790 lucernam,
1603 758 1634 784 et
1661 757 1756 797 ponat
1781 749 1864 785 illam

1116 801 1175 836 sub
1194 801 1313 844 modio,
1339 801 1393 835 scd
1423 812 1518 847 super
1551 798 1799 843 candelabrum,
1833 807 1867 832 ut

1117 862 1249 890 omnes,
1300 851 1354 896 qui
1395 850 1424 883 in
1466 849 1561 884 domo
1608 855 1681 883 sunt
1724 847 1866 889 videant;

1119 900 1205 945 pium
1230 899 1356 946 pariter,
1389 907 1419 933 et
1458 899 1572 932 iustum
1607 905 1666 937 est,
1710 904 1742 932 ut
1787 908 1866 943 quos

1120 948 1205 982 Deus
1233 948 1343 982 merito
1366 947 1538 982 sanctitatis
1560 954 1699 987 coronat,
1738 953 1769 980 et
1802 946 1867 981 ho-

1119 1004 1207 1030 norat
1235 997 1264 1030 in
1287 997 1407 1040 coelis,
1430 1008 1486 1031 nos
1518 995 1728 1030 venerationis
1754 994 1865 1030 officiis

1119 1045 1283 1080 laudemus
1319 1053 1349 1080 et
1369 1045 1582 1091 glorificemus
1599 1044 1629 1078 iii
1653 1044 1756 1084 terris,
1793 1040 1864 1079 etim

1120 1094 1186 1140 ipse
1220 1097 1324 1140 potius
1357 1094 1513 1133 laudetur,
1550 1094 1581 1128 iii
1616 1093 1687 1134 illis,
1726 1093 1781 1140 qui
1819 1101 1882 1128 est*

1120 1143 1284 1177 laudabilis
1315 1151 1346 1176 et
1366 1143 1522 1189 gloriosus
1549 1142 1579 1176 iii
1611 1142 1739 1177 sanctis.
1763 1142 1867 1178 Pietas

1119 1192 1203 1226 enim
1232 1192 1452 1238 promissionis
1468 1192 1559 1226 liabet
1582 1192 1672 1232 vitae,
1687 1203 1768 1238 quae
1784 1204 1870 1227 nunc

1120 1248 1178 1284 est,
1199 1249 1229 1275 et
1250 1241 1383 1280 futurae,
1405 1240 1528 1275 dicente
1549 1240 1686 1275 Domino
1712 1252 1767 1288 per
1789 1241 1871 1277 Pro-

1123 1289 1259 1336 phetam:
1301 1290 1391 1324 Dabo
1428 1302 1482 1324 vos
1520 1290 1644 1324 cunctis
1679 1290 1869 1336 populisvin

1122 1338 1258 1379 laudem,
1281 1347 1311 1373 et
1334 1338 1498 1382 honorem,
1520 1347 1551 1373 et
1574 1350 1674 1385 perse
1688 1338 1868 1385 pollicente:

1123 1387 1301 1433 Fiilgebuiit
1327 1388 1414 1432 iusti,
1440 1388 1522 1422 sicut
1544 1387 1590 1422 sol
1618 1388 1647 1421 in
1671 1388 1871 1435 regnopatris

1123 1448 1244 1470 eorum.
1294 1436 1373 1471 Nam
1412 1445 1444 1470 ut
1481 1448 1556 1471 suae
1590 1436 1715 1471 virtutis
1751 1445 1871 1484 poten-

1124 1485 1198 1519 tiam
1237 1485 1417 1520 mii'abiliter
1457 1485 1642 1525 manifestet,
1681 1492 1712 1520 et
1746 1493 1872 1521 nostrae

1124 1533 1232 1568 salutis
1265 1546 1392 1569 causam
1432 1534 1675 1569 misericorditer
1713 1542 1872 1581 operetur,

1126 1582 1233 1617 fideles
1266 1596 1352 1623 suos,
1394 1595 1474 1629 quos
1510 1595 1636 1630 semper
1674 1591 1803 1618 coronat
1841 1584 1871 1618 in

1126 1631 1239 1674 coelo,
1282 1632 1461 1679 frequenter
1506 1633 1598 1667 etiam
1656 1632 1788 1667 honorat
1841 1634 1872 1667 in

1127 1680 1259 1721 mundo,
1281 1681 1318 1716 ad
1347 1693 1455 1716 eorum
1489 1681 1657 1716 memorias
1696 1682 1785 1728 signa
1827 1681 1874 1716 fa-

1127 1730 1214 1764 ciens
1241 1737 1271 1763 et
1293 1730 1434 1776 prodigia
1456 1742 1511 1777 per
1539 1742 1619 1777 quae
1642 1731 1775 1777 pravitas
1797 1743 1875 1765 con-

1129 1778 1278 1813 fundatur
1316 1779 1483 1819 haeretica,
1524 1787 1556 1814 et
1596 1779 1675 1814 fides
1720 1779 1875 1815 catholica

1129 1828 1342 1863 confirmetur.
1366 1828 1430 1863 Nos
1456 1840 1530 1875 ergo
1551 1828 1717 1873 carissimi,
1743 1837 1877 1876 quantas

1131 1889 1311 1925 possumus,
1351 1878 1407 1912 etsi
1451 1890 1512 1912 non
1559 1885 1691 1924 quantas
1725 1877 1878 1914 debemus

1131 1926 1337 1973 omnipotenti
1383 1926 1450 1961 Deo
1498 1928 1668 1973 gratiarum
1715 1926 1879 1963 referimus

1132 1975 1283 2018 actiones,
1320 1975 1371 2021 qui
1392 1975 1422 2009 in
1445 1974 1556 2010 diebus
1577 1976 1690 2011 nostris
1711 1975 1749 2010 ad
1770 1977 1879 2011 confir-

1133 2024 1302 2058 mationem
1324 2024 1397 2058 sidei
1419 2024 1602 2069 catholicae,
1647 2033 1678 2059 et
1713 2025 1881 2067 confusio—

1135 2085 1207 2107 nem
1235 2073 1408 2107 haereticae
1434 2074 1591 2120 pravitatis
1631 2073 1792 2109 evidenter
1837 2074 1882 2108 in-

1136 2129 1227 2156 novat
1267 2122 1369 2167 signa,
1409 2130 1439 2157 et
1477 2123 1624 2158 miracula
1652 2130 1797 2170 potenter
1822 2123 1883 2157 im-

1138 2178 1246 2209 mutat,
1280 2171 1397 2206 faciens
1437 2184 1491 2206 eos
1517 2184 1682 2207 coruscare
1714 2172 1883 2212 miraculis,

378 2114 566 2147 Sanctarum
594 2114 747 2157 uirginum
768 2113 879 2145 cauom·
899 2113 1046 2146 adscribit

418 2169 454 2200 B.
479 2168 700 2212 Kiiiiequiidein
722 2166 942 2210 imperatricem
964 2168 1020 2209 (1).

619 2239 832 2270 SUMMARlUM
1137 2220 1251 2266 quibus
1303 2220 1395 2255 fidem
1445 2221 1627 2256 catholicam
1670 2229 1730 2256 tam
1778 2221 1883 2262 corde,

350 2308 516 2338 Exordium.
535 2324 573 2330 --
595 2307 670 2341 Quid
690 2306 799 2345 requiri
823 2305 928 2335 debeat
950 2306 979 2334 iii
998 2306 1034 2334 iis
1050 2305 1099 2344 qui
1138 2281 1313 2351 quzffifflfjre
1326 2296 1350 2353 'u
1369 2281 1492 2353 Zeebum:
1519 2277 1550 2304 et
1583 2282 1693 2324 opere·
1716 2278 1883 2353 ‘effigium-⁴
2058 2334 2080 2338 ..

394 2352 438 2382 Ss.
455 2351 587 2389 catalogo
604 2354 673 2379 sunt
697 2349 895 2379 adscribendi.
915 2366 952 2371 —
974 2348 1099 2378 Examen
1233 2368 1236 2372 .
1309 2331 1327 2364 q
1354 2331 1372 2387 f)
1442 2331 1477 2353 ea
1492 2331 1528 2373 ³9
1565 2331 1733 2373 memof'me
1805 2331 1865 2354 une
1899 2334 1975 2386 ἀῖζὲξι
2003 2339 2082 2385 ’ἱζψξζζ

393 2395 556 2425 sanctitatis
575 2394 677 2424 beatae
691 2393 881 2431 Kuneguridis
894 2393 1003 2432 quibus
1014 2393 1102 2422 suerit
1140 2366 1257 2412 gund¹⁵
1281 2366 1494 2422 Romanorum
1518 2375 1697 2422 [mperatr'x
1733 2369 1884 2423 Augusuff'
1899 2395 1975 2423 qui&-
1992 2395 2084 2420 iaiaiogo

394 2440 598 2469 commissum.
621 2454 660 2460 —-
684 2437 833 2467 Miracula.
849 2436 980 2466 —Facii
998 2437 1101 2466 series.
1141 2427 1221 2461 quae
1252 2415 1371 2461 degens
1398 2417 1485 2452 ”hm
1522 2430 1553 2451 ¹¹¹
1594 2416 1728 2457 mundo,
1763 2429 1961 2464 magfflsfflfl‘.
2002 2425 2084 2446 “¹⁵⁰¹“

395 2501 429 2504 —
448 2483 604 2520 Diligeiites
619 2481 844 2520 perquisitiones
861 2481 1050 2519 praemissae.
1066 2495 1104 2502 —-
1143 2464 1264 2499 mefitis
1307 2465 1531 2512 PsassPOllebffls
1574 2478 1658 2500 ‘¹⁰¹¹ss
1705 2465 1813 2501 Vivens
1855 2466 1885 2501 in
1899 2457 1971 2477 benai.

396 2526 424 2555 B.
446 2527 634 2564 lx'iiiieguiidis
663 2527 784 2556 virtutes
812 2529 841 2554 et
858 2525 972 2554 merita.
995 2542 1031 2547 -—
1053 2524 1104 2554 Mi·
1143 2513 1240 2548 COsslo
1268 2514 1374 2549 mullis
1394 2522 1535 2549 coruscat
1557 2514 1732 2556 miraculis,
1755 2522 1788 2549 ut
1821 2516 1889 2551 eius

1145 2563 1291 2598 sanctitas
1340 2564 1435 2598 certis
1487 2563 1612 2598 indiciis
1655 2563 1888 2610 comprobetur.

393 2589 432 2620 (1)
448 2588 536 2614 Edidit
553 2588 714 2615 Fontaiiintis
733 2586 796 2613 Cod.
823 2594 943 2613 canoniz.
971 2587 1104 2617 Sanctor.‚
1175 2611 1179 2616 ,
1303 2613 1308 2617 ,
1637 2612 1642 2617 ,
1694 2613 1698 2618 ,

1144 2611 1234 2647 Licet
1259 2624 1342 2646 enim
1366 2612 1403 2647 ad
1426 2612 1498 2654 hoc,
1542 2620 1573 2646 ut
1605 2611 1718 2659 aliquis
1752 2613 1890 2649 Sanctus

358 2634 416 2660 pag⁴
432 2627 473 2652 75.
