2129 3223
132 289 179 315 An.
195 287 222 314 C.
242 287 311 315 ¹266

145 711 222 731 Cae-sae
251 715 313 730 revo-

132 743 243 761 ansarum
269 740 313 766 pri-

137 774 257 798 Magnorum
279 771 312 795 (de

197 821 203 824 .
234 804 252 822 in
277 807 314 822 ru-

175 2101 214 2123 1³»
220 2106 292 2121 return.

378 277 445 311 764

386 345 505 375 clemens
523 345 663 381 episcopus
681 350 776 372 servus
794 348 933 372 servorum
950 340 1007 374 Dei,

471 396 505 424 ad
522 396 681 432 perpetuam
702 392 743 421 roi
760 392 927 421 memoriam.

376 461 474 496 Sedes
502 457 683 506 Apostolica
715 455 890 498 interdum,
913 466 992 502 quae
1021 453 1072 488 be-

328 514 420 559 nigne
442 515 649 547 concesserat,
666 505 795 541 utilitate
816 504 979 543 suadente,
1001 515 1070 538 con—

328 562 441 598 sultius
463 566 602 595 revocat:
627 569 683 605 per
700 555 759 590 hoc
781 567 843 590 non
867 562 927 588 tam
952 554 981 587 in
1004 553 1070 587 suis

328 611 449 648 actibus
481 609 582 652 varia,
618 618 711 655 quam
753 604 965 653 providentiae
996 614 1070 636 suae

330 661 465 697 remedia
493 657 687 694 subditorum
716 654 851 690 varietati
877 662 906 688 et
931 652 1070 687 necessi-

330 713 381 747 tati
403 717 562 757 coaptans.
590 707 705 741 Probat
727 705 786 739 lioc
813 702 986 751 praesentis
1015 714 1071 735 ne-

329 762 456 797 cessitas
478 757 664 799 sanctionis,
686 766 764 802 qnae
787 754 909 788 illorum
941 763 1072 798 compe-

328 812 384 846 scit
399 809 571 847 audaciam,
586 806 637 853 qui
650 805 687 840 ad
702 805 749 838 sui
766 803 842 838 iuris
857 801 1070 837 defensionem

328 869 433 896 contra
464 858 633 893 iniuriosos
664 854 862 890 immunitate
889 864 943 899 per
972 851 1072 898 ipsius

328 899 422 945 Sedis
449 907 566 942 indulta
590 904 712 944 muniti,
733 903 816 950 quod
840 900 878 936 ad
906 901 1070 935 tuitionem

329 961 375 994 eis
406 968 589 993 concessum
619 954 718 989 fuerat
746 953 777 986 in
806 951 937 986 aliorum
964 950 1071 984 mole-

329 1010 403 1044 stias
424 1016 454 1042 et
482 1006 611 1041 iniurias
634 1009 861 1043 convertentes,
883 1000 950 1034 suis
971 998 1072 1034 indul-

329 1058 441 1106 gentiis
478 1068 514 1091 ac
555 1052 723 1102 privilegiis
763 1049 978 1097 multipliciter
1015 1049 1073 1083 ab—

331 1115 469 1143 utuntur.
485 1104 571 1141 Sicut
589 1103 674 1137 enim
695 1102 731 1136 ad
755 1112 810 1135 nos
829 1099 976 1146 frequens
995 1110 1072 1145 que-

332 1158 391 1193 rela
421 1155 560 1204 pervenit
587 1165 640 1200 pro
662 1163 710 1193 eo,
732 1150 815 1198 quod
844 1147 942 1184 Sedes
963 1149 1071 1183 eadem

330 1208 473 1255 personis
498 1203 632 1239 diversis
659 1210 719 1236 tam
748 1198 980 1236 ecclesiasticis,
1000 1198 1073 1233 reli-

331 1257 426 1303 giosis
453 1263 482 1289 et
504 1254 583 1295 aliis,
610 1263 702 1299 qnam
725 1250 816 1285 etiam
836 1248 923 1283 laicis
944 1247 1074 1295 quibus-

332 1307 402 1341 dam
418 1306 485 1340 sine
502 1301 717 1351 praefinitione
737 1298 897 1345 temporis,
912 1297 983 1332 aliis
1002 1310 1073 1333 vero

332 1355 370 1390 ad
405 1363 528 1401 tempus
553 1351 612 1386 snb
643 1350 752 1384 formis
783 1348 874 1383 variis
908 1347 1074 1382 indulsisse

333 1405 462 1440 dicitur,
496 1400 580 1449 quod
611 1399 751 1434 interdici
780 1410 794 1432 a
823 1409 1000 1444 quoquam,
1028 1397 1072 1432 vel

333 1450 596 1488 excommunicari
625 1461 686 1483 non
723 1447 857 1493 possint,
886 1458 942 1481 neo
977 1454 1075 1481 terrae

334 1505 474 1551 ipsorum
496 1499 709 1535 ecclesiastico
731 1496 894 1531 interdicto
920 1496 1074 1541 supponi;

335 1563 486 1600 personae
504 1551 588 1597 ipsae
603 1547 641 1582 de
654 1546 785 1581 indultis
802 1544 982 1580 huiusmodi
999 1556 1075 1578 con-

334 1601 476 1639 fidentes,
498 1599 575 1634 alios
598 1596 744 1632 fidentius
768 1596 798 1630 in
828 1606 884 1629 suo
914 1595 982 1629 iure
1007 1605 1075 1628 mo-

334 1652 458 1690 lestant,
484 1657 513 1684 et
535 1654 724 1690 asserentes,
754 1644 837 1692 quod
861 1655 920 1678 nec
934 1643 1074 1677 locorum

335 1699 482 1736 ordinarii
511 1704 641 1746 possunt
675 1696 706 1730 in
739 1696 824 1741 ipsos
857 1692 1076 1731 excommuni-

335 1750 466 1784 cationis
498 1747 547 1782 vel
574 1744 727 1781 interdicti
762 1743 840 1778 ferre
874 1743 1075 1781 sententiam,

335 1800 426 1834 etiam
454 1799 596 1845 ipsorum
624 1794 852 1830 ordinariorum
888 1791 1077 1827 iurisdictio-

336 1861 407 1884 nem
430 1853 635 1883 contemnunt
661 1843 775 1891 pariter
796 1851 825 1876 et
849 1841 990 1879 eludunt,
1012 1841 1076 1875 sic—

335 1911 396 1947 que
418 1907 619 1946 personarum
642 1894 781 1942 ipsarum
808 1903 955 1927 excessus
982 1902 1079 1925 rema-

337 1955 411 1983 nent
448 1945 611 1981 incorrecti
650 1951 680 1978 et
723 1954 837 1977 nervus
870 1940 1079 1988 disrumpitur

336 1996 565 2033 ecclesiasticae
592 1992 789 2040 disciplinae.

385 2047 405 2095 g
445 2050 475 2080 1.
503 2045 568 2080 Nos
601 2044 706 2090 itaque
732 2041 930 2076 intendentes
964 2039 993 2073 in
1022 2039 1080 2072 lioc

338 2096 460 2132 salubre
476 2094 647 2130 remedium
671 2091 830 2129 adhibere,
848 2101 958 2125 omnes
977 2087 1080 2122 indul-

339 2147 461 2195 gentias
487 2153 516 2180 et
548 2142 708 2191 privilegia
737 2139 916 2176 huiusmodi
945 2138 1081 2186 quibus-

340 2207 477 2243 cumque
509 2193 720 2240 singularibus
753 2189 894 2238 personis
926 2187 1081 2223 ecclesia-

340 2247 425 2282 sticis
459 2245 504 2279 vel
528 2242 738 2278 saecularibus
765 2240 991 2285 cuiuscumque
1018 2238 1082 2272 sint

341 2294 595 2343 praeminentiae,
618 2290 789 2338 dignitatis,
811 2288 1013 2330 conditionis,
1031 2294 1082 2321 aut

341 2354 439 2380 status
472 2343 531 2378 sub
563 2352 761 2389 quacumque
795 2338 957 2372 verborum
987 2337 1082 2371 forma

342 2409 500 2438 conces-a,
525 2396 594 2435 illis,
618 2407 673 2443 per
699 2405 777 2441 quae
805 2391 932 2439 regibus
953 2399 983 2425 et
1003 2389 1085 2436 regi-

344 2453 403 2496 nis,
425 2463 572 2487 eorumve
594 2450 678 2492 filiis,
702 2460 759 2482 nec
782 2459 843 2481 non
876 2454 906 2481 et
932 2444 1086 2491 religiosis

343 2506 530 2554 quibusdam
547 2517 607 2540 non
624 2514 825 2552 personarum
860 2507 997 2539 tantum,
1032 2498 1084 2533 sed

345 2561 490 2595 ordinum
520 2559 564 2595 vel
593 2559 730 2593 locorum
761 2554 1028 2603 privilegiatorum
1056 2551 1085 2586 in

346 2614 406 2649 hoc
428 2614 545 2648 ratione
563 2610 742 2647 huiusmodi
766 2608 947 2644 immunitas
973 2618 1088 2642 conce-

347 2667 429 2702 ditur
452 2666 610 2702 dumtaxat
637 2664 787 2712 exceptis,
815 2662 853 2697 de
881 2662 1009 2697 fratrum
1039 2671 1087 2694 no-

911 282 1009 305 BULLA
1015 281 1096 305 tum!
1117 280 1280 303 ROMANUM

1110 343 1246 370 strorum
1279 334 1413 370 consilio
1439 335 1478 370 ad
1513 334 1743 370 ordinariorum
1775 347 1851 371 sen—

1111 385 1226 420 tentias
1267 392 1299 419 et
1338 395 1521 432 processus.
1562 384 1666 421 edicto
1701 394 1852 433 perpetuo

1112 434 1313 481 prohibemus
1340 433 1481 475 extendi,
1508 441 1539 469 et
1565 434 1590 469 si
1619 434 1722 470 forsan
1749 436 1850 482 quoad

1111 484 1279 519 sententias
1300 491 1330 519 et
1351 495 1516 531 processus
1541 483 1721 520 huiusmodi
1748 486 1850 533 aliqua

1111 545 1258 568 concessa
1286 533 1484 568 inveniantur
1510 545 1668 581 expresse,
1694 534 1733 569 ad
1756 535 1851 570 instar

1112 583 1210 618 felicis
1227 583 1448 618 recordationis
1461 582 1629 618 Alexandri
1643 583 1748 631 Papae
1762 597 1852 631 prae·

1111 632 1285 668 decessoris
1306 632 1414 674 nostri,
1433 645 1466 666 ea
1487 633 1517 666 in
1539 640 1690 680 quantum
1714 646 1769 681 per
1786 635 1850 681 ipsa

1111 682 1338 718 ordinariorum
1374 682 1513 717 iudicum
1541 681 1713 718 iurisdictio
1751 684 1851 731 tangi-

1113 740 1173 773 tur,
1197 732 1321 779 penitus
1353 743 1551 774 revocamus,
1578 731 1784 768 nihilominus
1806 733 1852 768 lo-

1112 794 1218 816 corum
1242 781 1435 817 dioecesanis
1455 789 1485 816 et
1506 781 1759 829 quibuscumque
1784 783 1852 817 aliis

1112 831 1276 866 ordinariis
1297 831 1465 875 iudicibus,
1489 839 1522 865 ut
1548 831 1580 865 in
1602 843 1676 866 suos
1697 831 1850 873 subditos,

1113 890 1203 927 prout
1218 880 1254 915 ad
1277 892 1332 916 eos
1355 881 1497 927 pertinet,
1522 880 1727 927 indulgentiis
1747 890 1778 916 et
1794 883 1853 929 pri-

1114 930 1231 976 vilegiis
1252 930 1329 977 ipsis
1356 942 1553 977 nequaquam
1575 930 1786 975 obstantibus,
1809 932 1853 966 iu-

1113 980 1323 1015 risdictionem
1350 992 1439 1014 suam
1461 988 1492 1014 et
1518 992 1683 1015 censuram
1710 981 1854 1016 ecclesia-

1112 1030 1221 1114 {ticam
1255 1041 1400 1064 exercere
1434 1028 1532 1063 libere
1568 1030 1709 1071 valeant,
1736 1042 1853 1066 conce-

1135 1087 1231 1114 entes.

1161 1128 1227 1176 §2
1243 1128 1327 1164 Nulli
1341 1140 1416 1175 ergo
1437 1129 1566 1163 omnino
1583 1128 1745 1164 hominum
1763 1129 1853 1165 liceat

1100 1177 1193 1213 >·hanc
1222 1178 1364 1225 paginam
1395 1185 1516 1213 nostrae
1543 1178 1773 1225 prohibitionis,
1795 1191 1852 1214 re-

1113 1228 1284 1263 vocationis
1306 1236 1336 1262 et
1361 1228 1575 1264 concessionis
1595 1226 1776 1274 infringere,
1799 1236 1853 1263 etc.

1114 1276 1147 1312 Si
1169 1277 1252 1324 quis,
1274 1285 1325 1312 etc.

1161 1326 1276 1362 Datum
1298 1326 1440 1369 viterbii,
1470 1326 1575 1362 idibus
1602 1328 1746 1374 augusti,
1774 1339 1854 1375 pon-

1114 1376 1250 1412 tificatus
1272 1377 1367 1412 nostri
1390 1388 1472 1412 anno
1498 1376 1648 1412 secundo.

1149 1437 1210 1468 Dat.
1231 1439 1277 1468 die
1293 1439 1330 1468 13
1345 1439 1461 1477 augusti
1480 1438 1564 1475 1266,
1578 1439 1682 1478 pontif.
1700 1448 1776 1469 anno
1791 1448 1820 1469 ιι,

1433 1588 1532 1622 xvtt.

1119 1662 1210 1702 Quod
1227 1662 1348 1695 abbates
1375 1666 1400 1693 et
1428 1661 1494 1699 alii,
1521 1661 1629 1706 quibus
1651 1660 1760 1694 mitrae
1787 1672 1858 1694 usus

1164 1717 1206 1744 est
1232 1711 1270 1744 ab
1297 1710 1472 1755 Apostolica
1498 1709 1574 1743 Sede
1607 1720 1775 1747 concessus,
1805 1721 1859 1743 ex-

1165 1760 1257 1805 empli
1282 1760 1414 1805 quidem,
1441 1759 1472 1791 in
1501 1759 1636 1792 conciliis
1662 1765 1689 1792 et
1715 1759 1857 1803 synodis,

1165 1810 1264 1844 mitris
1300 1809 1509 1843 tantummodo
1543 1808 1767 1852 aurifriqiatis,
1799 1819 1861 1842 non

1166 1859 1298 1904 exempti
1316 1870 1386 1892 vero
1407 1858 1594 1903 simplicibus
1615 1858 1694 1891 albis
1715 1864 1741 1890 et
1759 1858 1861 1902 planis

1168 1916 1294 1953 utuntur
1315 1910 1371 1951 (l).

1384 1977 1597 2008 SUMMARIUM

1121 2042 1306 2072 Prooemium.
1338 2057 1376 2064 —
1397 2041 1422 2070 1.
1447 2039 1487 2070 Ex
1514 2040 1615 2070 mitrae
1641 2039 1862 2070 indeterminata

1160 2085 1349 2117 concessione
1394 2084 1514 2115 abbates
1541 2085 1617 2114 inter
1651 2088 1679 2114 et
1711 2084 1863 2123 episcopos

1160 2135 1238 2161 ortae
1260 2139 1346 2169 saepe
1365 2130 1537 2160 discordiae.
1556 2145 1592 2151 —-
1611 2128 1638 2158 Ξ.
1658 2127 1800 2158 Statutum
1819 2128 1865 2165 (de

1161 2185 1209 2215 quo
1230 2176 1257 2204 in
1278 2174 1410 2212 rubrica).

1166 2242 1284 2271 Clemens
1318 2242 1459 2277 episcopus
1477 2247 1571 2269 servus
1599 2246 1737 2268 servornm
1765 2238 1820 2270 Dei.

1269 2293 1303 2321 ad
1320 2292 1480 2328 perpetuam
1498 2291 1538 2320 rei
1553 2290 1718 2318 memoriam.

1172 2354 1275 2402 Exigit
1297 2354 1393 2389 nostri
1420 2353 1512 2389 officii
1539 2347 1696 2391 debitum,
1724 2358 1759 2386 ut
1785 2351 1864 2385 inter

1125 2404 1267 2440 subditos
1284 2403 1420 2439 scandali
1437 2402 1621 2438 submovere
1634 2401 1792 2436 materiam
1806 2399 1865 2434 sol-

1126 2455 1209 2489 licite
1240 2453 1435 2497 studeamus,
1464 2451 1644 2500 praesertim
1678 2462 1715 2485 ne
1744 2462 1761 2485 a
1782 2448 1865 2484 Sede

1126 2504 1305 2552 Apostoliea
1331 2503 1429 2550 Regis
1451 2502 1591 2537 ministra
1617 2499 1738 2548 pacifici
1765 2498 1865 2534 turba-

1127 2555 1221 2589 tionis
1242 2562 1272 2589 et
1298 2552 1524 2588 discordiarum
1552 2550 1676 2586 occasio
1701 2548 1795 2584 tribui
1823 2549 1867 2582 vi-

1128 2603 1250 2639 deatur.

1164 2670 1202 2704 (t)
1219 2669 1257 2696 Ex
1274 2669 1378 2704 Regest.
1397 2667 1480 2695 Vatic.

1867 277 1914 304 An.
1932 275 1961 303 C.
1981 275 2048 303 ¹266

1900 1141 2017 1163 Clausulas.

1904 2359 2034 2381 Prot-mium.
