2129 3223
927 221 1024 244 ismzx
1051 221 1165 244 aenum
1695 213 1765 247 829

264 274 427 310 Scalensis
450 274 591 310 Ecclesia
620 274 681 309 sub
704 273 796 309 Sedis
823 274 1026 322 Apostolicac
1048 275 1244 322 protectione
1268 276 1428 324 recipitur,
1452 280 1499 311 83
1527 280 1553 312 b.
1585 277 1670 313 Bona
1695 281 1818 317 omnia,

362 336 497 372 quorum
522 324 600 358 sines
630 323 867 364 deseribuntur,
895 325 1136 370 confirmantur,
1158 326 1233 359 ibid.
1258 334 1288 360 et
1309 339 1368 372 seq.

217 405 220 407 .
262 374 450 409 Scholarum
474 373 620 413 cessatio,
649 374 721 407 606
749 375 776 407 b.

262 423 387 458 Scotiae
418 435 551 470 regnum
579 435 595 457 a
617 423 743 458 nemine
767 422 824 457 nisi
853 436 868 457 a
897 423 1041 458 Romano
1067 423 1221 459 Pontifice
1249 426 1591 462 excommunicandum
1620 426 1813 468 declaratur,

362 474 408 507 58
430 474 457 507 b.
483 472 606 508 Causae
628 472 658 506 in
677 485 715 507 eo
737 480 860 507 exortae
884 481 968 508 extra
993 473 1066 508 illud
1092 486 1153 508 non
1177 482 1251 508 sunt
1278 476 1498 521 asportandae,
1522 479 1567 511 59
1585 490 1616 511 α.

261 522 386 558 Scotiae
413 534 464 557 rex
492 521 678 558 Wilielmus
710 523 745 555 V.
775 521 968 557 WillelniuS.

262 570 432 607 Scoticana
454 571 596 606 Ecclesia
619 571 693 607 Sedi
718 570 918 618 Apostolicae
941 572 1119 607 immediate
1141 572 1320 617 subiicitur,
1349 575 1394 608 59
1417 587 1445 608 α.
1476 574 1501 608 Α
1526 575 1654 610 nemine
1682 588 1814 611 excom-

360 621 549 656 municanda
569 621 628 656 nisi
653 633 668 655 a
691 620 837 655 Romano
861 621 1025 661 l‘ontisicc,
1047 623 1122 656 ibid.
1147 621 1322 656 Libertates
1344 631 1373 657 et
1394 623 1609 660 immunitates
1635 625 1661 659 ci
1691 626 1810 660 constr-

360 679 502 710 mantur,
536 672 610 705 ibid.
646 673 672 705 b.
714 669 780 704 Soli
814 670 1014 717 Apostolicae
1048 671 1125 706 Sedi
1160 671 1320 712 subiecta,
1361 674 1405 706 84
1446 675 1473 706 b.
1510 672 1750 709 Confirmantur
1784 675 1811 709 ei

361 720 521 767 privilegia
545 731 580 755 ac
606 719 768 754 libertates
790 731 913 760 omnes,
937 722 982 754 85
1009 734 1043 759 a;
1071 732 1204 767 eamque
1226 733 1241 755 a
1264 720 1329 756 sola
1352 721 1494 756 Romana
1523 723 1663 758 Ecclesia
1679 751 1686 763 ,
1723 724 1814 758 eius-

360 782 422 816 que
447 770 486 804 de
509 769 604 804 latere
626 769 728 815 legato
756 771 1024 804 excommunicari
1052 770 1244 806 decernitur.
1268 772 1341 805 ibid.
1374 770 1534 806 Ecclesiae
1559 772 1718 808 Romanae
1735 786 1814 819 spe-

359 819 447 854 cialis
476 818 550 864 fitia,
572 821 642 853 545
665 821 693 853 b.
717 818 877 853 Ecclesiae
902 819 928 854 ei
949 819 1122 863 subiectae,
1151 821 1221 854 546
1237 832 1267 854 α.
1296 819 1462 866 privilegia
1477 822 1716 865 confirmantur,
1731 824 1810 856 ibid.

260 868 392 903 Scuriae
418 876 556 904 castrum
583 868 660 903 iuris
681 868 714 903 S.
745 868 783 902 R.
813 868 863 908 E..
891 871 962 902 272
985 870 1012 902 b.

258 917 493 953 Secliowiensis
514 917 655 952 Ecclesia
678 917 718 952 ab
736 917 885 952 Ebrauilo
913 917 1052 964 archiep.
1082 917 1316 965 Salisburgensi
1341 918 1484 963 fundata,
1512 921 1576 954 561
1606 933 1636 955 α.

257 966 358 1002 Sedes
384 967 567 1014 Apostolica
597 967 815 1012 magisterium
852 967 993 1013 possidet
1027 967 1259 1002 ecclesiasticae
1297 967 1508 1014 disciplinae‚'
1534 972 1577 1004 72
1605 983 1635 1004 α.
1671 969 1719 1004 Ad
1744 983 1813 1005 eam

357 1012 477 1064 spectat
508 1016 546 1052 de
581 1016 686 1050 dubiis
712 1016 743 1050 in
779 1016 929 1061 religione
956 1016 1144 1056 decernere,
1181 1019 1227 1051 62
1255 1028 1284 1051 α.
1323 1016 1401 1051 Eius
1440 1030 1513 1052 cura
1542 1032 1597 1065 pro
1638 1031 1815 1066 recupera-

357 1067 442 1100 tione
475 1065 591 1100 Terrae
619 1065 766 1105 Sanctae,
802 1065 848 1101 87
875 1067 902 1100 b.
933 1064 1085 1100 Omnium
1115 1065 1255 1100 fidelium
1286 1073 1384 1101 mater
1416 1076 1444 1101 et
1473 1069 1637 1114 magistra,
1675 1070 1743 1104 129
1784 1071 1815 1111 b,

360 1116 428 1150 182
454 1128 484 1150 a.
513 1115 551 1150 Ei
571 1115 722 1161 primatus
741 1126 757 1149 a
776 1114 844 1149 Deo
865 1126 1049 1159 concessus,
1075 1116 1142 1149 167
1165 1117 1193 1149 b.
1223 1115 1452 1151 Auctoritatem
1478 1116 1570 1152 babet
1602 1117 1812 1164 legitimandi,

358 1166 426 1200 182
451 1177 481 1205 a,
510 1164 587 1199 Eius
612 1165 650 1199 de
674 1163 805 1210 imperio
833 1163 968 1199 Roman.
1004 1163 1195 1199 Germanico
1217 1176 1308 1205 cura,
1335 1166 1402 1199 ι169
1425 1178 1454 1199 α.
1484 1165 1517 1200 In
1546 1179 1581 1201 ea
1607 1166 1723 1201 residet
1747 1167 1813 1213 ple-

354 1213 465 1248 nitudo
489 1214 665 1260 potestatis,
692 1215 763 1247 472
790 1225 820 1247 α.
850 1213 926 1248 Eius
949 1214 1047 1256 bona,
1080 1223 1181 1249 castra
1207 1221 1260 1248 etc.
1297 1213 1418 1261 absque
1445 1227 1604 1250 consensu
1634 1216 1667 1250 S.
1701 1214 1740 1250 R.
1771 1215 1808 1250 E.

354 1262 563 1298 cardinalium
588 1275 650 1297 non
677 1270 753 1297 sunt
774 1262 952 1303 alienanda,
980 1265 1046 1297 4151
1081 1276 1110 1297 α.
1139 1262 1262 1297 Omnes
1289 1265 1568 1300 excommunicare
1603 1266 1648 1299 vel
1678 1265 1810 1299 interdi-

356 1323 428 1347 cere
454 1320 567 1358 potest,
589 1313 659 1347 618
682 1325 701 1346 α
724 1318 755 1346 et
776 1324 836 1357 seq.

254 1360 458 1396 Senebaldus
479 1360 575 1396 abbas
597 1361 779 1396 monasterii
807 1360 840 1395 S.
864 1360 997 1403 Quirici.
1032 1362 1067 1395 V.
1091 1361 1214 1403 Quirici
1242 1361 1298 1406 (S.)
1322 1363 1506 1397 monasterii
1534 1371 1588 1397 etc.

253 1409 408 1445 Senensis
434 1409 577 1446 Ecclesia
599 1410 660 1445 sub
686 1410 797 1457 Apost.
821 1409 914 1445 Sedis
942 1411 1137 1458 protectione
1166 1412 1352 1458 suscipitur,
1375 1411 1468 1458 eique
1492 1412 1570 1447 bona
1600 1414 1704 1448 omnia
1728 1425 1810 1448 con-

352 1459 531 1503 firmantur,
554 1461 626 1494 258
650 1472 679 1494 α.

251 1507 355 1555 Sergii
377 1517 409 1544 et
430 1508 547 1544 Bacchi
573 1516 754 1544 sanctorum
778 1516 949 1557 martyrum
972 1508 1134 1544 Ecclesiae
1163 1508 1243 1544 bona
1265 1510 1505 1554 confirmantur,
1530 1514 1590 1546 ¹51
1619 1524 1639 1545 α
1661 1519 1690 1546 et
1713 1524 1775 1558 seq.

253 1555 447 1593 Servitarum
482 1558 559 1593 ordo
593 1558 654 1593 sub
687 1559 783 1594 tutela
805 1558 915 1605 Apost.
947 1558 1039 1593 Sedis
1067 1558 1249 1605 suscipitur,
1278 1562 1350 1593 653
1377 1561 1404 1592 b.
1442 1560 1518 1593 Eiuz
1542 1561 1669 1606 regulae
1707 1561 1805 1594 robur

350 1607 498 1642 adiicitur
521 1607 742 1654 apostolicum,
764 1609 839 1642 ibid.
868 1607 983 1642 Votum
1014 1608 1210 1653 paupertatis
1231 1609 1334 1654 quale,
1359 1610 1429 1641 651
1452 1621 1481 1642 α.

252 1656 361 1690 Setina
384 1656 528 1691 Ecclesia
549 1656 772 1691 Terracinensi
798 1656 916 1697 unitur,
944 1658 1015 1690 515
1043 1657 1071 1690 b.

252 1703 404 1739 Setularis
428 1705 473 1739 vel
491 1705 660 1747 Sotularis‚
682 1705 756 1752 qnid
780 1707 830 1746 sit,
856 1707 923 1739 116
947 1707 974 1739 b.
1006 1706 1040 1738 V.
1066 1712 1131 1739 not.
1154 1705 1192 1739 atl
1216 1705 1332 1740 calcem
1357 1707 1472 1741 colum.
1497 1706 1653 1741 eiusdem.

253 1752 379 1788 Siciliae
401 1765 490 1799 reges
513 1754 593 1789 bene
615 1754 653 1788 de
680 1754 764 1789 Sede
792 1754 972 1801 Apostolica
996 1754 1109 1795 meriti,
1135 1756 1201 1789 130
1223 1766 1252 1788 a.

252 1801 379 1837 Siciliae
415 1815 560 1848 regnum.
587 1803 701 1838 Modus
729 1803 861 1839 faciendi
898 1804 1071 1838 electiones
1099 1804 1323 1850 episcoporum
1362 1805 1391 1838 in
1418 1805 1482 1849 illo,
1514 1808 1582 1840 150
1606 1807 1633 1839 b.
1668 1805 1716 1840 Ad
1760 1807 1809 1840 ins

352 1860 382 1887 et
409 1853 632 1899 proprietatem
657 1853 749 1888 Sedis
770 1853 831 1899 Ap.
857 1854 1003 1899 pertinet,
1031 1856 1090 1888 151
1120 1867 1150 1888 α.
1181 1853 1213 1888 1η
1238 1854 1289 1888 illo
1312 1854 1350 1887 ab
1378 1854 1564 1890 Innocentio
1586 1854 1627 1889 lV
1655 1855 1718 1890 PP.
1750 1867 1805 1890 re-

353 1910 501 1937 vocantur
523 1915 557 1937 ea
576 1915 656 1950 quae
676 1911 783 1938 contra
807 1903 979 1938 libertatem
999 1903 1244 1938 eeclesiasticam
1262 1916 1278 1938 a
1298 1903 1462 1938 Friderico
1481 1917 1553 1950 rege
1579 1912 1646 1939 acta
1669 1904 1806 1946 fuerant,

354 1954 424 1987 537
451 1965 480 1986 α.
508 1952 686 1987 Innocentii
709 1952 750 1987 IV
773 1953 835 1987 PP.
863 1965 937 1987 cura
960 1953 998 1987 ‹le
1026 1953 1151 1991 eodem,
1178 1955 1247 1988 559
1276 1966 1305 1988 α.
1335 1953 1414 1988 luris
1433 1954 1542 2000 Apost.
1572 1953 1667 1989 Sedis
1688 1953 1805 1989 Carolo

352 2001 502 2036 Lodovici
533 2002 617 2048 regis
643 2001 796 2037 Franciae
821 2002 905 2037 l'ratri
929 2002 1124 2047 intendatur,
1149 2005 1218 2037 747
1242 2016 1271 2037 a.

253 2050 361 2086 Sicula
384 2050 529 2085 Ecclesia
552 2063 567 2085 a
591 2050 756 2086 Friderico
778 2051 805 2086 ll
834 2052 911 2099 imp.
934 2064 1098 2098 oppressa,
1122 2054 1194 2086 513
1215 2054 1243 2086 b.

253 2099 352 2135 Siculi
377 2100 414 2135 ad
436 2100 528 2134 fidem
553 2112 612 2135 suo
635 2101 701 2146 regi
728 2101 915 2136 servandam
939 2101 1162 2141 admonentur,
1193 2103 1263 2136 164
1292 2114 1322 2136 α.

252 2148 434 2196 Sigefridus
461 2149 632 2196 episcopus
659 2149 904 2185 Caniminensis.
940 2152 974 2184 V.
999 2150 1235 2186 Camminensis
1258 2151 1378 2185 civitas.

253 2199 384 2234 Simeon
407 2198 641 2233 Ravennatens.
666 2198 804 2247 archiep.
834 2201 868 2234 V.
894 2200 1148 2235 Ravennatensis
1174 2200 1327 2235 Ecclesia.

251 2248 381 2283 Simeon
404 2247 607 2283 Terracensis
629 2248 810 2296 episcopus.
843 2251 874 2283 V.
898 2250 1103 2286 Terracensis
1127 2250 1280 2284 Ecclesia.

252 2297 366 2333 Simon
395 2297 435 2332 de
462 2296 610 2332 Monforti
635 2297 699 2332 dux
722 2300 878 2334 exercitus
899 2308 1007 2334 contra
1036 2300 1212 2334 haereticos
1235 2299 1460 2337 provinciales.
1485 2302 1555 2333 236
1585 2302 1613 2333 b.

253 2346 364 2383 Simon
387 2346 602 2382 Eboracensis
624 2346 776 2388 decanus,
801 2351 845 2383 97
875 2362 905 2387 a,
937 2351 1006 2383 104
1029 2351 1057 2383 b.

252 2395 395 2431 Simonia
418 2396 541 2430 vitanda
570 2395 600 2429 in
629 2397 810 2442 receptione
833 2398 1062 2433 monachorum
1086 2405 1137 2432 aut
1162 2397 1464 2437 sanctimonialium,
1488 2399 1558 2432 246
1581 2410 1612 2440 a,
1635 2400 1707 2432 298
1734 2411 1764 2431 α.

252 2444 385 2480 Soranis
406 2445 526 2480 civibus
551 2444 711 2480 libertates
734 2454 765 2480 et
786 2448 932 2493 antiquae
954 2447 1128 2482 laudabiles
1151 2447 1393 2481 constitutiones
1415 2447 1656 2486 confirmantur,
1680 2450 1745 2481 211
1774 2449 1802 2481 b.

356 2493 423 2530 Sub
446 2494 641 2540 protectione
663 2494 774 2541 Apost.
796 2494 887 2531 Sedis
909 2497 1140 2544 suscipiuntur,
1159 2497 1230 2529 445
1257 2497 1284 2530 b.
1311 2495 1479 2542 privilegia
1504 2496 1550 2529 eis
1575 2495 1806 2539 conceduntur,

356 2545 426 2578 446
450 2556 480 2579 a.

254 2592 422 2628 Sorbutuli
447 2592 538 2641 plebs
562 2591 878 2641 Fot'osemproniensi
905 2595 1066 2631 Ecclesiae
1093 2594 1284 2641 assignatur,
1312 2595 1381 2628 407
1411 2606 1441 2628 α.
