2129 3223
63 277 112 304 An*
130 275 156 303 C.
180 276 246 302 {198

77 677 171 699 flumem
191 683 245 699 eon-

14 720 20 724 -
64 709 159 730 [irnietio.

859 269 1070 294 ixsocexrirs
1093 269 1130 290 111
1154 268 1201 289 νυ,
1684 250 1751 281 tati
1818 259 1866 284 An.
1886 257 1996 282 011οα

259 330 417 366 consules,
440 327 566 364 consilia
596 326 804 362 Lombardiae
835 326 1006 369 astringen.

259 380 422 415 constituit
461 378 606 413 iuratoria
640 376 797 414 cautione,
837 382 867 413 et
902 382 931 408 te
970 371 1007 407 ad

261 427 438 476 recipienda
467 427 641 462 iuramenta
663 437 772 460 eorum
803 423 832 458 in
877 422 1009 470 quibus-

258 478 328 513 dem
373 476 552 512 civitatibus
590 474 762 522 deputavit,
804 472 922 506 indulta
955 470 1007 505 tibi

259 527 356 562 libera
377 525 523 561 l‘acultate
545 533 748 561 contumaces
783 520 1010 556 exeommuni-

258 575 402 618 cationis,
429 582 457 609 et
474 582 572 609 terras
598 585 707 609 corum
742 570 895 606 interdicti
936 582 1010 604 sen-

259 624 365 660 tentiis
401 623 545 658 feriendi.
582 623 652 658 'Nos
696 621 802 667 igitur,
845 619 928 667 quod
971 618 1010 652 ab

259 673 370 709 eodem
418 672 568 708 cardinali
608 671 737 719 provida
787 668 1011 703 deliberatione

259 731 410 758 statutum
439 730 486 756 est
517 729 616 756 ratum
651 720 814 761 habentes7
853 727 883 752 ut
928 718 1010 751 iuxta

260 772 443 807 mandatum
472 771 539 806 eius
560 783 576 805 a
608 768 788 805 civitatibus
825 768 884 801 illis
916 779 1012 813 super

258 821 320 856 boc
361 821 467 867 exigas
512 828 539 855 et
577 819 712 866 recipias
747 818 932 859 iuramenta,
973 815 1010 850 ad

257 879 338 918 'quas
359 877 390 903 te
413 870 482 917 ipse
503 869 634 904 duxeris
655 866 891 909 destinandum,
911 865 1013 899 iniun-

261 920 367 965 gimus
394 918 580 954 auctoritate
617 918 672 952 tibi
713 916 925 963 praesentium
964 915 1013 948 in-

261 968 438 1015 dulgentes,
467 975 499 1002 ut
521 967 767 1002 contradictores
793 964 1014 998 excommuni-

260 1017 394 1052 cationis
412 1017 569 1051 sententia
593 1016 697 1059 ferias,
720 1025 747 1049 et
771 1022 869 1048 terras
903 1025 1012 1047 eorum

258 1066 412 1102 subiicias
436 1065 614 1101 interdicto.
639 1064 722 1100 Nulli
746 1075 821 1109 ergo
842 1070 894 1096 etc.

308 1113 427 1151 Datum
455 1113 576 1150 Romae
598 1114 680 1161 apud
697 1113 849 1148 Sanctum
879 1110 1011 1145 Petrum

260 1164 528 1211 decimoseptimo
548 1163 699 1198 kalendas
726 1161 803 1196 iulii.

334 1219 394 1250 Dat.
413 1221 460 1251 die
482 1221 517 1250 15
536 1221 609 1250 iunii
633 1230 708 1249 anno
726 1218 841 1248 Domini
863 1217 947 1252 1198,

518 1262 621 1303 pontif.
645 1272 721 1293 anno
744 1271 761 1292 1.

611 1419 666 1453 xl.

266 1499 466 1544 Confirmatio
494 1497 679 1540 reyulari'wn
707 1497 931 1528 institutionum
966 1506 1019 1527 ca-

315 1548 493 1580 nonicorum
520 1546 890 1587 Praemonstralensium7
911 1544 1019 1588 quibus

316 1596 467 1629 nonnulla
488 1595 695 1627 conceduntur
719 1594 883 1638 privileqia
911 1594 968 1636 (t).

534 1666 748 1696 Scililstntmt

268 1734 457 1767 Pruoemiuin.
501 1751 539 1755 —
574 1733 682 1762 Omnes
720 1734 871 1770 regulares
908 1733 1021 1761 ordinis

309 1774 399 1804 huius
418 1773 620 1803 institutiones
640 1773 803 1802 confirmat.
832 1789 870 1794 --
893 1772 1021 1810 Regulas

310 1813 354 1843 eis
375 1813 510 1852 imponit.
529 1829 567 1834 —-
585 1811 665 1841 Libri
685 1812 734 1850 qui
758 1812 792 1841 ad
811 1812 938 1841 officium
959 1821 1023 1850 per-

309 1853 404 1883 tinent
426 1852 613 1881 uniformiter
642 1855 805 1881 teneantur.
833 1868 872 1872 —
894 1850 1022 1880 Abbates

311 1892 442 1930 singulis·
457 1892 544 1920 annis
563 1891 597 1920 ad
618 1891 754 1928 generale
773 1891 935 1929 capitulum
955 1901 1023 1920 con-

313 1932 412 1961 venire
438 1931 561 1960 debent:
583 1947 621 1952 —
642 1929 674 1959 ln
696 1940 753 1969 quo
777 1931 935 1968 diligenter
958 1940 1023 1969 per-

312 1971 461 2004 tractanda
485 1975 554 2000 sunt
574 1979 649 2009 quae
673 1971 708 2000 ad
732 1971 908 2009 disciplinae
932 1980 1021 2008 regu—

312 2010 383 2040 laris
406 2011 621 2040 incrementum
646 2013 674 2039 et
691 2010 856 2040 animarum
880 2011 1022 2039 aedifica-

313 2050 421 2080 tionem
453 2053 595 2087 spectant.
621 2065 659 2071 —
677 2049 804 2080 Abbates
826 2050 952 2080 infames
976 2054 1025 2079 aut

313 2089 435 2120 inutiles
458 2088 634 2128 deponendi.
655 2106 695 2112 —
716 2089 922 2120 Ecclesiastica
950 2099 1023 2118 cen-

314 2138 384 2160 sura
414 2129 606 2168 pronunciata
636 2129 666 2159 in
693 2130 843 2169 depositos
866 2130 915 2169 qui
942 2130 1025 2159 datae

315 2170 479 2199 sententiae
510 2177 568 2198 non
599 2169 802 2208 acquiescunt.
833 2187 872 2192 —
899 2169 937 2198 De
960 2169 1024 2198 ele-

314 2210 411 2239 ctione
438 2213 467 2238 et
488 2206 692 2238 benedictione
711 2208 837 2239 abbatis.
862 2226 900 2231 —
922 2208 961 2238 De
983 2210 1026 2238 vi-

310 2249 452 2278 sitatione
471 2248 736 2278 Praemonstraten.
754 2248 913 2279 Ecclesiae.
932 2266 969 2270 —
987 2248 1025 2277 De

315 2287 473 2318 abbatibus
490 2287 664 2318 inferiorum
684 2288 878 2318 abbatiarum.
897 2305 935 2310 —
951 2288 1027 2318 Non-

317 2327 397 2358 nulla
421 2327 574 2367 privilegia
606 2327 755 2365 elargitur.
777 2345 816 2350 —-
838 2328 915 2358 Nulli
941 2328 1027 2358 liceat

314 2367 348 2397 in
376 2366 422 2397 his
444 2375 519 2406 quae
544 2367 580 2396 ad
602 2367 715 2396 ordinis
739 2368 868 2398 instituta
894 2373 1027 2406 spectant

316 2406 475 2445 appellare.
501 2423 540 2428 —
564 2405 586 2436 E
604 2406 722 2436 saeculo
746 2406 892 2444 fugientes
916 2407 1026 2437 liberae

317 2454 462 2485 personae
484 2446 520 2476 ad
538 2446 759 2476 conversionem
779 2447 868 2486 recipi
893 2452 1026 2486 possunt.

317 2502 356 2507 —
367 2485 603 2515 Consuetudines
619 2490 646 2515 et
661 2486 778 2515 constit.
789 2485 908 2516 Ordinis
919 2488 1027 2516 confir-

319 2529 387 2554 mat.
417 2542 455 2547 —
473 2525 635 2555 Nonnullas
658 2526 793 2555 concedit
814 2528 1024 2565 exemptiones.

319 2580 357 2586 —
385 2563 470 2594 Nulla
503 2574 630 2603 persona
661 2565 765 2594 fratres
797 2566 832 2595 ad
863 2566 1025 2596 saecularia

315 2628 354 2663 (t)
370 2629 407 2655 Ex
426 2629 503 2655 Baluz
519 2649 525 2661 ‚
546 2629 627 2664 Epist⁴
650 2630 709 2655 329.

1090 321 1197 350 iudicia
1217 319 1323 348 audeat
1340 327 1505 357 provocare:
1524 316 1574 345 sed
1593 318 1703 344 tantum
1724 312 1800 351 apud

1089 363 1325 394 ecclesiasticum
1362 362 1501 391 iudivem.
1543 377 1579 382 -—
1614 357 1802 388 Interdicitur

1091 417 1161 438 usus
1190 406 1369 445 suscipiendi
1395 404 1577 434 curiositatis
1604 401 1742 432 animalia
1767 406 1800 429 ad

1093 452 1293 482 nutriendum.
1307 468 1343 472 --
1361 450 1443 479 Nulla
1458 448 1657 477 n‹·rlcsitistica
1679 454 1801 484 persona

1091 498 1197 526 fratres
1220 495 1396 524 interdisere
1420 498 1465 521 aut
1495 491 1675 530 suspendere
1698 493 1802 529 potest.

1090 558 1128 564 -
1146 540 1253 569 Solitae
1278 538 1439 567 rlausulav.

1052 601 1221 632 innocentius
1239 601 1379 636 episcopus
1400 605 1493 627 servus
1504 603 1644 625 servorum
1656 595 1712 625 Dei.
1726 594 1803 622 Petro

1098 651 1191 680 abbati
1210 649 1458 678 praemonstraten.
1480 647 1509 675 et
1524 645 1640 674 caeteris
1664 643 1804 672 abbatibus

1097 702 1126 730 et
1161 699 1295 728 canonicis
1330 695 1579 726 Praomonstraton.
1619 692 1721 722 ordinis
1745 693 1805 720 tam

1097 749 1285 786 praesentibus
1305 754 1384 783 qnam
1403 744 1510 774 futui-ts
1539 743 1692 779 regularem
1719 742 1806 770 vitam

1098 798 1241 835 professis,
1263 798 1291 825 tu
1311 796 1481 832 perpetuum.

1103 857 1136 892 In
1160 855 1309 891 eminenti
1335 851 1534 898 Apostolicae
1557 850 1650 885 Sedis
1678 849 1804 896 specula
1847 859 1977 880 emmam

1055 906 1138 949 (lieet
1165 904 1323 947 immeriti)
1345 902 1532 949 disponente
1560 900 1698 936 Domino
1723 911 1806 933 con—

1055 955 1168 993 stituti,
1193 966 1248 1000 pro
1271 952 1467 998 singulorum
1495 958 1576 984 statu
1600 949 1712 985 soliciti
1736 960 1806 983 esse

1056 1003 1288 1050 compellimur,
1316 1011 1345 1035 et
1368 1013 1401 1034 ea
1425 1001 1546 1034 sincere
1569 1007 1712 1033 tenemur
1739 1010 1808 1032 am-

1057 1054 1161 1099 plecti,
1189 1064 1268 1098 qnae
1295 1050 1333 1084 ad
1379 1051 1609 1083 incrementum
1643 1047 1808 1094 religionis

1058 1102 1226 1149 pertinent,
1255 1107 1285 1134 et
1311 1099 1348 1133 ad
1384 1100 1531 1132 virtutum
1566 1105 1709 1143 spectant
1754 1108 1808 1130 or-

1058 1159 1177 1193 natum,
1203 1157 1358 1197 quatenus
1393 1147 1611 1193 religiosorum
1649 1147 1738 1193 quies
1769 1145 1809 1179 ab

1057 1200 1142 1234 omni
1165 1199 1205 1233 sit
1228 1197 1462 1245 perturbatione
1485 1207 1606 1239 secura,
1632 1204 1663 1230 et
1684 1207 1700 1229 a
1736 1195 1809 1240 iugo

1059 1248 1237 1283 mundanae
1271 1246 1489 1293 oppressionis
1519 1252 1660 1279 servetur
1691 1243 1808 1283 illaesa,

1059 1310 1128 1331 cum
1172 1296 1343 1344 apostolica
1379 1295 1471 1329 l'uerit
1504 1293 1638 1328 tuitione
1675 1292 1806 1327 munita.

1061 1345 1278 1385 Attendentes,
1313 1345 1431 1390 itaque,
1465 1354 1527 1390 quo
1561 1342 1656 1377 modo
1700 1341 1809 1388 religio
1836 1350 1914 1370 Omne*
1944 1353 2007 1383 rosus

1060 1404 1089 1429 et
1120 1395 1197 1429 ordo
1233 1401 1334 1428 vester
1376 1393 1473 1427 multa
1511 1390 1671 1437 refulgens
1710 1391 1808 1437 gloria
1824 1382 1884 1432 iffi}
1921 1379 2008 1430 ffii'fflf

1062 1445 1256 1484 meritorum,
1278 1452 1308 1477 et
1330 1442 1426 1487 gratia
1451 1440 1597 1476 redolens
1623 1440 1810 1482 sanctitatis,
1824 1443 1894 1492 “2¹:0⁵
1929 1440 2003 1460 0⁰¹¹&-

1063 1493 1204 1540 palmites
1241 1504 1316 1526 suos
1349 1504 1363 1524 a
1398 1491 1474 1525 inari
1513 1502 1612 1536 usque
1646 1490 1682 1524 ad
1727 1479 1874 1523 marem'

1061 1541 1237 1576 extenderit
1270 1541 1374 1588 ipsum
1410 1540 1574 1577 ordinem,
1618 1547 1647 1573 et
1684 1539 1812 1573 univer-

1062 1603 1111 1625 sas
1141 1591 1252 1625 domos
1290 1589 1432 1624 eiusdem
1466 1589 1586 1622 ordinis
1624 1587 1813 1634 apostolicae

1063 1640 1267 1687 protectionis
1310 1638 1465 1685 praesidio
1514 1638 1661 1671 duximus
1703 1636 1814 1671 confo-

1064 1688 1192 1728 vendas,
1215 1697 1244 1722 et
1268 1688 1422 1733 praesenti
1458 1686 1622 1733 privilegio
1664 1686 1813 1720 munien-

1064 1737 1130 1772 das.
1159 1738 1348 1784 Eapropter‚
1377 1736 1482 1771 dilecti
1518 1735 1547 1769 in
1583 1735 1718 1769 Domino
1746 1734 1812 1778 filii,

1067 1787 1174 1821 restris
1208 1788 1296 1820 iustis
1340 1785 1602 1832 postulationibus
1644 1783 1813 1830 benignius

1064 1837 1251 1876 annuentes,
1274 1836 1311 1870 ad
1340 1835 1500 1881 exemplar
1532 1833 1630 1868 felicis
1667 1832 1814 1867 recorda-

1065 1884 1158 1918 tionis
1184 1884 1368 1928 Alexandri,
1394 1883 1498 1928 Lucii,
1521 1882 1652 1923 Urbani,
1680 1890 1710 1916 et
1740 1881 1815 1915 Cle-

1066 1934 1179 1968 mentis
1213 1933 1490 1981 praedecessorum
1526 1940 1706 1967 nostrorum
1749 1931 1816 1965 Ro-

1067 1995 1229 2017 manorum
1252 1983 1454 2022 Pontificum,
1483 1982 1643 2017 universas
1658 1980 1816 2027 regulares

1066 2032 1278 2067 institutiones
1311 2041 1341 2066 et
1379 2031 1625 2078 dispositiones,
1662 2042 1741 2077 quas
1776 2030 1815 2064 de

1066 2082 1226 2115 communi
1250 2093 1419 2125 consensu,
1443 2082 1486 2115 vel
1523 2081 1649 2115 maioris
1694 2087 1724 2114 et
1764 2091 1815 2113 sa-

1067 2130 1163 2164 nioris
1191 2131 1286 2177 partis
1309 2130 1436 2173 fecistis,
1451 2130 1532 2164 sicut
1555 2130 1683 2164 inferius
1715 2127 1816 2162 deno-

1068 2186 1183 2223 tantur,
1205 2180 1388 2214 auctoritate
1420 2179 1588 2225 apostolica
1618 2178 1815 2216 roboramus,

1067 2237 1096 2262 et
1118 2230 1292 2274 praesentis
1314 2229 1419 2275 scripti
1445 2228 1606 2273 privilegio
1636 2226 1815 2261 communi-

1068 2290 1147 2311 mus:
1173 2278 1315 2311 videlicet
1344 2286 1375 2310 ut
1395 2277 1472 2310 ordo
1499 2276 1681 2318 canonicus,
1708 2287 1816 2321 quem-

1067 2326 1236 2360 admodum
1268 2326 1297 2359 in
1336 2326 1620 2360 praemonstraten.
1661 2324 1813 2363 Ecclesia,

1068 2375 1243 2408 secundum
1266 2374 1347 2409 beati
1390 2375 1556 2420 Augustini
1593 2374 1746 2420 regulam,
1784 2382 1813 2408 et
1838 2379 2012 2415 sse÷u¹<v³⁶¹²=1w

1069 2423 1306 2470 dispositionem
1336 2423 1429 2457 recol.
1467 2423 1636 2458 memoriae
1670 2414 1896 2458 Norlierti⁹‘'¹¹'¹'

1069 2471 1226 2519 quondam
1254 2472 1539 2507 praemonstraten.
1568 2473 1688 2507 ordinis
1724 2473 1815 2507 insti-

1069 2521 1190 2564 tutoris,
1217 2529 1247 2555 et
1269 2533 1486 2556 successorum
1515 2534 1661 2563 suorum,
1689 2523 1718 2556 in
1746 2535 1815 2557 can-

1069 2569 1142 2603 dido
1164 2569 1270 2604 habitu
1300 2570 1461 2605 institutus
1501 2583 1571 2606 esse
1606 2571 1814 2618 dignoscitur,

1070 2630 1125 2664 per
1169 2631 1279 2653 omnes
1321 2619 1460 2653 eiusdem
1504 2620 1624 2654 ordinis
1659 2620 1815 2655 Ecclesias
