2129 3223
118 258 167 283 Au.
186 258 212 283 C.
236 256 299 282 litii>¹

130 461 194 480 Abba.
205 459 301 480 Cistercii

118 496 179 510 ettam
191 496 231 509 tion
248 495 300 510 tsn-

118 524 209 540 tirmtus
235 521 301 540 adnn-

138 553 282 571 inanitionem

118 585 205 601 ruffini.
231 586 300 601 !u§t·t-

117 618 164 637 pv·
183 619 201 637 Γ
212 616 250 631 “’>”

134 1873 152 1893 Γ,
163 1880 205 1894 ima
256 1874 303 1894 ele-

120 1942 156 1955 nns
165 1939 247 1955 servata
255 1941 304 1956 eon-

120 1966 219 1986 firmatur.

136 2307 160 2329 Pr
178 2310 292 2329 emittenda

140 2339 277 2360 affeetzrntus

366 244 434 276 752

901 246 1091 271 BULLARWM
1116 245 1280 269 noum!

316 321 376 342 non
413 306 564 345 habeant,
605 315 716 338 eorum
747 309 851 337 tamen
887 300 1062 349 praesentia
1106 299 1152 335 vel
1183 299 1359 335 visitatores
1391 298 1511 334 nullum
1540 298 1706 334 nominent
1737 297 1854 333 electo-

316 364 419 403 posset
448 365 515 388 esse
537 352 754 399 multiplieiter
780 351 949 386 fructuosa.

1104 360 1192 393 rem,
1230 360 1290 384 nec
1327 347 1516 384 electoribus
1559 346 1720 395 praedicto
1760 347 1854 382 modo

363 409 378 448 ἕ
401 406 433 438 5.
456 402 642 441 Caeterum,
669 401 740 448 quia
763 401 845 436 circa
877 400 1062 435 electionem
1106 398 1220 434 creatis
1241 397 1336 433 simul
1365 397 1409 432 vel
1429 397 1610 444 singillatim
1632 395 1761 444 aliquod
1779 396 1854 432 dent

315 453 436 488 abbatis
476 450 625 497 praedicti
660 450 840 484 monasterii
877 448 1061 485 Cistercien.

315 503 372 537 snit
393 502 432 537 ab
453 500 612 548 aliquibus
634 499 825 542 dubitatum,
852 511 889 533 an
907 498 1005 545 possit
1027 509 1064 532 ex

317 564 374 586 usu
406 551 513 597 aliquo
546 549 686 593 tolerari,
724 548 806 595 quod
837 548 918 582 circa
949 546 1065 582 Cister-

314 601 393 635 cien.
417 599 604 635 electionem
628 598 788 633 retroactis
807 596 1003 643 temporibus
1018 603 1065 630 est

314 650 491 688 obtentum,
523 648 680 691 videlicet,
707 655 740 681 ut
775 645 961 681 Cistercien.
998 644 1065 680 ele-

313 708 401 741 ctus,
429 698 454 732 si
482 698 554 732 eius
576 697 688 732 electio
717 695 810 730 fuerit
836 696 865 729 in
894 693 1063 729 concordia

313 748 487 790 celebrata,
522 745 739 780 administrare
776 744 892 783 valeat,
925 744 1016 778 etiam
1047 755 1062 778 a

314 797 440 832 nemine
453 795 669 834 confirmatus,
689 801 718 828 et
738 794 805 828 sine
825 792 1064 828 confirmatione

313 846 417 892 aliqua
445 857 552 880 curam
584 843 697 878 habeat
719 843 906 876 animarum.
933 841 998 876 Nos
1025 841 1063 875 ad

313 894 497 929 huiusmodi
536 892 762 927 dubitationem
805 892 835 925 in
875 898 1062 937 perpetuum

313 942 532 986 amovendam,
554 941 732 980 statuimus,
759 948 793 975 ut
820 940 850 974 in
875 940 1065 974 monasterio

314 991 512 1036 Cistercien.,
536 990 689 1026 celebrata
724 989 879 1024 electione
901 988 1064 1028 concordi,

313 1040 490 1077 secundum
525 1051 644 1074 morem
673 1039 825 1073 hactenus
851 1037 1079 1078 observatum,-

314 1091 434 1125 elcctus
471 1088 630 1136 praedicto
664 1087 760 1122 modo
795 1085 992 1122 concorditer
1027 1098 1065 1122 eo

314 1141 383 1187 ipso
407 1150 499 1174 verus
521 1139 562 1173 sit
587 1137 684 1172 abbas
706 1136 862 1176 Cistercii,
877 1146 907 1170 et
927 1135 1066 1170 admini—

312 1187 430 1222 strandi
471 1187 650 1226 licentiam,
688 1197 860 1232 curamque
886 1185 1063 1220 animarum

312 1237 443 1279 habeat,
466 1248 501 1271 ac
525 1237 556 1270 in
584 1235 732 1270 omnibus
755 1246 811 1281 pro
847 1245 918 1268 vero
952 1233 1065 1269 abbate

315 1285 446 1333 perinde
471 1284 634 1327 habeatur,
660 1295 695 1318 ac
713 1284 770 1318 sia
784 1282 867 1317 Sede
881 1283 1063 1329 Apostolica

314 1334 563 1369 confirmationis
600 1332 789 1367 beneficium
825 1331 1008 1375 habuisset,
1048 1344 1064 1366 a

315 1395 376 1430 qua
397 1383 500 1430 ipsum
524 1382 653 1428 intelligi
673 1380 818 1415 volumus
839 1388 869 1415 et
897 1382 1065 1416 statuimus

315 1432 546 1466 confirmatum.
583 1430 670 1465 Licet
708 1438 813 1464 autem
851 1429 933 1464 idem
969 1428 1066 1464 abbas

314 1479 461 1515 Cistercii
487 1478 647 1526 praedicto
665 1478 758 1513 modo
781 1478 966 1513 auctoritate
981 1490 1064 1525 apo-

315 1529 422 1564 stolica
442 1528 664 1568 consu-metum
693 1527 769 1562 nihil
793 1535 896 1561 tamen
919 1526 1066 1574 depereat

316 1590 371 1625 per
398 1578 458 1613 hoc
483 1576 627 1612 eiusdem
643 1575 761 1611 ordinis
779 1575 948 1620 libertatis,
970 1587 1063 1622 quam

315 1627 396 1661 circa
437 1626 614 1660 cessionem
649 1632 680 1660 et
710 1625 902 1659 amotionem
946 1624 1066 1659 abbatis

316 1676 413 1722 ipsius
447 1674 531 1710 idem
566 1673 644 1709 ordo
677 1673 873 1719 dignoscitur
905 1673 1064 1714 habuisse,

315 1735 475 1772 quamque
514 1724 574 1770 ipsi
613 1722 715 1758 ordini
751 1734 878 1757 manere
921 1723 1066 1757 volumus

315 1773 474 1807 illibatam.

363 1823 433 1865 56.
461 1820 499 1856 Et
527 1821 600 1866 quia
623 1819 782 1866 praefatus
803 1819 880 1854 ordo
908 1819 938 1854 in
969 1819 1067 1854 multa

316 1871 516 1917 simplicitate
535 1868 697 1912 fundatus,
721 1868 851 1916 profecit
867 1868 1068 1903 laudabiliter

319 1920 348 1954 in
376 1920 504 1959 eadem,
540 1930 598 1953 nos
631 1918 713 1952 circa
740 1918 912 1953 electiones
938 1918 967 1952 in
996 1930 1068 1952 mo-

319 1968 463 2003 nasteriis
495 1967 636 2003 eiusdem
671 1967 791 2001 ordinis
823 1966 994 2008 faciendas,
1022 1968 1068 2002 sic

319 2029 468 2064 personas
492 2017 591 2063 ipsius
612 2015 731 2050 ordinis
751 2016 937 2062 praecedere
953 2017 1068 2051 tolera—

318 2079 400 2110 mus,
422 2066 501 2100 sicut
530 2065 681 2101 hactenus
703 2072 940 2112 processerunt,
965 2077 1069 2100 neces-

317 2116 439 2150 sitatem
475 2114 646 2152 servando.
677 2115 891 2148 solemnitates
918 2125 974 2148 seu
1004 2114 1069 2148 sor-

319 2177 384 2199 mas
406 2171 570 2199 contentas
592 2163 622 2196 in
645 2162 781 2209 generali
809 2162 943 2198 concilio
966 2164 1011 2198 eis
1029 2163 1068 2197 de

317 2213 413 2259 gratia
445 2214 648 2247 remittentes.

366 2266 381 2305 g
409 2264 439 2295 7.
468 2260 663 2296 Ordinamns
697 2269 801 2294 autem
829 2260 912 2307 quod
942 2261 970 2294 in
1001 2272 1068 2294 ma-

320 2311 439 2345 ioribus
461 2310 591 2344 abbatiis
611 2310 845 2356 generationem
867 2308 1069 2349 habentibus,

319 2371 389 2394 cum
426 2359 616 2402 vacaverint,
655 2358 838 2405 quindecim
873 2358 993 2392 dierum
1030 2357 1068 2392 ad

320 2409 424 2442 minus
445 2408 482 2442 ad
506 2406 684 2454 eligendum
709 2407 860 2441 terminus
879 2408 1068 2453 assignetur.

320 2455 357 2490 Et
386 2457 468 2502 prior
502 2457 646 2504 superior
671 2467 707 2490 ac
732 2456 911 2490 cellerarius
934 2455 1070 2490 vacantis

320 2505 503 2539 monasterii
520 2505 704 2540 conveniant
718 2504 756 2539 de
769 2505 971 2548 electoribus,
991 2515 1071 2552 quos

321 2553 403 2586 idem
427 2554 523 2600 prior,
557 2562 721 2600 postquam
746 2553 784 2588 de
806 2554 885 2600 ipsis
906 2565 1070 2588 convene-

322 2601 395 2641 rint,
419 2602 448 2636 in
472 2602 609 2640 capitulo
626 2602 810 2637 nominabit.
833 2602 971 2637 Abbates
985 2613 1070 2647 vem,

1106 454 1326 494 praeceptum,
1361 446 1421 481 nisi
1459 446 1545 494 quod
1583 446 1615 481 in
1649 446 1777 494 publico
1808 447 1854 480 eis

1106 497 1271 543 iniungant
1309 495 1444 537 arctius,
1490 504 1523 531 ut
1562 494 1739 531 secundum
1782 507 1855 531 suas

1105 546 1313 581 conscientias
1334 544 1521 593 provideant
1551 545 1672 580 vacanti
1700 552 1842 580 monaste

1106 595 1151 629 rio
1174 594 1255 630 bona
1278 594 1348 629 fide.
1375 594 1442 629 Nec
1467 593 1600 629 alicuius
1622 593 1760 629 vacantis
1787 606 1855 629 mo-

1107 644 1231 679 nasterii
1254 643 1350 679 abbas
1371 643 1430 678 sibi
1454 642 1609 678 nominari
1630 642 1768 690 postulet
1789 643 1855 678 ele—

1106 700 1221 738 ctores,
1242 701 1410 740 antequam
1434 692 1464 726 iu
1481 692 1619 740 capitulo
1641 692 1853 727 nominentur.

1105 742 1171 777 Nec
1197 743 1334 789 aliquem
1365 753 1404 776 ex
1437 741 1635 788 congregatis
1660 741 1698 776 ad
1732 740 1855 787 eligen-

1106 790 1181 826 dum
1221 790 1411 827 electoribus
1433 790 1473 826 ad
1495 802 1529 825 se
1550 797 1657 831 vocet,
1681 801 1740 825 nec
1761 789 1854 825 verbo

1107 840 1154 875 vel
1194 840 1313 887 scripto
1348 849 1399 874 aut
1445 839 1536 886 signo
1571 839 1618 874 eis
1657 838 1704 874 vel
1744 850 1853 874 eorum

1106 889 1200 924 alicui
1215 901 1303 924 suam
1319 888 1459 924 insinuet
1485 888 1767 929 voluntatem,nec
1790 889 1855 924 ele-

1105 938 1202 973 ctioni
1249 938 1330 973 clam
1372 938 1417 973 vel
1458 937 1558 984 palam
1593 936 1854 985 impedimentum

1106 987 1231 1035 aliquod
1272 986 1406 1027 inferat,
1453 998 1508 1034 per
1552 986 1638 1034 quod
1681 986 1855 1021 electorum

1106 1036 1258 1083 impediat
1273 1035 1458 1070 libertatem.
1479 1035 1619 1071 Electam
1634 1047 1762 1083 quoque
1783 1047 1856 1083 per-

1106 1097 1228 1126 sonam,
1242 1085 1267 1120 si
1282 1084 1442 1120 sufficiens
1464 1094 1495 1120 et
1517 1084 1628 1120 idonea
1652 1084 1771 1119 vacanti
1788 1097 1857 1120 mo-

1107 1135 1244 1170 nasterio
1259 1134 1364 1178 fuerit,
1388 1146 1450 1169 nou
1466 1133 1590 1169 refutet.
1614 1133 1655 1169 Et
1676 1134 1728 1181 qui
1747 1142 1856 1169 contra

1106 1183 1214 1219 fecerit
1252 1183 1388 1230 graviter
1426 1183 1586 1230 puniatur.
1619 1182 1685 1217 Nec
1719 1182 1856 1229 aliquam

1108 1244 1273 1281 personam
1297 1240 1439 1267 amoveat
1467 1231 1507 1267 ab
1527 1232 1630 1267 officio
1657 1232 1704 1266 vel
1725 1231 1764 1266 de
1786 1243 1858 1266 mo-

1107 1282 1243 1317 nasterio
1269 1281 1372 1316 eiiciat
1404 1281 1505 1328 ipsius
1528 1281 1687 1316 vacatione
1712 1280 1854 1316 durante.

1156 1334 1171 1374 g
1198 1332 1230 1365 8.
1259 1329 1392 1377 Insuper
1417 1330 1585 1365 statuimus
1609 1338 1640 1365 et
1661 1329 1855 1369 ordinamus,

1106 1379 1191 1427 quod
1214 1380 1245 1414 in
1281 1379 1392 1414 ordine
1418 1378 1597 1427 praedicto,
1623 1380 1709 1414 iuxta
1736 1391 1855 1414 morem

1109 1428 1298 1463 laudabilem
1335 1428 1487 1464 hactenus
1513 1427 1732 1472 observatum,
1767 1428 1857 1464 annis

1107 1477 1242 1524 singulis
1258 1477 1406 1524 generale
1419 1477 1592 1524 capitulum
1615 1476 1803 1518 celebretur,
1825 1477 1856 1512 in

1107 1538 1170 1573 quo
1187 1527 1296 1573 viginti
1317 1527 1456 1573 quinque
1470 1525 1654 1561 definitores
1666 1533 1857 1571 statuantur,

1108 1575 1168 1610 hoc
1201 1575 1307 1610 modo.
1345 1574 1452 1609 Abbas
1482 1574 1670 1610 Cistercien.
1705 1584 1855 1622 tanquam

1109 1631 1201 1671 pater.
1232 1624 1352 1671 primus
1380 1624 1521 1658 nominet
1547 1631 1682 1670 quatuor
1708 1623 1858 1660 definito-

1108 1684 1157 1707 res
1179 1672 1218 1708 de
1234 1672 1438 1720 generatione
1459 1684 1514 1707 sua
1536 1672 1678 1720 speciali,
1697 1684 1778 1720 quos
1794 1673 1859 1709 ido·

1107 1733 1184 1756 neos
1218 1733 1288 1756 esse
1314 1720 1484 1756 crediderit
1511 1721 1550 1756 ad
1577 1721 1768 1757 definitionis
1789 1721 1858 1757 offi-

1108 1771 1190 1805 cium
1236 1770 1459 1805 exercendum.
1497 1769 1537 1804 Et
1569 1770 1682 1805 exinde
1710 1771 1858 1818 praedicti

1109 1820 1201 1867 primi
1231 1827 1367 1867 quatuor
1400 1818 1547 1859 abbates,
1577 1819 1697 1854 scilicet
1726 1819 1858 1867 quilibet

1108 1881 1233 1912 eorum,
1267 1869 1306 1903 de
1349 1868 1553 1915 generatione
1597 1880 1672 1912 sua,
1717 1869 1858 1917 quinque

1106 1918 1192 1952 dicto
1223 1917 1327 1952 abbati
1362 1916 1507 1953 Cistercii
1552 1929 1696 1953 seorsum
1725 1918 1771 1953 vel
1801 1930 1858 1953 co—

1110 1979 1173 2001 ram
1197 1967 1266 2002 aliis
1294 1966 1476 2001 nominabit.
1500 1966 1548 2001 Ex
1569 1967 1686 2014 quibus
1719 1968 1858 2015 quinque

1109 2016 1205 2051 abbas
1242 2015 1398 2055 Cistercii,
1432 2027 1495 2050 uno
1521 2016 1756 2063 praetermisso,
1777 2028 1858 2063 qua-

1110 2073 1182 2100 tuor
1207 2064 1312 2111 eligat,
1344 2076 1426 2110 quos
1458 2065 1651 2100 sufficientes
1684 2077 1754 2100 esse
1788 2077 1859 2100 cre-

1110 2113 1234 2148 diderit.
1271 2113 1308 2147 Et
1339 2114 1386 2148 sic
1420 2114 1528 2160 viginti
1558 2113 1741 2149 definitores
1766 2123 1859 2149 erunt

1109 2163 1178 2197 suis
1218 2170 1352 2209 quatuor
1390 2174 1462 2197 cum
1504 2163 1636 2198 caeteris
1673 2163 1856 2198 numeratis.

1111 2211 1199 2253 Quos
1226 2220 1257 2246 et
1285 2210 1461 2258 praedictos
1491 2220 1626 2259 quatuor
1653 2211 1770 2258 primos
1802 2212 1859 2246 ab·

1110 2260 1198 2295 bates
1231 2259 1313 2295 idem
1349 2259 1444 2295 abbas
1478 2259 1621 2295 Cistercii
1655 2261 1686 2295 in
1721 2260 1858 2307 capitulo

1111 2309 1161 2343 die
1195 2308 1333 2344 secunda
1370 2309 1496 2356 capituli
1533 2309 1717 2353 nominabit,
1744 2316 1775 2343 et
1801 2308 1858 2344 de-

1111 2357 1252 2392 finitores
1288 2358 1439 2402 instituet,
1474 2367 1503 2393 et
1536 2359 1604 2405 ipse
1629 2370 1701 2394 cum
1727 2357 1773 2392 eis
1806 2358 1858 2392 vi-

1111 2407 1249 2453 gesimus
1287 2407 1417 2454 quintus
1443 2407 1512 2442 erit.
1548 2406 1582 2442 Si
1621 2408 1692 2454 quis
1721 2417 1793 2441 vero
1819 2419 1858 2442 ex

1112 2455 1279 2502 praedictis
1334 2463 1469 2502 quatuor
1526 2456 1636 2503 primis
1693 2454 1859 2491 abbatibus

1112 2512 1187 2539 tunc
1214 2516 1276 2539 non
1300 2503 1393 2540 fuerit
1426 2505 1458 2539 in
1494 2503 1675 2539 huiusmodi
1707 2504 1858 2551 capitulo,

1112 2552 1193 2587 idem
1232 2552 1329 2588 abbas
1364 2553 1550 2588 Cistercien.
1577 2553 1616 2588 de
1654 2554 1858 2599 generatione

1112 2601 1250 2636 absentis
1266 2610 1405 2638 assumet
1419 2609 1554 2650 quatuor
1568 2601 1762 2644 definitores,
1778 2614 1859 2650 quos

1866 243 1916 270 An.
1933 240 1962 269 C.
1982 240 2050 269 1205

1878 1338 1907 1360 De
1916 1339 2009 1366 capituto
2020 1344 2055 1366 ge·

1870 1369 1938 1391 neralt
1963 1372 2055 1397 quotan—

1869 1401 1903 1421 nis
1917 1399 2055 1424 celebrando,

1871 1435 1892 1453 οι
1919 1430 2053 1452 definitorum

1870 1467 1966 1484 numero.
