2129 3223
387 253 455 287 554

337 318 453 364 capite,
480 316 571 351 alicui
591 315 678 349 fratri
711 314 827 350 clerico
859 314 1084 354 committatur,

337 368 390 414 qui
413 367 452 400 ita
475 365 650 413 provideat,
670 371 704 399 ut
725 364 829 399 omnia
851 363 937 398 boris
953 375 1083 408 compe-

337 416 478 451 tentibus
505 414 736 461 compleantur,
763 421 793 448 et
816 412 925 448 fratres
946 413 999 460 qui
1023 412 1086 446 fue-

337 466 398 500 rint
414 465 445 499 in
460 463 633 508 laboribus,
648 463 686 498 ad
702 462 901 498 collationem
915 462 1084 497 convenire

337 514 460 549 valeant
486 522 714 561 competenter.
742 512 791 547 Ad
820 524 915 559 quam
943 511 1085 546 collatio-

337 576 410 599 nem
430 574 551 599 necnon
569 562 607 598 ad
626 562 829 598 resectionem
849 561 933 596 idem
951 561 1086 595 clericus

336 625 520 660 campanam
557 612 678 659 pulset:
707 623 853 646 vasorum
887 622 1013 657 quoque
1039 608 1085 643 al-

337 663 412 697 taris
433 671 462 698 et
485 674 645 697 sacrarum
669 663 803 696 vestium
834 667 932 707 penes
953 658 1085 694 clericos

336 713 396 747 erit
423 712 630 753 conservatio,
651 723 761 746 eorum
775 709 933 752 videlicet,
949 720 1029 755 quae
1047 707 1084 742 ad

336 761 556 809 quotidianum
585 773 677 796 usum
713 760 890 807 pertinent,
922 758 981 792 alia
1015 768 1086 792 vero

336 823 408 846 vasa
435 818 467 846 et
498 822 606 845 sacrae
633 818 736 846 vestes
760 809 790 843 in
820 807 962 843 custodia
992 807 1086 841 unius

335 860 453 901 clerici,
476 868 507 895 et
527 861 621 895 unius
639 858 786 895 conversi
805 858 987 897 consistant,
1007 868 1086 902 quos

335 911 423 957 prior
448 909 487 944 ad
511 909 570 944 hoc
593 909 694 955 magis
717 908 849 942 idoneos
876 905 1023 951 elegerit:
1048 906 1087 938 li-

334 958 464 995 brorum
491 960 633 993 omnium
658 969 756 1005 penes
778 956 910 991 clericos
932 956 989 989 erit
1011 966 1087 989 con-

335 1009 480 1044 servatio.
502 1007 645 1053 Regulae
668 1019 753 1047 vero,
772 1015 803 1041 et
826 1005 1000 1052 praesentis
1023 1005 1089 1051 pri-

335 1058 457 1104 vilegii,
486 1067 518 1092 ut
545 1056 626 1091 nihil
660 1056 758 1103 possit
788 1055 860 1089 addi
897 1053 944 1088 vel
976 1053 1087 1093 minui,

336 1120 435 1142 unum
465 1106 612 1141 volumen
637 1107 784 1140 volumus
801 1116 872 1140 esse
897 1115 995 1149 penes
1017 1102 1089 1136 cle-

335 1157 431 1197 ricos,
449 1164 480 1191 et
494 1155 581 1191 aliud
600 1167 696 1202 penes
710 1165 890 1197 conversos,
908 1161 939 1187 et
962 1151 1087 1187 tertium

337 1206 368 1241 iu
402 1205 552 1253 capitulo.
577 1204 698 1239 Prioris
731 1211 762 1239 et
808 1203 995 1238 clericorum
1031 1201 1090 1235 erit

337 1254 542 1291 ecclesiastici
579 1253 676 1289 officii
714 1252 881 1288 ordinatio.
922 1251 1089 1286 Praeterea

151 1308 206 1343 ‚2⁰⁰³
236 1308 323 1358 ss⁰¹¹¹¹²¹⁸
336 1304 467 1340 domum
512 1311 543 1339 et
578 1303 644 1339 loca
686 1310 786 1337 vestra
820 1313 891 1337 cum
928 1299 1090 1340 omnibus,

138 1343 323 1390 ῗ“ἶ““’ω’
337 1365 417 1403 quac
446 1354 476 1388 in
501 1352 747 1401 praesentiarum
789 1351 869 1387 iuste
897 1357 928 1385 et
962 1348 1090 1397 pacifice

338 1403 508 1451 possidetis
525 1402 700 1437 secundum
718 1408 842 1435 vestrae
860 1398 985 1445 regulae
1008 1398 1091 1433 insti-

337 1447 470 1494 tuta,'vel
486 1452 514 1486 in
525 1451 664 1486 futurum
673 1450 848 1485 secundum
858 1447 1003 1484 eamdem
1020 1459 1092 1482 con-

338 1503 482 1538 cessione
492 1500 698 1544 Pontificum,
721 1498 885 1545 largitione
910 1509 1021 1543 regum
1044 1496 1091 1531 vel

339 1550 531 1598 principum,
547 1549 705 1584 oblatione
721 1547 877 1588 fidelium,
891 1558 949 1582 seu
962 1546 1030 1581 aliis
1049 1546 1094 1580 iu-

339 1600 396 1635 stis
407 1599 492 1634 modi
541 1606 668 1647 parante
687 1597 836 1639 Domino,
860 1595 1002 1643 poteritis
1022 1595 1093 1630 adi-

340 1648 532 1697 pisci‚vobis
551 1656 580 1683 et
599 1646 837 1683 successoribus
852 1646 962 1680 vestris
984 1645 1094 1679 confir-

340 1710 476 1742 mamus,
489 1706 520 1732 et
538 1696 710 1745 praesentis
723 1696 830 1742 scripti
842 1694 1000 1741 privilegio
1012 1705 1095 1727 com-

342 1749 527 1788 munimus,
556 1755 727 1781 statuentes
755 1754 786 1779 ut
813 1757 848 1779 ea
879 1744 965 1778 firma
994 1742 1094 1783 vobis,

342 1798 518 1845 vestrisque
547 1794 785 1831 successoribus
812 1802 842 1829 et.
869 1792 988 1827 illibata
1024 1804 1096 1838 per-

146 1847 328 1900 ,Pfffflicffiflffiss
343 1855 502 1882 maneant.
525 1845 694 1881 Praeterea
715 1844 807 1891 priori
827 1851 944 1886 vestro,
967 1843 1019 1888 qni
1040 1853 1096 1887 pro

145 1885 274 1931 ‹ffffiss'm
344 1905 487 1943 tempore
510 1895 617 1939 suerit,
641 1892 826 1928 tonsurandi
851 1891 960 1926 fratres
979 1899 1098 1925 vestros

345 1946 494 1987 clericos,
521 1952 551 1978 et
585 1955 706 1990 pannos
741 1953 849 1977 eorum
886 1939 1095 1975 benedicendi

344 1995 505 2030 licentiam
528 1992 743 2039 indulgemus.
771 1990 942 2025 Caeterum
973 1990 998 2023 si
1032 2001 1097 2033 rex,

346 2045 393 2079 vet
419 2043 698 2090 archiepiscopus,
732 2048 785 2075 aut
818 2040 1004 2087 episcopus,
1043 2050 1097 2092 seu

347 2094 462 2141 aliquis
484 2094 634 2140 princeps
659 2091 753 2126 cellas
775 2091 867 2124 vestri
895 2088 1016 2122 ordinis
1049 2099 1100 2121 in-

349 2151 430 2178 trare
457 2142 599 2182 voluerit,
632 2152 742 2175 secum
772 2147 907 2186 quatuor
929 2138 1013 2171 viros
1040 2137 1100 2171 mi-

350 2192 435 2228 nime
457 2199 622 2239 suspectos
645 2189 845 2224 introducere
869 2188 979 2234 possit.
1007 2184 1101 2220 Com-

152 2239 337 2291 tfffnffffmm
351 2242 487 2277 munitas
519 2248 550 2275 ct
582 2238 754 2286 aequalitas
781 2238 821 2272 sit
847 2235 995 2272 omnibus
1014 2235 1102 2269 vobis

260 2286 261 2289 ¹
352 2301 412 2326 tam
435 2291 572 2333 clericis,
594 2301 689 2336 quam
719 2287 881 2322 conversis
910 2287 941 2320 in
973 2284 1044 2320 cibo
1071 2293 1101 2319 et

352 2349 441 2387 potu,
469 2341 500 2375 in
529 2339 692 2374 refectorio
726 2337 809 2371 etin
844 2334 1042 2375 dormitorio,
1071 2342 1101 2368 et

353 2390 391 2424 tle
427 2388 653 2425 communibus
682 2386 794 2434 pannis
828 2386 896 2420 sine
925 2383 1102 2419 differentia

354 2440 546 2475 vestiemini:
568 2437 804 2484 eleemosynae,
826 2443 857 2470 et
884 2434 1103 2481 eleemosyna-

355 2501 422 2523 rum
441 2488 609 2536 quantitas,
625 2497 798 2533 earumque
815 2484 940 2519 datores
957 2484 1104 2518 dicentur

356 2537 481 2583 publico
509 2537 540 2572 in
572 2535 707 2583 singulis
734 2534 850 2582 quibus
872 2532 962 2568 datae
988 2532 1104 2567 fuerint

357 2585 491 2631 cellulis,
516 2594 547 2621 et
572 2594 627 2620 aut
653 2583 799 2632 sequenti
826 2583 897 2622 die,
923 2593 988 2630 quo
1014 2581 1104 2616 datae

358 2635 486 2675 fuerint,
502 2643 531 2669 et
553 2635 605 2670 tali
619 2634 697 2671 hora
712 2634 741 2668 in
764 2644 825 2680 qua
848 2633 970 2680 possint
993 2641 1104 2666 omnes

141 265 192 291 An.
204 264 234 290 C.
254 264 322 291 2219

923 259 1111 282 BULLARIUM
1134 258 1296 281 ROMANUM

1891 259 1942 287 An.
1960 260 1989 287 C.
2005 260 2073 288 ¹21⁹

1127 313 1236 347 fratres
1259 322 1320 347 tatu
1343 312 1463 357 clerici,
1485 325 1579 360 quam
1602 312 1671 348 laici
1694 313 1874 349 convenire.

1126 361 1159 395 ln
1185 362 1267 396 nulla
1290 373 1364 396 vero
1391 361 1467 397 cella
1490 362 1528 397 (le
1555 370 1678 398 caetero
1702 375 1785 398 unus
1812 372 1872 397 tan·

1127 411 1292 446 tummodo
1321 410 1414 446 frater
1441 411 1577 447 clericus
1603 412 1788 452 collocetur,
1819 411 1873 447 sed
1903 416 1930 438 ⁰0
2053 449 2056 457 ἱ

1126 472 1160 494 ea
1190 461 1293 507 potius
1313 461 1342 494 in
1364 461 1422 495 lioc
1442 460 1628 496 adhibeatur
1655 461 1814 500 discretio,
1843 470 1875 496 ut
1889 448 2075 506 iieritii‘it‘sussneil'-

1129 509 1179 544 ubi
1203 523 1257 544 sex
1280 510 1423 544 conversi
1446 509 1574 552 suerint,
1597 518 1659 546 tres
1681 510 1800 555 clerici,
1821 509 1873 544 ubi
1889 510 1968 530 ‘'⁰¹⁰¹''-

1126 566 1197 593 octo
1216 559 1371 599 conversi,
1393 567 1529 606 quatuor
1546 559 1664 600 clerici,
1687 559 1741 595 ubi
1764 561 1873 595 decem

1127 608 1281 648 conversi,
1311 609 1453 655 quinque
1479 608 1598 649 clerici,
1626 608 1679 643 ubi
1706 609 1874 645 duodecim

1127 657 1282 698 conversi,
1302 670 1356 692 sex
1375 657 1415 693 ad
1433 657 1540 692 minus
1557 658 1663 693 clerici
1686 666 1875 701 statuantur,

1129 706 1181 741 ubi
1201 719 1272 742 vero
1288 706 1518 742 duodenarium
1539 719 1691 742 numerus
1705 708 1876 743 excesserit

1128 768 1365 797 conversorum,
1388 756 1419 790 in
1453 756 1581 791 arbitrio
1620 757 1733 804 prioris
1766 757 1877 792 existat

1130 805 1340 853 multiplicare
1363 805 1496 841 clericos
1524 813 1556 840 et
1577 817 1758 850 converSOS,
1787 814 1877 853 prout

1129 855 1230 889 visum
1260 855 1355 890 fuerit
1385 855 1545 901 expedire.
1576 855 1644 890 Hoc
1670 864 1774 890 autem
1804 855 1878 890 dici-

1129 917 1218 943 mus,
1245 904 1271 938 si
1307 904 1338 939 in
1372 905 1482 939 ordine
1521 913 1622 939 vestro
1652 913 1696 940 tot
1729 912 1877 951 poterunt

1129 953 1233 988 clerici
1256 953 1399 999 reperiri,
1422 954 1447 988 si
1471 965 1543 989 vero
1564 954 1686 989 clericis
1726 954 1877 1001 placuerit

1130 1011 1163 1037 nt
1191 1011 1304 1037 exeant
1329 1002 1368 1037 ad
1392 1002 1543 1047 laborem,
1558 1011 1669 1038 exeant
1695 1015 1766 1038 cum
1793 1015 1877 1038 con-

1131 1053 1245 1092 versis,
1273 1059 1304 1086 et
1341 1064 1415 1087 cum
1442 1052 1487 1087 eis
1522 1052 1638 1099 pariter
1671 1061 1876 1094 revertantur,

1130 1113 1257 1148 semper
1274 1109 1377 1136 tamen
1394 1109 1565 1146 corrector,
1584 1101 1630 1137 vel
1648 1102 1794 1137 sacerdos
1810 1102 1878 1137 loco

1130 1151 1199 1185 eius
1220 1151 1372 1186 dimissus
1394 1151 1424 1185 in
1447 1151 1525 1186 cella
1547 1159 1776 1196 remaneat,.ne
1797 1151 1878 1186 desit

1130 1200 1235 1247 aliquo
1269 1200 1363 1234 modo
1397 1200 1562 1244 sacerdos,
1592 1200 1676 1248 quod
1711 1201 1738 1236 si
1776 1200 1878 1235 forsan

1131 1249 1264 1284 clericus
1285 1257 1395 1284 contra
1418 1250 1594 1295 regularem
1609 1259 1761 1285 statutum
1776 1262 1881 1286 exces-

1132 1299 1207 1334 serit
1228 1298 1374 1334 exeundo
1400 1307 1508 1334 contra
1530 1311 1616 1340 eum,
1639 1299 1687 1334 vel
1715 1312 1731 1335 a
1753 1299 1880 1340 clerico,

1132 1348 1180 1383 vel
1201 1360 1353 1383 converso
1378 1348 1408 1382 in
1429 1348 1566 1395 capitulo
1587 1348 1807 1395 proclametur,
1828 1347 1880 1384 ubi

1133 1397 1260 1432 tandem
1288 1409 1350 1432 non
1387 1397 1545 1432 iudicetur
1577 1409 1632 1445 per
1663 1398 1793 1443 laicum,
1825 1397 1881 1433 sed

1135 1459 1189 1493 per
1209 1456 1419 1482 correctorem
1451 1446 1668 1494 presbyterum
1699 1447 1883 1493 regulariter

1134 1496 1317 1542 corrigatur.
1347 1495 1560 1531 prohibemus
1588 1496 1719 1544 insuper
1748 1508 1786 1531 ne
1816 1495 1882 1531 cle-

1135 1545 1189 1580 rici
1212 1557 1229 1587 a
1251 1544 1349 1585 cellis,
1373 1544 1405 1578 in
1426 1544 1543 1590 quibus
1553 1545 1680 1586 fuerint,
1701 1546 1769 1581 sine
1789 1557 1882 1581 causa

1134 1593 1362 1628 transferantur
1383 1593 1525 1635 honesta,
1547 1602 1578 1630 et
1599 1594 1659 1629 hoc
1681 1594 1783 1642 ipsum
1810 1606 1882 1629 cum

1137 1643 1228 1677 fuerit
1262 1642 1460 1686 faciendum,
1494 1643 1545 1677 fiat
1568 1643 1696 1691 provide
1723 1656 1739 1678 a
1767 1643 1883 1690 priore,

1136 1691 1278 1727 adhibito
1293 1692 1362 1727 sine
1377 1692 1571 1739 praeiudicio
1583 1693 1776 1728 auctoritatis
1787 1693 1886 1740 ipsius

1137 1741 1345 1776 discretorum
1372 1742 1503 1776 consilio
1536 1742 1735 1777 clericorum.
1772 1741 1803 1777 Si
1832 1741 1884 1790 qui

1137 1799 1243 1825 autem
1259 1803 1294 1824 ex
1316 1791 1400 1825 iuxta
1416 1803 1507 1825 causa
1528 1791 1642 1826 fuerint
1664 1790 1886 1830 transferendi,

1139 1852 1195 1874 uec
1218 1839 1344 1880 librum,
1372 1852 1430 1874 nec
1452 1841 1653 1887 scripturam,
1680 1853 1738 1875 nec
1767 1839 1886 1888 aliquid

1141 1889 1266 1934 penitus
1292 1900 1399 1923 secum
1431 1889 1544 1932 ferant,
1571 1890 1630 1924 nisi
1665 1897 1819 1936 quantum
1841 1890 1887 1924 eis

1139 1937 1233 1972 fuerit
1255 1938 1293 1972 de
1320 1938 1432 1985 prioris
1459 1939 1664 1974 concessione
1687 1939 1887 1986 permissum,

1139 1986 1193 2022 sed
1218 1999 1275 2022 nec
1296 1988 1451 2029 conversi,
1467 2000 1539 2022 cum
1567 2000 1622 2023 eos
1645 1989 1757 2023 mutari
1785 1988 1888 2023 couti-

1139 2037 1238 2082 gerit,
1270 2037 1386 2083 aliquid
1423 2049 1531 2072 secum
1559 2037 1658 2072 ferant
1685 2038 1753 2072 sine
1775 2037 1888 2085 prioris

1142 2087 1265 2120 licentia
1289 2086 1431 2133 speciali.
1453 2087 1536 2121 Sanc
1552 2086 1694 2121 laborum
1715 2096 1887 2122 vestrorum
1916 2097 2003 2133 umus
2023 2099 2085 2132 '011-

1141 2148 1221 2182 qnos
1244 2134 1321 2169 infra
1340 2144 1437 2171 metas
1457 2145 1576 2171 vestras
1593 2136 1726 2183 propriis
1746 2136 1890 2171 manibus
1903 2131 1940 2149 '⁷¹¹²
1956 2135 1967 2149 ³
1981 2129 2076 2150 ΝΜ*

1142 2193 1194 2219 aut
1229 2185 1407 2231 sumptibus
1443 2185 1564 2228 colitis,
1599 2186 1637 2220 de
1663 2186 1755 2220 terris
1777 2185 1890 2220 habitis

1142 2242 1213 2269 ante
1240 2234 1407 2269 concilium
1435 2234 1596 2280 generale,
1615 2246 1737 2270 necnon
1763 2235 1804 2269 de
1838 2246 1890 2269 no-

1144 2284 1266 2318 valibus
1292 2283 1400 2318 nullus
1421 2296 1437 2318 a
1466 2285 1553 2319 vobis
1593 2283 1732 2318 decimas
1763 2283 1890 2330 exigere

1143 2340 1195 2367 aut
1222 2340 1409 2379 extorquere
1434 2341 1621 2380 praesumat.
1644 2332 1706 2368 Pro
1728 2344 1890 2368 consecra-
1917 2347 2053 2370 Sacramenta
2074 2354 2086 2367 ι

1144 2382 1282 2417 tionibus
1308 2394 1381 2417 vero
1413 2382 1555 2417 altarium
1592 2382 1638 2417 vel
1671 2379 2086 2436 ecclesiarum,ffss‘gssfffflssifffi:

1143 2440 1174 2466 et
1209 2431 1462 2466 ordinationibus
1496 2432 1700 2472 clericorum,
1734 2431 1798 2467 sive
1834 2443 1891 2480 pro
1905 2440 2010 2467 emend·-

1144 2481 1223 2515 Oleo
1257 2488 1383 2522 sancto,
1416 2480 1462 2516 vel
1498 2480 1639 2528 quolibet
1677 2480 1892 2517 ecclesiastico

1144 2538 1358 2571 sacramento,
1382 2529 1487 2566 nullus
1508 2542 1524 2565 a
1551 2529 1639 2565 vobis
1666 2529 1727 2565 sub
1761 2530 1890 2566 obtentu

1144 2579 1278 2615 alicuius
1315 2579 1573 2622 consuetudinis,
1616 2578 1661 2613 vel
1699 2579 1761 2615 alio
1797 2580 1892 2615 modo

1144 2628 1318 2677 quidquam
1354 2629 1467 2664 audeat
1492 2637 1691 2676 extorquere,
1726 2628 1780 2664 sed
1816 2629 1893 2665 haec

1984 422 2072 438 numero
