2129 3223
36 215 86 244 An.
101 215 130 243 C.
149 216 215 243 ¹2¹5

56 1440 173 1463 cinus-itae.

0 1843 14 1887 Ἰκαι.

815 216 1024 240 INNOCENTIUS
1046 217 1082 239 ΙΙΙ
1107 217 1154 239 ΡΡ.

229 271 429 307 ledictionem
473 271 698 318 omnipotentis
731 269 789 306 Dei

228 330 324 356 stram
349 328 496 356 incurrat.

533 393 667 427 Testibus

275 463 310 499 P.
337 462 554 500 Wintoniensi
576 465 735 512 episcopo.

275 512 329 548 W.
347 514 462 549 comite
488 513 678 550 Warennae.

274 561 315 598 R.
341 563 457 598 comite
482 563 635 599 Cestriae.

273 611 308 648 S.
336 613 451 648 comite
476 612 671 649 Wintoniae.

273 661 313 697 G.
335 661 375 697 de
401 662 587 698 Mandevilla
610 663 724 699 comite
755 662 971 698 Gloncestriae

225 719 256 746 et
275 711 433 748 Essexiae.

274 760 327 796 W.
350 760 474 797 Comite
489 761 535 797 de
555 761 718 798 Ferrariis.

274 809 327 845 W.
350 809 480 846 Briwer.

272 859 327 895 W.
350 859 414 895 filio
436 859 576 896 Geroldi.

272 908 326 944 W.
345 908 385 944 de
405 909 584 958 Cautilupo.

271 958 312 994 H.
335 959 374 994 de
393 958 548 995 Neivi'llis.

270 1007 411 1044 Roberto
437 1009 476 1044 de
503 1009 594 1045 Vere.

271 1056 326 1093 W.
353 1057 392 1094 de
409 1058 667 1106 Huuteingel‘eld.

270 1111 385 1147 Datum
409 1125 464 1160 per
502 1125 630 1147 manum
660 1112 798 1158 magistri
842 1111 967 1145 Ricardi

222 1165 262 1200 de
288 1165 432 1202 Mariscis
470 1166 646 1202 cancellarii
688 1167 808 1206 nostri,
844 1164 969 1199 decimo

221 1219 334 1266 quinto
359 1220 411 1255 die
448 1221 595 1261 ianuarii,
632 1220 715 1268 apud
748 1233 862 1256 novum
888 1231 969 1257 tem-

223 1273 310 1320 plum
337 1273 483 1314 London,
507 1286 590 1310 anno
612 1275 700 1321 regni
724 1275 819 1309 nostri
847 1275 969 1310 decimo

221 1337 322 1363 sexto.

269 1381 356 1418 Nulli
402 1395 476 1428 ergo
515 1383 644 1417 omnino
674 1382 838 1417 hominum
878 1383 969 1418 liceat

219 1437 302 1473 lianc
322 1437 468 1485 paginam
485 1445 622 1472 nostram
645 1437 895 1472 confirmationis
919 1438 968 1472 in-

218 1491 367 1539 fringere,
394 1491 440 1526 vel
467 1491 495 1525 ei
518 1503 595 1526 ausu
636 1491 800 1526 temerario
841 1499 967 1526 contra-

220 1546 275 1582 ire.
315 1544 347 1580 Si
373 1545 446 1593 quis
471 1554 574 1581 autem
603 1545 663 1580 hoc
692 1552 846 1580 attentare
877 1558 968 1592 prae-

220 1600 402 1648 sumpserit,
450 1599 700 1646 indignationem
743 1598 969 1646 omnipotentis

221 1653 292 1699 Dei,
313 1661 344 1689 et
373 1653 535 1689 beatorum
573 1653 656 1688 Petri
694 1660 725 1687 et
765 1652 853 1687 Pauli
890 1665 969 1701 apo-

221 1707 372 1744 stolorum
398 1708 467 1743 eius
488 1719 522 1742 se
554 1707 677 1743 noverit
703 1707 917 1741 incursurum.

269 1761 386 1797 Datum
407 1761 553 1797 Laterani
580 1761 669 1795 tertio
684 1759 833 1795 kalendas
847 1761 967 1807 aprilis,

223 1814 420 1862 pontificatus
442 1815 539 1849 nostri
556 1826 637 1849 anno
659 1814 782 1849 decimo
803 1823 921 1849 octavo.

235 1875 296 1906 Dat.
315 1876 363 1906 die
383 1875 422 1906 30
439 1877 536 1906 martii
558 1875 643 1910 1215,
663 1875 764 1915 pontif.
787 1885 862 1905 anno
877 1884 955 1905 xvni.

537 1949 650 1957 —-—

555 2033 635 2069 CIV.

223 2113 400 2158 Inseudatio
420 2112 580 2145 comitatus
605 2110 762 2154 Melqorii,
798 2122 848 2144 seu
876 2110 969 2143 Mon-

273 2167 430 2213 tisserrane
450 2166 554 2210 favore
581 2164 737 2198 Guiltelmi
755 2166 886 2209 episcopi
901 2164 970 2198 Ma-

271 2221 414 2266 yalomn.
436 2220 491 2253 sub
525 2230 628 2252 annuo
667 2230 755 2253 censu
790 2219 838 2253 20
877 2229 971 2252 mar-

272 2275 400 2309 charum
421 2285 490 2318 ary.
522 2273 597 2306 sedi
626 2273 816 2317 Apostolicae
857 2273 970 2316 persol-

271 2329 368 2362 vendo
395 2329 457 2371 (A).

492 2397 707 2431 SUMMARIUM

227 2463 392 2494 Exordium.
413 2478 452 2485 —-
481 2459 644 2491 infeudatio
674 2459 772 2488 castri.
797 2474 835 2482 —
860 2458 970 2489 Condi-

266 2509 370 2538 tiones.
391 2523 431 2530 —
451 2505 618 2536 clausulae.

262 2570 302 2605 (t)
317 2569 406 2597 Edidit
421 2568 546 2600 Caelius,
564 2567 631 2594 Hist.
648 2566 779 2597 occitau„
797 2564 840 2591 tib.
858 2573 885 2591 v.
908 2564 973 2592 Vide

227 2617 334 2645 quoque
353 2609 466 2636 Annales
483 2607 621 2643 Raynaidi.

306 2653 382 2684 Ball.
397 2652 474 2682 Rom.
498 2652 552 2682 Vol.
570 2651 620 2681 111.

781 2649 816 2679 38

1640 208 1708 241 297

846 279 876 306 et
915 283 972 305 no·
1012 274 1182 303 Innocentius
1199 276 1338 311 episcopus
1356 282 1451 305 servus
1469 283 1608 306 servorum
1626 276 1681 311 Dei.
1715 285 1760 307 vo-

1056 325 1173 353 nei-ando
1192 324 1269 360 patri
1288 325 1427 354 Gutlletmo
1452 327 1574 364 episcopo
1593 326 1758 363 magalonae,

1057 373 1173 403 salntem
1192 375 1220 403 et
1239 375 1416 410 apostoticam
1434 376 1653 406 benedictionem.

1062 442 1262 489 Apostolicae
1288 441 1382 477 Sedis
1418 443 1593 490 benignitas
1629 444 1759 490 proinde

1013 503 1150 538 pensans
1196 491 1304 526 merita
1348 492 1554 539 singulorum,
1597 494 1635 528 iis
1681 506 1760 541 quos

1013 540 1071 576 sibi
1095 539 1203 576 fideles
1235 541 1438 588 spiritualiter
1483 543 1598 577 invenit
1639 550 1670 577 et
1703 544 1759 577 de-

1014 599 1112 635 votos,
1140 590 1334 638 spiritualem
1358 593 1520 627 consuevit
1553 593 1682 639 gratiam
1711 606 1760 627 ‹ex-

1012 639 1133 684 hibere‚
1157 649 1190 675 ut
1216 649 1246 675 et
1268 641 1326 687 ipsi
1350 649 1435 686 grata
1474 653 1549 676 suae
1583 641 1760 676 devotionis

1014 690 1150 737 praemia
1188 702 1222 724 se
1251 690 1407 736 gaudeant
1437 691 1609 738 accepisse,
1640 703 1674 726 ac
1709 692 1759 726 alii

1012 739 1050 773 ad
1077 739 1146 775 eius
1168 739 1318 786 obsequia
1346 751 1456 774 eorum
1479 740 1621 787 exemplo
1648 742 1759 775 merito

1013 797 1230 836 provocentur.
1268 788 1352 823 Hinc
1386 798 1433 823 est
1472 789 1554 837 quod
1588 788 1758 834 devotioni,

1012 850 1104 885 quain
1137 847 1169 873 tu
1197 846 1226 873 et
1265 838 1498 884 Magalonensis
1533 838 1671 874 Ecclesia
1710 851 1759 874 re-

1013 888 1137 923 troactis
1157 887 1350 935 temporibus
1383 888 1419 922 ad
1448 888 1664 935 Apostolicam
1700 888 1759 924 Se-

1011 937 1082 971 dem
1110 937 1277 972 noscimini
1305 936 1470 981 habuisse,
1498 950 1533 972 ac
1573 938 1687 973 habere
1727 939 1757 973 in

1012 986 1149 1021 futurum
1185 986 1372 1034 speramini,
1410 987 1623 1028 attendentes,
1651 988 1758 1023 comi-

1013 1044 1108 1070 tatum
1137 1036 1290 1082 Melgofii,
1312 1037 1377 1071 sire
1415 1036 1660 1078 montisferrann,
1703 1039 1756 1084 qui

1011 1086 1091 1120 iuste
1109 1086 1146 1120 ad
1176 1086 1396 1132 proprietatem
1434 1086 1593 1121 Ecclesiae
1617 1088 1757 1121 noscitur

1012 1136 1178 1181 pertinere,
1200 1147 1270 1169 cum
1294 1135 1441 1170 omnibus
1470 1136 1665 1182 pertinentiis
1688 1137 1756 1171 eius

1011 1185 1041 1218 in
1065 1185 1193 1219 feudum
1216 1185 1420 1220 concedimus
1461 1185 1516 1219 tibi
1556 1197 1592 1220 ac
1629 1198 1757 1221 succes-

1010 1234 1136 1269 soribus
1171 1234 1230 1268 tuis
1271 1234 1330 1268 sub
1364 1247 1468 1269 annuo
1508 1246 1603 1269 censu
1648 1236 1754 1282 viginti

1010 1283 1209 1318 marcharum
1243 1284 1363 1329 argenti
1393 1283 1484 1318 nobis
1524 1292 1554 1318 et
1590 1296 1757 1320 successo-

1012 1332 1099 1367 ribus
1121 1332 1235 1367 nostris
1256 1334 1288 1367 iu
1316 1332 1394 1368 festo
1421 1332 1674 1369 Resurrectionis
1696 1334 1756 1369 Do-

1011 1383 1143 1417 minicae
1166 1382 1386 1429 persolvendo,
1422 1382 1508 1418 salvo
1548 1383 1757 1419 nibilominus

1010 1432 1071 1466 alio
1098 1444 1206 1470 censu,
1230 1443 1322 1479 quem
1349 1444 1404 1479 pro
1431 1431 1488 1467 alia
1516 1444 1609 1467 causa
1644 1432 1757 1468 Eccle-

1009 1482 1074 1516 siae
1095 1480 1257 1516 Romanae
1280 1481 1412 1516 debetis.
1437 1481 1545 1529 Itaque
1567 1490 1611 1525 tu,
1634 1490 1664 1516 et
1690 1495 1758 1518 suc-

1010 1543 1150 1566 cessores
1173 1531 1215 1564 tni
1240 1530 1331 1565 nobis
1366 1540 1395 1565 et
1427 1531 1665 1566 successoribus
1700 1543 1757 1567 no-

1010 1581 1082 1615 stris
1120 1580 1302 1615 fidelitatem
1337 1589 1463 1627 propter
1489 1581 1546 1615 boc
1581 1582 1758 1628 specialiter

1011 1630 1152 1674 facietis,
1199 1639 1228 1664 et
1275 1642 1329 1677 per
1374 1629 1547 1665 Romanam
1595 1631 1756 1666 dumtaxat

1010 1680 1183 1715 Ecclesiam
1214 1680 1316 1726 ipsum
1343 1680 1584 1725 recognoscetis,
1619 1689 1647 1714 et
1670 1688 1757 1716 tene-

1010 1729 1082 1763 bitis
1127 1729 1321 1768 comitatum,
1363 1738 1393 1762 et
1441 1729 1480 1763 de
1525 1730 1592 1776 ipso
1638 1729 1757 1765 facietis

1008 1791 1152 1824 guerram
1175 1786 1206 1814 et
1233 1790 1339 1825 pacem
1367 1778 1405 1813 ad
1434 1778 1615 1814 mandatum
1640 1779 1756 1825 ipsius,

1011 1841 1068 1863 nec
1112 1836 1247 1863 castrum
1302 1827 1464 1874 Melgorii,
1517 1840 1572 1863 seu
1620 1837 1755 1863 castrum

1009 1877 1360 1917 Montisfei·randi,cum
1382 1878 1442 1912 sint
1469 1878 1636 1913 comitatus
1664 1887 1755 1925 caput

1009 1927 1149 1962 eiusdem
1192 1925 1375 1967 infeudare,
1418 1939 1472 1962 seu
1520 1927 1757 1974 quomodolibet

1009 1977 1144 2012 alienare
1187 1978 1342 2011 ullatenus
1381 1977 1587 2023 praesumetis
1639 1976 1757 2025 absque

1009 2026 1210 2073 Apostolicae
1231 2025 1324 2060 Sedis
1357 2026 1478 2060 licentia
1509 2026 1673 2073 spirituali:
1702 2027 1756 2060 mi-

1010 2088 1084 2110 nora
1123 2076 1214 2110 etiam
1248 2074 1338 2109 feuda
1372 2087 1452 2121 quae
1489 2076 1526 2108 aii
1562 2076 1662 2121 ipsum
1694 2087 1758 2120 per-

1010 2125 1109 2159 tinent
1136 2125 1318 2159 comitatum
1338 2125 1413 2158 nulli
1436 2125 1615 2158 concedetis
1629 2125 1757 2158 omnino

1010 2183 1095 2209 extra
1122 2174 1375 2220 Magalonensem
1419 2173 1585 2207 dioecesim
1623 2185 1756 2207 commo-

1013 2224 1102 2258 ranti.

1060 2272 1144 2307 Nulli
1186 2283 1260 2318 ergo
1294 2272 1421 2306 omnino
1455 2271 1619 2306 hominum
1666 2271 1758 2306 liceat

1012 2327 1092 2361 hanc
1120 2325 1264 2373 paginam
1300 2333 1423 2359 nostrae
1459 2325 1673 2360 concessionis
1708 2326 1758 2359 in-

1012 2381 1146 2426 fringere
1168 2379 1213 2414 vel
1236 2379 1263 2413 ei
1291 2391 1369 2413 ausu
1394 2379 1558 2414 temerario
1591 2380 1757 2414 contraire.

1012 2433 1045 2468 Si
1068 2434 1136 2480 quis
1176 2440 1280 2467 autem
1317 2432 1374 2466 hoc
1407 2440 1558 2468 attentare
1587 2446 1757 2481 praesum—

1014 2487 1107 2535 pserit
1142 2485 1389 2532 indignationem
1437 2487 1661 2534 omnipotentis
1697 2486 1756 2523 Dei

1013 2550 1043 2575 et
1061 2540 1221 2575 beatorum
1248 2538 1333 2575 Petri
1367 2548 1395 2574 et
1422 2539 1510 2575 Pauli
1544 2541 1757 2588 apostolorum

1013 2595 1079 2630 eius
1101 2606 1132 2628 se
1155 2594 1275 2629 noverit
1303 2594 1515 2627 inrui-surum.

1774 215 1825 240 Αο.
1843 214 1870 240 C.
1891 214 1955 240 12¹5

1806 452 1924 473 Exordium.

1783 1242 1901 1266 infeudatio
1915 1249 1953 1265 σν

1770 1276 1816 1298 stri.

1784 1634 1927 1657 Condttiones.

1810 2276 1925 2298 etausutae.
