2129 3223
36 242 87 270 Αη.
99 241 127 268 C.
149 242 215 268 1199

41 301 216 322 Sum-totum&-
232 295 317 329 valde
344 296 383 329 sit
419 295 592 329 necessaria
621 294 835 328 sacerdotibus
857 295 894 328 ad
918 294 997 329 (lo-l

35 333 108 358 ''¹¹⁸'‘
229 344 373 386 ctrinam,
395 343 467 389 quia
492 343 575 378 iuxta
597 342 726 377 verbum
744 343 974 390 propheticum:
994 334 997 393 l

230 391 325 426 Labia
347 391 518 426 sacerdotis
539 391 724 427 custodiunt
751 392 924 436 scientiam,
947 400 975 426 et
995 412 997 451 4

230 440 329 486 legem
364 441 532 487 exquirunt
565 452 601 474 ex
634 452 688 475 ore
714 440 797 475 eius:
834 453 894 475 non
931 449 997 487 esti

230 498 333 524 tamen
369 489 568 535 simplicibus
595 488 812 524 sacerdotibus
839 491 933 524 etiam
960 502 974 522 a
996 492 997 495 ’

229 536 425 572 scholasticis
451 537 692 575 detrahendum,
719 550 790 572 curn
816 538 846 573 in
874 538 919 573 eis
932 549 975 572 sa-

228 585 385 621 cerdotale
423 587 631 620 ministerium
663 586 775 621 debeat
814 587 975 622 honorari:

230 644 357 682 propter
379 635 463 682 quod
486 635 641 670 Dominus
664 636 692 669 in
710 636 776 682 lege
802 636 975 682 praecepit:

229 683 298 719 Diis
320 696 382 718 non
405 684 561 724 detrahes,
584 684 764 719 sacerdotes
786 684 974 730 intelligens:

228 733 282 779 qui
310 741 436 779 propter
461 732 678 767 excellentiam
706 732 838 773 ordinis,
872 740 902 767 et
928 732 976 766 of-

230 780 289 816 licii
311 781 515 827 dignitatem,
547 781 676 816 deorum
702 782 829 816 nomine
851 793 977 816 nuncu-

230 837 353 877 pantur.
389 829 477 865 quta
509 830 593 877 quod
620 830 692 864 alibi
721 830 796 865 dicit
823 830 861 864 de
888 842 977 864 servo

230 878 353 914 volente
375 879 457 924 apud
480 878 645 913 dominum
668 891 844 922 remanere,
867 887 899 912 ut
925 879 978 913 do-

47 937 149 958 Sacerdos
173 943 214 958 non
230 927 336 962 minus
358 926 465 961 offerat
486 939 559 962 eum
582 928 650 962 diis.
679 928 761 962 Cum
786 928 870 962 enim
894 928 976 962 iuxta

35 973 216 1023 §ffl’ssssffffl
231 976 361 1011 verbum
376 976 533 1022 Apostoli,
559 988 667 1011 servus
688 988 746 1010 suo
760 976 889 1011 domino
905 984 976 1015 stet,

35 1029 59 1050 ⁸¹¹
73 1030 180 1056 ⁸1²⁵·1··³t>⁰⁴
229 1032 284 1060 aut
303 1024 406 1064 cadat,
429 1024 569 1072 profecto
591 1025 738 1059 sacerdos
754 1025 794 1059 ab
816 1026 976 1072 episcopo,

228 1074 320 1109 cuius
341 1081 388 1107 est
414 1073 601 1108 correctioni
627 1074 808 1118 subiectus,
830 1073 923 1107 ‹lehvt
947 1074 975 1107 in

227 1122 483 1157 mansuetndinis
503 1122 614 1170 spiritu
642 1122 806 1168 castigari,
835 1134 895 1156 non
920 1135 978 1156 au—

229 1179 291 1206 tem
313 1183 329 1205 a
353 1171 483 1218 populo,
510 1171 600 1206 cuins
622 1180 665 1205 cst
689 1172 873 1205 correctioni
896 1184 977 1217 prae-

230 1220 363 1267 positus,
386 1220 416 1254 in
442 1220 556 1267 spiritu
579 1219 746 1266 superbiae
774 1220 976 1266 reprehendi:

229 1281 300 1303 cnm
325 1269 406 1303 iuxta
436 1278 636 1316 praeceptum
673 1268 867 1302 dominicum
893 1276 979 1315 pater

229 1325 260 1351 et
282 1325 381 1352 mater
402 1326 464 1351 non
488 1317 621 1351 debeant
651 1317 810 1361 maledici,
838 1317 891 1351 sed
922 1329 978 1363 po-

230 1366 291 1400 tius
318 1365 480 1400 honorari:
518 1366 601 1412 quod
635 1365 674 1399 de
709 1366 862 1413 spirituali
892 1373 978 1412 patre

231 1414 329 1449 multo
357 1413 468 1448 fortius
502 1414 594 1449 ‹lebet
619 1414 763 1460 intelligi,
791 1426 884 1461 qnam
908 1426 979 1448 car-

231 1462 302 1498 nali.
325 1462 391 1498 Nec
417 1463 585 1511 quisquam
613 1475 687 1497 suae
710 1463 979 1510 praesumptionis

230 1511 393 1546 audaciam
422 1511 494 1547 illos
521 1511 666 1546 defendat
698 1512 860 1558 exemplo,
894 1512 977 1558 qnod

230 1561 316 1595 asina
345 1560 460 1606 legitur
497 1560 737 1607 reprehendisse
777 1561 979 1607 prophetam,

232 1609 278 1643 vel
305 1609 389 1656 quod
411 1609 567 1644 Dominus
588 1609 645 1644 ait:
668 1609 749 1651 Quis
770 1622 806 1645 ex
831 1609 916 1643 vobis
931 1621 979 1643 ar-

230 1666 305 1703 guet
341 1670 390 1693 me
412 1657 451 1693 de
477 1665 620 1704 peccato:
643 1667 671 1692 et
699 1659 723 1692 si
755 1658 835 1692 male
857 1658 980 1692 locutus

231 1719 316 1751 sum,
337 1706 554 1741 testimouium
577 1706 705 1753 perhibe
727 1707 766 1741 de
785 1706 883 1741 malo:
907 1718 978 1740 cnm

231 1754 317 1790 aliud
343 1755 383 1790 sit
416 1755 539 1790 fratrem
569 1756 599 1789 in
635 1768 669 1789 se
706 1764 887 1801 peccantem
927 1768 980 1789 oc—

232 1803 315 1839 culte
335 1804 511 1850 corripere:
535 1804 618 1851 quod
648 1805 754 1850 utique
776 1805 912 1851 quisque
929 1812 979 1838 te-

234 1860 326 1887 netur
346 1851 468 1886 efficere
489 1852 664 1887 secundum
688 1852 826 1898 regulam
850 1864 981 1898 evange-

54 1906 133 1928 Mssffl
167 1909 221 1931 ‘1¹¹⁰-
234 1902 338 1936 licam.
366 1900 399 1934 ln
422 1912 485 1947 quo
507 1913 581 1935 casu

43 1935 101 1957 niodo
119 1934 144 1955 ah
163 1934 223 1955 nius

42 1969 156 1988 correctus,

608 1913 681 1934 sane
705 1909 805 1948 potest
830 1901 980 1947 intelligi,

235 1949 320 1997 quod
359 1948 485 1984 Balaam
519 1949 576 1984 fuit
609 1958 768 1984 correctus
803 1949 842 1984 ab
875 1950 979 1984 asina:

235 2007 266 2033 et
287 1997 370 2032 aliud
397 2005 456 2041 est,
487 2006 603 2044 patrem
637 2011 728 2032 sunm
763 1998 856 2033 etiam
879 1998 981 2032 delin-

235 2055 385 2094 quentem
400 2047 631 2093 reprehendere
650 2047 824 2085 manifeste,
847 2060 881 2081 ac
898 2059 982 2094 prae-

235 2097 330 2143 cipue
344 2094 464 2129 fatuum
479 2107 534 2141 pro
555 2095 690 2142 simplici
710 2095 879 2143 appellare,
898 2096 980 2142 quod

236 2145 346 2191 utique
371 2144 449 2178 nulli
470 2143 541 2178 licet
568 2145 742 2179 secundum
769 2144 980 2190 evangelicam

237 2193 412 2228 veritatem.
439 2192 518 2227 Nam
540 2193 593 2239 qui
616 2194 708 2227 etiam
737 2193 820 2227 fratri
843 2206 901 2226 sno
927 2193 982 2227 di—

238 2242 317 2276 xerit
343 2240 438 2282 fatue,
466 2253 539 2276 reus
559 2241 616 2275 erit
650 2241 823 2287 gehennae.
860 2241 983 2276 Rursus

238 2289 321 2325 aliud
343 2297 402 2332 est,
436 2290 520 2337 quod
549 2290 705 2336 praelatus
737 2303 772 2324 se
798 2299 908 2337 sponte
945 2291 982 2324 de

238 2351 293 2374 sua
320 2339 460 2373 conlisus
487 2339 677 2377 innocentia,
699 2339 898 2373 subditorum
929 2351 983 2373 ac—

239 2387 393 2422 cusationi
422 2387 581 2434 supponit.
605 2386 638 2420 In
662 2399 724 2434 quo
739 2399 810 2422 casti
831 2388 982 2434 praemis-

239 2448 308 2471 sum
328 2435 458 2479 Domini
487 2436 616 2471 verbum
647 2435 740 2470 dehet
771 2436 919 2482 intelligi:
955 2446 982 2470 et

238 2484 323 2520 aliud
352 2492 410 2524 est,
432 2484 515 2531 quod
539 2484 684 2519 subditus
706 2496 766 2518 non
795 2492 855 2518 tam
880 2486 983 2519 animo

239 2533 440 2581 corripiendi,
466 2546 560 2580 quam
583 2532 765 2567 detrahendi
793 2534 913 2579 exurgit
939 2531 1006 2586 te-i

239 2582 392 2617 merarius
412 2582 443 2616 in
471 2582 659 2629 praelatum,
691 2593 762 2615 cum
784 2592 856 2615 eum
880 2582 984 2628 potius
1003 2589 1006 2630 t

320 2637 393 2667 Ball.
410 2637 485 2667 Rom.
513 2638 565 2667 Vol.
585 2637 633 2667 III.
811 2636 843 2666 2⁴1

831 240 1040 262 tNNOOENTtt's

1652 228 1709 260 th

1017 302 1139 328 maneat
1177 293 1345 326 necessitas
1371 293 1577 340 obsequendi.
1617 293 1709 334 Quod
1737 294 1763 326 si

1017 342 1094 377 forte
1122 342 1293 376 necessitas
1331 341 1512 386 postularit,
1548 349 1581 376 ut
1616 340 1764 376 sacerdos

1017 399 1164 438 tanquam
1189 390 1328 429 inutilis,
1364 399 1417 424 ant
1450 390 1611 437 indignus,
1645 403 1660 425 a
1691 402 1764 425 cura

1015 441 1118 486 gregis
1140 439 1251 474 debeat
1274 439 1437 478 removeri,
1463 439 1619 485 agendum
1642 446 1690 474 est
1712 451 1765 474 οι·-

1016 489 1122 523 dinate
1138 489 1220 535 apud
1244 488 1441 534 episcopum,
1465 488 1501 521 ad
1521 489 1610 523 cuius
1626 488 1763 523 officium

1017 546 1077 572 tam
1107 538 1278 581 institutio,
1307 548 1400 582 quam
1428 537 1589 571 destitutio
1616 538 1766 572 sacerdo—

1017 595 1082 621 tum
1111 587 1253 621 noscitur
1281 585 1448 632 pertinere.
1473 585 1552 620 lllud
1580 594 1684 621 autem
1702 594 1765 620 tan-

1016 648 1110 682 quam
1137 636 1177 670 de
1198 634 1368 681 supercilio
1395 633 1635 669 Pharisaeorum
1663 647 1764 681 proce-

1016 685 1107 728 dens,
1130 684 1224 719 dehet
1245 683 1284 718 ab
1306 683 1455 717 omnibus
1476 685 1652 730 aspernari:
1681 684 1764 730 quod

1018 742 1166 780 tanquam
1189 733 1248 779 ipsi
1276 731 1332 766 soli
1360 732 1423 765 sint
1447 732 1530 773 iusti,
1554 740 1694 767 caeteros
1715 744 1766 766 as-

1018 791 1202 828 pernantur,
1223 793 1295 816 cum
1318 788 1348 814 et
1372 781 1524 815 hactenus
1545 780 1584 815 ab
1606 781 1694 815 initio
1717 793 1768 814 na-

1017 831 1133 865 scentis
1148 830 1310 865 Ecclesiae
1333 829 1420 864 multi
1444 829 1558 863 suerint
1581 829 1636 863 viri
1654 830 1766 868 sancti,

1017 880 1070 926 qui
1095 891 1151 913 nec
1179 880 1255 913 tales
1275 878 1370 912 fuisse
1393 878 1551 923 leguntur,
1579 890 1636 912 nec
1654 877 1768 911 talibus

1018 927 1213 971 adhaesisse,
1236 939 1308 962 cum
1332 926 1371 960 de
1394 939 1474 961 novo
1497 926 1573 961 tales
1594 928 1768 961 surrexisse

1019 977 1180 1022 legantur,
1215 976 1269 1023 qui
1304 976 1362 1009 nisi
1390 977 1528 1010 contenti
1564 976 1627 1009 sint
1661 975 1766 1009 doceri

1019 1026 1139 1071 potius,
1173 1038 1265 1072 quam
1301 1025 1428 1059 docere:
1469 1025 1505 1058 ad
1537 1024 1607 1059 illos
1637 1023 1768 1058 forsitan

1020 1074 1239 1120 pertinebunt,
1262 1074 1376 1120 quibus
1402 1073 1561 1107 Dominus
1582 1073 1636 1107 ait:
1665 1072 1768 1106 Nolite

1020 1123 1084 1158 fieri
1110 1123 1215 1170 plures
1239 1122 1388 1168 magistri.
1418 1122 1483 1156 Nos
1504 1108 1578 1168 erg⁸o
1602 1121 1666 1160 filii,
1695 1122 1766 1168 qnia
1796 1126 1919 1176 Aftsorfflgttff
1942 1126 1965 1146 ‚a

1020 1180 1150 1218 paterno
1186 1184 1239 1206 vos
1271 1171 1385 1206 affectu
1424 1171 1605 1217 diligimus,
1646 1182 1683 1205 ne
1710 1157 1967 1210 sul›„C1'2¹1{'³¹22ssm²„⁸2⁵.s,

1021 1229 1180 1267 praetextu
1218 1220 1359 1254 veritatis
1391 1220 1420 1253 in
1456 1220 1575 1254 foveam
1616 1218 1967 1271 decidatis22⁵jffi⁰u¹2¹¹²p¹³·

1019 1270 1145 1313 erroris,
1171 1276 1202 1304 et
1223 1269 1281 1304 snb
1307 1269 1411 1315 specie
1440 1268 1587 1303 virtutum
1608 1267 1639 1303 in
1660 1266 1771 1314 laque-
1815 1258 1842 1271 ‘¹
1885 1265 1890 1270 “

1022 1331 1071 1352 itm
1102 1328 1264 1358 vitiorutn3
1294 1325 1527 1353 universitatem
1559 1325 1693 1352 vestram
1718 1329 1770 1351 ro-

1019 1379 1130 1412 gamus
1158 1367 1324 1409 attentius,
1355 1378 1538 1407 monemus,
1565 1373 1595 1400 et
1629 1366 1772 1400 exhorta—

1020 1427 1091 1450 mur
1126 1415 1155 1449 in
1187 1414 1345 1455 Domino,
1375 1415 1405 1449 in
1435 1415 1654 1450 remissionem
1684 1414 1772 1448 vobis

1022 1473 1219 1510 peccatorum
1244 1464 1460 1511 iniungentes,
1485 1471 1641 1509 quatenus
1655 1462 1694 1498 ab
1711 1463 1772 1505 his,

1019 1525 1099 1560 quae
1122 1513 1270 1560 superius
1305 1512 1566 1560 reprehensibilia
1603 1512 1774 1546 denotavi-

1022 1574 1108 1603 mus,
1135 1570 1166 1596 et
1199 1562 1360 1608 linguam,
1386 1570 1412 1596 et
1442 1561 1581 1596 animum
1608 1561 1772 1598 revocetis.

1022 1610 1114 1645 tidem
1150 1612 1356 1654 catholicam,
1395 1618 1424 1645 et
1453 1610 1594 1656 regulam
1622 1609 1772 1644 ecclesia-

1021 1660 1131 1694 sticam
1160 1659 1381 1702 observantes,
1413 1671 1452 1693 ne
1480 1671 1534 1693 vos
1559 1658 1662 1693 verbis
1683 1658 1772 1693 falla-

1020 1708 1109 1743 cibus
1131 1709 1369 1747 circnmveniri,
1395 1708 1441 1742 vel
1476 1708 1569 1743 etiam
1592 1707 1771 1742 circumve-

1022 1758 1087 1792 nire
1126 1758 1302 1804 contingat:
1342 1757 1415 1804 quia
1449 1758 1506 1791 nisi
1547 1757 1770 1790 correctionem

1023 1813 1179 1851 nostram,
1206 1815 1236 1840 et
1262 1806 1510 1841 admonitionem
1540 1813 1698 1851 paternam
1724 1817 1773 1838 re-

1021 1854 1168 1902 ceperitis
1194 1855 1369 1895 humiliter,
1403 1863 1433 1889 et
1456 1854 1584 1894 devote,
1618 1866 1674 1888 nos
1702 1862 1771 1900 post

1021 1903 1124 1938 oleum
1149 1903 1352 1938 infundemus
1379 1911 1408 1938 et
1436 1904 1555 1946 vinum,
1577 1902 1771 1936 severitatem

1021 1952 1265 1988 ecclesiasticam
1293 1960 1503 1999 apponentes;
1531 1960 1565 1986 ut
1587 1951 1640 1997 qui
1663 1950 1773 1984 nolue-

1024 2002 1083 2035 rint
1115 2001 1243 2036 obedire
1281 2001 1463 2048 spontanei,
1491 1999 1611 2034 discant
1647 2000 1771 2045 acquie-

1022 2062 1108 2084 scere
1137 2049 1183 2084 vel
1213 2050 1311 2084 inviti.

1070 2097 1185 2135 Datum
1210 2098 1354 2133 Lateran.

1182 2154 1242 2184 Dat.
1263 2164 1339 2185 anno
1359 2155 1445 2189 1199,
1464 2154 1564 2193 pontif.
1585 2162 1613 2184 11.

1345 2267 1457 2302 XXVI.

1027 2332 1234 2375 Confirmatio,
1256 2338 1282 2363 e!
1300 2332 1446 2363 concessio
1465 2331 1697 2375 pri'vi'leyiorum
1718 2329 1772 2362 Ec-

1071 2380 1177 2413 clesiae
1213 2381 1246 2413 S.
1275 2379 1442 2423 Grisoqoni
1461 2380 1496 2412 [Ie
1521 2379 1596 2412 Urbe
1612 2382 1670 2420 (l).

1290 2443 1504 2474 smtttfttttmt

1025 2496 1190 2526 Exordium.
1212 2513 1250 2519 -
1284 2495 1516 2526 Controversiam
1549 2497 1624 2525 inter
1646 2497 1770 2526 clericos

1062 2540 1090 2570 S.
1110 2540 1262 2578 Grisogoni
1282 2545 1308 2570 et
1330 2540 1358 2569 S.
1382 2539 1538 2570 Salvatoris
1561 2540 1595 2570 de
1616 2539 1710 2571 Curte.
1731 2557 1769 2563 —-

1060 2598 1098 2630 (l)
1117 2596 1156 2622 Ex
1173 2597 1272 2629 Balnz„
1291 2596 1374 2630 Epist.
1395 2597 1452 2623 mli,

1063 241 1098 261 111
1124 240 1170 261 t‘t’.
1780 238 1825 262 Α11.
1846 236 1872 261 C.
1896 236 1961 262 ll‘J‘J
