2129 3223
62 252 110 280 An.
129 251 156 278 (ἶ,
176 251 242 278 1⁹56

257 305 397 339 nationes
417 303 618 345 clericorum,
644 302 696 348 qui
721 301 757 336 ad
782 301 908 336 ordines
930 301 997 336 sne-

256 354 315 388 rint
338 352 553 401 promovendi,
575 364 590 386 a
606 351 792 385 dioc·:iesino
817 351 996 397 suscipiitis

253 404 422 451 episcopo,
455 401 611 450 siquidem
639 401 811 435 catholicus
841 400 944 442 fucrit,
967 409 993 435 et

252 453 383 498 gratiam
420 460 450 486 et
488 451 742 487 communionem
778 458 994 484 sacrosanctae

252 501 412 537 Romanae
438 500 531 536 Sedis
553 499 715 543 babuerit,
741 507 769 533 (t
799 511 832 533 (a
864 500 994 533 voluerit

251 552 318 586 sine
345 551 493 599 pravitate
514 549 615 597 aliqua
643 527 802 583 exhibere.
840 547 993 583 Prohibe-

252 613 322 635 mns
355 601 498 647 insuper,
535 608 569 634 ut
601 599 678 633 inl'ra
714 599 791 632 lines
828 598 992 644 parochiae

251 659 368 686 vestrae
406 650 510 684 nullus
541 649 608 684 sine
644 660 772 682 assensn
813 647 990 682 dimoesani

248 699 386 747 episcopi
422 707 452 734 et
488 706 588 733 vestio
622 697 773 744 capellam
809 708 863 731 sen
887 705 990 731 orato-

249 761 328 783 rium
356 749 395 784 de
421 761 501 783 novo
531 754 712 783 consti··=neii
739 746 872 789 audeat,
899 747 991 780 salvis

249 798 419 845 privilegiis
453 798 668 833 Romanorum
702 774 903 831 Pontificuin.
942 796 987 829 Ad

247 849 323 883 haec
358 860 452 882 novas
481 855 512 882 et
551 846 705 881 indebitas
739 845 916 880 exactiones
951 845 989 879 ab

244 897 490 944 archiepiscopis
511 904 540 931 et
559 895 732 942 episcopis,
750 894 987 934 archidiaconis,

244 959 300 981 seu
323 947 461 985 decanis,
479 945 611 992 aliisque
633 944 781 980 omnibus
802 943 989 979 ecclesiasti-

244 996 304 1039 cis,
337 995 587 1031 saecularibusve
615 994 756 1041 personis
774 1006 789 1028 a
814 993 900 1028 iobis
926 1006 987 1028 om-

244 1046 318 1080 nino
345 1046 410 1080 fieri
439 1045 651 1092 prohibemns.
683 1044 724 1078 Si
716 1043 882 1090 pullutum
914 1056 986 1090 quo-

243 1106 304 1141 qne
325 1096 426 1142 ipsius
449 1094 506 1130 loci
529 1094 659 1129 liberam
683 1105 750 1127 (556
773 1093 985 1133 decernimus,

244 1152 399 1180 uteorum
419 1144 575 1179 devotioni
599 1152 627 1178 et
646 1150 801 1177 extremae
825 1142 985 1182 r,0lnntati

243 1194 294 1240 qui
328 1207 361 1230 se
398 1194 461 1229 illic
494 1193 618 1240 sepeliri
647 1192 904 1236 deliberaverint,
927 1192 984 1226 nisi

242 1243 320 1278 forte
342 1243 616 1285 excommunicati,
647 1242 694 1276 vel
729 1241 906 1282 interdicti,
934 1249 985 1276 ant

241 1293 333 1327 etiam
357 1293 474 1340 publici
498 1291 631 1327 usurarii
661 1291 739 1331 sint,
777 1291 881 1325 nullus
907 1290 984 1325 obsi-

241 1349 312 1383 stat,
344 1342 427 1377 salva
455 1351 557 1377 tamen
593 1341 707 1376 iustitia
731 1340 852 1375 illarum
879 1340 984 1375 Eccle-

240 1391 356 1426 siarum
379 1404 394 1427 a
422 1391 537 1439 quibus
559 1398 753 1425 mortuorum
783 1402 912 1436 corpora
941 1402 984 1424 as·-

240 1449 419 1476 sumuntur.
456 1440 601 1475 Decimas
627 1447 785 1486 praeterea
812 1448 841 1473 et
866 1451 982 1485 posses-

239 1490 344 1526 siones
365 1490 402 1526 ad
426 1491 472 1525 ius
494 1489 704 1525 Ecclesiarum
729 1496 901 1523 vestrarum
918 1501 982 1535 spe-

239 1547 374 1582 ctantes,
409 1552 489 1587 quae
515 1552 531 1574 a
558 1539 646 1573 laicis
673 1538 865 1579 detinentur,
900 1538 983 1572 redi-

240 1589 365 1630 mendi,
389 1597 419 1625 et
445 1589 582 1635 legitime
603 1587 754 1623 liberandi
777 1588 816 1623 de
838 1587 983 1623 manibus

239 1650 365 1683 eorum,
396 1646 426 1674 et
453 1639 491 1674 ad
519 1637 679 1674 Ecclesias
715 1649 792 1684 quas
826 1638 981 1684 pertinent

241 1688 423 1731 revocandi,
447 1689 541 1723 libera
569 1688 608 1722 sit
632 1687 720 1721 vobis
740 1687 778 1721 de
801 1695 904 1721 nostra
927 1700 981 1721 an-

61 1750 204 1776 ri-„eposiiuin
239 1738 380 1773 ctoritate
402 1738 541 1773 facultas.
573 1736 719 1771 Obenntc
739 1748 809 1770 vero
831 1745 875 1779 te,
898 1749 981 1771 nunc

43 1781 163 1834 {isba-mio
176 1779 225 1807 ‘¹³⁸⁵
238 1787 377 1822 eiusdem
401 1787 458 1822 loci
482 1786 671 1834 praeposito,
699 1785 743 1820 vel
768 1794 890 1820 tuorum
908 1798 983 1832 quo-

238 1886 450 1941 subreptionis
463 1886 575 1921 astutia
602 1896 656 1918 sen
685 1883 829 1918 violentia
849 1896 982 1932 praepo-

241 1943 346 1977 natur,
380 1935 439 1970 nisi
464 1947 557 1982 quem
581 1934 690 1968 fratres
716 1934 876 1968 communi
904 1946 982 1969 con—

238 1997 351 2029 sensu,
385 1985 433 2020 vel
466 1984 595 2019 fratrum
623 1983 721 2018 maior
757 1995 827 2029 pars
859 1985 980 2019 consilii

238 2035 371 2070 sanioris
403 2033 577 2070 secundnm
605 2032 707 2067 Deum
747 2041 776 2067 et
811 2032 891 2068 beati
920 2034 982 2068 Αιι-

238 2084 357 2130 gustini
387 2083 527 2131 regulam
561 2082 751 2130 providerint
785 2082 978 2129 eligendum.

238 2133 311 2170 Paci
339 2145 466 2188 quoque
486 2141 517 2168 et
538 2132 752 2179 tranquillitati
777 2141 896 2168 vestiae
925 2146 981 2179 pa-

240 2192 325 2218 terna
344 2196 374 2217 m
397 2191 556 2231 posterum
579 2181 794 2216 sollicitudine
816 2182 981 2229 providere

241 2233 395 2274 volentes3
430 2233 611 2267 auctoritate
636 2231 804 2278 apostolica
832 2232 980 2278 prohibe-

242 2294 322 2323 mns,
352 2291 387 2316 ut
418 2281 495 2316 infra
522 2282 679 2316 clausuras
705 2289 876 2316 vestrorum
900 2282 981 2316 loco-

241 2344 323 2373 rum,
349 2331 455 2366 nullus
489 2331 628 2378 rapinam
651 2342 704 2365 seu
728 2329 843 2364 furtum
870 2331 1002 2367 facere

242 2382 346 2428 ignem
367 2392 536 2428 apponere
557 2380 742 2426 sangninem
766 2379 907 2422 sundere,
930 2381 1002 2415 Ιιο-

244 2432 360 2465 minem
383 2438 498 2466 temere
517 2442 628 2477 capere
647 2431 693 2463 iel
717 2429 901 2470 i·,nteificere
925 2442 1002 2464 sen

61 2483 230 2510 ¹¹¹1'ss0ssiaom-
245 2479 421 2515 iiolentiam
462 2479 573 2515 audeat
615 2490 770 2514 exercere

49 2516 84 2537 nia
98 2515 212 2536 coiissrmat.

245 2578 465 2615 decessoribus
480 2579 595 2614 nostris
613 2577 767 2613 Romanis
779 2577 984 2613 Pontificibus

245 2627 346 2663 ordini
370 2638 472 2663 vestro
498 2640 680 2669 concessas,
708 2638 828 2663 necnon
863 2627 985 2663 liberta-

886 245 1070 269 Gemonios
1092 246 1125 268 ΙΧ
1149 245 1196 267 ΡΡ.

239 1836 314 1872 libet
350 1848 567 1872 successorum
582 1862 590 1876 ,
630 1834 735 1869 nullus
768 1834 807 1869 ibi
843 1835 981 1882 qualibet
1001 1880 1003 1885 ,

1001 1888 1003 1893 “
1023 1885 1199 1918 districtum
1213 1883 1350 1919 Iudicem
1367 1885 1504 1931 praemia
1520 1895 1663 1920 aeternae
1683 1897 1767 1932 paen

819 2479 981 2515 Praeterea
1001 2486 1003 2520 t

244 2541 354 2564 omnes
379 2529 535 2564 libertates
556 2537 585 2564 et
622 2528 835 2563 immunitates
861 2542 878 2563 a
901 2541 982 2576 prae·
1001 2521 1004 2555 l

1665 234 1734 267 495

1039 308 1083 335 tes
1113 308 1143 334 et
1179 299 1395 345 exemptiones
1416 298 1624 333 saecularium
1648 299 1783 334 exactio-

1039 362 1110 383 num
1147 362 1160 383 a
1190 348 1316 394 regibus
1336 357 1364 382 ct
1395 348 1608 395 principibus,
1636 349 1683 384 vel
1711 349 1781 384 aliis

1037 398 1181 433 fidelibus
1209 398 1434 433 rationabiliter
1462 398 1547 432 vobis
1570 397 1706 433 indultas
1721 411 1778 434 an—

1035 450 1176 483 ctoritate
1197 447 1365 494 apostolica
1389 448 1622 490 confirmamus,
1645 456 1674 482 et
1689 460 1780 495 prae-

1035 498 1132 533 sentis
1153 497 1260 543 scripti
1285 497 1447 543 privilegio
1466 498 1709 533 communimus.

1085 546 1291 581 Decernimus
1313 558 1397 592 eroqo
1423 555 1455 580 ut
1479 547 1554 581 nulli
1574 559 1657 581 omn
1666 559 1704 582 no
1721 547 1776 581 lio-

1035 597 1152 631 minum
1176 597 1194 631 li
1189 604 1265 631 ·ceat
1286 596 1451 643 pracfitani
1470 596 1641 631 Ecclesiam
1660 606 1776 632 timere

1035 646 1229 692 perturbare,
1252 654 1303 680 aut
1329 645 1396 680 eius
1417 646 1631 692 possessiones
1653 646 1775 681 anferre

1033 696 1077 730 vel
1113 696 1229 731 ablatas
1257 695 1402 739 retinere,
1435 696 1590 740 minuere,
1618 708 1673 730 sen
1697 697 1774 743 qui—

1033 745 1167 779 buslibet
1192 744 1406 779 vexationibus
1429 744 1568 791 fatigare,
1588 746 1640 779 sed
1670 747 1773 779 omnia

1032 795 1148 841 integra
1173 802 1398 829 conserventur
1419 806 1540 835 eorum,
1563 806 1618 841 pro
1641 807 1772 842 quornm

1030 844 1257 889 gulwrnatione
1303 856 1338 878 ac
1364 844 1591 879 sustentatione
1623 856 1773 879 concessa

1029 902 1118 935 sunt,
1149 894 1256 927 usibus
1277 893 1468 928 omnimodis
1490 892 1659 940 profutura.
1683 893 1772 929 Salva

1029 943 1121 977 Sedis
1147 942 1346 990 Apostolicae
1367 943 1561 983 auctoritate,
1595 943 1772 979 dioecesani

1028 993 1165 1039 episcopi
1201 992 1351 1027 canonica
1374 992 1501 1036 iustitia,
1534 1000 1564 1027 et
1592 994 1622 1028 in
1645 993 1773 1041 praedi-

1028 1042 1084 1076 ctis
1099 1042 1229 1077 decimis
1243 1042 1453 1077 moderatione
1469 1042 1591 1077 concilii
1605 1043 1770 1089 generalis

1028 1091 1145 1139 Siqua
1172 1092 1265 1138 igitur
1297 1092 1327 1125 in
1365 1091 1504 1127 futurum
1539 1092 1770 1136 ecclesiastica,

1027 1141 1234 1176 saecularisve
1258 1152 1387 1188 persona
1415 1141 1494 1176 lianc
1516 1150 1639 1177 nostrae
1661 1143 1769 1177 consti-

1028 1191 1156 1226 tutionis
1178 1191 1325 1238 paginam
1357 1191 1471 1235 sciens,
1501 1198 1606 1225 contra
1633 1203 1700 1226 eam
1721 1199 1770 1225 te-

1027 1253 1111 1275 mere
1138 1241 1244 1275 venire
1271 1241 1479 1287 temptaverit,
1513 1240 1665 1284 secundo,
1700 1248 1764 1276 ter-

1027 1291 1106 1325 tiove
1128 1290 1330 1331 commonita,
1353 1290 1413 1324 nisi
1436 1296 1554 1326 reatum
1582 1303 1673 1326 sunm
1694 1302 1770 1325 con-

1025 1352 1100 1384 ‘frua
1135 1339 1344 1374 satisfactione
1371 1340 1559 1384 correxerit,
1588 1340 1768 1387 potestatis,

1025 1366 1217 1436 honorisque
1244 1389 1292 1423 sui
1310 1396 1414 1424 careat
1434 1388 1598 1435 dignitate,
1621 1402 1769 1437 reamque

1025 1450 1057 1473 se
1091 1438 1197 1473 divino
1223 1438 1340 1473 iudicio
1366 1438 1499 1474 existere
1528 1438 1566 1474 de
1595 1446 1767 1495 perpetrata

1026 1488 1187 1535 iniquitate
1226 1495 1415 1534 cognoscat,
1450 1496 1480 1523 et
1516 1500 1532 1523 a
1559 1489 1769 1524 sacratissimo

1024 1536 1165 1584 Corpore
1186 1545 1216 1572 et
1242 1537 1404 1584 Sanguine
1426 1537 1483 1572 Dei
1507 1546 1536 1572 et
1560 1538 1686 1573 Domini
1706 1538 1769 1573 Re-

1024 1587 1196 1633 (lemptoris
1218 1587 1315 1622 nostri
1342 1586 1412 1622 Iesu
1434 1586 1549 1622 Christi
1573 1588 1672 1622 aliena
1706 1588 1768 1628 liat,

1024 1645 1115 1684 atque
1139 1637 1169 1671 in
1192 1645 1332 1671 extremo
1354 1637 1496 1671 examine
1519 1636 1677 1672 districtae
1698 1637 1768 1672 suh-

1025 1687 1122 1721 iaceat
1148 1686 1269 1721 ultioni.
1292 1685 1425 1721 Cunctis
1450 1694 1553 1721 autem
1577 1687 1677 1721 eidem
1700 1686 1768 1721 loco

1024 1748 1076 1771 sua
1105 1736 1172 1770 iura
1199 1735 1395 1771 servantibus
1418 1736 1457 1770 sit
1485 1748 1543 1783 pax
1566 1735 1692 1771 Domini
1710 1748 1768 1770 no-

1023 1786 1077 1820 stri
1101 1785 1149 1819 les
1154 1798 1170 1819 n
1195 1784 1331 1829 Christi,
1363 1792 1527 1841 qnatenus
1551 1794 1580 1820 et
1610 1786 1661 1821 hic
1696 1785 1768 1820 fru—

1023 1843 1106 1869 ctum
1137 1835 1234 1868 bonae
1269 1835 1400 1869 actionis
1434 1835 1595 1890 recipiant,
1629 1843 1660 1870 et
1684 1836 1766 1883 apud

1025 1934 1191 1968 inveniant
1222 1934 1336 1977 Amen,
1359 1946 1461 1968 amen

1071 1983 1142 2018 Efio
1168 1961 1361 2018 Gemoniis
1388 1982 1568 2018 Catholicae
1608 1983 1767 2019 Ecclesiae

1022 2033 1189 2080 episcopus
1216 2033 1398 2080 subscripsi.

1799 243 1849 270 An.
1865 242 1893 270 C.
1914 244 1978 270 1236

1825 555 1941 576 clausulae.

1796 1988 1891 2015 Gregorii
1923 1987 1961 2009 PP.

1784 2021 1909 2046 subscriptio

1076 2575 1141 2622 Euo
1174 2575 1312 2609 Thomas
1349 2575 1429 2610 tituli
1464 2574 1597 2611 Sanctae
1632 2576 1766 2612 Sabinae

1027 2625 1186 2672 ρι65ῑι)16ι
1208 2624 1374 2659 cardinalis
1400 2625 1581 2672 subscripsi.

1795 2586 1924 2612 Subscriptio
1928 2591 1965 2606 nes

1783 2616 1839 2637 eni-d.
1855 2615 1874 2637 S
1884 2615 1905 2636 R
1917 2615 1938 2636 E.
