2129 3223
137 257 185 283 An.
205 257 233 283 C.
250 258 318 284 1265

159 2362 288 2382 Pronmlum.

385 248 453 281 756

371 312 479 342 moveri
517 315 609 350 potest
641 319 655 340 a
688 308 892 339 definitoribus
921 314 948 339 et
982 313 1078 339 custo-

369 355 526 386 dibuss—
547 355 574 384 3.
602 354 761 384 Vocalibus
789 354 874 393 longe
899 353 1077 384 distantibus

368 404 483 438 tempus
520 409 577 429 non
609 399 711 429 currit.
744 416 782 422 —
816 399 844 428 4.
875 397 1019 428 Custodes
1051 402 1078 427 et

366 443 521 481 guardiani
537 444 661 473 instituti
684 444 781 473 statim
805 444 925 483 capiunt
947 442 1076 472 admini-

365 488 546 518 strationem.
569 505 609 510 —
625 487 653 518 5.
672 488 806 518 Lectores
830 487 939 526 ubique
968 487 1078 524 legunt,

365 531 492 570 exceptis
510 532 616 562 studiis
640 541 738 570 gener.
756 549 794 554 —
812 533 839 561 o.
858 531 1076 561 Praedicatores

365 583 379 603 a
399 574 508 613 quibus
525 576 720 606 examinandi.
739 593 778 598 —
797 576 822 605 7.
837 575 954 605 Fratres
974 584 987 603 a
1004 583 1078 613 quo-

364 618 436 648 libet
450 619 589 658 episcopo
612 621 704 650 sacris
729 620 873 650 initiandi.
901 636 940 642 —
970 619 996 647 8.
1026 618 1078 647 Fa-

364 662 459 692 cultas
505 662 635 693 habendi
670 666 795 694 oratoria
834 681 872 686 --
906 664 933 693 9.
968 662 1001 692 Et
1029 672 1078 691 sa-

364 706 422 735 cris
444 707 585 745 operandi
617 707 645 737 in
679 708 753 738 locis
786 708 940 738 interdicto
968 715 1078 746 suppo-

365 751 439 780 sitis.
457 750 558 780 -10,
577 749 681 790 lbique
703 752 904 781 commorandi
933 756 961 780 et
982 760 1075 790 quae-

365 794 493 824 stuandi.
521 811 560 817 —
588 795 634 824 11.
662 794 814 825 Generalis
851 800 877 825 et
911 794 1077 834 provincia-

364 838 406 868 les
428 843 551 878 possunt
581 848 651 869 suos
669 839 821 869 absolvere
848 843 875 868 et
903 838 1076 877 dispensare

364 881 400 911 ab
426 881 704 920 irregularitatibus:
728 899 768 905 -
791 883 836 912 12.
859 882 916 921 Ipsi
935 891 1002 911 voro
1025 882 1077 911 ab·

364 926 435 955 solvi
455 930 580 965 possunt
597 936 611 956 a
630 926 692 956 suis
709 926 860 956 fratribus.
877 942 917 948 —
936 925 981 954 13.
997 924 1075 954 ldem

363 979 396 999 ac
416 970 446 1000 in
465 970 479 1009 ἓ
500 970 546 1000 11.
573 987 613 993 -
642 971 688 1000 14.
710 970 799 1001 Multa
822 974 1032 1000 enumerantur
1061 978 1075 998 a

363 1014 472 1053 quibus
501 1015 669 1045 eximuntur
699 1014 814 1045 fratres.
848 1031 887 1036 —
915 1014 961 1043 15.
990 1013 1077 1043 Prae-

362 1058 412 1088 lati
431 1058 543 1089 ordinis
571 1067 708 1089 revocare
731 1062 855 1098 possunt
872 1057 976 1087 fratres
999 1057 1075 1096 apud

362 1102 519 1142 episcopos
548 1108 777 1138 commorantes,
805 1107 856 1132 etc.
877 1119 917 1124 —
943 1102 989 1131 16.
1007 1100 1076 1131 Om-

362 1147 573 1186 nimodamque
613 1147 849 1177 iurisdictionem
881 1146 989 1177 liabent
1025 1156 1076 1176 su-

361 1199 413 1230 pra
439 1190 562 1220 Crucem
586 1191 791 1230 praedicantes
817 1196 846 1221 et
874 1192 1076 1231 inquisitores,

360 1251 399 1257 —
416 1235 462 1264 17.
482 1234 517 1265 Et
537 1236 672 1265 censuris
696 1236 837 1275 impetere
850 1236 885 1265 ab
906 1235 1008 1265 ordine
1027 1236 1074 1265 di-

362 1279 575 1315 scedentes,—
595 1279 640 1308 18.
660 1279 711 1308 vet
735 1280 769 1309 ad
794 1280 882 1310 alium
900 1289 957 1310 non
976 1280 1073 1310 statim

361 1324 1075 1364 transeuntes—19.Apostatasquepersequi,et

361 1376 411 1397 eos
427 1367 477 1406 qui
499 1367 641 1397 licentiati
665 1377 730 1397 cum
749 1368 816 1404 sint,
835 1369 924 1398 alium
941 1369 1073 1398 ordinem

361 1411 476 1449 ingredi
510 1411 554 1440 vel
573 1412 704 1451 profiteri
728 1412 885 1442 noluerint.
903 1429 943 1435 -·
959 1412 1006 1443 20.
1022 1412 1076 1442 Ne-

362 1454 435 1485 mini
461 1454 574 1484 licitum
594 1455 631 1485 sit
649 1456 785 1485 eumdem
805 1456 849 1486 vel
868 1456 995 1485 similem
1018 1457 1073 1486 lia-

362 1498 455 1528 bitum
473 1504 599 1537 portare.
617 1516 656 1522 —
671 1499 718 1529 21.
737 1499 892 1539 Exemptio
907 1510 922 1529 a
938 1501 1073 1530 decimis.

362 1559 400 1565 —
417 1542 464 1572 22.
483 1543 638 1582 Applicare
657 1544 714 1574 sibi
735 1550 859 1584 possunt
874 1545 949 1574 bona
964 1545 1075 1574 intran-

363 1587 445 1621 tium,
476 1596 542 1616 cum
579 1588 606 1616 lii
639 1589 788 1625 nesciunt,
819 1589 928 1628 quibus
957 1589 1074 1618 restitui

363 1631 479 1662 debent:
493 1649 532 1654 —
549 1632 596 1662 23.
615 1633 655 1662 Ac
673 1638 853 1663 mortuorum
873 1642 992 1672 corpora
1011 1642 1074 1663 suis

363 1677 392 1706 in
419 1676 559 1706 Ecclesiis
583 1676 718 1716 sepelire.
737 1694 777 1699 -—
797 1677 844 1707 224.
873 1676 1073 1706 Confratribus

363 1724 430 1745 vcro
462 1720 580 1755 peccata
616 1716 747 1746 contiteri
782 1721 926 1746 tenentur.
958 1733 997 1738 —
1027 1716 1073 1745 25.

362 1755 571 1786 Conceduntur
598 1756 641 1785 eis
673 1756 824 1795 privilegia
854 1757 1005 1786 nonnulla.
1037 1773 1074 1777 —

362 1795 410 1826 25.
429 1795 483 1825 Pro
502 1795 605 1833 legatis
628 1795 833 1826 defunctorum
857 1796 931 1825 nihil
954 1797 1073 1825 solven-

363 1836 442 1866 dum.
469 1851 508 1857 —
534 1835 581 1865 2'1.
610 1835 715 1874 Aliqua
749 1836 929 1866 dimittentes
956 1835 1018 1865 loca
1039 1836 1074 1865 de

363 1884 464 1905 eorum
500 1874 586 1904 bonis
619 1880 744 1914 possunt
765 1876 932 1915 disponere.
961 1892 1000 1897 —
1027 1875 1074 1905 28.

362 1914 442 1944 Nihil
471 1923 538 1944 vero
561 1923 613 1953 pro
633 1915 905 1953 procurationibus,
930 1915 1075 1951 collectis,

364 1954 507 1984 subsidiis
543 1959 594 1983 etc.
626 1958 765 1984 tenentur
799 1955 921 1985 solvere.
958 1972 998 1977 -—-
1028 1955 1074 1984 29.

364 1993 513 2032 Exemptio
541 1992 576 2023 ab
610 1993 759 2024 ordinaria
789 1995 1004 2025 iurisdictione.
1038 2011 1076 2016 —

364 2032 411 2063 30.
428 2032 584 2063 Roboratio
603 2033 729 2064 huiusce
751 2035 981 2065 constitutionis.

325 2103 446 2133 Clemens
464 2104 604 2140 episcopus
624 2111 719 2133 servus
731 2112 870 2135 servorum
888 2106 946 2140 Det,
967 2107 1078 2136 ducetis

368 2152 434 2181 tiliis
463 2154 585 2189 generali
604 2154 633 2182 et
663 2154 873 2189 provincialibus
890 2155 1026 2185 ministris
1045 2163 1076 2185 ao

371 2202 506 2232 universis
524 2202 662 2232 fratribus
682 2203 785 2232 ordinis
803 2203 945 2237 minorum,
958 2205 1076 2234 satutem

371 2251 400 2279 ot
424 2252 603 2287 apostoticam
622 2252 844 2281 benedictionem.

376 2316 499 2352 Virtute
520 2319 712 2366 conspicuos
737 2320 817 2354 sacri
843 2321 934 2355 vestri
955 2320 1076 2355 ordinis

328 2366 534 2412 professores,
549 2368 602 2415 qui
619 2368 875 2416 contemplationi
891 2370 1074 2405 coelestium

328 2413 482 2451 ferventer
507 2416 682 2463 invigilant,
710 2425 739 2452 et
768 2418 835 2464 piae
862 2418 941 2453 vitae
972 2420 1075 2454 studio

329 2464 394 2499 sine
421 2465 654 2501 intermissione
688 2466 865 2512 desudant,
903 2468 992 2503 decet
1021 2480 1077 2515 per

329 2513 516 2559 apostolicae
539 2516 830 2562 circumspectionis
856 2517 1008 2552 auxilium
1031 2518 1076 2552 sic

331 2562 458 2607 provide
479 2562 582 2610 dirigi,
609 2572 639 2599 et
668 2565 799 2599 sollicite
837 2566 1006 2610 confoveri,
1041 2575 1075 2600 ut

330 2609 462 2645 alicuius
497 2620 655 2648 nraetextu
680 2614 854 2650 calumniae
880 2614 1001 2650 nullum
1025 2615 1076 2649 in-

909 255 1046 278 BULLAR!
1052 255 1096 277 ΠΜ
1124 253 1287 276 ROMANUM

1122 317 1228 343 ternae
1257 308 1342 355 pacis
1375 305 1544 351 excidium,
1579 304 1765 352 nullumque
1796 303 1870 338 reli-

1120 358 1198 404 giosi
1226 365 1326 392 status
1355 355 1510 404 perferant
1537 355 1761 391 detrimentum
1778 381 1785 394 ,
1813 352 1867 388 sed

1123 409 1152 441 in
1169 407 1217 441 liis
1242 406 1336 441 robur
1348 413 1378 440 et
1392 406 1528 452 vigorem
1546 404 1692 444 habeant,
1715 414 1770 450 per
1788 413 1868 449 quae

1120 456 1237 491 cultum
1259 455 1354 490 divini
1383 455 1521 490 nominis
1542 454 1662 488 devotis
1689 460 1718 487 et
1752 451 1868 499 quietis

1120 505 1279 540 mentibus
1303 505 1503 539 invalescant.

1168 554 1188 601 S
1218 557 1243 588 1.
1266 554 1348 588 Hinc
1369 562 1427 594 est,
1455 552 1551 600 quod,
1579 563 1677 598 quum
1705 552 1785 585 sicut
1809 561 1868 585 no-

1121 603 1167 637 liis
1193 615 1351 650 exponere
1373 603 1517 646 curastis,
1549 610 1591 640 tu,
1636 600 1679 635 tili
1713 599 1867 646 generalis

1121 652 1271 696 minister,
1314 660 1343 686 et
1391 651 1649 699 praedecessores
1689 650 1749 690 tui,
1785 649 1866 684 iuxta

1119 701 1260 736 eiusdem
1298 701 1419 735 ordinis
1462 699 1723 735 consuetudinem
1758 697 1868 733 obser-

1120 758 1218 785 vatam
1242 751 1405 791 huctenus,
1428 758 1457 784 et
1480 762 1494 784 a
1511 748 1593 783 Sede
1614 747 1796 795 Apostolica
1818 755 1869 782 to-

1119 800 1258 844 leratam,
1286 800 1389 834 statim
1420 807 1586 846 postquam
1625 797 1714 832 electi
1750 809 1868 831 secun-

1118 849 1193 883 dum
1219 848 1368 895 praedicti
1398 848 1535 894 regulam
1563 854 1593 881 et
1627 847 1869 881 constitutiones

1118 898 1237 932 ordinis
1264 898 1421 940 extitistis,
1447 897 1576 931 fratrum
1618 895 1719 943 ipsius
1761 906 1867 930 curam

1118 947 1292 992 gesseritis,
1327 945 1492 981 ministerii
1531 944 1668 980 officium
1705 944 1796 991 plene
1833 956 1868 978 ac

1119 996 1215 1031 libere
1243 996 1272 1030 in
1300 994 1451 1030 omnibus
1473 1002 1668 1037 exercentes,
1707 993 1867 1040 iidemque

1120 1045 1228 1079 fratres
1255 1045 1344 1080 vobis
1379 1044 1491 1079 devote
1527 1051 1555 1078 et
1595 1042 1756 1078 humiliter
1790 1042 1868 1078 obe·

1118 1094 1233 1130 dierint
1260 1107 1296 1129 ac
1322 1093 1515 1130 intenderint
1543 1100 1730 1133 reverentem
1765 1099 1796 1126 et
1836 1091 1866 1126 in

1118 1143 1225 1178 eadem
1249 1145 1352 1189 regula
1380 1144 1417 1177 sit
1440 1154 1638 1189 expressum,
1656 1149 1688 1176 ut
1710 1140 1866 1188 generalis

1119 1193 1271 1234 minister,
1299 1192 1351 1240 qui
1381 1204 1435 1239 pro
1463 1200 1604 1238 tempore
1631 1190 1732 1234 fuerit,
1753 1202 1770 1225 a
1806 1190 1867 1225 mi-

1119 1242 1235 1277 nisterii
1264 1241 1367 1276 officio
1393 1242 1529 1275 amoveri
1554 1239 1664 1281 valeat,
1687 1240 1867 1286 provincia-

1118 1291 1201 1326 libus
1229 1291 1380 1326 ministris
1402 1299 1431 1325 et
1458 1289 1642 1324 custodibus
1665 1289 1696 1323 in
1727 1290 1864 1334 generali

1117 1341 1254 1387 capitulo
1280 1339 1488 1386 congregatis;
1516 1351 1574 1373 nos
1599 1338 1738 1373 volentes
1771 1338 1867 1373 ambi-

1117 1391 1244 1435 guitatis
1266 1389 1451 1435 scrupulum
1475 1389 1504 1422 in
1533 1387 1591 1422 hac
1614 1396 1700 1435 parte
1735 1387 1774 1422 de
1811 1400 1866 1423 ve-

1117 1440 1190 1473 sti-is
1211 1438 1360 1474 cordibus
1382 1446 1553 1484 amputare,
1577 1449 1612 1472 ac
1638 1437 1780 1472 ordinem
1821 1437 1866 1484 ip-

1117 1500 1224 1522 suma
1246 1487 1329 1522 Sede
1358 1487 1565 1534 approbatum
1600 1486 1721 1526 eadem,
1761 1485 1866 1521 hone-

1116 1544 1193 1571 state
1236 1536 1406 1576 floridum,
1443 1537 1636 1582 praeclarum
1674 1536 1804 1570 scientia
1834 1543 1865 1570 et

1118 1587 1227 1620 virtute
1254 1585 1458 1625 foecundum,
1482 1584 1646 1632 privilegio
1673 1584 1865 1631 apostolicae

1116 1635 1231 1680 gratiae
1254 1634 1396 1669 attollere
1417 1634 1584 1680 singulari,
1613 1634 1722 1668 vestris
1743 1634 1866 1681 suppli-

1116 1683 1293 1718 cationibus
1315 1683 1467 1723 inclinati,
1486 1683 1643 1718 devotioni
1673 1691 1804 1724 vestrae,
1831 1691 1866 1718 ut

1117 1745 1315 1768 successores
1342 1734 1399 1773 tui,
1433 1732 1475 1766 fili
1511 1732 1670 1779 generalis
1692 1733 1864 1780 magister,

1116 1783 1170 1829 qui
1193 1790 1287 1817 erunt
1313 1794 1370 1829 pro
1391 1790 1544 1828 tempore,
1567 1783 1670 1817 statim
1698 1791 1864 1830 postquam

1117 1832 1207 1866 electi
1228 1831 1403 1866 secundum
1421 1830 1560 1877 regulam
1577 1840 1607 1866 et
1624 1833 1866 1869 constitutiones

1118 1879 1231 1915 fuerint
1252 1880 1462 1927 supradictas,
1481 1892 1517 1914 eo
1546 1881 1613 1927 ipso
1636 1881 1698 1916 veri
1721 1882 1864 1918 eiusdem

1117 1931 1234 1964 ordinis
1260 1931 1421 1975 generales
1448 1929 1582 1964 ministri
1621 1930 1722 1966 effecti
1757 1944 1863 1968 curam

1117 1979 1292 2013 animarum
1320 1978 1450 2013 fratrum
1484 1980 1585 2026 ipsius
1617 1979 1739 2015 ordinis
1774 1982 1866 2029 plene

1118 2028 1263 2071 habeant,
1291 2035 1320 2062 et
1343 2028 1439 2063 libere
1472 2037 1593 2074 gerant,
1620 2029 1767 2078 ipsosque
1801 2030 1866 2067 fra-

1119 2086 1180 2111 tres
1200 2077 1384 2112 auctoritate
1408 2077 1530 2124 propria
1559 2077 1657 2124 ligare
1677 2091 1714 2115 ac
1732 2079 1864 2121 solvere,

1118 2142 1240 2165 necnon
1272 2130 1301 2164 in
1330 2130 1439 2165 eodem
1463 2131 1573 2166 ordine
1596 2144 1687 2178 agere
1719 2133 1865 2175 valeant,

1117 2196 1197 2230 quae
1219 2184 1276 2231 ipsi
1301 2184 1432 2219 ministri
1461 2192 1489 2219 et
1511 2185 1692 2221 deti-nitores
1713 2187 1749 2221 ad
1789 2186 1866 2223 haec

1118 2238 1205 2272 electi
1234 2237 1317 2271 iuxta
1345 2238 1520 2284 praedictas
1548 2239 1786 2275 constitutiones
1820 2241 1865 2276 ei-

1118 2290 1188 2324 dem
1211 2291 1312 2325 ordini
1336 2299 1366 2325 et
1393 2291 1540 2327 fratribus
1566 2293 1739 2328 secundum
1762 2294 1863 2329 Deum

1118 2344 1251 2378 viderint
1273 2344 1435 2391 expedire,
1462 2346 1600 2394 aliasque
1638 2348 1759 2394 possint
1797 2347 1865 2382 offi-

1118 2398 1200 2432 cium
1230 2398 1392 2432 ministerii
1421 2399 1503 2434 licite
1537 2400 1567 2434 in
1597 2400 1745 2436 omnibus
1773 2412 1864 2436 exer-

1118 2462 1198 2485 cere.
1228 2450 1388 2498 iidemque
1419 2451 1528 2488 fratres
1550 2453 1603 2488 tibi
1625 2453 1763 2500 generali
1804 2455 1864 2489 mi-

1119 2505 1215 2539 nistro
1252 2514 1282 2540 et
1320 2507 1555 2542 successoribus
1581 2508 1657 2554 ipsis
1684 2508 1795 2543 devote
1829 2520 1865 2543 ac

1119 2558 1281 2594 humiliter
1308 2559 1456 2596 obediant
1478 2569 1507 2596 et
1529 2560 1702 2596 intendant.

1153 2628 1192 2663 (t)
1213 2629 1277 2656 Vide
1293 2629 1391 2656 Concil.
1411 2630 1540 2656 Trident..
1561 2638 1625 2657 sess.
1647 2632 1690 2663 25,
1708 2640 1766 2667 cap.
1784 2633 1809 2658 ὂ.

1883 243 1934 270 Αη.
1955 241 1983 268 C.
1998 240 2064 268 ¹265

1896 553 1991 575 Minister
2002 558 2067 580 gon·-

1881 587 1931 607 rnlin
1983 586 2065 608 eloctu-

1882 619 1983 640 continuo
1993 624 2064 640 euram

1882 649 1970 700 susem!
2003 648 2062 669 ornit-

1882 681 1936 699 nis¹
1967 691 1970 694 ,
