2129 3223
155 290 206 317 An.
221 289 248 316 C.
267 288 335 316 ¹265

180 984 296 1007 Exord‘mm.

400 280 466 312 762

678 335 762 372 XIV.

456 424 602 470 Sequitur
631 423 741 456 carulo
767 419 892 454 Siciliae
916 419 983 462 reqi

492 475 524 507 in
546 474 625 506 idem
651 477 864 517 aryumentum
885 470 941 510 (l).

612 550 824 584 SUMtttAtttUM

345 623 511 657 Exordium.
528 635 568 643 ——
584 618 704 653 Legatos
723 614 761 644 ait
779 611 939 643 destinatos
964 608 998 638 ad
1022 617 1087 637 eum

385 665 583 699 coronandum
614 667 641 692 et
669 657 879 697 inungendum:
908 671 948 676 —
973 651 1088 688 Quibus

384 712 500 744 mandat
522 709 557 739 ab
575 716 608 737 eo
627 706 793 743 homagium
814 701 914 739 ligium
938 698 1088 739 praestari.

344 781 465 810 Clemens
483 778 623 815 episcopus
639 780 734 803 servus
754 776 891 799 servorum
905 767 960 799 Dei,
985 764 1090 794 charis-

389 830 456 859 simo
480 828 508 856 in
526 826 633 855 Christo
651 823 707 852 filio
736 820 830 850 carolo
855 818 915 853 regi
933 815 1038 844 Siciliae
1056 814 1088 842 il·

387 878 480 911 lustri,
497 876 615 906 satutem
633 874 661 902 et
672 870 850 909 apostolicam
866 865 1088 895 benedictionem.

392 942 530 978 Odorem
553 938 616 985 agri
645 935 741 984 pleni,
767 933 815 968 cui
840 929 999 966 benedixit
1020 927 1088 963 Do-

343 993 460 1033 minus,
483 991 512 1024 in
541 997 570 1023 te
608 983 836 1021 benedictionis
870 980 932 1014 titio
972 978 1087 1014 sentire

341 1042 527 1091 gaudemus,
559 1043 696 1073 aromata
729 1029 955 1068 considerando
987 1029 1088 1062 virtu-

343 1103 406 1128 tum
429 1099 459 1125 et
484 1087 699 1124 strenuitatem
721 1080 910 1118 attendendo
927 1086 1086 1124 gestorum

342 1140 544 1177 laudabilium
584 1135 699 1183 quihus
728 1141 779 1166 tua
813 1128 997 1165 excellentia
1033 1139 1087 1173 per

341 1192 476 1226 divinam
500 1186 641 1223 redditur
661 1183 791 1229 gratiam
814 1178 970 1225 insignita.
1006 1176 1085 1211 Nam

342 1241 424 1289 quod
452 1237 626 1274 secundum
648 1233 751 1269 Deum
774 1231 803 1265 in
832 1241 903 1275 rege
934 1226 1087 1282 catholico

343 1289 501 1339 quaeritur
524 1285 594 1321 fidei
619 1285 860 1319 firmamentum,
883 1279 1087 1332 iustitiae-ze-

343 1340 393 1375 lus
413 1347 443 1375 et
475 1335 633 1372 affluentia
669 1330 802 1379 pietatis,
836 1326 912 1376 quid
953 1338 982 1360 tn
1019 1338 1087 1372 ipso

343 1390 424 1424 circa
447 1385 618 1422 saecularia
640 1383 706 1417 laus
720 1380 854 1415 humana
874 1376 1085 1418 commendat,

343 1437 553 1474 affabilitatem
573 1444 685 1479 nempe
704 1429 890 1470 benivolam,
907 1424 1087 1460 beneficen-

345 1488 403 1523 tiae
425 1486 553 1534 gratiam
581 1491 611 1518 et
641 1481 885 1524 circumspectae
915 1475 1085 1509 industriae

344 1539 548 1575 maiestatem
574 1533 649 1567 haec
671 1530 701 1564 in
729 1537 758 1563 te
792 1525 930 1575 profecto
963 1535 1088 1570 compe-

345 1589 454 1625 rimus,
476 1593 506 1620 et
527 1595 564 1619 ex
603 1582 652 1615 his
686 1579 767 1614 circa
802 1586 966 1624 personam
1001 1581 1084 1608 tuam

343 1637 374 1671 in
409 1635 499 1670 nobis
537 1630 686 1667 exuberat
722 1627 772 1662 illa
813 1624 948 1666 dilectio,
992 1634 1084 1669 quam

343 1686 424 1732 apud
446 1684 566 1729 Regem
589 1678 747 1715 coelorum
786 1675 840 1710 tibi
873 1673 955 1708 velut
978 1672 1087 1707 haeres

343 1734 522 1770 dominicus
544 1727 724 1765 vendicasti.
755 1725 927 1759 pensantes
963 1722 1086 1767 igitur,

343 1784 425 1832 quod
453 1781 611 1818 extollitur
647 1778 748 1812 honor
788 1773 893 1809 mati-'is
926 1771 1087 1806 Ecclesiae

345 1833 395 1868 tali
428 1845 444 1868 a
482 1832 547 1867 suis
580 1826 731 1864 uberibus
766 1824 828 1858 filio
867 1820 1086 1868 dependente,

344 1882 491 1930 quodque
513 1880 557 1915 tui
580 1887 679 1914 status
702 1872 925 1922 praeminentia
961 1871 991 1904 in
1029 1881 1087 1904 ma-

345 1942 449 1968 ternae
483 1929 566 1966 cedit
601 1923 796 1962 exaltationis
834 1928 1085 1968 augumentum,

344 1990 374 2017 te
396 1982 473 2016 intra
497 1976 675 2026 praecordia
703 1982 805 2009 nostra
821 1970 1031 2017 suscepimus,
1049 1968 1086 2002 ad

346 2032 404 2066 hoc
444 2028 620 2077 praecipuis
651 2024 762 2060 studiis
801 2020 1019 2062 intendentes,
1056 2027 1086 2051 ut

346 2079 458 2127 regalis
489 2075 720 2124 magnificentia
759 2070 908 2107 culminis
946 2067 1089 2103 felicibus

346 2129 494 2176 auspiciis
519 2126 683 2162 exaltetur.
710 2122 750 2157 Et
774 2129 805 2156 ut
827 2119 882 2154 tibi
905 2117 1019 2153 clarius
1035 2129 1090 2164 pa-

347 2188 407 2215 teat
433 2177 562 2213 affectus
593 2172 755 2222 apostolici
797 2166 973 2217 plenitudo,
1009 2167 1089 2220 petis

346 2229 462 2264 tionem
485 2236 582 2269 tuam,
605 2236 697 2272 quam
718 2220 806 2256 nobis
840 2217 936 2253 fecisti
973 2217 1087 2263 porrigi

347 2277 459 2314 fiducia
482 2275 577 2319 filiali,
600 2272 753 2309 videlicet,
775 2268 858 2317 quod
886 2277 914 2302 te
949 2274 978 2301 et
1014 2265 1090 2300 cha-

349 2328 500 2362 rissimam
524 2325 554 2359 in
577 2323 702 2358 Christo
729 2320 822 2354 filiam
856 2325 993 2352 nostram
1034 2328 1090 2350 re-

348 2377 450 2423 ginam
475 2375 626 2410 illustrem
656 2382 787 2406 uxorem
819 2375 904 2402 tuam
948 2365 1089 2400 coronari

349 2436 378 2460 ct
402 2437 487 2460 more
511 2423 619 2469 inungi
646 2421 729 2467 regio
756 2418 940 2453 faceremus:

397 2475 460 2509 Nos
499 2473 637 2520 paternis
671 2467 834 2505 affectibus
868 2466 1092 2506 admittentes,

171 2523 335 2548 '⁵F²'‘·'⁸³'¹⁶³·
352 2524 554 2558 venerabilem
578 2521 701 2555 fratrem
724 2526 864 2553 nostrum
886 2514 1091 2562 Rodulphum

158 2558 245 2574 tanatos
256 2556 279 2574 :td
291 2560 336 2573 eum

158 2586 298 2605 ‹arona-utum
318 2574 559 2607 eiAlhanensem
587 2571 766 2616 episcopum
794 2575 824 2601 et
845 2566 975 2601 dilectos
1014 2563 1093 2598 titios

158 2617 304 2641 taum-:unitum

357 2632 478 2656 nostros
498 2620 670 2655 Adrianum
696 2618 774 2652 tituli
798 2615 929 2651 Sanctae
943 2613 1093 2649 Praxedis

389 2692 427 2725 tl)
443 2690 482 2717 Ex
499 2691 600 2724 ltegcst.
620 2689 700 2717 Vane.

935 278 1033 302 BELLA
1039 276 1121 300 RIUM
1148 275 1307 298 noantvtm

1130 330 1357 378 presbyterum,
1392 328 1581 364 Riccardum
1616 328 1721 364 Sancti
1744 327 1869 374 Angeli,

1129 380 1336 416 conisi-edum
1372 381 1477 417 Sancti
1518 379 1644 426 Georgii
1681 380 1719 416 ad
1756 382 1870 420 Velum

1129 433 1281 472 Aureum,
1316 441 1345 466 et
1379 432 1554 469 Mattliaeum
1587 433 1719 470 Sanctae
1756 435 1871 472 Mariae

1129 485 1158 518 in
1177 484 1311 522 Porticu,
1334 482 1482 519 diaconos
1503 483 1686 525 cardinales,
1709 485 1791 521 viros
1813 487 1871 521 uti-

1128 547 1188 581 que
1216 534 1360 579 probatae
1403 534 1692 580 circumspectionis
1722 543 1753 571 et
1789 536 1870 573 vitae

1129 597 1163 620 ac
1188 585 1357 619 industriae
1385 585 1617 631 praecellentes,
1647 587 1730 622 viros
1767 586 1870 622 virtu—

1130 644 1194 669 tum
1218 634 1416 669 multitudine
1445 636 1620 679 insignitos,
1663 644 1806 680 expertos
1838 637 1868 672 in

1128 685 1244 724 arduis,
1266 685 1373 731 tuique
1401 686 1527 719 honoris
1557 693 1587 719 et
1626 686 1762 720 nominis
1783 698 1870 721 ama-

1129 743 1223 775 tores,
1250 734 1442 769 honorabilia
1461 747 1586 781 qnoque
1610 735 1749 770 membra
1772 735 1870 780 ipsius

1130 783 1298 826 Ecclesiae,
1321 783 1358 818 ad
1381 783 1559 818 huiusmodi
1599 785 1808 819 coronationis
1840 793 1870 819 et

1129 833 1318 868 inunctionis
1334 833 1483 868 solemnia
1507 833 1681 879 peragenda
1700 834 1730 868 in
1747 833 1868 876 urbem,

1129 884 1157 918 in
1196 895 1255 931 qna
1288 883 1441 922 moraris,
1464 882 1612 918 duximus
1643 883 1866 925 destinandos,

1128 934 1174 968 eis
1200 944 1296 978 snper
1321 931 1371 967 his
1397 932 1628 968 committentes
1655 946 1710 979 per
1740 941 1870 980 aposto-

1128 983 1200 1017 licas
1223 982 1340 1017 litteras
1366 981 1503 1028 plenarie
1529 982 1612 1017 vices
1639 990 1770 1017 nostras.

1176 1032 1348 1079 Speramns
1369 1032 1453 1066 enim
1477 1032 1506 1065 in
1528 1031 1675 1072 Domino,
1708 1031 1794 1079 quod
1835 1041 1868 1066 tu

1126 1089 1156 1116 et
1180 1081 1334 1126 praedicta
1358 1082 1464 1127 regina
1487 1081 1526 1115 de
1550 1093 1644 1116 manu
1677 1089 1738 1115 tam
1779 1093 1869 1128 prae-

1127 1130 1318 1173 cellentium,
1333 1138 1394 1165 tam
1413 1130 1636 1165 venerabilium
1652 1142 1867 1176 personarum,

1126 1193 1205 1227 quas
1232 1180 1369 1215 hilariter
1395 1180 1491 1226 recipi
1525 1188 1553 1215 et
1589 1180 1734 1222 tractari,
1773 1180 1869 1215 immo

1128 1230 1157 1264 in
1192 1229 1308 1277 quibus
1341 1241 1505 1277 personam
1547 1237 1681 1264 nostram
1722 1228 1868 1264 honorari

1127 1280 1328 1324 deposcimus
1343 1306 1352 1322 ,
1375 1279 1523 1325 receptiS,
1544 1278 1678 1313 Domino
1699 1286 1868 1320 annuente,

1128 1329 1257 1364 feliciter
1283 1328 1396 1375 fastigii
1423 1327 1539 1374 regalis
1561 1328 1715 1373 insigniis,
1749 1327 1871 1373 magni-

1127 1379 1267 1414 tudinem
1290 1378 1471 1413 huiusmodi
1489 1378 1605 1424 gratiae
1618 1377 1734 1412 tabulis
1751 1385 1870 1412 vestrae

1127 1430 1297 1463 memoriae
1320 1427 1420 1462 taliter
1442 1427 1638 1474 imprimens,
1660 1426 1744 1473 quod
1782 1439 1870 1462 sem—

1127 1491 1181 1523 per
1203 1478 1231 1512 in
1255 1477 1493 1513 delectationem
1510 1476 1597 1511 vohis
1610 1477 1710 1511 veniet
1721 1476 1869 1524 Superno

1127 1527 1203 1572 Regi
1232 1539 1287 1574 per
1309 1527 1461 1560 virtuosae
1480 1526 1558 1560 vitae
1579 1525 1732 1566 studium,
1754 1534 1784 1560 et
1806 1524 1869 1560 Ec-

1126 1576 1239 1611 clesiae
1257 1576 1345 1610 matri
1370 1583 1489 1609 vestrae
1516 1575 1637 1621 placere
1667 1575 1780 1621 iugiter
1813 1586 1868 1621 per

1125 1626 1264 1660 sincerae
1286 1624 1460 1660 devotionis
1485 1632 1720 1671 augumentum.

1174 1674 1221 1709 Ad
1250 1675 1326 1709 haec
1352 1674 1422 1722 quia
1448 1686 1485 1708 ex
1518 1673 1611 1708 certis
1653 1673 1751 1720 pactis
1789 1672 1869 1706 inter

1885 273 1937 300 An.
1955 273 1983 300 C.
2001 271 2067 300 mu

1893 1666 1973 1695 Quibus
1981 1667 2066 1689 mandat

1881 1697 1906 1718 ab
1935 1703 1960 1719 eo
1990 1697 2064 1718 homn-

1127 1724 1296 1758 Ecclesiam
1319 1731 1349 1758 et
1385 1731 1426 1765 te,
1459 1722 1639 1758 charissime
1667 1721 1723 1763 fili,
1763 1721 1867 1757 haberi
1882 1729 1937 1755 tium
1990 1728 2041 1755 usin

1127 1773 1333 1820 dignoscitur,
1352 1772 1434 1819 qnod
1458 1780 1490 1806 tu
1520 1784 1576 1818 pro
1610 1783 1706 1815 regno
1743 1770 1869 1806 Siciliae

1127 1835 1162 1858 ac
1188 1823 1280 1857 terris
1305 1822 1374 1857 aliis
1395 1821 1449 1855 tibi
1471 1820 1510 1855 ah
1531 1820 1671 1856 Ecclesia
1699 1821 1763 1868 ipsa
1786 1832 1869 1855 con-

1127 1872 1225 1907 cessis
1248 1871 1426 1918 homagium
1447 1870 1546 1905 facere
1580 1870 1687 1917 ligium
1719 1869 1811 1905 nobis
1838 1878 1871 1904 et

1127 1921 1286 1957 Ecclesiae
1319 1920 1473 1968 praefatae
1506 1919 1637 1955 teneris:
1673 1918 1738 1954 Nos
1768 1927 1870 1954 atten-

1127 1972 1248 2011 dentes,
1274 1969 1358 2018 quod
1386 1969 1434 2004 his
1455 1968 1568 2005 diebus
1589 1969 1643 2003 tihi
1666 1968 1705 2003 ad
1734 1978 1869 2004 nostram

1130 2021 1348 2068 praesentiam,
1369 2026 1399 2054 et
1426 2018 1515 2053 nobis
1547 2017 1586 2053 ad
1613 2018 1726 2053 dictam
1761 2017 1870 2054 urbem

1128 2074 1275 2109 accedere
1300 2085 1394 2121 grave
1428 2072 1516 2113 soret,
1552 2072 1752 2108 serenitatem
1786 2080 1869 2107 tuam

1129 2128 1315 2176 requirimus
1341 2135 1371 2162 et
1398 2138 1554 2172 rogamus.
1574 2123 1628 2160 tibi
1660 2138 1715 2173 per
1745 2133 1871 2172 aposto·

1130 2183 1186 2217 lica
1207 2181 1320 2228 scripta
1342 2179 1539 2225 mandantes,
1559 2187 1713 2227 quatenus
1733 2178 1871 2214 cardina-

1130 2235 1212 2270 libus
1239 2235 1325 2282 ipsiS,
1348 2233 1463 2281 quibus
1483 2233 1543 2269 hoc
1563 2245 1580 2268 a
1603 2241 1632 2268 te
1657 2231 1868 2280 recipiendum

1130 2290 1357 2333 commisimus,
1379 2288 1491 2323 affectu
1526 2295 1671 2334 prompto
1703 2293 1734 2321 et
1772 2285 1870 2321 libero

1132 2356 1186 2391 pro
1208 2343 1298 2379 nobis
1331 2350 1362 2377 et
1398 2341 1478 2377 dicta
1514 2341 1653 2376 Ecclesia
1690 2339 1870 2385 homagium

1133 2398 1223 2433 facias
1242 2406 1460 2440 memoratum,
1495 2404 1524 2430 te
1562 2395 1592 2429 in
1631 2394 1679 2429 his
1714 2401 1744 2427 et
1777 2391 1871 2436 aliis,

1131 2464 1209 2500 quae
1242 2451 1392 2486 honorem
1430 2450 1589 2485 Ecclesiae
1632 2446 1784 2495 praefatae
1821 2458 1873 2481 re-

1132 2506 1276 2552 spiciunt,
1300 2513 1393 2553 prout
1425 2504 1462 2539 de
1496 2512 1548 2538 tua
1585 2501 1762 2537 sinceritate
1780 2500 1875 2535 confi-

1132 2561 1246 2600 dimus,
1269 2560 1369 2594 taliter
1389 2558 1565 2597 habiturus,
1578 2555 1662 2604 quod
1682 2554 1795 2589 exinde
1814 2553 1873 2589 tibi

1134 2613 1233 2648 laudis
1259 2613 1414 2648 humanae
1441 2611 1642 2660 praeconium
1679 2617 1708 2644 et
1743 2607 1875 2643 benedi—

1134 2667 1245 2703 ctionis
1267 2667 1391 2702 dit-inae
1412 2665 1573 2714 proveniat
1594 2663 1834 2705 incrementum.

1882 1759 1993 1786 pne-tart.
