2129 3223
347 235 418 268 850
879 242 1067 265 numium!
1091 241 1253 264 ROMANt‘M

298 302 392 350 Spata
423 301 483 344 (de)
516 299 549 334 S.
590 299 692 333 iacobi
731 299 836 334 militia
873 298 1060 342 instituitur,
1088 299 1153 332 241
1188 299 1215 331 b.
1251 297 1340 332 Bona
1382 298 1409 332 ei
1439 297 1684 337 confirmantur,
1712 299 1784 333 242
1819 300 1847 332 b.

396 350 518 384 Dantur
539 348 677 395 regulae,
701 351 773 383 245
794 362 824 383 α.
849 348 1015 394 privilegia
1042 346 1274 387 conceduntur,
1302 349 1373 381 245
1396 360 1426 382 α.

298 399 504 448 Speronistae
533 397 719 442 (haeretici),
741 410 852 433 eorum
881 410 1012 445 poenae,
1041 397 1112 432 506
1140 398 1157 430 b
1185 404 1213 431 et
1241 409 1300 443 seq.

298 449 436 496 Spiritus
457 448 515 491 (S.)
542 447 619 482 ordo
642 446 772 482 fratrum
802 447 987 491 instituitur,
1014 448 1081 481 189
1105 448 1122 480 b
1144 453 1255 492 etseq.
1283 445 1424 493 Spiritus
1451 445 1559 481 Sancti
1594 454 1687 494 caput
1723 455 1753 481 et
1783 459 1850 481 ma-

398 497 562 544 gisterium
586 496 710 531 ordinis
733 497 762 531 in
787 496 864 531 urbe
891 497 1013 531 Romae
1035 507 1104 530 esse
1127 495 1242 530 debere
1270 495 1462 536 decernitur,
1491 498 1562 530 215
1591 508 1620 530 a.

299 547 438 595 Spiritus
465 546 523 591 (S.)
554 546 709 593 hospitale
741 546 824 594 apud
853 546 887 580 S.
917 546 1047 580 Mariam
1072 545 1110 579 (le
1143 545 1236 579 Saxia
1265 545 1293 578 in
1323 544 1408 579 Urbe
1431 545 1470 579 ab
1502 545 1686 580 Innocentio
1708 544 1751 579 Ill
1785 545 1853 580 ΡΡ.

397 603 628 635 constructum,
659 598 670 629 l
681 598 728 630 90
755 609 785 630 α.
808 595 952 641 Regulae
975 595 1042 629 eins
1063 595 1225 629 canonicis
1247 593 1349 634 datae,
1371 596 1446 628 ibid.
1470 593 1635 642 Hospitale
1658 594 1854 641 Montispes-

398 647 499 681 sulan.
528 646 555 680 ei
585 645 721 688 unitum,
744 647 818 680 ibid.
849 647 876 679 b.
904 644 1073 690 privilegia
1100 644 1168 678 eius
1201 643 1363 678 canonicis
1397 655 1559 683 concessa,
1592 646 1659 678 192
1693 657 1723 678 a.
1751 644 1854 679 Statio

398 695 481 742 apud
498 695 566 730 eius
583 694 758 729 Ecclesiam
779 707 851 729 cum
873 693 1138 739 indulgentiarum
1157 702 1187 727 et
1207 693 1442 740 privilegiorum
1463 694 1669 728 concessione
1690 693 1853 736 indicitur,

399 748 470 780 205
493 758 524 785 a,
552 746 623 779 588
645 757 675 778 α.
700 744 803 778 Huius
831 744 996 790 hospitalis
1024 743 1171 789 dignitas,
1195 744 1268 777 t‘bt'cl.
1293 745 1320 777 b.
1352 742 1481 788 Effigies
1509 742 1628 777 Christi
1655 755 1670 777 a
1699 742 1854 777 Vaticano

398 795 463 830 huc
485 793 714 838 transferenda,
737 795 812 828 ibid.
835 793 903 828 Sub
932 793 1129 840 protectione
1152 792 1354 839 Apostolicac
1382 792 1476 826 Sedis
1502 792 1664 838 recipitur,
1696 801 1727 827 et
1755 791 1794 826 ab
1817 803 1856 827 eo

399 844 579 879 dissolvitur
600 843 753 888 hospitale
777 842 1112 889 Montispessulanum,
1143 844 1212 876 520
1244 843 1261 875 b
1290 850 1319 876 et
1346 854 1418 887 seq,
1442 843 1514 876 655
1533 855 1562 876 α.
1587 841 1805 877 Confirmatur
1828 842 1856 876 ei

399 894 527 929 donatio
547 892 707 928 Ecclesiae
729 892 767 927 (le
786 891 937 933 Wintcle,
961 894 1032 926 555
1055 905 1083 926 (ι.
1113 891 1190 926 Eius
1213 893 1407 931 encomium,
1437 893 1508 926 588
1535 904 1566 932 a,
1594 892 1665 926 655
1693 893 1721 926 b.
1750 891 1858 937 Super

400 955 510 978 omnes
534 942 609 977 alias
630 942 728 976 totius
754 941 876 976 ordinis
905 941 1019 976 domus
1046 941 1292 988 praeminentiae
1324 953 1359 975 ac
1388 941 1558 986 magisterii
1585 941 1689 976 locum
1721 941 1857 980 obtinet,

401 995 472 1028 445
493 1005 524 1027 α.
549 991 707 1026 Exiniitur
733 1003 749 1026 a
773 990 872 1025 talleis
900 998 930 1025 et
958 991 1111 1034 collectis,
1135 992 1206 1024 657
1230 993 1258 1024 b.
1286 990 1354 1025 Sub
1378 993 1473 1025 tutela
1494 990 1603 1037 Apost.
1633 989 1726 1025 Sedis
1749 990 1860 1025 susci-

401 1045 499 1089 pitur,
527 1043 597 1076 655
620 1043 649 1076 b.
672 1040 760 1075 Bona
783 1041 887 1075 onmia
911 1040 938 1076 ei
967 1041 1206 1081 confirmantur,
1230 1041 1300 1075 651
1329 1053 1358 1074 α.
1385 1039 1548 1086 Hospitale
1567 1039 1858 1086 Montispessulau.

401 1091 438 1126 ab
461 1103 498 1127 eo
515 1092 576 1125 iam
592 1090 797 1130 disiunctum,
825 1092 900 1124 ibid.
924 1091 951 1124 b.
981 1089 1094 1124 Eidem
1124 1102 1210 1124 nunc
1239 1089 1431 1129 subiectum,
1458 1089 1530 1124 655
1557 1102 1588 1124 α.
1618 1088 1760 1136 Uterque
1789 1100 1859 1123 ma-

401 1141 500 1187 gister
517 1139 575 1175 soli
594 1139 688 1175 Rom.
712 1139 859 1174 Pontifici
883 1138 1058 1181 subiectus,
1080 1140 1155 1173 ibid.
1186 1139 1360 1185 privilegiis
1384 1138 1547 1173 nonnullis
1566 1139 1712 1179 donatur,
1732 1139 1807 1173 ibid.
1829 1139 1860 1171 b.

303 1189 479 1225 Stanislaus
513 1190 686 1237 episcopus
713 1188 936 1223 Cracoviensis
970 1189 1000 1223 iu
1036 1188 1164 1223 Polonia
1198 1188 1420 1235 episcopatum
1461 1188 1579 1235 optime
1618 1187 1861 1227 administravit,

405 1240 477 1274 578
520 1252 550 1274 a.
595 1238 623 1273 A
667 1251 738 1285 rege
788 1238 992 1284 incorrigibili
1033 1246 1063 1272 ct
1102 1238 1377 1273 excommunicato
1417 1238 1584 1272 crudeliter
1620 1238 1758 1275 occisus.
1785 1237 1863 1271 ibid.

402 1288 428 1322 A
461 1288 529 1324 Deo
567 1288 741 1322 illustratus
779 1288 969 1322 miraculosa
1001 1288 1239 1322 conservatione
1275 1286 1428 1333 corporis,
1458 1288 1528 1322 579
1560 1300 1593 1321 α.
1624 1285 1861 1333 Frequentibus

404 1338 579 1382 miraculis,
602 1339 677 1372 ibid.
706 1336 898 1372 Sanctorum
926 1337 1091 1382 cathalogo
1119 1336 1320 1380 adscribitur,
1344 1337 1419 1370 ibid.
1443 1345 1472 1371 et
1499 1349 1558 1382 seq.

304 1386 490 1432 Stephanus
513 1387 609 1421 abbas
631 1387 813 1421 monasterii
841 1386 875 1421 S.
898 1386 1066 1421 Benedicti
1088 1385 1303 1426 cassinensis,
1328 1387 1398 1420 504
1421 1387 1449 1420 b.

304 1435 489 1483 Stephanus
512 1437 652 1483 archiep.
677 1435 917 1471 Cantuariensis
933 1449 1005 1471 curn
1024 1436 1186 1471 nonnullis
1197 1435 1475 1482 episcopisloanni
1489 1436 1554 1483 regi
1572 1435 1728 1476 infensus,
1745 1437 1816 1470 ‘294
1832 1436 1863 1468 b.

306 1484 487 1531 Stephanus
508 1486 679 1532 episcopus
705 1484 930 1520 Noviomensis
958 1485 1112 1531 hospitale
1135 1486 1302 1527 construit,
1327 1487 1396 1519 516
1426 1486 1453 1518 b.

305 1533 489 1581 Stephanus
510 1535 631 1569 ordinis
653 1533 955 1569 Grandimontcnsis
979 1535 1139 1569 institutor
1161 1535 1377 1576 canonizatur,
1401 1535 1447 1568 62
1475 1535 1493 1568 b
1516 1543 1546 1569 et
1568 1546 1629 1579 seq.

306 1582 490 1631 Stephanus
513 1583 676 1631 presbyter
703 1584 870 1619 cardinalis
893 1583 983 1618 titulo
1011 1583 1044 1618 S.
1068 1583 1184 1618 Mariae
1211 1583 1460 1631 Transtyberim,
1484 1585 1549 1618 501
1579 1596 1608 1617 α.

308 1632 460 1679 Stigmata
483 1634 582 1669 sancti
606 1633 766 1668 Francisci
794 1632 833 1668 de
859 1633 992 1673 Assisio,
1017 1635 1086 1667 497
1115 1645 1144 1667 α.
1173 1632 1298 1667 Veritas
1326 1633 1420 1666 huius
1449 1632 1598 1679 prodigii,
1624 1633 1703 1666 ibid.
1727 1633 1754 1666 b.

307 1680 582 1729 Strigoniensibus
608 1683 854 1730 archiepiscopis
882 1683 1088 1717 confirmatur
1117 1683 1166 1717 ius
1194 1682 1367 1717 coronandi
1393 1694 1484 1728 reges
1511 1681 1705 1728 Hungariae,
1731 1683 1805 1715 253
1835 1692 1866 1720 a,

408 1734 480 1767 259
503 1745 533 1767 α.

308 1780 522 1828 Strigoniensi
544 1782 681 1829 capitulo
703 1780 1236 1830 confirmatum]onatio‘Jquaedam
1258 1781 1337 1816 facta
1359 1780 1398 1816 ab
1420 1780 1547 1816 Andrea
1572 1792 1643 1826 rege
1667 1780 1866 1827 Hungariae.

410 1833 482 1866 252
505 1845 535 1867 a.

311 1882 540 1929 Strigonicnsis
564 1890 594 1916 ct
616 1880 803 1916 Colocensis
824 1881 987 1916 Ecclesiae
1014 1880 1181 1916 concordia
1209 1881 1428 1920 confirmatur,
1452 1882 1523 1915 257
1547 1892 1576 1914 α.

312 1931 425 1969 Subari
448 1931 524 1980 quid
544 1932 619 1972 sint,
653 1934 718 1966 116
743 1933 771 1965 b.
806 1932 840 1965 V.
871 1939 935 1966 not.
960 1930 996 1965 ad
1022 1931 1139 1966 calcem
1160 1930 1277 1966 colum.
1302 1930 1405 1965 eiusd.

312 1981 508 2017 Sublacense
531 1981 758 2016 monasterium
786 1980 847 2016 sub
871 1981 1067 2028 protectione
1098 1979 1300 2026 Apostolicae
1325 1979 1418 2014 Sedis
1446 1978 1635 2026 suscipitur,
1663 1978 1757 2024 eique
1787 1976 1868 2011 bona

412 2032 516 2066 omnia
543 2043 579 2066 ac
604 2030 765 2077 privilegia
788 2031 1028 2073 confirmantur,
1058 2032 1105 2064 65
1132 2031 1162 2063 b.

313 2080 462 2116 Svessani
487 2093 542 2127 per
572 2079 689 2115 Sedem
718 2082 829 2127 Apost.
854 2079 1085 2114 calamitatibus
1118 2078 1251 2114 liberati.
1280 2080 1349 2112 444
1379 2090 1408 2112 a.
1442 2077 1510 2112 Sub
1533 2078 1643 2124 Apost.
1675 2075 1768 2110 Sedis
1797 2087 1872 2122 pro-

415 2130 550 2165 tectione
567 2129 799 2176 suscipiuntur,
820 2131 896 2164 ibid.
922 2129 1090 2175 privilegia
1113 2129 1158 2163 eis
1180 2127 1412 2165 conceduntur,
1436 2135 1466 2161 et
1488 2127 1635 2173 antiquae
1657 2136 1768 2159 eorum
1794 2136 1871 2158 con-

415 2179 604 2215 suetudines
630 2179 871 2223 confirmantur,
894 2180 968 2213 ibid.
993 2187 1023 2213 et
1047 2180 1074 2212 b.

317 2229 441 2265 Svetiae
469 2241 601 2276 regnum
624 2228 758 2263 loannes
785 2228 914 2275 quidam
943 2227 1072 2267 invadit,
1107 2230 1171 2262 571
1212 2239 1241 2261 α.
1262 2225 1383 2260 Daniae
1407 2238 1470 2266 rex,
1496 2225 1623 2259 nomine
1652 2222 1705 2257 filii
1728 2222 1868 2257 defuncti

417 2279 500 2325 regis
534 2278 670 2318 Svetiae,
707 2277 744 2312 ad
788 2278 820 2313 S.
850 2278 964 2313 Sedem
1008 2277 1155 2325 appellat,
1186 2277 1261 2310 ibid.
1303 2275 1455 2322 Episcopi
1499 2275 1658 2320 inungunt
1683 2273 1872 2314 invasorem,

418 2330 491 2363 ibid.
519 2328 595 2363 Dies
617 2328 664 2362 eis
692 2327 854 2368 indicitur,
876 2328 952 2361 ibid.

319 2377 585 2425 Sylvestrinorum
610 2377 840 2412 monachorum
864 2375 1067 2423 congregatio
1092 2375 1120 2409 in
1145 2386 1252 2409 eremo
1275 2373 1381 2408 Sancti
1405 2372 1573 2408 Benedicti
1596 2372 1634 2407 de
1657 2370 1762 2405 Monte
1783 2368 1873 2404 Fano

419 2427 635 2467 confirmatur,
662 2426 754 2473 eique
776 2425 996 2461 conceduntur
1024 2424 1184 2472 privilegia
1209 2423 1373 2463 nonnulla,
1397 2423 1467 2456 525
1496 2423 1524 2455 h.

1083 2506 1125 2545 Τ

322 2570 458 2606 Talmud
482 2571 560 2606 liber
588 2570 718 2618 impiuS‚
747 2572 817 2605 509
840 2583 870 2605 α.
894 2570 921 2604 Α
947 2568 1135 2604 cancellario
1162 2567 1333 2602 Parisiensi
1362 2566 1428 2613 igni
1453 2564 1597 2605 traditus,
1625 2564 1698 2598 ibid.
1722 2564 1750 2597 b.

320 2619 613 2655 Tarraconensibus
635 2619 885 2667 archiepiscopis
914 2618 1045 2654 facultas
1073 2618 1162 2653 datur
1193 2615 1366 2653 coronandi
1402 2615 1582 2662 Aragoniae
1609 2625 1716 2659 regeS,
1742 2613 1810 2646 197
1845 2613 1872 2645 b.
