2129 3223
152 218 203 244 An.
222 218 251 245 C.
268 218 333 244 ¹26&

399 207 467 240 706

347 272 432 318 quod
469 276 643 305 remaneret
666 276 695 304 et
722 277 805 304 esset
830 280 902 304 cum
932 270 978 304 eis
1001 269 1093 304 etiam

347 320 522 367 praeseutia
559 318 725 365 corporali.
760 317 789 353 Ο
818 318 912 365 digna
945 327 974 354 et
1011 331 1094 353 nun-

346 381 438 417 quam
477 367 708 402 intermittenda
749 369 922 409 memoiia‚
965 369 995 402 in
1034 380 1093 415 qua

346 426 476 452 moitem
503 426 638 451 nostram
662 416 829 451 recolimus
856 426 1022 461 mortuam,
1036 429 1095 451 no-

344 476 508 513 strumque
536 467 696 501 interitum
720 467 889 507 interiisse,
911 478 947 501 ac
973 444 1092 512 tigiium

346 515 500 550 vivificum
527 515 615 561 ligno
637 514 750 550 Crucis
783 515 923 555 affixum,
957 515 1091 550 fructum

345 565 436 601 nobis
453 565 593 600 attulisse
614 565 735 600 salutis.
756 564 841 599 Haec
875 573 919 599 est
947 575 1093 599 comme—

345 615 476 650 moratio
495 614 642 660 gloriosa,
676 626 756 660 quae
791 614 931 649 fidelium
971 614 1093 647 animos

344 664 441 711 replet
468 663 584 709 gaudio
611 663 753 707 salutari,
775 671 804 697 et
827 675 899 697 cum
935 662 1092 696 infusione

343 713 475 747 laetitiae
499 713 673 747 devotionis
689 713 842 760 lacrymas
860 712 1091 746 subministrat

342 762 526 797 Exultamus
553 762 700 796 nimirum
724 771 861 796 nostram
885 760 1091 795 memorando

341 811 569 855 liberationem,
590 818 621 846 et
643 810 810 845 recolendo
833 810 1012 845 Passionem
1024 809 1092 844 Do-

341 861 501 901 minicam,
530 872 585 907 per
621 872 714 906 quam
737 859 857 894 liberati
884 871 1018 899 sumus,
1041 859 1090 893 vix

341 911 491 957 lacrymas
513 909 724 944 continemus.
746 908 780 943 ln
806 909 863 943 liac
899 908 1002 954 itaque
1040 920 1091 942 sa-

341 959 514 994 cratissima
554 958 853 993 commemoratione
880 957 995 992 adsunt
1034 969 1091 991 no-

341 1008 387 1043 bis
426 1007 584 1043 suavitatis
619 1006 769 1053 gaudium
798 1006 891 1041 simul
924 1013 955 1041 et
989 1005 1092 1054 lacry-

341 1069 419 1092 mae:
436 1057 506 1104 quia
525 1057 600 1091 etin
617 1068 652 1091 ea
670 1056 908 1102 congaudemus
922 1056 1091 1103 lacryman-

340 1116 397 1146 tes,
411 1115 441 1141 et
457 1108 536 1154 laer)
541 1118 662 1140 mamur
673 1106 782 1140 devote
796 1105 982 1151 gaudenteS,
997 1104 1091 1139 laetas

340 1155 483 1191 babendo
505 1155 658 1203 laci-ymas
679 1162 710 1189 et
731 1155 878 1189 laetitiam
914 1153 1091 1201 lacryman-

340 1213 414 1248 tem,
430 1217 500 1239 nam
520 1212 549 1239 et
571 1216 626 1239 cor
641 1203 758 1249 ingenti
777 1203 938 1250 perfusum
962 1202 1090 1249 giudio,

340 1253 451 1289 dulces
474 1266 528 1300 per
555 1253 664 1288 oculos
685 1252 780 1287 stillat
802 1260 920 1298 guttas.
943 1251 971 1286 Ο
993 1251 1089 1286 divini

338 1304 453 1337 amoris
476 1302 683 1345 immensitas,
710 1301 832 1336 divinae
865 1301 989 1347 pietatis
1028 1313 1090 1335 su-

339 1351 597 1398 perabundantia,
642 1351 765 1385 divinae
802 1350 959 1385 affluentia
994 1349 1092 1396 largi-

338 1401 423 1435 tatis!
453 1400 545 1435 Dedit
567 1400 650 1435 enim
679 1399 769 1433 nobis
791 1399 947 1434 Dominus
973 1400 1089 1439 omnia,

338 1462 418 1496 quae
445 1449 577 1484 subiecit
614 1448 674 1483 sub
711 1448 845 1495 pedibus
883 1448 1023 1491 nostris,
1060 1456 1090 1482 et

338 1511 434 1545 super
474 1499 635 1533 universas
674 1505 773 1531 terrae
811 1505 970 1531 creaturas
1006 1508 1091 1531 con-

339 1548 406 1582 tulit
430 1547 520 1582 nobis
546 1547 676 1581 dominii
704 1546 927 1593 principatum.
950 1545 997 1579 Ex
1023 1545 1090 1578 mi-

339 1597 445 1631 nistris
476 1596 566 1630 etiam
601 1596 768 1642 spirituum
802 1596 1003 1642 superiorum
1038 1605 1091 1629 no-

338 1645 438 1680 bilitat
468 1653 499 1680 et
532 1645 682 1679 sublimat
714 1644 852 1678 liomiiiis
892 1644 1087 1698 dignitatem.

337 1694 605 1728 Atlnlinislr·tlot·il
637 1705 773 1739 namque
807 1700 880 1726 Sllllt
917 1704 1029 1726 omnes
1058 1705 1087 1725 11]

339 1744 557 1786 ministerium,
581 1751 707 1789 proptei
728 1754 793 1780 eos
816 1742 867 1788 qui
905 1741 1086 1775 haeredita-

337 1801 399 1826 tem
422 1793 531 1827 salutis
560 1792 700 1838 capiunt,
735 1791 896 1826 destinati.
937 1789 977 1824 Et
1016 1802 1087 1824 cum

338 1849 399 1875 tam
420 1841 546 1887 copiosa
568 1840 660 1875 fuerit
683 1852 755 1886 erga
778 1851 836 1874 nos
866 1839 934 1874 eius
976 1839 1090 1873 muni-

339 1889 474 1930 liceiitia,
498 1890 606 1924 volens
628 1889 757 1924 adliuc
751 1900 818 1936 ipse
841 1888 870 1923 in
895 1887 987 1922 nobis
999 1900 1087 1922 suam

339 1939 563 1973 exuberantem
590 1938 771 1973 charitatem
808 1937 973 1984 praecipua
1008 1936 1089 1971 libe-

339 1988 458 2023 ralitate
482 1995 667 2027 monstrare,
694 1987 897 2033 semetipsum
921 1985 1011 2020 nobis
1033 1997 1089 2020 cx—

339 2036 452 2076 liibuit,
479 2044 510 2070 et
537 2035 763 2071 transcendens
790 2047 916 2070 omnem
950 2034 1089 2082 plenitu-

340 2085 445 2120 dinem
474 2085 634 2132 largitatis,
678 2096 803 2119 omnem
840 2082 969 2119 modum
1009 2083 1089 2119 dile—

340 2135 453 2169 ctionis
474 2134 641 2174 excedens,
668 2133 810 2168 atti-ibuit
837 2145 871 2168 sc
907 2134 935 2166 in
970 2132 1087 2167 cibum.

340 2183 368 2218 Ο
390 2183 561 2229 singularis
582 2191 612 2218 et
634 2182 816 2217 admiranda
839 2181 1020 2224 liberalitas,
1036 2182 1087 2215 ubi

340 2232 472 2266 donator
499 2232 635 2266 venitin
660 2232 792 2271 donum,
832 2240 863 2265 et
898 2230 1004 2265 datum
1042 2239 1089 2265 est

341 2280 425 2316 idein
451 2282 577 2327 penitus
606 2293 676 2314 eum
713 2280 835 2314 datore!
867 2278 969 2320 Quam
1005 2278 1088 2325 larga

341 2338 370 2364 et
394 2330 521 2376 prodiga
545 2330 681 2374 largitas,
709 2341 779 2363 cum
809 2328 917 2363 tribuit
950 2328 1022 2375 quis
1057 2340 1090 2362 se

341 2378 462 2425 ipsum!
482 2379 571 2413 Dedit
596 2380 687 2424 igitur
709 2377 800 2412 nobis
817 2390 850 2412 se
874 2378 902 2411 iu
927 2377 1090 2423 pabulum,

342 2435 385 2468 ut,
408 2429 482 2474 quia
511 2440 565 2473 pei·
591 2436 723 2461 mortem
753 2427 847 2460 liouio
867 2434 1037 2469 corruerat,
1060 2435 1090 2460 et

341 2487 396 2521 per
431 2476 536 2510 cibum
577 2477 644 2523 ipse
682 2475 871 2510 relevaretur
905 2476 942 2509 ad
983 2476 1087 2509 vitam.

341 2524 463 2558 Cecidit
491 2525 585 2559 liomo
608 2537 663 2572 per
696 2525 801 2559 cibum
838 2524 912 2570 ligni
949 2523 1091 2558 mortife-

341 2584 424 2615 rum,
447 2573 598 2608 relevatus
620 2581 668 2608 est
690 2574 784 2608 hoino
811 2585 866 2620 per
892 2573 997 2607 cibum
1014 2572 1090 2619 ligni

911 215 991 238 BUL'
994 214 1099 238 Ammtl
1125 214 1288 238 ROMANUM

1138 269 1250 304 vitalis.
1280 268 1314 303 ln
1341 268 1395 304 illo
1418 270 1566 317 pependit
1593 282 1662 305 esca
1704 277 1822 307 mortis,
1852 269 1882 303 in

1137 318 1194 353 isto
1218 317 1367 365 pependit
1383 319 1461 354 vitae
1482 319 1680 354 alimentum.
1703 317 1790 352 Illius
1811 330 1884 353 esus

1136 368 1250 401 meruit
1282 367 1466 408 laesionem,
1502 369 1592 403 istius
1629 376 1742 414 gustus
1779 366 1884 403 intulit

1134 417 1310 451 sanitatem.
1335 415 1454 452 Gustus
1475 418 1636 457 sauciavit,
1658 424 1688 451 et
1706 423 1817 462 gustus
1837 429 1885 452 sa-

1135 465 1227 499 navit.
1249 464 1426 513 Vide,quia
1455 466 1540 501 unde
1564 466 1677 501 vulnus
1700 474 1746 500 est
1767 473 1882 505 ortum,

1136 514 1249 561 prodiit
1271 523 1301 550 et
1319 515 1452 556 medela3
1479 523 1507 549 et
1536 515 1620 550 unde
1656 528 1740 550 mors
1772 515 1881 555 subiit,

1133 563 1246 598 i=xinde
1265 564 1322 598 vita
1345 565 1458 599 evenit.
1482 564 1529 598 De
1551 564 1603 598 illo
1617 565 1770 611 siquidem
1786 573 1879 610 gustu

1132 612 1256 647 dicitur:
1283 612 1492 660 Quacumque
1514 613 1564 648 die
1585 613 1770 652 comederis,
1783 621 1881 648 morte

1134 662 1287 702 morieris;
1315 662 1354 697 de
1381 663 1439 697 isto
1461 675 1533 697 vero
1560 662 1709 709 loquitur:
1737 661 1770 696 Si
1811 662 1882 709 quis

1132 711 1307 746 comederit
1334 724 1371 746 ex
1393 711 1453 746 lioc
1481 723 1572 758 pane,
1599 712 1681 745 vivet
1719 711 1748 745 in
1778 719 1881 746 aeter-

1133 773 1220 794 num.
1243 759 1302 795 Hic
1329 768 1375 795 est
1397 760 1500 804 cibus,
1532 761 1587 807 qui
1623 759 1716 815 plene
1758 759 1880 800 reficit

1133 821 1202 843 veie
1242 810 1354 850 nuti-,it
1389 821 1576 857 summeque
1612 809 1785 856 impinguat
1819 821 1879 845 uon

1131 869 1257 905 corpus.
1280 858 1334 893 sed
1352 871 1417 901 cor,
1440 871 1502 893 non
1524 871 1663 898 carnem
1686 858 1740 892 sed
1762 870 1879 898 escam,

1132 919 1194 942 non
1217 917 1369 947 ventrem,
1392 908 1446 942 sed
1470 917 1617 942 mentem.
1634 907 1762 942 Homini
1792 919 1878 954 ergo

1131 956 1184 1003 qui
1213 956 1367 1004 spirituali
1395 956 1542 991 alimonia
1567 956 1738 1002 indigebat
1764 955 1879 991 Salva—

1132 1013 1180 1040 tor
1201 1005 1268 1061 ipse
1291 1006 1480 1049 misericors,
1507 1005 1547 1040 de
1568 1005 1712 1040 nobiliori
1752 1013 1782 1040 et
1821 1017 1880 1052 po-

1132 1055 1256 1089 tentiori
1278 1055 1370 1089 liuius
1387 1055 1495 1089 mundi
1517 1054 1666 1089 alimento
1686 1067 1742 1101 pro
1757 1055 1880 1090 animae

1133 1103 1299 1139 relectione
1310 1105 1360 1151 pia
1376 1104 1583 1151 dispositione
1604 1103 1749 1151 providit;
1764 1104 1880 1139 decens

1131 1164 1257 1200 quoque
1279 1153 1444 1188 liberalitas
1474 1153 1584 1196 extitit,
1621 1163 1651 1188 et
1689 1153 1880 1188 conveniens

1132 1203 1271 1248 operatio
1299 1202 1432 1249 pietatis,
1456 1210 1488 1237 ut
1509 1201 1649 1237 Verbum
1683 1201 1740 1236 Dei
1778 1210 1879 1237 aeter-

1132 1263 1220 1295 num,
1254 1252 1337 1299 quod
1376 1251 1568 1286 rationabilis
1597 1259 1756 1286 creaturae
1789 1251 1879 1286 cibus

1131 1308 1189 1344 est,
1211 1308 1241 1334 et
1262 1300 1402 1346 refectio,
1421 1300 1535 1335 sactum
1555 1312 1638 1340 caro,
1675 1312 1709 1334 se
1744 1300 1879 1335 rationa-

1132 1349 1183 1383 bili
1212 1358 1371 1384 creaturae
1411 1349 1496 1384 carni
1534 1357 1565 1384 et
1597 1350 1744 1396 corpori,
1784 1350 1879 1385 liomo

1132 1398 1287 1440 videlicet,
1315 1399 1344 1434 in
1373 1398 1510 1433 edulium
1540 1399 1725 1445 largiretur:
1764 1410 1877 1446 panem

1131 1447 1212 1481 euim
1259 1448 1444 1493 augelorum
1476 1448 1675 1482 manducavit
1702 1448 1807 1489 liomo,
1849 1455 1878 1482 et

1133 1495 1202 1531 ideo
1229 1495 1371 1531 Salvator
1396 1497 1448 1531 ait:
1475 1495 1556 1531 Caro
1578 1509 1646 1532 mea
1668 1509 1739 1532 vere
1765 1505 1811 1531 est
1832 1497 1879 1531 ci-

1132 1544 1199 1579 bus.
1234 1544 1293 1579 Hic
1317 1545 1405 1592 panis
1433 1546 1580 1587 sumitur,
1607 1546 1661 1580 sed
1704 1557 1776 1580 vere
1815 1546 1876 1580 non

1130 1595 1338 1635 consumitur,
1362 1594 1580 1634 manducatur,
1607 1595 1661 1629 sed
1686 1607 1747 1629 non
1775 1603 1878 1629 trans-

1132 1651 1291 1688 mutatur,
1352 1644 1425 1690 quia
1474 1644 1504 1677 in
1554 1643 1698 1678 edentem
1746 1644 1878 1678 minime

1130 1691 1388 1732 transformatur,
1422 1692 1477 1726 sed
1526 1693 1550 1726 si
1583 1692 1677 1737 (ligne
1711 1693 1877 1739 recipitur,

1130 1740 1188 1774 sibi
1236 1741 1390 1787 recipiens
1437 1740 1660 1776 conformatur.
1700 1741 1729 1775 Ο
1767 1743 1878 1777 excel·-

1131 1789 1338 1824 lentissimum
1386 1789 1647 1834 Sacramentum,
1687 1802 1706 1824 o
1743 1790 1879 1826 adoran-

1130 1838 1223 1879 dum,
1265 1839 1501 1878 venerandum,
1534 1839 1721 1881 colendum,
1757 1839 1879 1885 glorili-

1129 1887 1278 1931 candum,
1302 1888 1477 1934 praecipuis
1512 1888 1777 1934 magnificandum
1808 1888 1879 1924 tau-

1130 1936 1235 1977 dibus,
1254 1937 1357 1982 dignis
1379 1936 1555 1983 praeconiis
1575 1937 1787 1979 exaltaiidum,
1804 1950 1880 1972 cun-

1130 1987 1189 2020 ctis
1211 1985 1429 2020 honorandum
1453 1985 1577 2029 studiis,
1611 1986 1730 2022 devotis
1770 1999 1878 2034 prose-

1129 2035 1289 2082 quendum
1318 2034 1481 2082 obsequiis
1502 2043 1534 2070 et
1559 2034 1690 2070 sinceris
1720 2035 1878 2070 mentibus

1131 2083 1346 2118 retinendum!
1369 2083 1398 2118 Ο
1432 2083 1614 2119 memoriale
1644 2084 1876 2119 nobilissimum

1132 2133 1252 2167 intimis
1273 2133 1558 2167 commendandum
1582 2132 1784 2180 praecordiis,
1817 2134 1877 2168 fir-

1131 2182 1222 2216 miter
1243 2182 1349 2216 animo
1371 2181 1576 2227 alligandum,
1595 2181 1760 2229 diligenter
1780 2194 1879 2217 reser-

1132 2231 1265 2265 vandum
1295 2231 1324 2264 in
1353 2231 1457 2265 cordis
1485 2238 1586 2271 utero,
1612 2239 1643 2265 et
1675 2230 1877 2266 meditatione

1130 2291 1165 2313 ac
1188 2278 1366 2314 celebritate
1379 2279 1485 2314 sedula
1508 2279 1755 2314 recensendum!
1776 2279 1878 2314 Huius

1131 2328 1322 2362 memorialis
1345 2328 1528 2363 continuam
1548 2328 1700 2363 debemus
1721 2328 1878 2364 celebrare

1132 2377 1336 2417 memoriam,
1372 2386 1404 2412 ut
1431 2377 1517 2411 Illius
1550 2378 1639 2412 cuius
1671 2377 1773 2423 ipsum
1813 2377 1878 2412 fore

1133 2426 1312 2460 memoriale
1339 2427 1570 2472 cognoscimus,
1605 2438 1729 2472 semper
1755 2438 1879 2462 memo-

1132 2487 1181 2508 res
1220 2476 1406 2519 existamus,
1440 2476 1512 2522 quia
1543 2475 1634 2510 cuius
1672 2475 1790 2510 donum
1830 2476 1877 2510 vel

1132 2536 1248 2557 munus
1272 2523 1465 2571 frequentius
1491 2524 1651 2569 aspicitur,
1684 2524 1777 2559 liuius
1811 2537 1880 2559 nie-

1131 2584 1228 2606 moria
1256 2581 1396 2607 strictius
1421 2580 1582 2606 retinetur.

1901 213 1953 241 An.
1970 212 1997 241 C,
2017 214 2082 243 fflfflt
