2129 3223
45 255 109 284 'Am
121 254 150 283 C.
171 255 234 283 ¹2⁴8

68 310 184 335 Com-ento
200 313 207 338 ζ
215 313 240 334 dc

57 350 96 372 qu·
110 344 131 365 lu
140 343 240 371 rubrica),

56 381 103 397 enm
120 375 240 402 privilegio-

55 405 237 431 tumet-rgtuono.

847 256 1057 280 lNNOCENTlUS
1078 255 1111 278 tv
1132 256 1179 279 ΡΙ).

257 310 347 347 nobis
379 323 475 359 super
507 310 565 346 boc
592 311 742 346 instanter
776 312 994 359 supplicantis,

254 372 346 409 quam
373 362 464 395 etiam
491 359 532 395 ob
554 360 652 407 ipsius
685 360 816 396 civitatis
842 373 994 408 augmen-

254 417 318 445 tum
340 409 482 457 generale
505 409 546 443 ibi
569 409 632 444 fieri
661 409 796 445 studium
820 411 993 456 cupienti-s,

252 467 286 494 ut
319 459 416 505 ipsam
449 459 603 494 civitatem
633 458 809 494 Placentiae
836 459 872 495 ad
909 460 992 494 lian-

249 507 395 544 riendum
430 520 527 556 aquas
559 520 629 543 cnm
670 509 783 554 gaudio
808 509 990 544 ,bominum

247 558 374 606 copiosa
396 558 532 593 confluat
553 558 732 601 multitudo,
758 567 787 593 et
822 558 863 593 ibi
899 559 992 595 turris

247 606 356 648 David,
378 619 449 642 cum
477 608 541 643 suis
567 608 811 655 propugnaculis
827 617 991 644 construa-

246 664 307 697 tur,
333 669 371 692 ex
393 668 456 704 quo
479 669 540 693 non
563 657 664 692 solum
688 657 886 705 dependeant
905 658 990 694 mille

246 705 367 754 clypei,
406 706 460 742 sed
497 707 588 742 etiam
616 706 756 741 omnium
785 706 910 742 fortium
937 719 989 742 ar—

246 763 378 800 matura,
405 756 551 791 omnibus
579 755 759 792 doctoribus
785 764 815 791 et
836 756 990 792 scholari-

245 804 306 840 bus
324 805 363 840 ‘in
386 817 574 853 quacunque
601 805 745 841 facultate
774 806 802 841 in
832 806 988 853 praedicta

245 855 366 889 civitate
399 854 608 898 studentibus,
641 855 722 901 quod
749 855 867 890 eisdem
893 856 988 903 privi-

245 903 346 949 legiis,
369 904 582 950 indulgentiis,
604 903 799 939 libertatibus
821 913 850 939 et
873 905 988 941 immu-

246 952 394 988 nitatibus
419 953 590 1000 gaudeant,
616 953 731 1001 quibus
757 954 897 995 Parisiis,
932 967 986 990 seu

244 1001 423 1047 Bononiae,
451 1003 496 1037 vcl
535 1003 605 1039 aliis
643 1003 756 1039 studiis
790 1003 988 1050 generalibus

228 1051 407 1096 laetantur,
433 1054 615 1088 auctoritate
639 1053 846 1101 praesentium
882 1054 988 1089 indul-

80 1200 190 1224 munla·

242 1112 363 1147 gemus.

292 1150 375 1186 Nulli
391 1163 464 1198 ergo
476 1152 605 1187 omnino
620 1151 780 1186 hominum
798 1151 888 1187 liceat
907 1152 987 1187 hanc

244 1208 367 1236 nostrae
388 1202 601 1237 concessionis
627 1201 771 1248 paginam
801 1201 986 1248 infringere,

244 1249 290 1285 vel
317 1251 344 1285 ei
383 1262 459 1285 ausu
488 1251 651 1286 temerario
678 1251 840 1286 contraire.
878 1250 986 1299 Siquis

243 1307 346 1334 autem
374 1299 433 1335 lioc
458 1308 607 1335 attentare
635 1301 880 1347 praesumpserit
902 1301 986 1335 indi-

242 1349 421 1394 gnationem
444 1350 669 1397 omnipotentis
681 1349 751 1394 Dei,
773 1361 807 1384 ac
824 1349 983 1385 beatorum

242 1396 326 1434 Petri
351 1406 382 1433 et
399 1397 486 1434 Pauli
500 1398 710 1446 apostolorum
733 1399 801 1434 eius
814 1411 847 1434 se
866 1400 985 1435 noverit

242 1458 451 1482 incursurum.

291 1495 405 1532 Datum
424 1496 584 1544 Lugduni,
610 1506 718 1533 octavo
737 1497 806 1532 idus
828 1497 985 1539 februarii,

242 1547 441 1594 pontificatus
467 1548 563 1582 nostri
590 1559 671 1583 anno
697 1548 817 1596 quinto.

275 1606 336 1639 Dat.
354 1608 401 1640 die
423 1609 441 1639 6
459 1608 599 1640 februarii
617 1610 702 1648 1248,
720 1610 822 1649 pontif.
838 1619 913 1641 anno
931 1619 954 1639 v.

571 1733 669 1769 XVII.

245 1806 403 1840 Revocati's
428 1807 483 1846 iis,
512 1818 589 1851 quae
613 1814 718 1840 contra
752 1807 917 1840 libertatem
939 1820 986 1840 ec-

292 1856 487 1890 clesiasticam
508 1867 528 1889 a
549 1856 704 1890 Friderico
729 1866 797 1901 reye
817 1857 849 1889 in
879 1857 987 1891 Sicilia

293 1912 363 1940 acta
386 1912 472 1939 sune:
507 1906 656 1939 nonnulla
685 1911 861 1939 statuuntur
886 1906 929 1940 ad
948 1907 988 1939 li-

294 1954 435 1988 bertaeem
475 1966 511 1988 ac
537 1955 731 1999 disciplinam
756 1956 987 1990 ecclesiasticam

293 2003 327 2037 in
347 2003 446 2037 eodem
469 2015 562 2048 reqno
583 2005 788 2049 reparandam
815 2005 877 2048 (¹1).

507 2072 720 2104 SUMMAItlUM

245 2134 367 2175 Flagitia
385 2134 525 2165 Friderici
547 2134 626 2173 regis
645 2134 783 2174 deplorat.
811 2152 849 2159 —
870 2135 988 2168 Siciliae

285 2180 367 2219 regni
390 2179 554 2210 libertatem
577 2179 612 2209 ab
635 2188 668 2209 eo
686 2180 820 2210 violatam
839 2181 936 2212 refert.
951 2199 990 2205 —

257 2223 259 2225 ’
285 2223 393 2255 Damna
412 2224 448 2254 ab
470 2233 504 2254 eo
530 2224 624 2254 eidem
644 2224 733 2254 illata.
756 2241 794 2247 —
817 2225 873 2255 Res
892 2225 990 2256 Eccle-

287 2269 348 2299 siae
378 2269 509 2299 violatae.
536 2285 575 2291 —
596 2267 829 2298 Ecclesiasticam
859 2271 987 2300 auctori-

287 2317 374 2344 tatem
393 2313 420 2343 in
440 2322 474 2343 eo
493 2312 548 2342 sibi
568 2313 703 2342 vindicat.
720 2329 759 2335 —
776 2312 936 2344 innocentii
955 2314 990 2344 (le

287 2358 388 2389 eodem
417 2366 506 2396 regno
529 2365 608 2386 cura.
638 2373 677 2378 —
703 2356 855 2395 Abrogatis
881 2358 990 2397 iniquis

286 2401 428 2433 Friderici
447 2401 571 2440 legibus,
584 2401 658 2430 bona
677 2401 774 2430 omnia
789 2400 930 2431 Ecclesiis
946 2412 989 2432 re-

257 2456 259 2458 ·
287 2445 390 2476 stituit.
408 2463 447 2468 —
463 2445 566 2476 Libere
586 2446 647 2475 sieri
666 2445 824 2475 electiones
842 2445 936 2476 iubet:
954 2463 992 2469 —

287 2488 531 2529 Provisionesque
563 2500 577 2520 a
603 2489 751 2519 Friderico
778 2489 868 2520 factas
889 2490 991 2521 irritat.

287 2550 326 2556 —
351 2533 491 2564 Proliibet
522 2534 645 2564 clericos
668 2534 702 2563 atl
725 2534 886 2564 saecularia
919 2535 991 2565 trahi

285 2595 324 2631 (t)
343 2595 382 2623 Ex
398 2596 516 2631 originali
531 2595 613 2623 edidit
631 2594 748 2627 Gattula,
766 2595 869 2623 Access.
882 2597 991 2637 adflist.

250 2635 396 2669 Cassinen.3
413 2640 476 2663 tom.
495 2644 524 2669 n,
542 2644 600 2672 pag.
621 2637 681 2663 717.

329 2679 394 2710 Bun
419 2679 497 2710 Rom.
520 2680 574 2710 Vol.
591 2679 641 2710 III.
800 2680 837 2710 08

1661 248 1728 280 557

1072 310 1192 341 iudicia.
1217 327 1256 334 —
1276 311 1414 342 Censuris
1443 313 1546 343 irretiti
1573 313 1602 343 in
1633 312 1694 343 soro
1726 322 1777 344 ec·

1072 354 1238 386 clesiastico
1257 365 1312 386 non
1332 357 1528 388 admittantur.
1544 356 1662 388 —lura
1681 357 1776 389 omnia

1072 399 1220 440 episcopis
1239 402 1442 432 restituuntur.
1460 419 1498 425 —
1518 401 1683 433 Clausulae.

1030 471 1201 502 Innocentius
1220 472 1361 510 episcopus
1380 481 1475 504 servus
1502 482 1641 504 sorvorum
1665 474 1721 509 Dal.
1743 477 1776 505 aa

1075 521 1273 551 observantiam
1292 524 1320 552 ot
1334 525 1489 553 memoriam
1503 526 1672 561 perpetuam.

1079 584 1106 618 A
1133 584 1243 620 (liebus
1274 584 1436 630 Friderici,
1458 587 1574 622 alumni
1599 589 1770 636 nequitiae,

1029 633 1117 681 quasi
1140 634 1322 670 Anticliristi
1348 637 1542 682 praenuntii,
1574 638 1700 674 Siciliae
1723 652 1769 675 re-

1028 695 1125 729 gnum
1149 684 1208 718 vim
1233 685 1359 730 patitur,
1386 695 1416 721 et
1439 686 1568 721 ministri
1591 689 1659 723 eius
1681 701 1769 735 prae-

1029 731 1153 768 datione
1178 733 1252 768 illud
1276 734 1424 781 diripiunt
1453 735 1595 771 violenta:
1624 749 1706 776 nam.
1735 747 1769 774 ut

1028 781 1108 817 vitae
1129 794 1204 817 suae
1225 796 1352 818 cursum
1376 784 1459 819 brevi
1483 785 1587 832 loquio
1609 793 1770 822 transcur-

1027 843 1146 875 ramus,
1181 840 1211 867 et
1237 832 1360 880 longam
1398 846 1615 881 perversorum
1642 844 1767 872 actuum

1026 881 1093 915 eius
1105 881 1196 916 telam
1210 882 1431 928 compendiosa
1447 883 1611 919 verborum
1623 886 1703 920 serie
1718 887 1769 921 de-

1027 932 1379 979 curtemus,'postquam
1395 933 1508 969 multas
1522 943 1552 970 et
1567 935 1767 981 periculosas,

1027 980 1226 1027 Apostolicae
1252 982 1344 1016 Sedis
1371 984 1535 1029 praesidio,
1556 985 1653 1019 evasit
1688 986 1768 1020 insi-

1026 1029 1104 1074 dias,
1125 1030 1289 1078 coepitque
1312 1031 1406 1066 libere
1423 1033 1452 1066 in
1469 1045 1575 1078 regno,
1596 1034 1703 1081 plenas
1725 1036 1764 1069 ibi

1027 1078 1163 1114 habenas
1185 1079 1226 1114 illi
1248 1079 1403 1115 tribuente
1418 1081 1566 1126 Domino,
1587 1084 1766 1131 principari,

1026 1128 1071 1163 sic
1093 1130 1122 1163 in
1149 1129 1313 1176 superbiae
1346 1130 1542 1166 altitudinem
1569 1141 1614 1167 est
1649 1134 1765 1177 elatus,

1026 1186 1056 1212 et
1071 1177 1100 1212 in
1116 1179 1263 1213 saevitiae
1284 1179 1483 1215 acerbitatem
1506 1181 1653 1228 obriguit,
1680 1185 1763 1229 quod

1026 1227 1064 1261 de
1092 1227 1276 1263 humilitatis
1301 1228 1472 1265 substantia
1495 1232 1585 1265 cuius
1605 1232 1633 1266 in
1656 1232 1766 1267 adrer-

1025 1276 1068 1311 sis
1088 1289 1121 1312 se
1142 1277 1307 1312 simulabat
1331 1280 1484 1318 amicum,
1511 1288 1541 1314 et
1561 1280 1600 1315 de
1622 1280 1767 1324 benigni-

1024 1326 1097 1361 tatis
1125 1327 1382 1367 mansuetudine,
1412 1341 1503 1375 quam
1539 1329 1653 1365 blando
1680 1332 1766 1377 prins

1025 1375 1234 1411 mentiebatur
1247 1376 1369 1420 affeetu,
1385 1378 1601 1413 nihilomnino
1617 1380 1765 1424 retinens,

1024 1433 1054 1460 et
1076 1425 1115 1460 de
1137 1426 1248 1461 virtute
1274 1425 1377 1461 divina
1401 1439 1460 1462 non
1488 1430 1629 1470 tremuit,
1653 1428 1766 1464 huma-

1027 1486 1160 1521 namque
1183 1475 1376 1522 parvipendit
1399 1477 1578 1523 potentiam,
1613 1486 1643 1512 et
1665 1479 1766 1514 hono-

1794 254 1844 281 An.
1859 254 1887 282 C.
1907 255 1974 282 127153

1799 594 1885 623 Ftagtna
1901 595 1971 619 frti·-

1785 627 1822 648 rlcl
1846 629 1902 654 regi·
1929 628 1969 649 de-

1784 658 1860 685 plorat.

1025 1536 1089 1558 rem
1123 1523 1299 1569 Ecclesiae,
1326 1537 1362 1560 ac
1394 1526 1566 1561 libertatem
1602 1527 1763 1563 hominum
1792 1533 1875 1556 Slcffiue
1903 1539 1960 1564 τῦκα,

1779 1565 1897 1586 libertatem
1904 1565 1928 1586 ab
1935 1571 1961 1587 eo

1024 1573 1098 1608 dicti
1120 1575 1208 1619 regni
1235 1575 1395 1622 tyrannide
1417 1575 1581 1611 furibunda
1600 1577 1765 1624 depressit3
1779 1596 1961 1618 vioifflmmm.

1026 1623 1195 1670 plurimum
1217 1624 1291 1658 olim
1319 1625 1402 1659 mitis
1427 1626 1456 1659 in
1484 1625 1613 1667 nubilo,
1640 1627 1695 1662 sed
1717 1628 1766 1662 ni-

1026 1673 1123 1707 mium
1145 1684 1273 1708 severus
1295 1674 1495 1720 postmodum
1512 1675 1542 1709 in
1558 1688 1679 1716 sereno;
1704 1689 1768 1712 ver-

1025 1722 1136 1757 borum
1168 1731 1241 1758 tunc
1266 1723 1434 1759 dulcedine
1462 1724 1602 1766 melleus,
1634 1725 1687 1761 sed
1712 1739 1768 1772 po-

1025 1780 1090 1807 stea
1106 1772 1214 1806 felleus
1228 1773 1434 1819 amaritudine
1449 1785 1592 1821 operum,
1614 1784 1685 1810 ante
1703 1776 1769 1823 qui-

1025 1820 1096 1855 dem
1121 1822 1338 1868 promissionis
1357 1822 1570 1859 blandimento
1584 1824 1768 1860 multimode

1026 1869 1150 1911 liniens,
1177 1871 1230 1905 sed
1260 1879 1430 1918 postremo,
1448 1881 1482 1907 ut
1503 1875 1638 1921 scorpio,
1663 1886 1768 1921 perse-

1026 1920 1160 1954 cutionis
1181 1921 1289 1956 aculeo
1316 1921 1383 1956 dire
1412 1922 1556 1964 laedens,
1589 1923 1628 1958 (le
1662 1924 1769 1958 multi-

1027 1968 1116 2015 plicis
1142 1969 1257 2004 etenim
1281 1971 1474 2006 necessitatis
1493 1981 1627 2017 angusto
1649 1974 1680 2008 in
1706 1985 1768 2021 quo

1026 2018 1119 2053 draco
1142 2019 1199 2054 iste
1221 2019 1361 2060 latuerat,
1387 2029 1417 2055 et
1445 2020 1485 2056 ol)
1510 2022 1666 2058 affluentis
1687 2034 1769 2070 opu-

1027 2068 1140 2103 lentiae
1167 2068 1406 2115 amplitudinem
1441 2069 1618 2111 famelicus,
1645 2080 1676 2106 et
1701 2072 1769 2107 siti·

1028 2116 1153 2153 bundus
1168 2118 1311 2163 exiliens,
1327 2119 1434 2154 rabido
1450 2120 1553 2167 coepit
1571 2133 1624 2156 ore
1638 2133 1767 2168 regnum

1028 2166 1145 2202 laniare
1172 2168 1356 2214 praefatum.
1386 2168 1504 2203 Tamen
1532 2170 1629 2209 itlius,
1664 2183 1767 2205 rerum

1028 2228 1155 2251 suarum
1178 2216 1296 2252 scilicet
1325 2218 1495 2252 ubertatem
1522 2230 1711 2254 consumens
1737 2220 1767 2255 in

1029 2264 1147 2309 cibum,
1173 2274 1202 2300 et
1235 2267 1416 2313 sanguinem
1445 2267 1475 2301 in
1511 2276 1617 2314 potum
1651 2269 1768 2304 exhau-

1029 2314 1113 2349 riens
1134 2315 1310 2359 hominum,
1332 2316 1473 2351 videlicet
1494 2317 1562 2352 eius
1583 2318 1691 2352 vitam:
1714 2318 1770 2354 sie-

1029 2375 1091 2410 que
1119 2376 1254 2411 namque
1281 2364 1310 2398 in
1335 2365 1413 2400 bona
1436 2374 1466 2400 et
1493 2378 1640 2413 personas
1671 2368 1770 2413 ipsius

1030 2413 1118 2447 anxia
1137 2413 1249 2448 exarsit
1273 2414 1420 2460 ingluvie,
1442 2415 1524 2462 quod
1548 2416 1623 2451 haec
1645 2417 1770 2452 insatia-

1033 2466 1086 2501 bili
1114 2467 1280 2514 rapacitate
1302 2468 1485 2516 discerpens
1506 2469 1593 2510 illud.
1616 2470 1693 2518 proli
1720 2470 1773 2506 do-

1032 2520 1095 2556 lor!
1119 2521 1202 2555 ferus
1220 2521 1289 2568 plus
1311 2521 1373 2556 sera
1395 2523 1543 2570 qualibet,
1566 2523 1629 2559 sere
1645 2524 1772 2572 penitus

1033 2574 1193 2610 absorbuit
1220 2576 1251 2610 in
1287 2576 1443 2623 utrisque,
1469 2589 1526 2612 nec
1558 2589 1686 2620 sexum,
1715 2590 1773 2614 nec

1034 2637 1176 2669 aetatem,
1200 2641 1257 2665 nec
1274 2630 1414 2665 ordinem
1439 2633 1704 2678 praetermittens:
1733 2633 1772 2668 oh
