2129 3223
44 243 92 275 Nn.
109 247 128 272 C
161 247 224 274 12¹7

864 248 1022 271 noNonws
1045 248 1079 270 ΙΙΙ
1104 248 1150 270 ΙΨ.

239 315 320 351 3333
356 311 484 338 vocatur
517 301 738 344 Pasanianum,
769 303 870 338 casale
902 303 985 351 quod

241 360 367 388 vocatur
392 351 619 396 Frusilianum,
646 351 711 387 sive
743 351 880 394 Plutum,
914 365 985 387 cum

239 413 319 449 aqua
341 401 383 436 (13
402 400 503 436 Ponte
525 400 662 436 Mannati
690 413 791 449 usque
813 402 843 436 in
871 402 986 446 locum,

238 449 340 485 casale
361 450 445 497 quod
470 457 598 485 vocatur
631 449 750 486 lubelle
778 451 807 485 in
830 451 986 486 territorio

238 498 405 541 Fundano,
439 499 594 535 coloniam
628 511 709 547 quae
736 508 864 535 vocatur
891 501 985 546 Agre,

236 548 393 584 coloniam
420 560 501 596 qnae
528 556 655 584 vocatur
681 547 759 584 Villa
782 549 909 595 Magna,
932 562 986 583 co-

236 598 353 633 loniam
376 610 458 645 quae
474 605 599 633 vocatur
613 597 808 645 Papiniana,
830 599 984 633 coloniam

236 659 317 703 quae
340 656 470 683 vocatur
495 646 647 695 Opasera,
671 646 804 682 l'undum
831 646 986 682 Flammi—

238 697 379 738 nianum,
406 696 560 732 coloniam
588 708 669 744 quae
691 697 791 743 posita
809 704 856 732 est
879 697 908 731 in
925 697 987 731 An-

237 746 372 790 cutiano,
393 746 550 781 coloniam
575 746 657 780 iuxta
679 745 832 781 Sanctum
855 745 987 802 Stepha-

238 808 326 839 num,
353 795 538 830 coloniam
532 807 561 829 13
590 793 686 830 Fossa
708 794 794 830 Nova
829 796 986 830 territorio

238 843 392 885 Priverni,
413 843 515 879 casale
540 844 625 891 quod
649 844 786 891 positum
809 853 854 878 est
883 844 914 879 in
929 844 986 879 Ci-

237 894 338 933 liaria,
359 905 414 928 sex
433 893 544 939 uncias
561 893 600 928 de
617 893 718 928 casale
732 894 791 928 sito
811 893 840 927 in
860 893 984 935 Antico,

236 942 392 978 coloniam
419 954 499 989 quae
521 942 621 989 posita
652 950 698 976 est
731 943 761 977 in
790 942 985 987 Anculiano,

236 1004 308 1027 cum
334 992 464 1027 ecclesia
499 991 586 1026 Beati
619 990 833 1026 Crescentiani
868 991 983 1027 Christi

236 1042 391 1089 martyris,
415 1042 444 1075 in
465 1040 550 1075 Setia
567 1041 730 1088 piscariam
764 1053 845 1088 quae
862 1049 986 1076 vocatur

235 1091 358 1135 Altura,
381 1090 545 1145 piscariam
565 1102 646 1137 quae
661 1090 761 1138 posita
777 1099 823 1125 est
837 1091 868 1125 in
885 1090 984 1125 Massa

234 1138 396 1179 Flaviana,
418 1139 582 1194 piscariam
599 1151 680 1186 3333
700 1147 828 1174 vocatur
847 1140 883 1174 ad
898 1139 985 1175 Duas

234 1187 372 1244 Fauces,
395 1188 559 1244 piscariam
582 1200 662 1236 quae
689 1197 817 1223 vocatur
843 1189 984 1230 Arulier,

236 1237 399 1293 piscariam
421 1237 452 1272 in
475 1237 597 1284 integro
637 1249 717 1285 3333
743 1246 870 1273 vocatur
891 1237 986 1273 Bite-

235 1288 330 1327 ctula
353 1287 519 1335 piscariam
539 1298 619 1334 quae
641 1295 768 1322 vocatur
782 1287 984 1343 Leuciscum,

237 1337 400 1384 piscariam
428 1348 509 1383 31133
532 1341 659 1370 vocatur
681 1335 791 1376 Suare,
820 1337 983 1391 piscariam

235 1398 316 1433 quac
355 1393 483 1420 vocatur
510 1384 692 1429 Struntula,
726 1393 855 1432 septem
880 1398 985 1419 uncias

237 1435 387 1481 piscariae
409 1435 440 1469 in
469 1434 570 1469 Ponte
598 1433 750 1477 Militum,
778 1435 851 1469 item
882 1435 985 1481 pisca-

237 1484 299 1519 riae
332 1495 413 1532 quae
454 1491 581 1519 vocatur
620 1483 834 1529 Sanguiniana
875 1484 985 1518 uncias

235 1542 381 1581 quatuor,
404 1545 457 1568 sex
483 1533 591 1568 uncias
611 1533 650 1567 de
673 1532 803 1579 piscaria
828 1545 908 1580 quae
931 1545 985 1567 vo-

235 1587 323 1618 catur
361 1582 531 1618 Passinum
570 1594 642 1616 cum
681 1581 829 1616 omnibus
861 1582 898 1616 ad
932 1594 986 1617 eas

237 1631 479 1678 imminentibus,
501 1640 531 1666 et
557 1631 721 1678 piscariam
749 1643 829 1679 quae
858 1639 986 1666 vocatur

235 1681 381 1717 Carsum.
410 1681 574 1717 Praeterea
601 1680 764 1715 ecclesiam
787 1680 894 1715 Sancti
912 1680 985 1715 Αιι-

237 1730 341 1773 dreae,
362 1738 394 1766 et
406 1742 517 1766 031335
535 1730 752 1784 possessiones
766 1729 895 1774 Rutelli,
912 1742 984 1764 cum

237 1780 331 1837 33315
359 1788 390 1815 31
420 1779 568 1815 omnibus
595 1779 796 1829 pertinentiis
831 1786 861 1813 et
893 1778 988 1814 adia-

237 1829 350 1865 centiis
370 1829 452 1868 suis,
486 1828 555 1872 tibi,
589 1836 619 1862 et
650 1827 810 1862 Ecclesiae
832 1836 903 1862 tuae
929 1840 987 1862 au-

238 1879 380 1913 ctoritate
401 1877 574 1926 apostolica
595 1877 831 1920 confirmamus,
853 1876 892 1911 de
917 1878 986 1923 qui-

240 1928 298 1963 lius
319 1939 390 1962 cum
410 1938 514 1962 coram
536 1925 636 1961 felicis
664 1925 890 1960 recordatiouis
912 1926 987 1960 Ale-

239 1976 359 2012 xandro
387 1975 472 2023 Papa
503 1975 746 2022 praedecessore
779 1983 884 2010 nostro
907 1975 988 2010 111131

240 2026 443 2065 Privernum,
459 2032 488 2059 et
506 2027 606 2059 bonae
629 2024 797 2059 memoriae
819 2024 986 2070 Hugonem

237 2074 397 2122 quondam
411 2074 668 2109 Terracinensem
685 2073 866 2120 episcopum
891 2086 988 2120 quae-

237 2125 299 2160 stio
321 2131 404 2159 mota
439 2123 560 2167 suisset,
595 2122 669 2157 visis
706 2130 735 2156 et
766 2123 899 2168 cognitis
927 2135 988 2170 pu-

239 2173 331 2209 blicis
351 2182 382 2208 31
410 2172 551 2220 33113315
572 2171 734 2206 Ecclesiae
759 2172 987 2211 instrumentis,

239 2223 323 2258 idem
347 2222 570 2270 praedecessor
595 2228 701 2256 noster
733 2220 885 2267 praefatas
913 2233 989 2268 pos-

239 2273 398 2308 sessiones
410 2271 561 2319 episcopo
578 2277 762 2310 memorato,
783 2279 812 2305 31
829 2270 988 2305 Ecclesiae

239 2321 441 2363 adiudicavit,
468 2319 603 2367 fecitque
626 2328 685 2353 tam
705 2331 790 2362 eum,
812 2331 904 2366 33331
927 2319 990 2353 Ec·
1009 2342 1011 2355 1

239 2371 367 2406 clesiam
400 2373 431 2405 in
459 2368 654 2416 corporalem
679 2368 909 2414 possessionem
940 2366 1011 2402 in-'

240 2420 324 2462 11331,
346 2420 427 2455 sicut
451 2419 483 2454 in
511 2419 578 2453 eius
600 2417 763 2465 privilegio
785 2417 899 2452 exinde
917 2430 991 2452 con·
1010 2446 1011 2452 ,

241 2469 321 2505 secto
340 2468 538 2504 manifestius
556 2467 745 2502 continetur.
768 2465 851 2501 Sane
867 2467 891 2501 si
909 2479 990 2514 quae

242 2518 456 2566 possessiones
493 2517 572 2552 aliae
604 2515 727 2555 cultae,
754 2514 802 2550 vel
837 2516 990 2560 incultae,

243 2567 440 2608 molendina,
482 2567 669 2606 tenimenta,
707 2572 800 2611 atque
839 2566 1013 2611 piscariae

241 2627 322 2664 qnae
358 2616 516 2663 quondam
544 2615 623 2649 sorte
663 2613 892 2661 particulariter
919 2627 990 2649 tuae

360 2672 434 2703 Ball.
453 2671 530 2702 [10111.
557 2670 607 2699 t'ot.
631 2669 680 2699 III.
835 2673 872 2699 ἔξω

1658 241 1729 273 3¹3

1028 302 1187 338 Ecclesiae
1204 304 1340 347 luerunt,
1361 306 1425 340 sive
1448 317 1504 353 per
1526 314 1701 354 temporum
1723 307 1777 342 13-

1027 352 1151 387 tervalla
1187 352 1225 387 ad
1253 353 1384 388 eandem
1409 353 1581 390 Ecclesiam
1607 356 1674 391 iure
1697 356 1777 402 legi-

1028 402 1102 436 timo
1138 411 1366 448 pervenerunt,
1398 413 1449 438 331
1486 404 1576 439 1115115
1611 405 1714 440 modis
1746 406 1775 440 111

1026 458 1116 486 33133
1140 451 1277 486 Domino
1305 452 1454 498 largiente
1489 455 1701 499 pervenerint,
1724 467 1777 490 eas

1027 499 1080 535 tibi
1108 509 1136 535 31
1168 500 1269 535 eidem
1292 500 1452 536 Ecclesiae
1475 515 1601 538 manere
1624 503 1776 539 decerni—

1028 562 1098 584 mus
1129 549 1243 585 futuris
1276 550 1470 598 temporibus
1498 552 1641 588 illibatas.
1680 553 1777 588 Prae-

1027 606 1108 634 terea
1138 600 1369 647 praedictorum
1407 600 1683 647 praedecessorum
1719 615 1776 637 no-

1027 656 1162 683 strorum
1181 649 1308 695 vestigia
1330 649 1573 696 subsequentes,
1588 651 1774 687 Privernen.

1026 705 1056 731 et
1083 697 1222 733 Setinam
1252 697 1409 734 Ecclesias
1431 699 1533 735 eidem
1556 699 1774 736 Terracinensi

1027 746 1186 782 Ecclesiae
1223 748 1253 782 in
1295 756 1479 795 perpetuum
1519 749 1622 785 unitas
1651 763 1776 785 manere

1027 796 1227 832 decernimus
1249 809 1322 832 cum
1344 798 1494 832 omnibus
1515 798 1635 834 iuribus
1657 811 1776 843 earum,

1028 845 1122 880 rebus
1154 858 1189 881 ac
1217 847 1436 893 pertinentiis,
1474 847 1632 892 ecclesiis,
1665 861 1777 883 130113-

1026 895 1139 940 5131115,
1159 896 1332 942 praesidiis,
1355 896 1478 932 roceliis
1508 904 1602 944 atque
1624 897 1776 943 castellis,

1026 955 1106 990 quae
1143 952 1218 979 sunt
1256 944 1466 990 Sumninum,
1500 945 1628 981 Rocclia
1666 947 1776 991 Sicca,

1026 993 1153 1028 Rocclia
1179 994 1367 1041 Angurgae,
1384 994 1552 1042 Magentia,
1581 996 1776 1043 Aspianum,

1025 1042 1136 1087 Treve,
1159 1042 1387 1083 8311313313111,
1415 1045 1618 1092 Aquapuzza,
1651 1044 1777 1080 Bassia-

1027 1104 1103 1126 num
1125 1103 1196 1126 cum
1214 1092 1329 1127 finibus
1344 1101 1373 1127 et
1396 1093 1579 1128 adiacentiis
1605 1095 1681 1134 suis,
1697 1107 1776 1129 cun-

1026 1141 1147 1188 ctisque
1174 1141 1296 1176 illarum
1324 1141 1538 1177 Ε33135131331
1582 1143 1777 1179 facultatibus

1027 1190 1196 1226 mobilibus
1218 1199 1247 1226 et
1275 1192 1502 1235 immobilibus,
1529 1192 1568 1226 de
1589 1205 1687 1239 533113
1707 1206 1776 1228 310-

1028 1239 1185 1280 tentibus,
1214 1248 1246 1275 ut
1272 1240 1427 1288 quidquid
1454 1241 1492 1276 (13
1514 1241 1662 1277 omnibus
1686 1255 1777 1298 prae-

1026 1288 1180 1324 dictarum
1228 1288 1442 1325 Ecclesiarum
1476 1303 1531 1325 seu
1568 1293 1777 1327 monasterio-

1028 1350 1095 1372 111111
1125 1338 1230 1382 rebus,
1253 1338 1299 1373 vel
1322 1339 1360 1374 de
1382 1339 1531 1374 omnibus
1553 1340 1590 1374 ad
1613 1352 1665 1374 eas
1686 1353 1776 1387 gene·

1027 1387 1131 1422 taliter
1159 1387 1408 1434 pertinentibus,
1448 1389 1599 1424 canonice
1633 1389 1777 1425 ordinare

1028 1436 1214 1483 provideris,
1249 1445 1309 1472 tam
1346 1446 1417 1479 tuo,
1445 1450 1538 1486 quam
1574 1438 1710 1474 universi
1747 1440 1775 1473 in

1027 1486 1189 1532 praedicto
1230 1486 1448 1523 Terracinensi
1497 1488 1679 1534 episcopatu
1720 1488 1777 1523 tibi

1026 1536 1177 1570 canonice
1199 1537 1395 1572 successuris
1423 1537 1552 1572 liberam
1576 1537 1719 1572 babeatis
1746 1538 1776 1572 in

1028 1593 1215 1632 perpetuum
1258 1586 1360 1620 modis
1396 1586 1544 1621 omnibus
1586 1586 1776 1622 facultatem.

1029 1634 1236 1669 llecernimus
1263 1647 1354 1681 ergo,
1381 1644 1433 1669 ecc.
1462 1636 1495 1670 Si
1524 1648 1583 1683 qua
1608 1636 1703 1682 igitur
1723 1645 1775 1670 etc.

1027 1683 1158 1718 Cunctis
1176 1693 1278 1718 antem
1307 1692 1359 1718 etc.
1383 1685 1498 1719 Amen.

1076 1733 1148 1768 Euo
1188 1733 1358 1769 Hoxofflcs
1399 1734 1569 1769 catholicae
1618 1733 1777 1770 Ecclesiae

1027 1783 1206 1829 episcopus.

1028 1831 1224 1911 qCinthius
1247 1832 1327 1867 tituli
1356 1832 1388 1867 S.
1413 1831 1573 1868 Laurentii
1604 1833 1633 1867 in
1658 1832 1776 1868 Lucina

1056 1909 1060 1913 .
1089 1880 1127 1915 R.
1156 1880 1192 1915 E.
1218 1881 1379 1928 presbyter
1406 1881 1582 1916 cardinalis.

1027 1882 1203 1965 δ1130111.
1227 1930 1260 1965 S.
1285 1929 1398 1965 Crucis
1421 1932 1450 1966 13
1474 1931 1670 1967 Hierusalem
1688 1943 1776 1978 pres-

1029 1978 1116 2026 1))131
1142 1979 1319 2014 cardinalis.

1077 2028 1191 2064 Petrus
1223 2028 1256 2064 S.
1286 2028 1501 2064 Pudentianae
1530 2030 1609 2065 tituli
1642 2029 1779 2064 Pastoris

1030 2078 1190 2126 presbyter
1214 2078 1392 2113 cardinalis.

1078 2132 1237 2167 Robertus
1265 2132 1342 2167 tituli
1372 2131 1404 2167 S.
1428 2131 1579 2178 Stephani
1617 2133 1646 2166 in
1677 2132 1780 2166 Monte

1029 2185 1139 2220 Coelio
1162 2187 1321 2233 presbyter
1343 2186 1518 2220 cardinalis.

1078 2239 1260 2286 Stephanus
1296 2238 1442 2273 basilicae
1481 2238 1655 2273 Duodecim
1696 2240 1781 2285 Apo-

1029 2294 1181 2328 stolorum
1211 2292 1312 2339 presb.
1342 2292 1427 2327 card.

1079 2347 1253 2393 Gregorius
1280 2347 1325 2381 tit.
1353 2345 1386 2380 S.
1411 2347 1594 2381 Anastasiae
1617 2346 1782 2395 presbyter

1030 2400 1206 2435 cardinalis,

1081 2454 1191 2489 Petrus
1219 2452 1300 2488 tituli
1327 2452 1360 2487 S.
1397 2453 1556 2488 Laurentii
1587 2454 1615 2488 in
1644 2454 1781 2489 Damaso

1031 2508 1194 2556 presbyter
1216 2506 1392 2543 cardinalis

1080 2562 1218 2597 thomas
1240 2561 1321 2597 111311
1356 2561 1489 2597 Sanctae
1512 2562 1662 2598 Balbinae
1693 2574 1781 2610 pres-

1034 2618 1120 2651 liter
1143 2615 1323 2649 cardinalie

1793 251 1842 276 Α11.
1865 250 1894 278 C.
1910 251 1974 277 ¹217

1805 619 1907 640 Unionem
1921 625 1976 645 (130-

1791 656 1830 677 11113
1866 650 1974 670 1313143511Ἴ

1791 687 1834 701 rum
1856 679 1974 701 Priverni-L

1791 714 1812 731 31
1827 710 1921 732 Setina«.

1814 1744 1899 1765 11030111
1915 1743 1953 1764 ΡΡ,

1793 1846 1812 1862 ei
1828 1841 1848 1862 S.
1872 1841 1892 1861 R.
1917 1841 1974 1862 Ecct.

1813 1871 1948 1892 cardinalium

1792 1902 1966 1928 1333011111101133,
