2129 3223
59 192 110 220 An.
128 191 158 219 C.
173 193 239 218 ¹2¹3

842 189 1053 212 tNNOOEN‘rtt‘S
1076 190 1110 211 111
1135 189 1183 211 ΡΡ.

253 256 326 280 cum
350 244 461 280 iniuria
476 243 678 291 expellentes,
702 243 787 277 villae
807 251 837 277 et
867 243 992 277 claustri

254 301 358 342 portas
372 293 500 328 firmiter
512 292 682 337 obseraret,
693 301 722 327 et
737 304 807 327 eum
825 291 885 326 illic
898 291 994 326 abbas

253 343 451 391 postmodum
478 342 667 382 advenisset,
689 342 760 389 ipsi,
782 349 811 376 et
833 342 898 377 aliis
921 341 994 376 viris

253 392 415 439 religiosis,
427 392 479 439 qui
496 391 724 427 comitabantur
738 390 886 431 eundem,
904 390 993 425 villae

252 441 468 490 imprudenter
501 449 531 477 et
561 441 687 477 claustri
721 440 915 487 denegarunt
938 440 992 474 in-

250 503 405 538 gressum.
441 491 665 526 Verumtamen
707 490 833 538 quidam
856 490 894 525 de
924 503 992 524 mo-

249 540 358 576 nachis
371 541 552 576 monasterii
568 540 713 576 antedicti
733 540 799 574 zelo
817 538 992 574 devotionis

249 602 413 631 accensus,
422 590 578 638 quandam
588 598 709 638 portam
718 589 818 630 villae,
828 597 991 636 postquam

249 639 344 675 abbas
361 648 391 675 et
411 640 486 675 socii
502 640 613 688 ipsam,
629 649 659 674 et
674 639 751 674 alios
761 639 991 680 circumierant,

250 696 426 725 reverenter
448 690 593 725 reseravit
627 689 744 730 eidem,
767 701 861 735 quam
897 688 990 722 iidem

249 739 395 786 ingressi,
425 739 556 786 primam
580 747 697 786 partem
721 739 860 778 claustri,
896 750 989 785 quam

248 788 375 835 quidam
391 788 536 824 monachi
557 788 665 823 eodem
682 787 748 823 zelo
770 788 853 822 ducti
872 788 991 834 aperire

247 846 409 879 curarunt,
433 838 606 874 secundum
641 837 902 873 consuetudinem
937 849 990 871 or-

247 886 330 922 dinis
343 888 546 922 intraverunt:
559 887 619 922 hoc
630 895 804 934 comperto,
819 886 991 921 Gaufridus

246 943 278 971 et
305 937 464 977 monachi,
498 949 534 972 ac
567 938 737 972 servientes
758 937 878 976 armati,
911 948 991 982 quos

246 986 329 1022 idem
352 985 524 1022 Gaufridus
539 986 577 1021 ad
593 987 673 1021 hanc
696 993 931 1033 praeparaverat
950 987 988 1019 vi-

246 1035 385 1080 ctimam,
416 1035 455 1071 de
482 1036 712 1083 campanilibus
750 1044 779 1070 et
802 1035 990 1070 eminentio-

246 1084 336 1120 ribus
355 1085 434 1120 locis
456 1086 487 1120 in
510 1085 652 1120 abbatem
689 1093 719 1120 et
749 1085 852 1120 socios
873 1084 990 1131 lapides

245 1134 381 1181 grandes
395 1142 427 1170 et
443 1134 562 1170 densos
583 1135 751 1170 crudeliter
778 1134 988 1181 proiecerunt.

245 1183 472 1220 Verumtamen
499 1184 677 1219 misericors
699 1184 856 1219 Dominus
894 1183 990 1217 mira—

246 1232 354 1269 culose
384 1233 529 1269 abbatem
564 1234 695 1269 servavit
730 1233 885 1277 illaesum,
918 1232 990 1267 licet

247 1282 279 1317 in
301 1294 417 1330 equum
440 1283 580 1318 eiusdem
602 1283 706 1330 plures
720 1283 823 1329 magni
840 1281 990 1329 ponderis

247 1332 376 1379 proiecti
394 1332 514 1380 lapides
529 1333 700 1367 extitissent
716 1331 793 1366 adeo
808 1331 891 1379 quod
908 1331 988 1366 idem

245 1393 347 1430 equus
373 1382 403 1416 in
441 1391 576 1429 quatuor
602 1382 680 1416 locis
709 1382 853 1428 apparuit
880 1380 991 1415 vulne-

246 1438 342 1466 ratus.
370 1431 460 1466 Tunc
477 1431 574 1466 abbas
596 1439 657 1466 tam
685 1431 843 1465 atrocibus
860 1430 991 1465 affectus

246 1480 370 1516 iniuriis
383 1493 455 1516 cum
473 1480 517 1515 illi
536 1480 687 1528 proiicere
700 1480 822 1528 lapides
844 1492 906 1514 non
922 1492 990 1514 ces-

246 1537 363 1575 sarent,
384 1531 506 1566 censuit
529 1530 623 1565 furori
641 1529 832 1570 cedendum,
855 1537 884 1564 et
910 1541 991 1576 equo

247 1580 348 1615 laxato
361 1580 466 1627 fugam
482 1580 583 1627 petiit,
602 1588 632 1615 et
647 1592 681 1615 se
697 1580 813 1626 recepit
828 1579 859 1614 in
877 1578 989 1613 villam:

246 1640 342 1676 quem
364 1629 491 1676 quidam
523 1629 691 1676 burgensis
721 1637 876 1664 errantem
897 1629 992 1663 inre—

247 1678 350 1719 niens,
371 1686 401 1714 et
422 1679 510 1726 quasi
530 1679 569 1713 de
586 1680 696 1713 mortis
712 1679 852 1725 periculo
868 1686 991 1713 erutum

249 1735 435 1763 trementem
449 1729 522 1763 totis
536 1728 676 1769 artubus,
692 1736 722 1762 et
736 1728 916 1774 pallentem,
933 1727 992 1761 mi—

249 1777 420 1812 sericordia
438 1786 553 1817 motus,
576 1777 665 1812 duxit
688 1778 717 1810 in
740 1777 869 1811 domum
892 1788 992 1817 suam,

250 1835 282 1861 et
301 1838 406 1862 curam
429 1827 499 1862 eius
526 1827 587 1873 egit
609 1826 743 1861 filialiter
760 1835 789 1861 et
811 1826 932 1861 devote.
957 1825 991 1860 ln

250 1875 303 1911 illo
330 1885 434 1911 autem
457 1875 618 1920 conflictu,
640 1875 765 1923 quando
787 1875 929 1910 abbatem
965 1884 993 1910 et

250 1925 355 1961 socios
365 1925 525 1973 lapidibus
533 1925 698 1961 voluerunt
708 1925 852 1970 obruere⁷
866 1924 993 1972 quidam

251 1975 422 2011 servientes
451 1983 481 2011 et
517 1974 661 2010 monachi
695 1975 845 2010 maiorem
871 1982 993 2021 portam

250 2037 323 2060 cum
337 2024 448 2072 gladiis
473 2033 503 2068 et
516 2024 650 2060 fustibus
663 2032 812 2060 exeuntes
827 2024 995 2060 sercinulis

251 2082 398 2110 oneratos
418 2073 576 2109 retiffizere
598 2082 660 2109 tres
681 2085 791 2121 equos,
804 2086 866 2109 uno
879 2074 919 2109 de
939 2073 996 2109 ah-

253 2123 334 2159 batis
367 2123 576 2159 servientibns
611 2123 792 2163 vulnerat05
813 2123 866 2158 sed
890 2132 920 2158 et
959 2123 996 2158 iis

253 2172 425 2209 Gaufridus
444 2181 474 2208 et
494 2173 562 2208 eius
581 2173 750 2220 complices
765 2185 827 2208 non
846 2174 996 2217 contenti,

254 2223 330 2270 quin
346 2222 444 2258 immo
458 2223 547 2258 malis
561 2222 744 2257 adiicientes
752 2223 867 2269 peiora,
879 2222 998 2257 balivos

254 2272 380 2308 comitis
401 2273 563 2307 memorati
586 2272 616 2306 in
644 2283 736 2318 grave
769 2272 996 2319 praeiudicium

255 2322 435 2357 monasterii
466 2331 561 2369 atque
591 2320 679 2356 villae
718 2321 756 2355 ad
783 2333 912 2356 suorum
946 2321 998 2355 de-

257 2370 433 2407 fensionem
456 2371 641 2411 facinorum,
674 2378 705 2405 et
726 2370 803 2405 iuris
825 2372 997 2418 oppressio-

257 2432 343 2461 nem,
369 2432 494 2456 necnon
528 2420 648 2456 abbatis
678 2428 707 2455 et
729 2419 847 2454 ordinis
872 2420 999 2455 advoca-

258 2478 344 2515 runt,
369 2483 506 2518 quorum
543 2470 716 2517 praesentia
741 2477 772 2504 et
793 2469 895 2505 favore
921 2483 999 2505 cam-

259 2519 372 2567 panilia
400 2529 431 2555 et
457 2520 518 2556 alia
540 2520 607 2555 loca
628 2520 759 2555 editiora
781 2519 892 2560 armis,
913 2532 1001 2555 arcu-

259 2568 337 2610 bus,
363 2569 482 2604 balistis
511 2578 540 2605 et
572 2569 730 2617 lapidibus
756 2569 938 2604 munierunt
962 2569 1000 2603 de

1660 182 1729 216 269

1034 250 1139 286 nocte,
1164 250 1202 277 ita
1226 244 1421 280 celebrantes
1442 245 1591 282 excubias
1618 247 1779 292 cornibus,

1034 291 1212 333 cantilenis,
1245 293 1356 328 fistulis
1378 303 1407 329 et
1430 295 1584 339 clamore,
1620 308 1656 332 ac
1677 297 1703 332 si
1725 309 1779 332 ca-

1034 349 1133 376 strum
1150 341 1316 377 obsessum
1344 343 1382 377 ab
1404 343 1548 380 hostibus
1573 345 1779 387 custodirent;

1034 403 1226 438 quamquam
1262 391 1356 427 abbas
1383 405 1438 440 per
1467 394 1646 431 violentiam
1669 396 1779 431 irrum-

1035 453 1110 487 pere
1137 440 1321 480 claustrum,
1356 443 1413 477 etsi
1448 453 1570 490 posset,
1598 445 1778 481 nullatenus

1034 490 1197 531 noluisset,
1220 490 1274 525 sed
1299 490 1388 526 nobis
1417 492 1584 528 vindictam
1609 496 1713 541 potius
1735 508 1775 530 re-

1033 551 1167 575 servare..
1207 540 1383 575 Attendens
1418 541 1512 587 igitur
1547 543 1628 578 idem
1663 544 1776 580 abbas,

1033 589 1116 635 quod
1149 589 1322 624 Gaufridus
1349 598 1379 624 et
1411 591 1460 625 sui
1496 592 1613 627 nullam
1640 594 1774 629 admoni-

1033 639 1149 673 tionem
1177 639 1392 684 admitterent,
1422 653 1548 688 semper
1571 642 1697 678 claustri
1726 655 1774 678 cu-

1796 195 1844 222 An.
1863 196 1972 224 c.1215

1804 553 1886 574 Poenae
1896 561 1915 574 un
1927 560 1972 574 enm

1790 584 1882 605 inflictae
1898 585 1922 604 ab
1935 585 1971 604 ab·

1790 616 1838 635 hato
1886 614 1971 636 clunia-

1791 651 1855 666 censi,

1033 687 1107 729 riae,
1129 700 1164 723 ac
1188 689 1313 724 maioris
1344 688 1508 734 ecclesiae,
1533 703 1656 727 necnon
1679 693 1778 728 omni·
1823 695 1829 702 ‘

1033 736 1092 772 bus
1112 737 1250 772 aditibus
1286 738 1439 774 obseratis
1474 752 1529 787 per
1551 753 1631 788 quos
1657 741 1694 777 ad
1723 755 1777 778 eos

1033 786 1138 821 haberi
1161 796 1270 834 posset
1305 800 1467 830 accessus,
1502 789 1608 825 habito
1639 791 1776 827 virorum

1033 836 1250 882 religiosorum
1286 838 1430 879 consilio,
1457 839 1558 886 ipsius
1581 839 1726 876 Gaufridi
1748 850 1777 875 et

1031 885 1222 933 complicum
1244 887 1312 921 eius
1328 887 1432 935 culpis
1452 890 1696 925 clarescentibus
1718 892 1778 926 evi-

1032 934 1161 980 denter,
1200 936 1301 983 ipsum
1334 944 1482 985 tanquam
1521 939 1776 984 inobedientem,

1032 984 1204 1025 rebellem,
1232 995 1449 1022 contumacem
1477 995 1507 1021 et
1537 988 1776 1036 dilapidatorem

1031 1035 1260 1069 sententialiter
1286 1036 1401 1070 amovit
1423 1049 1439 1071 a
1473 1038 1627 1084 regimine
1663 1040 1775 1085 priora-

1032 1092 1099 1123 tus3
1127 1092 1157 1117 et
1191 1091 1252 1118 tam
1289 1085 1413 1132 ipsum,
1448 1099 1541 1133 quam
1575 1100 1685 1123 omnes
1715 1089 1774 1124 sibi

1033 1132 1132 1167 taliter
1165 1133 1372 1169 adhaerentes
1405 1136 1529 1171 vinculo
1563 1139 1776 1173 excommuni-

1031 1182 1162 1216 cationis
1196 1183 1366 1223 innodans,
1400 1184 1572 1221 Ecclesiam
1607 1188 1776 1235 supposuit

1033 1231 1210 1272 interdicte,
1237 1232 1340 1267 donec
1365 1234 1535 1270 redeuntes
1556 1236 1593 1271 ad
1620 1248 1674 1271 cor
1705 1249 1775 1272 con-

1032 1280 1125 1326 digne
1164 1281 1381 1318 satisfacerent
1414 1283 1453 1318 de.
1492 1292 1554 1319 tam
1592 1286 1776 1321 enormibus

1033 1329 1217 1365 excessibus
1251 1339 1281 1365 et
1303 1331 1452 1375 offensis3
1475 1334 1533 1381 ipsi
1558 1347 1630 1370 vero
1651 1348 1775 1383 semper

1032 1380 1196 1425 proniores
1217 1380 1253 1414 ad
1277 1381 1383 1428 peius,
1411 1385 1585 1419 sententias
1603 1385 1632 1419 iu
1656 1397 1711 1420 eos
1732 1386 1777 1421 sic

1034 1430 1109 1463 latas
1130 1430 1353 1466 rationabiliter
1370 1444 1432 1466 non
1451 1442 1623 1476 servantes,
1645 1434 1777 1482 pulsatis

1032 1479 1205 1525 campanis,
1238 1479 1342 1516 divina
1364 1492 1570 1528 praesumunt
1593 1484 1777 1520 solemniter

1032 1527 1203 1563 celebrare.
1237 1529 1405 1566 Caeterum
1432 1544 1504 1567 cum
1524 1535 1597 1580 equi
1620 1534 1776 1570 duceren—

1032 1584 1083 1611 tur
1104 1577 1141 1612 ad
1172 1590 1283 1625 aquam
1316 1580 1354 1614 ab
1381 1581 1563 1617 hominibus
1585 1584 1707 1619 comitis
1728 1596 1777 1619 an-

1034 1626 1162 1667 tedicti,
1204 1640 1285 1675 quos
1327 1630 1567 1666 introduxerunt
1602 1634 1633 1667 in
1676 1633 1777 1668 villam

1033 1684 1139 1710 contra
1170 1677 1270 1724 ipsius
1303 1687 1333 1713 et
1367 1681 1545 1716 monasterii
1584 1681 1777 1722 libertatem,

1033 1732 1155 1772 septem
1178 1739 1216 1761 ex
1239 1728 1284 1762 eis
1306 1730 1385 1775 capti
1409 1730 1551 1771 fuerunt,
1579 1731 1708 1780 reliquis
1733 1734 1779 1768 ef—

1035 1775 1158 1820 fugatis.
1187 1776 1285 1812 Iidem
1301 1778 1394 1813 etiam
1413 1789 1584 1828 caeperunt
1606 1782 1779 1818 servientes

1034 1823 1154 1860 abbatis
1187 1827 1216 1860 in
1241 1827 1322 1872 villa,
1349 1829 1378 1863 in
1406 1842 1468 1876 qua
1494 1843 1601 1866 comes
1623 1832 1781 1880 praefatus

1034 1874 1152 1909 nullam
1190 1876 1282 1911 habet
1320 1877 1486 1920 iustitiam,
1521 1880 1594 1915 licet
1634 1882 1664 1916 in
1694 1881 1780 1917 nullo

1036 1923 1164 1971 praefati
1206 1929 1399 1963 excesserint
1437 1929 1628 1976 servientes,
1669 1943 1780 1967 omnes

1036 1980 1195 2028 praeterea
1219 1975 1307 2011 villae
1335 1985 1439 2025 portas
1465 1986 1496 2014 et
1511 1979 1613 2015 aditus
1631 1993 1687 2028 per
1700 1993 1780 2029 quos

1037 2031 1168 2058 intratur
1181 2024 1212 2059 in
1227 2038 1308 2070 eam,
1325 2028 1527 2073 postmodum
1541 2029 1781 2074 obstruxerunt,

1037 2084 1099 2107 non
1115 2074 1269 2120 patientes
1291 2075 1406 2112 intrare
1437 2079 1620 2125 quempiam
1643 2079 1779 2126 peditem

1037 2123 1085 2157 vel
1107 2124 1245 2170 equitem
1267 2125 1304 2159 ad
1331 2125 1487 2161 abbatem.
1514 2127 1607 2169 Quod
1642 2129 1666 2163 si
1693 2129 1781 2176 quis-

1037 2184 1131 2218 quam
1152 2173 1370 2219 ingrederetur
1392 2176 1530 2222 ignotus,
1553 2177 1700 2213 custodes
1715 2191 1783 2226 per-

1038 2222 1205 2268 quirebant
1239 2224 1364 2270 ipsum,
1391 2238 1430 2260 ue
1461 2225 1555 2260 ferret
1582 2227 1711 2270 litteras,
1733 2228 1779 2262 vel

1040 2271 1233 2306 mandatum.
1254 2272 1360 2307 Abbas
1375 2274 1470 2320 igitur
1484 2275 1585 2310 taliter
1601 2277 1780 2323 impeditus,

1039 2329 1070 2355 et
1091 2320 1221 2356 affectus
1243 2322 1344 2357 taedio
1369 2334 1405 2358 ac
1430 2324 1598 2371 languore,
1632 2327 1780 2372 quoniam

1040 2369 1183 2404 Cluniaci
1205 2371 1377 2418 capitulum
1404 2384 1544 2408 annuum
1571 2387 1633 2409 non
1663 2383 1780 2423 poterat

1040 2419 1208 2460 celebrare,
1232 2420 1261 2454 in
1278 2434 1341 2468 quo
1354 2422 1393 2456 de
1415 2422 1585 2469 saepedicti
1601 2426 1781 2461 monasterii

1042 2468 1260 2505 reformatione
1275 2471 1485 2517 potissimum,
1499 2480 1530 2507 et
1547 2474 1678 2520 pecunia
1692 2474 1784 2510 Tem-

1042 2519 1146 2565 plariis
1174 2519 1378 2565 refundenda,
1413 2529 1556 2567 tractare,
1582 2535 1618 2558 ac
1639 2523 1783 2560 ordinare

1042 2581 1114 2603 cum
1136 2569 1300 2605 abbatibus
1321 2578 1351 2604 et
1385 2570 1542 2618 prioribus
1568 2571 1782 2621 disposuerat,

1804 1545 1847 1566 Non
1856 1546 1970 1573 resipiscit.
