2129 3223
110 273 160 300 An.
176 273 205 299 (Σ.
225 272 288 299 123¹

123 1652 265 1672 iuramentum

102 1690 111 1703 ι
156 1682 307 1705 cancellario.

103 1715 250 1740 praestandum
259 1715 284 1734 de

103 1745 243 1764 lectitandis,

117 2297 227 2323 inquisitio
261 2296 287 2316 de

105 2328 128 2347 tii
144 2326 241 2347 [scienda
253 2333 289 2347 sn-

105 2362 125 2378 te
173 2356 287 2378 Licentiam

106 2389 201 2408 mad-nr

358 263 427 294 456
904 269 1092 292 numanum
1114 269 1277 291 nonanus:
1859 266 1910 293 Au.
1926 265 1955 293 C.
1974 266 2036 293 ¹23¹

308 337 455 361 venarum
483 336 609 359 suarum
638 324 803 371 principia,
825 331 856 358 et
876 336 951 359 auro
969 323 1057 358 locus

306 384 364 415 est,
387 375 416 409 in
439 386 503 422 quo
525 374 584 408 rite
599 374 763 412 conflatur.
782 386 821 408 ex
838 374 954 421 quibus
980 385 1056 420 pru-

305 425 418 458 dentes
439 423 554 470 eloquii
575 423 708 470 mystici,
730 422 910 458 murenulas
943 434 1055 457 aureas

306 473 526 508 vermiculatas
549 480 679 518 argento
701 472 866 513 cudentes,
893 480 922 506 et
951 471 1054 506 fabri-

305 530 412 556 cantes
430 522 557 557 monilia
580 530 686 556 ornata
716 521 874 569 lapidibus
898 521 1053 567 pretiosis,

306 571 369 605 imo
396 571 484 606 nullo
509 571 610 618 pretio
636 571 867 618 comparandiS,
895 570 1052 617 Sponsam

303 620 421 655 Christi
449 620 597 655 decorant
620 628 651 655 et
671 620 844 662 decorant3
872 619 913 654 ibi
937 619 1052 654 ferrum

304 669 342 703 de
364 678 444 704 terra
467 669 598 714 tollitur,
620 670 693 716 quia
715 669 791 704 dum
828 677 950 704 terrena
990 668 1053 702 fra-

303 718 406 763 gilitas
429 718 610 754 fortitudine
633 719 797 763 solidatur,
831 719 925 753 lorica
966 717 1053 762 fidei,

302 767 436 812 gladius,
459 768 600 815 spiritus,
622 776 654 803 et
675 776 808 809 caetera,
822 767 897 802 inde
920 767 952 801 fit
974 767 1054 801 chri-

302 816 420 851 stianae
442 817 570 852 militiae
599 826 754 852 armatura
788 825 900 864 potens
933 815 1052 852 adver-

301 878 358 900 sus
378 877 486 901 aereas
508 874 691 914 potestates,
713 874 743 901 et
764 865 843 913 lapis
865 866 967 900 calore
993 877 1053 900 so-

303 916 386 949 lutus
408 915 437 949 in
464 927 518 950 aes
548 915 698 956 vertitur,
733 916 804 961 quia
839 915 933 950 corda
972 914 1053 960 lapi-

301 963 359 998 dea
394 963 501 999 Sancti
533 964 671 1011 Spiritus
702 965 801 999 afflata
829 964 961 1008 fervore,
975 964 1050 998 dum

301 1013 427 1053 ardent,
462 1013 650 1057 incendunt,
693 1021 723 1048 et
770 1013 850 1048 fiunt
888 1013 1053 1059 praedica-

302 1062 386 1097 tione
426 1074 540 1097 sonora
574 1064 795 1110 praeconantia
821 1063 930 1098 laudes
957 1063 1052 1097 Chri-

300 1111 351 1146 sti
378 1111 485 1153 Quare
503 1123 564 1146 non
601 1120 647 1146 est
682 1112 828 1151 dubium,
862 1113 938 1159 quin
971 1112 1050 1167 Deo,

299 1168 330 1194 et
353 1160 537 1195 hominibus
551 1161 687 1207 graviter
700 1161 891 1216 displiceret,
905 1162 1051 1208 quisquis

301 1209 330 1243 in
353 1210 477 1244 civitate
514 1210 671 1256 praedicta
706 1211 836 1257 gratiam
869 1219 930 1245 tarn
971 1211 1051 1245 insi-

300 1270 393 1304 gnem
417 1259 570 1294 niteretur
589 1259 746 1294 ullatenus
777 1259 967 1304 disturbare,
1003 1260 1050 1295 vel

299 1307 550 1343 disturbantibus
563 1321 597 1344 se
620 1321 676 1356 pro
691 1309 808 1344 viribus
827 1317 972 1356 potenter
987 1321 1049 1344 non

300 1367 485 1404 opponeret,
508 1364 539 1392 et
561 1366 712 1404 patenter.
740 1358 833 1393 Unde
855 1371 926 1393 cum
954 1370 1051 1406 super

300 1405 497 1441 dissensione
520 1407 561 1441 ibi
585 1406 732 1442 diabolo
726 1408 892 1453 instigante
910 1408 1049 1449 suborta,

300 1454 440 1489 studium
463 1456 635 1490 enormiter
656 1456 863 1500 disturbante,
890 1458 1050 1503 quaestio-

301 1515 356 1538 nes
377 1504 414 1539 ad
437 1516 496 1539 nos
508 1504 626 1539 delatas
643 1505 857 1540 audiverimus
871 1505 1049 1552 diligenter,

299 1564 352 1587 eas
374 1553 479 1600 potius
501 1554 689 1601 provisionis
710 1534 947 1595 moderamine,E>
955 1568 1048 1602 quam

300 1601 436 1637 iudiciali
464 1603 620 1639 sententia
647 1603 686 1639 de
713 1603 841 1638 fratrum
871 1613 1047 1639 nostrorum

299 1651 433 1686 consilio
455 1652 605 1686 duximus
625 1653 806 1700 sopiendas;
829 1654 912 1688 circa
934 1662 1047 1688 statum

300 1700 405 1748 itaque
426 1701 614 1736 scholarium
647 1710 677 1736 et
701 1702 878 1737 scholarum
894 1703 970 1737 haec
987 1712 1051 1738 sta-

300 1749 418 1784 tuimus
438 1750 644 1792 observanda,
679 1751 822 1786 videlicet
853 1752 938 1798 quod
976 1754 1049 1799 qui-

299 1798 371 1834 libet
384 1799 591 1835 cancellarius
604 1800 674 1834 Par
669 1801 771 1841 isien.,
794 1801 911 1836 vocatis
925 1801 961 1836 ad
977 1802 1048 1846 hoc,

298 1856 328 1882 et
355 1849 574 1895 praesentibus
601 1862 656 1896 pro
686 1850 886 1885 universitate
923 1851 1049 1885 schola-

300 1897 380 1932 rium
402 1897 529 1933 duobus
546 1899 713 1954 magistris,
729 1900 759 1933 iu
779 1911 834 1934 sua
855 1900 1050 1935 institutione

300 1946 425 1992 iurabit,
444 1947 529 1994 quod
552 1948 590 1982 ad
617 1949 757 1994 regimen
795 1948 986 1994 theologiae,
1013 1961 1049 1984 ac

299 1995 496 2031 decretorum
516 1996 597 2031 bona
620 1976 679 2031 fidae
692 1997 866 2032 secundum
884 1999 1050 2033 conscien-

300 2045 373 2080 tiam
396 2058 485 2081 suam
519 2045 588 2080 loco
621 2054 652 2081 et
691 2055 833 2093 tempore
871 2047 1048 2081 secundum

299 2102 415 2129 statum
456 2095 600 2135 civitatis,
631 2104 660 2130 et
693 2095 844 2130 bonorem
879 2107 916 2130 ac
942 2096 1048 2131 hone-

299 2151 410 2179 statem
434 2144 618 2179 facultatum
641 2145 928 2192 ipsarum,nonnisi
946 2145 1050 2190 dignis

300 2192 458 2228 licentiam
482 2194 641 2240 largietur,
657 2206 713 2229 nec
726 2194 870 2228 admittet
892 2193 1048 2240 indignos,

301 2254 519 2289 personarum,
543 2252 572 2277 et
601 2244 763 2278 nationum
779 2244 960 2290 acceptione
973 2243 1050 2278 sub-

303 2300 395 2326 mota.
423 2292 506 2326 Ante
528 2304 600 2326 teto
622 2305 714 2339 quam
739 2304 929 2340 quemquam
948 2292 1050 2327 licon-

303 2342 357 2375 tiet
379 2341 455 2376 infra
477 2350 541 2376 tres
563 2353 690 2377 menses
708 2354 723 2376 a
759 2350 900 2389 ternpore
935 2343 1050 2389 petitae

303 2391 458 2431 licentiae,
480 2399 541 2426 tam
561 2391 600 2425 ab
621 2391 769 2426 omnibus
783 2391 939 2438 magistris
961 2391 1051 2426 theo-

301 2440 430 2486 legiae
423 2453 453 2475 in
476 2441 599 2475 civitate
618 2440 846 2488 praesentibus,
869 2453 962 2488 quam
981 2440 1050 2475 aliis

302 2490 375 2524 viris
397 2490 537 2525 honestis
559 2497 589 2524 et
611 2491 765 2534 litteratis,
789 2503 844 2537 per
877 2502 956 2537 quos
997 2502 1050 2524 ve-

303 2538 375 2572 ritas
401 2539 471 2574 sciri
496 2540 605 2587 possit,
629 2539 669 2574 de
695 2540 766 2577 vita,
794 2540 921 2574 scicntia
939 2546 970 2574 et
1005 2539 1050 2573 fa—

1097 323 1262 369 quirenda,
1285 322 1451 370 diligenter
1473 323 1623 370 inquirat,
1650 330 1680 358 et
1706 321 1843 369 inquisi-

1097 373 1180 407 tione
1198 372 1244 407 sic
1266 371 1344 408 sacta
1367 372 1442 419 quid
1466 372 1585 413 deceat,
1613 380 1644 407 et
1680 372 1757 419 quid
1787 383 1845 406 ex-

1097 421 1201 469 pediat
1215 421 1296 457 bona
1320 421 1380 456 fide
1397 422 1461 466 det,
1483 422 1531 456 vel
1555 430 1648 468 neget
1669 421 1842 456 secundum

1095 471 1319 506 conscientiam
1342 483 1430 506 suam
1454 472 1570 518 petenti
1593 471 1750 506 licentiam
1785 482 1844 518 po-

1095 520 1252 556 stulatam.
1301 520 1441 567 Magistri
1482 533 1556 556 vero
1587 521 1762 566 theologiae
1807 532 1843 555 ac

1095 570 1292 605 decretorum
1307 570 1434 617 quando
1458 570 1609 617 incipient
1630 570 1745 616 legere,
1761 581 1845 616 prae-

1094 619 1219 654 stabunt
1235 620 1360 667 publice
1382 619 1607 658 iuramentum,
1635 619 1720 666 quod
1746 631 1844 666 super

1095 669 1274 715 praemissis
1311 668 1402 703 fidele
1444 669 1658 703 testimonium
1702 669 1844 715 perhibe-

1095 718 1183 752 bunt.
1213 718 1428 752 Cancellarius
1461 730 1586 773 quoque
1613 717 1737 762 iurabit,
1758 718 1841 765 quod

1093 767 1224 802 consilia
1252 767 1474 813 magistrorum
1509 768 1539 801 in
1581 767 1695 801 malum
1732 779 1840 802 eorum

1095 816 1273 851 nullatenus
1306 816 1453 851 revelabit
1476 816 1617 851 parisien
1663 817 1841 851 canonicis.

1094 865 1237 900 libertate
1258 865 1376 900 aciure
1394 866 1424 900 in
1454 865 1635 912 incipiendo
1658 866 1771 901 habitis
1809 866 1840 900 in

1093 926 1149 949 sua
1189 914 1390 949 manentibus
1427 915 1584 949 firmitate.
1629 915 1675 949 De
1713 915 1842 961 phisicis

1093 971 1211 1007 autem,
1247 972 1277 998 et
1311 963 1438 1005 arastis,
1475 976 1511 998 ac
1544 964 1613 998 aliis
1646 963 1842 998 cancellariis

1094 1012 1174 1048 bona
1196 1012 1257 1047 fide
1279 1013 1440 1059 promittet
1457 1013 1637 1048 examinare
1663 1013 1841 1059 magistros,

1093 1070 1122 1096 et
1144 1062 1270 1096 nonnisi
1293 1062 1406 1109 dignos
1432 1062 1600 1097 admittens
1627 1063 1754 1110 repellet
1790 1063 1843 1097 iu-

1092 1111 1216 1157 dignos.
1239 1110 1406 1146 Caeterum
1425 1112 1496 1159 quia
1520 1111 1574 1146 ubi
1597 1124 1659 1147 non
1681 1119 1727 1147 est
1749 1111 1839 1146 ordo
1864 1120 2040 1147 Prnvitessmnon-

1093 1160 1180 1195 facile
1214 1161 1294 1207 repit
1332 1161 1463 1200 horror,
1499 1161 1738 1196 constitutiones
1781 1148 1930 1204 seiifflssur
1957 1158 2038 1209 σξζζζξζ

1091 1210 1306 1245 ordinationes
1328 1210 1474 1257 providas
1511 1210 1645 1245 faciendi
1679 1210 1718 1246 de
1745 1211 1911 1245 modom-

1091 1268 1121 1294 et
1143 1259 1217 1299 liora
1240 1259 1366 1305 legendi
1391 1267 1422 1293 et
1443 1259 1636 1306 disputandi,
1670 1259 1710 1294 de
1729 1259 1838 1294 habitu

1091 1308 1246 1346 ordinato,
1269 1309 1309 1342 de
1331 1316 1528 1343 mortuorum
1548 1309 1702 1356 exequiis,
1716 1321 1840 1344 necnon

1091 1357 1131 1393 de
1158 1357 1378 1402 bachellariis,
1404 1359 1480 1404 qui,
1512 1366 1543 1392 et
1581 1370 1640 1405 qua
1678 1358 1774 1399 hora,
1808 1366 1840 1392 et

1091 1407 1168 1454 quid
1192 1408 1295 1453 legere
1317 1407 1464 1445 debeant,
1494 1419 1531 1442 ac
1554 1407 1752 1455 hospitorum
1792 1415 1841 1443 ta-

1091 1457 1226 1500 xatione,
1253 1468 1309 1490 seu
1331 1456 1424 1491 etiam
1448 1456 1626 1501 interdicto,
1649 1465 1680 1491 et
1703 1456 1839 1492 rebelles

1091 1506 1167 1552 ipsis
1189 1505 1470 1540 constitutionibus
1498 1505 1545 1539 vel
1588 1506 1839 1540 ordinationibus

1091 1567 1146 1601 per
1164 1554 1411 1589 subtractionem
1433 1554 1591 1589 societatis
1612 1567 1752 1601 congrue
1784 1567 1838 1590 ca-

1090 1603 1223 1650 stigandi
1247 1604 1335 1638 vobis
1357 1603 1562 1638 concedimus
1581 1603 1769 1640 facultatem.
1798 1604 1837 1639 Et

1090 1654 1114 1687 si
1143 1652 1221 1687 sorte
1263 1653 1352 1687 vobis
1386 1653 1587 1687 subtrahatur
1625 1653 1836 1700 hospitiorum

1091 1702 1216 1742 taxatio,
1238 1709 1291 1736 aut
1318 1701 1402 1748 quod
1430 1701 1512 1736 absit
1545 1701 1635 1737 vobis
1660 1703 1706 1737 vel
1743 1703 1835 1738 alicui

1090 1760 1228 1786 vestrum
1264 1751 1378 1786 iniuria
1414 1751 1462 1785 vel
1502 1763 1652 1786 excessus
1685 1751 1838 1787 inferatur

1090 1801 1241 1844 enormis,
1263 1808 1371 1847 utpote
1393 1800 1503 1834 mortis
1518 1801 1566 1835 vel
1587 1801 1720 1836 membri
1744 1802 1840 1836 muti-

1091 1850 1226 1889 lationis,
1255 1850 1332 1894 nisi,
1358 1861 1497 1895 congrua
1536 1851 1710 1885 monitione
1749 1863 1839 1898 prae-

1090 1899 1198 1943 missa,
1225 1898 1306 1933 infra
1328 1899 1510 1946 quindecim
1539 1898 1606 1934 dies
1627 1899 1720 1934 suerit
1746 1901 1839 1934 satis-

1091 1948 1216 1987 factum,
1239 1948 1328 1982 liceat
1351 1948 1562 1995 vobisusque
1584 1948 1623 1983 ad
1645 1949 1839 1984 satisfactioa

1092 2009 1164 2031 nem
1184 1997 1375 2042 condignam
1398 1997 1596 2045 suspendere
1612 1998 1775 2038 lectiones,
1808 2006 1839 2032 et

1090 2047 1114 2080 si
1138 2046 1274 2093 aliquem
1296 2055 1434 2081 vestrum
1470 2046 1617 2082 indebite,
1648 2048 1836 2082 incarcerari

1091 2095 1267 2141 contigerit,
1295 2095 1340 2130 fas
1361 2096 1401 2130 sit
1435 2095 1535 2137 vobis,
1569 2096 1630 2130 nisi
1667 2098 1839 2132 monitione

1092 2145 1270 2191 praehabita
1303 2153 1401 2179 cesset
1437 2145 1561 2186 iniuria,
1596 2146 1700 2180 statim
1740 2159 1755 2180 a
1791 2146 1840 2180 le-

1090 2194 1193 2229 ctione
1220 2206 1355 2234 cessare,
1375 2194 1399 2228 si
1425 2193 1528 2229 tam'en
1554 2194 1583 2229 id
1608 2195 1752 2229 videbitis
1777 2207 1839 2229 ex-

1092 2243 1210 2290 pedire
1234 2243 1451 2298 Praecipimus
1465 2251 1581 2284 autem,
1598 2252 1631 2278 ut
1652 2244 1839 2279 Parisiensis

1091 2294 1260 2339 opiscopus
1286 2293 1332 2327 sic
1358 2292 1614 2340 delinquentium
1636 2294 1766 2339 castiget
1788 2306 1839 2328 ex·
1865 2301 1901 2330 Ep
1904 2301 2036 2329 coptt’ari·

1091 2354 1213 2382 (εε55ιῑῃ5
1239 2342 1323 2388 quod
1346 2343 1537 2377 scholarium
1560 2351 1700 2377 servetur
1715 2320 1837 2377 ὅΙιοηρ·
1851 2334 2035 2385 {ffiffilmssssffl

1091 2398 1164 2431 stas,
1186 2399 1216 2425 et
1238 2391 1391 2426 malelicia
1413 2404 1476 2426 non
1510 2400 1690 2426 remaneant
1726 2392 1981 2439 impar—¹¹⁰‘1⁰0¹¹¹⁹··

1091 2440 1167 2480 nita,
1194 2440 1249 2474 sed
1282 2441 1447 2476 occasione
1484 2440 1735 2487 delinquentium
1774 2454 1835 2476 non

1091 2490 1253 2536 capiantur
1280 2489 1436 2525 ullatenus
1479 2490 1675 2528 innocentes,
1713 2490 1778 2524 imo
1811 2492 1836 2526 si

1916 412 1919 414 ’
1930 416 1957 437 ¹1}

1091 2546 1195 2573 contra
1229 2551 1418 2586 quemquam
1454 2539 1596 2585 suspicio
1637 2538 1729 2573 suerit
1770 2549 1837 2575 orta

302 2589 428 2632 cundia,
450 2600 507 2623 nec
534 2601 596 2623 non
621 2589 792 2635 proposito,
819 2596 848 2623 et
870 2601 926 2635 spe
955 2588 1050 2635 profi·
1093 2587 1272 2634 probabiliS,
1293 2588 1423 2623 honeste
1449 2587 1605 2632 detentus,
1634 2588 1744 2623 idonea
1766 2601 1839 2624 cau-

303 2635 418 2672 ciendi.
445 2649 480 2671 ac
501 2637 580 2677 aliis,
607 2649 686 2684 quae
709 2645 783 2672 sunt
810 2637 839 2671 in
861 2637 978 2672 tatibus
1005 2649 1048 2672 re·
1067 2647 1073 2689 ι
1091 2637 1175 2671 tione
1199 2638 1356 2678 praestita,
1371 2636 1568 2672 cessantibus
1594 2638 1836 2673 carcerariorum
