2129 3223
37 248 85 277 An.
108 248 218 277 01196

51 699 169 721 lucurtadd.
178 699 218 721 ira-

38 736 89 752 trum
105 731 124 751 in
146 729 218 751 Enete

38 767 80 783 sine
103 762 162 783 tinius
179 762 218 782 ad-

38 793 207 814 nituiirtratione:

51 1595 132 1618 Eisdem
168 1597 220 1618 sub-

39 1628 134 1653 trahitur,

54 2189 76 2211 Et
87 2189 189 2211 cardinali
198 2190 223 2209 ti-

41 2221 102 2242 tutati
121 2221 223 2242 concedi-

42 2254 80 2273 tur.

80 2440 196 2462 Clausulae.

834 247 1046 272 contzancs
1068 248 1104 271 Ul
1128 248 1177 271 PP.

1647 239 1715 271 107

232 313 329 340 strum
371 304 444 339 olim
492 303 662 338 ordinanda
710 311 741 338 et
782 302 976 351 disponenda
1018 303 1199 349 gnationem
1219 304 1443 351 omnipotentis
1458 304 1581 350 Dei‚ac
1604 304 1764 339 beatorum

231 354 397 390 commissa
425 352 544 397 fuisset,
573 361 604 387 ut
631 352 709 387 ordo
730 354 901 388 canonicus
922 365 978 400 per

232 415 287 440 eos
307 404 336 438 in
356 414 391 438 ea
414 402 572 450 perpetuis
587 401 784 449 temporibus
802 411 979 438 servaretur

233 452 369 496 illaesus,
391 451 558 487 deficiente
581 452 707 486 tandem
732 452 761 486 in
802 453 867 499 ipsa
904 452 979 487 reli-

231 502 334 549 gionis
355 501 474 549 vigore,
501 509 531 536 et
571 514 624 547 per
663 501 807 536 iniuriam
837 501 979 546 fratrum,

231 551 284 598 qui
307 551 338 586 in
365 551 475 586 eadem
498 550 720 588 deservierant.
751 551 902 586 usurariis
921 551 980 586 ‹le—

232 600 305 636 bitis
331 600 501 637 enormiter
527 599 791 645 excrescentibus,
814 600 980 636 instantius

231 662 249 686 a
271 650 375 691 nobis,
395 658 426 685 et
447 650 574 697 saepius
601 650 776 696 postulasti,
817 658 849 684 ut
886 662 979 697 repa—

233 700 342 736 rationi
369 699 511 735 eiusdem
534 699 695 734 Ecclesiae
725 707 851 746 paterna
891 699 979 734 solli-

233 750 375 785 citudine
395 748 584 784 deberemus
607 748 780 792 intendere,
807 756 838 783 et
871 749 979 795 provi-

232 799 307 834 dere
327 799 462 838 cautius,
485 810 524 833 ne
550 798 588 833 ad
625 806 796 833 extremam
836 798 979 834 exinani-

231 849 349 884 tionem
397 848 530 882 deducta
582 856 745 894 cogeretur
788 848 980 883 omnimodis

231 899 385 946 expirare.
407 897 486 932 Tuis
518 897 611 943 igitur
653 897 889 933 instantissimis
925 911 981 944 po-

231 947 456 984 stulationibus
477 955 571 994 prout
597 947 765 982 debuimus
794 956 980 988 annuentes,

233 1010 290 1046 per
311 997 421 1034 fratres
442 1004 567 1031 nostros
591 997 628 1032 ad
657 997 832 1032 Ecclesiam
868 1010 981 1045 supra-

231 1046 346 1083 dictam
368 1045 602 1084 descendimus.
640 1055 669 1081 et
705 1055 813 1082 contra
849 1048 979 1082 nimium

232 1096 406 1138 defectum,
428 1107 491 1143 quo
513 1095 655 1135 laborare
677 1096 851 1140 dicebatur,
891 1109 981 1144 repa-

233 1146 385 1187 rationem
409 1145 617 1180 necessariam
641 1154 878 1191 cognoscentes,
896 1158 982 1192 prae-

233 1195 336 1230 dictos
357 1195 494 1243 priorem
522 1201 553 1228 et
574 1193 685 1230 fratres
710 1195 844 1230 Sanctae
865 1195 982 1230 Mariae

233 1244 273 1280 de
297 1244 413 1280 Rheno
439 1256 495 1292 per
521 1243 640 1279 litteras
677 1252 799 1279 nostras
839 1256 981 1280 comm0=

233 1294 375 1335 nuimus,
411 1302 446 1329 ut
478 1292 665 1329 accederent
698 1294 736 1328 ad
772 1295 980 1339 praesentiam

234 1350 389 1385 nostram,
411 1344 450 1378 de
476 1343 526 1377 his
560 1356 641 1391 quae
681 1343 894 1390 praediximus
932 1356 982 1378 re-

232 1393 391 1438 sponsuri.
414 1393 501 1436 Quia¹
518 1393 613 1440 igitur
641 1405 696 1440 per
716 1405 833 1427 annum
860 1393 983 1428 circiter

232 1443 384 1489 expectati
407 1443 438 1478 in
454 1443 512 1482 his,
534 1455 614 1489 quae
631 1455 686 1491 per
712 1454 787 1478 suos
812 1442 983 1477 enormiter

231 1499 300 1527 acta
321 1491 455 1536 fuerant,
485 1491 608 1528 nullum
652 1499 838 1527 curaverunt
871 1505 982 1526 emen-

233 1541 370 1577 dationis
394 1540 570 1577 remedium
592 1542 751 1577 adhibere.
793 1541 858 1576 Nos
900 1542 981 1576 sicut

235 1602 294 1625 nec
325 1590 494 1626 debuimus
535 1591 690 1635 nolentes,
733 1599 765 1626 ut
805 1590 980 1636 saepedicta

233 1639 372 1676 Ecclesia
400 1649 462 1675 tam
492 1641 521 1675 in
558 1640 786 1688 spiritualibus,
818 1652 911 1687 quam
950 1641 980 1675 in

233 1689 458 1736 temporalibus
485 1702 614 1737 prorsus
639 1697 803 1726 extenuata
822 1690 980 1734 deiiceret,

234 1739 334 1787 ipsam
366 1739 405 1774 de
446 1740 607 1775 communi
659 1740 791 1775 consilio
838 1740 980 1774 omnium

232 1788 361 1824 fratrum
389 1797 567 1824 nostrorum
591 1789 630 1824 ab
660 1790 746 1826 omni
768 1800 855 1833 cura,
888 1789 981 1823 ordi-

233 1838 371 1879 natione,
392 1839 587 1874 subiectione
613 1847 643 1873 et
668 1838 847 1873 obedientia
869 1850 981 1886 saepe·-

233 1887 388 1922 dictorum
417 1888 557 1928 fratrum,
585 1896 616 1923 et
656 1887 815 1924 Ecclesiae
846 1887 980 1923 Sanctae

233 1936 349 1972 Mariae
376 1937 414 1972 de
437 1937 550 1973 Rheno
566 1937 782 1972 subtraximus
814 1945 877 1972 tam
914 1938 979 1984 pri—

235 1985 346 2032 vilegia
373 1999 466 2034 quam
487 1987 613 2032 scripta,
640 1987 807 2034 omniaque
841 1986 879 2021 de
913 1987 979 2033 ipsa

234 2035 374 2071 Ecclesia
396 2036 529 2072 Sanctae
550 2036 699 2071 Praxedis
717 2036 835 2070 eisdem
858 2036 896 2070 ab
917 2036 979 2071 Ec—

234 2084 328 2122 clesia
350 2085 492 2121 Romana
514 2086 632 2121 indulta
655 2086 788 2127 fuerant,
805 2094 838 2120 nt
853 2098 978 2120 omnem

235 2134 478 2176 ordinationem,
504 2148 598 2182 quam
626 2136 656 2170 in
679 2148 713 2170 ea
735 2135 885 2176 fecerant,
920 2135 979 2170 de-

235 2193 401 2221 cernentes
443 2185 649 2232 imposterum
697 2185 814 2220 viribus
850 2185 979 2219 omnino

235 2246 351 2274 carere,
379 2235 477 2282 ipsam
501 2234 555 2269 tibi
584 2242 615 2269 et
646 2234 882 2270 successoribus
916 2235 979 2269 tuis

235 2283 424 2331 disponendi
447 2292 477 2320 et
497 2283 662 2319 ordinandi
685 2292 746 2318 tam
765 2285 795 2319 in
831 2283 979 2331 spiritua-

236 2332 319 2368 libus
356 2346 450 2381 quam
497 2334 528 2368 in
576 2333 799 2380 temporalibus
849 2333 977 2368 liberam

235 2382 441 2418 concedimus
466 2382 649 2418 auctoritate
682 2383 850 2428 apostolica
882 2383 979 2417 facul-

237 2439 341 2467 tatem.
363 2431 573 2467 Decernimus
591 2443 677 2478 ergo,
700 2439 731 2466 ut
750 2432 827 2466 nulli
847 2432 978 2467 omnino

236 2481 400 2517 hominum
425 2482 517 2517 liceat
550 2482 630 2516 lianc
670 2481 814 2528 paginam
854 2489 979 2516 nostrae

236 2531 467 2567 constitutionis
487 2539 519 2566 et
538 2530 750 2566 concessionis
788 2530 956 2577 infringere
970 2560 978 2571 ,

236 2579 284 2614 vel
305 2580 332 2616 ei
355 2592 431 2615 ausu
458 2580 623 2616 temerario
652 2579 816 2614 contraire.
850 2579 883 2615 Si
910 2581 980 2627 quis

236 2637 339 2664 autem
362 2630 421 2664 hoc
443 2637 594 2665 attentare
616 2629 871 2677 praesumpserit,
893 2629 980 2664 indi-

1019 353 1101 388 Petri
1124 362 1154 388 et
1175 352 1265 388 Pauli
1293 354 1505 401 apostolorum
1548 354 1616 390 eius
1643 365 1676 388 se
1709 366 1767 388 no-

1020 410 1143 438 novertt
1165 415 1378 438 incursurum.

1068 451 1180 487 Datum
1228 452 1372 487 Laterani
1424 453 1564 488 secundo
1616 452 1766 487 kalendas

1019 502 1134 546 martii,
1156 501 1357 549 pontificatus
1384 503 1482 538 nostri
1504 514 1586 538 anno
1608 510 1705 538 sexto.

1055 559 1115 590 Dat.
1134 560 1180 590 die
1199 559 1236 589 28
1256 559 1397 590 februarii
1416 569 1492 590 anno
1510 559 1624 591 Domini
1650 560 1733 596 1196,

1268 604 1369 643 pontis.
1389 613 1466 634 anno
1484 614 1519 635 νι.

1336 767 1447 802 XXlV.

1022 845 1215 890 Approbatt'o
1262 847 1506 890 congregacionis
1550 847 1768 880 monachornm

1071 895 1186 928 Montis
1222 896 1369 940 Virginis,
1412 896 1531 929 ordinis
1559 897 1669 931 Sancti
1704 897 1768 930 Be-

1072 945 1190 979 nedictt'.

1291 1019 1503 1050 SUMMARIUM

1022 1087 1187 1117 Exordium.
1206 1105 1240 1109 -—
1260 1087 1284 1116 l.
1300 1085 1506 1116 Monasterium
1523 1085 1626 1117 Montis
1639 1087 1769 1126 Virginis

1062 1132 1115 1161 sub
1140 1132 1319 1169 protectione
1348 1130 1453 1170 recipit
1478 1131 1649 1170 apostolica.
1673 1149 1712 1155 —
1743 1133 1769 1162 2.

1062 1176 1200 1205 Ordinem
1219 1175 1259 1205 ibi
1281 1175 1428 1204 observari
1447 1175 1574 1204 mandat.
1593 1192 1630 1198 —
1648 1175 1676 1206 3.
1695 1176 1769 1206 Bona

1063 1220 1158 1250 omnia
1177 1220 1203 1249 ei
1217 1220 1380 1249 confirmat:
1391 1219 1468 1249 —4.
1482 1218 1687 1260 Nonnullaque
1698 1230 1771 1250 enu-

1063 1269 1168 1301 merat3
1191 1281 1227 1286 —
1246 1264 1316 1294 Cum
1340 1263 1454 1293 iuribus
1473 1264 1502 1293 in
1530 1265 1770 1301 possessionibus

1062 1316 1089 1340 et
1112 1309 1302 1345 hominibus3
1334 1327 1371 1332 —
1395 1308 1425 1338 In
1454 1310 1634 1344 tenimentis,
1656 1311 1772 1345 castris,

1063 1354 1239 1385 civitatibus,
1265 1354 1410 1390 ecclesiis,
1429 1358 1478 1384 etc.
1502 1371 1539 1377 —-
1555 1355 1582 1384 5.
1608 1354 1772 1394 Exemptio—

1062 1409 1114 1429 nes
1134 1400 1292 1429 nonnullas
1321 1405 1348 1429 et
1371 1399 1522 1438 privilegia
1552 1400 1703 1437 elargitur.
1735 1418 1772 1422 —

1062 1444 1088 1474 8.
1101 1443 1248 1473 lnterdicti
1262 1448 1390 1482 tempore
1406 1444 1511 1479 officia,
1527 1443 1676 1473 submissa
1694 1453 1772 1481 voce,

1062 1488 1228 1525 celebrare3
1246 1506 1284 1511 -
1306 1490 1333 1518 9.
1357 1487 1564 1518 Ordinationes
1597 1488 1772 1518 clericorum

1062 1537 1111 1562 etc.
1146 1542 1159 1562 a
1180 1542 1365 1572 quacumque
1388 1532 1528 1572 episcopo
1546 1533 1679 1572 accipere
1706 1543 1774 1563 con-

1062 1578 1149 1607 cedit.
1166 1577 1261 1607 -10.
1278 1577 1410 1607 Liberam
1428 1577 1561 1607 decernit
1578 1577 1772 1617 sepulturam.

1062 1639 1099 1644 -
1124 1622 1168 1651 11.
1190 1621 1228 1651 De
1254 1622 1369 1652 abbatis
1393 1622 1546 1651 electione.
1568 1638 1606 1644 -—
1636 1622 1681 1651 1⁶2.
1715 1621 1770 1651 De-

1062 1672 1172 1696 cretum
1210 1668 1415 1701 immunitatis,
1452 1683 1489 1689 —
1525 1666 1595 1697 Cum
1629 1668 1771 1698 clausulis

1062 1711 1236 1750 poenalibus
1254 1721 1303 1749 pro
1316 1712 1555 1748 temeratoribus;
1572 1730 1611 1735 —
1625 1712 1770 1743 Concessa

1061 1755 1284 1785 observantibus
1309 1756 1522 1786 benedictione.
1547 1773 1586 1779 —
1613 1756 1771 1788 Caelestini

1061 1799 1125 1837 PR,
1143 1805 1170 1829 et
1191 1799 1220 1829 S.
1240 1800 1271 1829 P..
1288 1800 1364 1830 Eccl.
1384 1801 1464 1831 card.
1489 1801 1735 1840 subscriptiones.

1021 1870 1188 1900 coelestinus
1211 1871 1352 1907 episcopus
1372 1878 1465 1900 servus
1493 1879 1631 1901 servorum
1653 1872 1713 1906 Dei,
1732 1874 1770 1902 dt-

1065 1921 1146 1950 tectis
1160 1921 1227 1950 filiis
1245 1921 1361 1950 Gabrieli
1372 1922 1465 1950 abbati
1477 1923 1637 1951 monasterii
1658 1924 1771 1952 sanctae

1065 1971 1167 2000 Mariae
1186 1971 1284 2000 montis
1296 1972 1426 2008 Virginis,
1440 1972 1550 2008 eiusque
1563 1973 1702 2001 monachis
1714 1975 1771 2002 tam

1063 2020 1253 2056 praesentibus
1271 2027 1351 2056 quam
1370 2020 1485 2053 futuris.
1506 2021 1660 2056 regularem
1683 2022 1770 2050 vitam

1063 2069 1199 2106 professis
1217 2070 1245 2098 in
1263 2071 1433 2106 perpetuum.
1454 2069 1571 2099 satutem
1590 2072 1618 2099 et
1637 2071 1769 2106 apostoli-

1065 2127 1123 2148 cam
1142 2119 1363 2149 benedictionem.

1070 2182 1260 2229 Religiosam
1290 2183 1382 2218 vitam
1411 2183 1600 2231 eligentibus
1639 2194 1767 2231 aposto—

1021 2233 1114 2267 licum
1161 2233 1307 2267 convenit
1338 2233 1447 2268 adesse
1482 2234 1683 2279 praesidium,
1728 2249 1766 2270 ne

1021 2284 1098 2329 forte
1119 2282 1286 2317 cuiuslibet
1312 2283 1496 2317 temeritatis
1518 2283 1673 2323 incursus,
1715 2293 1767 2319 aut

1020 2345 1074 2367 eos
1095 2345 1110 2367 a
1139 2332 1299 2378 proposito
1326 2340 1460 2375 revocet,
1483 2340 1535 2366 aut
1561 2332 1657 2368 robur
1670 2335 1765 2381 (quod

1020 2382 1108 2425 absit)
1129 2392 1233 2415 sacrae
1256 2381 1416 2425 religionis
1442 2381 1601 2428 infringat.

1068 2430 1088 2477 g
1124 2432 1154 2464 fl.
1188 2429 1384 2477 Eapropter‚
1421 2430 1524 2465 dilecti
1564 2431 1593 2465 in
1628 2431 1765 2466 Domino

1021 2480 1087 2523 filii,
1123 2479 1234 2514 vestris
1271 2480 1361 2514 iustis
1402 2480 1666 2526 postulationibus
1700 2482 1765 2516 cle-

1021 2536 1141 2564 menter
1161 2537 1353 2569 annuentes,
1394 2529 1565 2576 praefatum
1606 2539 1764 2566 monaste-

1022 2579 1099 2613 rium
1122 2578 1256 2614 Sanctae
1283 2577 1340 2613 Dei
1368 2578 1539 2614 Genitricis
1561 2586 1591 2614 et
1623 2579 1764 2626 Virginis

1020 2628 1136 2664 Mariae
1162 2628 1201 2664 de
1222 2628 1329 2663 Monte
1352 2627 1489 2675 Virgine,
1513 2629 1542 2663 in
1570 2641 1633 2677 quo
1655 2629 1762 2665 divino

1783 247 1832 274 An.
1850 246 1877 273 C.
1896 245 1962 273 ¹197

1812 2189 1928 2212 Exordium.

1796 2432 1944 2454 Munastrriuun

1793 2462 1868 2484 §tonus
1894 2464 1963 2485 Vir-'t-

1780 2495 1811 2514 uis
1832 2495 1867 2514 sub
1889 2499 1962 2521 prote-

1779 2526 1849 2545 ctione
1887 2528 1963 2552 re1i21it

1779 2556 1903 2582 apostolica.
