2129 3223
161 260 214 287 An.
231 258 343 287 ε.1956
408 251 479 285 642
934 256 1122 281 numanum

399 314 550 344 electione.
584 329 621 335 —
652 311 720 342 Loci
746 310 873 342 consulit
904 310 1108 346 indemnitati,

399 365 617 396 concessasque
633 356 787 386 confirmat
802 355 962 386 libertates.
978 354 1110 384 —Clau-

400 402 493 431 sulae.

358 472 508 501 Alexander
526 472 668 508 episcopus
678 479 773 501 servus
784 478 923 501 servornm
933 472 990 504 Dei.
1001 471 1111 500 dilectis

402 519 466 549 filiis
491 520 577 556 prtort
600 521 731 556 generali.
764 521 936 557 caeterisque
962 519 1110 556 prioribus,

402 570 431 598 et
449 568 584 598 fratribus
602 569 745 598 Reramltis
772 570 865 598 saneti
886 568 1022 601 willelm,
1051 568 1111 596 tam

403 619 602 655 praesentibus,
623 625 703 656 quam
722 618 829 648 futuris
847 618 1002 653 regularem
1024 616 1111 645 vitam

402 667 535 704 professis
553 668 579 697 in
597 669 768 704 perpetuum,
790 668 909 697 salutem
929 668 958 695 et
982 665 1110 701 apostoli·

403 724 462 747 cam
485 717 707 747 benedictionem.

408 789 601 836 Religiosam
634 790 726 824 vitam
763 788 953 835 eligentibus
979 795 1113 834 aposto—

360 838 455 874 licum
497 840 645 874 convenit
681 839 791 873 adesse
828 837 1039 885 praesidium,
1074 848 1113 870 ne

361 888 439 923 forte
466 888 633 923 cuiuslibet
661 887 844 922 temeritatis
868 888 1032 927 incursus,
1060 893 1113 920 aut

361 949 415 972 eos
437 949 451 971 a
477 938 636 984 proposito
659 935 793 977 revocet,
816 945 866 971 aut
896 936 1006 976 robur,
1029 935 1112 981 quod

362 986 452 1024 absit,
476 999 582 1021 sacrae
605 986 766 1030 religi0nis
787 986 947 1031 infringat.
978 984 1022 1019 Ea
1039 996 1114 1039 pro-

177 1035 299 1087 ‘Jgfgffiffm
310 1034 349 1086 {¹¹:¹³
365 1044 444 1082 pter,
467 1035 570 1070 dilecti
595 1035 624 1069 in
648 1034 786 1069 Domino
809 1035 872 1073 filii,
898 1034 1005 1068 restris
1025 1034 1114 1068 iustis

164 1072 261 1123 {crpus
278 1096 302 1115 s
365 1084 627 1131 postulationibus
661 1084 835 1119 clementer
868 1083 1050 1127 annuimus,
1085 1090 1114 1117 et

365 1146 489 1169 eremos
522 1142 639 1168 vestras
665 1133 695 1167 in
723 1133 839 1180 quibus
865 1133 972 1167 divino
1000 1132 1115 1167 vacatis

365 1182 528 1238 obsequio,
555 1183 615 1217 sub
638 1183 718 1217 beati
743 1182 827 1217 Petri
854 1189 884 1216 et
911 1190 1016 1216 nostra
1039 1193 1113 1228 pro-

363 1232 499 1267 tectione
526 1232 733 1287 suscipimus,
756 1239 787 1265 et
814 1231 987 1286 praese-'ntis
1008 1230 1114 1285 scripti

364 1281 527 1329 privilegio
549 1280 794 1316 communimus.
819 1280 853 1315 In
883 1280 992 1335 primis
1013 1280 1117 1335 siqui-¹

364 1330 435 1364 dem
459 1338 644 1375 statuentes,
677 1338 711 1365 ut
732 1330 809 1365 ordo
840 1330 1038 1369 eremiticus,
1062 1329 1115 1376 qui

365 1380 541 1414 secundum
565 1379 667 1414 Deum
695 1387 725 1414 et
756 1379 838 1413 beati
869 1378 1029 1413 Benedicti
1064 1390 1116 1413 re-

366 1427 483 1471 gulam,
504 1437 597 1475 atque
620 1427 847 1462 institutionem
863 1427 992 1462 fratrum
1008 1427 1114 1462 Sancti

367 1476 520 1511 Willelmi
554 1478 584 1512 in
612 1477 726 1512 eremis
754 1477 830 1523 ipsis
856 1477 1020 1511 institutus
1047 1489 1117 1511 esse

368 1526 576 1571 dignoscitur,
603 1526 765 1573 perpetuis
786 1525 900 1560 ibidem
924 1525 1118 1572 temporibus

184 1578 274 1629 [jubsqm
305 1583 355 1600 ere·
370 1574 589 1609 inviolabiliter
615 1575 809 1610 observetur.
831 1574 994 1609 Praeterea
1023 1586 1119 1621 quas-

171 1611 356 1661 npgtquxjulomua
369 1635 505 1669 cumque
532 1625 759 1670 possessiones,
787 1635 1007 1679 quaecumque
1038 1625 1117 1658 bona

368 1673 545 1720 praedictae
577 1673 673 1708 eremi
703 1674 734 1707 in
761 1673 1007 1718 praesentiarum
1038 1672 1118 1708 iuste

367 1730 398 1756 et
433 1723 583 1756 canonice
618 1722 799 1769 possident,
833 1730 887 1756 aut
920 1723 951 1756 in
979 1722 1117 1756 futurum

368 1772 570 1806 concessione
622 1771 825 1810 Pontificum
865 1771 1029 1818 largitione
1063 1783 1120 1805 re—

368 1832 443 1866 gum
481 1820 528 1854 vel
557 1820 755 1867 principum
782 1819 939 1855 oblatione
966 1820 1119 1861 fidelium,

369 1881 423 1903 scu
447 1869 516 1903 aliis
538 1869 627 1904 iustis
653 1870 757 1903 modis
784 1877 960 1916 praestante
983 1869 1120 1904 Domino

370 1926 516 1964 poterunt
551 1918 700 1965 adipisci,
742 1918 828 1952 firma
861 1918 965 1959 vobis⁷
993 1919 1120 1953 vestris-

369 1979 430 2013 que
453 1967 701 2008 successoribus,
723 1975 753 2001 et
768 1967 884 2002 illibata
905 1976 1118 2014 permaneant

370 2014 403 2050 ln
428 2015 545 2063 quibus
571 2016 648 2051 haec
676 2017 810 2064 propriis
840 2016 990 2051 duximus
1016 2017 1121 2063 expri—

370 2065 484 2099 menda
513 2064 689 2100 vocabulis:
727 2065 793 2100 loca
830 2066 915 2112 ipsa
946 2066 976 2099 in
1004 2067 1121 2113 quibus

371 2113 525 2161 praefatae
557 2114 653 2149 eremi
681 2114 758 2149 sitae
784 2123 857 2149 suut
878 2127 949 2149 cum
971 2115 1121 2149 omnibus

370 2163 586 2218 pertinentiis:
615 2162 770 2202 videlicet,
792 2176 864 2198 cum
892 2164 1043 2204 ecclesiis,
1070 2164 1121 2198 de-

370 2212 473 2256 cimis,
499 2213 587 2252 ortis,
611 2212 748 2256 oliietis,
777 2214 892 2268 pratis,
921 2213 1028 2250 terris,
1058 2218 1143 2253 rie-'3

370 2261 523 2315 moribus,
546 2261 686 2307 usuagiis
713 2269 743 2296 et
767 2262 902 2306 pascuis
926 2263 954 2296 in
980 2262 1075 2297 bosco
1091 2270 1143 2304 etl

372 2310 476 2365 plano,
504 2310 534 2344 in
562 2311 654 2357 aquis
674 2318 705 2344 et
726 2311 928 2354 molendinis,
955 2311 985 2345 in
1014 2311 1071 2346 viis
1092 2319 1121 2346 et

372 2360 507 2403 semitis,
534 2367 563 2393 et
590 2359 739 2394 omnihus
765 2360 833 2394 aliis
868 2360 1063 2395 libertatibus
1092 2368 1121 2395 et

373 2407 623 2443 immunitatibus
654 2409 732 2442 suis.
767 2408 851 2444 Sane
882 2409 1038 2444 novalium
1066 2421 1122 2444 ve-

373 2465 522 2501 strorum,
544 2469 623 2504 quae
646 2457 780 2505 propriis
794 2458 950 2497 manibus,
973 2468 1024 2493 aut
1039 2471 1121 2493 sum-

374 2510 478 2557 ptibus
505 2511 618 2555 colitis,
640 2511 679 2546 de
701 2511 816 2558 quibus
837 2511 948 2558 aliquis
970 2512 1122 2547 haetenus

374 2575 437 2597 non
461 2565 619 2611 percepit,
647 2564 711 2599 sive
742 2564 780 2599 de
804 2573 978 2600 vestrorum
1001 2565 1123 2600 anima-

374 2615 451 2651 lium
481 2618 679 2653 nutrimentis
710 2618 814 2653 uullus
835 2631 851 2652 a
876 2618 962 2654 robis
984 2618 1122 2654 decimas

195 842 311 864 amru-tumr

193 2402 294 2424 Nonnulla
314 2406 358 2431 pri-

177 2434 252 2460 rzlegta
279 2441 359 2456 couca-

177 2463 212 2485 ΔΜ,
235 2466 359 2485 nonnullus-

178 2500 216 2521 que
241 2497 358 2521 excinptlo-

178 2530 216 2545 net

1151 255 1311 279 nOMANtJM

1151 309 1274 356 exigere
1300 308 1348 344 vel
1367 315 1552 356 extorquere
1575 313 1763 355 praesumat
1791 306 1899 342 Liceat

1151 370 1277 406 quoque
1304 357 1392 393 vobis
1418 357 1548 393 clericos
1583 357 1629 392 vel
1657 356 1753 392 laicos
1784 355 1900 391 liberos

1151 416 1181 442 et
1202 407 1362 443 absolutos
1388 419 1406 442 e
1433 407 1559 443 saeculo
1581 406 1738 453 fugientes
1763 404 1800 440 ad
1822 416 1901 440 con-

1152 457 1326 492 versionem
1349 457 1500 504 recipere,
1523 464 1553 491 et
1569 467 1624 491 eos
1642 455 1761 502 absque
1775 461 1902 490 contra-

1152 506 1289 541 dictione
1311 505 1414 554 aliqua
1441 507 1589 542 retinere.
1616 504 1852 540 prohibemus
1845 516 1903 539 tn-

1152 567 1262 603 super,
1290 563 1322 590 ut
1355 555 1430 590 nulli
1465 555 1594 590 fratrum
1623 562 1810 598 vestrorum,
1833 561 1901 601 post

1156 606 1264 639 factam
1305 605 1336 639 in
1374 604 1488 640 eremis
1517 603 1629 639 vestris
1664 603 1902 650 professionem,

1153 654 1198 688 sas
1224 654 1264 689 sit
1294 654 1362 689 sine
1390 654 1504 701 prioris
1530 653 1576 687 sui
1600 653 1743 696 licentia,
1767 652 1825 688 nisi
1853 663 1904 686 ar-

1153 703 1259 738 ctioris
1282 703 1442 750 religionis
1462 702 1607 742 obtentu,
1628 701 1668 736 de
1687 702 1807 736 eisdem
1826 701 1905 736 locis

1154 751 1329 793 discedere3
1362 752 1576 787 discedentem
1612 751 1731 798 absque
1753 762 1904 785 commu-—

1154 801 1241 835 nium
1269 801 1442 836 litterarum
1472 810 1643 836 vestrarum
1671 800 1816 835 cautione
1831 799 1905 835 nul-

1157 851 1205 885 lus
1226 851 1339 886 audeat
1372 851 1522 886 retinere:
1558 849 1642 897 quod
1671 849 1696 883 si
1726 849 1798 896 quis
1826 848 1905 884 forte

1157 900 1291 934 retinere
1314 900 1568 947 praesumpserit,
1596 898 1716 934 licitum
1739 898 1828 934 vobis
1853 898 1904 938 sit,

1156 949 1186 983 in
1210 949 1294 996 ipsos
1316 949 1425 984 fratres
1447 949 1621 995 regularem
1637 948 1823 982 sententiam
1838 959 1906 994 pro-

1157 998 1311 1044 mulgare:
1345 997 1422 1033 illud
1447 997 1622 1033 districtius
1645 997 1838 1039 inhibentes,
1866 1009 1904 1032 ne

1157 1056 1269 1087 terras,
1297 1060 1350 1082 scu
1379 1046 1541 1095 quodlibet
1571 1046 1758 1082 beneficium
1790 1046 1905 1081 eremis

1157 1097 1268 1132 vestris
1291 1096 1451 1137 collatum,
1475 1096 1565 1131 liceat
1585 1096 1676 1131 alicui
1702 1095 1907 1142 personaliter

1157 1145 1237 1187 dari
1255 1158 1310 1181 seu
1333 1146 1392 1181 alio
1415 1145 1508 1180 modo
1535 1145 1661 1181 alienari
1681 1145 1801 1200 absque
1822 1156 1906 1180 con-

1157 1207 1251 1230 sensu
1276 1196 1372 1230 totius
1399 1195 1537 1251 capituli,
1565 1194 1612 1230 vel
1634 1194 1772 1239 maioris,
1795 1202 1848 1229 aut
1862 1205 1908 1228 sa

1158 1245 1256 1279 nioris
1278 1245 1374 1292 partis
1405 1244 1524 1292 ipsius;
1549 1245 1574 1279 si
1598 1255 1677 1291 quae
1704 1255 1777 1278 vero
1808 1243 1908 1279 dona-

1158 1294 1260 1329 tiones
1282 1295 1328 1329 vel
1345 1293 1548 1329 alienationes
1574 1293 1665 1328 aliter
1678 1305 1772 1340 quam
1787 1292 1907 1328 dictum

1158 1352 1203 1378 est
1225 1342 1323 1378 factae
1351 1342 1476 1388 fuerint,
1498 1354 1550 1377 eas
1576 1342 1679 1377 irritas
1706 1354 1774 1378 esse
1796 1353 1908 1377 cense—

1159 1405 1241 1426 mus.
1266 1392 1314 1427 Ad
1338 1392 1419 1433 *haec
1444 1393 1538 1427 etiam
1562 1391 1753 1432 inhibemus,
1778 1403 1816 1427 ue
1837 1391 1908 1438 quis

1159 1441 1253 1477 frater
1303 1441 1363 1476 sub
1412 1440 1606 1487 professione
1651 1441 1748 1476 eremi
1789 1448 1908 1475 vestrae

1159 1491 1320 1530 astrictus,
1343 1491 1412 1525 sine
1426 1502 1584 1525 consensu
1606 1498 1637 1524 et
1658 1489 1782 1525 licentia
1797 1489 1909 1537 prioris

1159 1548 1189 1573 et
1212 1540 1338 1574 maioris
1359 1547 1394 1574 ac
1415 1539 1549 1574 sanioris
1571 1540 1668 1586 partis
1694 1538 1824 1586 capituli
1852 1550 1908 1573 ve-

1159 1589 1214 1623 stri
1244 1600 1299 1643 pro
1325 1589 1428 1635 aliquo
1461 1588 1641 1628 fideiubeat,
1667 1588 1715 1622 vel
1737 1588 1776 1622 ab
1802 1587 1909 1635 aliquo

1913 251 1962 279 An.
1979 249 2008 278 C.
2027 249 2095 278 nuo

1931 998 2035 1020 Nonnulla
2062 998 2103 1020 ob-

1919 1029 2023 1051 servanda
2038 1035 2060 1056 pr
2065 1034 2103 1051 aa·

1919 1060 2000 1082 serum.

1162 1638 1326 1692 pecuniam
1357 1646 1465 1672 mutuo
1492 1638 1623 1684 accipiat
1650 1637 1727 1671 ultra
1751 1648 1909 1672 summam
1954 1657 1957 1660 -

1162 1687 1251 1720 vestri
1288 1686 1413 1733 capituli
1452 1686 1647 1733 providentia
1684 1686 1909 1730 constitutam,

1162 1736 1220 1769 nisi
1241 1744 1369 1782 propter
1384 1735 1579 1770 manifestam
1603 1735 1768 1770 domorum
1792 1743 1910 1770 vestra-

1161 1797 1230 1818 rum
1258 1785 1442 1819 utilitatem:
1470 1785 1553 1831 quod
1575 1784 1601 1819 si
1624 1784 1695 1831 quis
1712 1784 1791 1819 forte
1809 1784 1910 1820 facere

1163 1834 1429 1880 praesumpserit,
1469 1845 1531 1868 non
1568 1841 1711 1868 teneatur
1737 1841 1910 1868 conventus

1163 1895 1217 1929 pio
1244 1883 1293 1917 his
1319 1882 1517 1938 aliquatenus
1543 1882 1745 1930 respondere.
1773 1882 1909 1918 Licitum

1163 1940 1323 1979 praeterea
1341 1932 1381 1966 sit
1403 1932 1512 1966 νοΙ)ἰ5
1507 1944 1535 1966 in
1557 1933 1661 1967 causis
1680 1931 1825 1979 propriis,
1845 1931 1909 1966 sive

1162 1981 1284 2015 civilem
1311 1981 1375 2016 sive
1401 1981 1597 2016 criminalem
1625 1988 1805 2016 contineant
1818 1993 1912 2029 quae

1162 2030 1320 2070 stionem‚
1355 2030 1486 2065 fratrum
1521 2039 1694 2065 vestrorum
1724 2030 1911 2065 testimoniis

1164 2079 1219 2119 uti,
1248 2091 1286 2113 ne
1315 2091 1370 2126 pro
1397 2079 1521 2115 defectu
1545 2079 1671 2115 testium
1698 2080 1746 2114 ius
1774 2087 1908 2115 vestrum

1163 2128 1194 2162 in
1221 2128 1325 2175 aliquo
1347 2128 1443 2164 valeat
1471 2128 1624 2175 deperire.
1648 2128 1780 2175 Insuper
1801 2137 1909 2164 aucto-

1162 2178 1252 2212 ritate
1279 2177 1448 2224 apostolica
1472 2177 1650 2213 inhibemus
1673 2189 1711 2212 ne
1737 2177 1821 2213 ullus
1841 2178 1911 2225 epi-

1163 2238 1278 2273 scopus
1301 2227 1345 2261 vel
1375 2227 1533 2274 quaelibet
1565 2227 1623 2262 alia
1645 2239 1776 2274 persona
1798 2226 1836 2261 ad
1846 2240 1910 2281 sy·

1163 2276 1264 2310 nodos
1306 2275 1353 2310 rel
1385 2285 1560 2311 conventus
1590 2275 1729 2311 forenses
1765 2288 1819 2311 vos
1846 2276 1909 2321 ire,

1163 2324 1209 2358 iel
1251 2323 1367 2359 iudicio
1401 2326 1549 2360 saeculari
1585 2324 1624 2360 de
1652 2333 1750 2360 vestra
1784 2325 1910 2379 propria

1163 2373 1334 2408 substantia
1359 2374 1405 2409 vel
1429 2373 1680 2421 possessionibus
1703 2374 1811 2408 vestris
1833 2374 1911 2409 sub-

1164 2425 1263 2457 iacere
1286 2423 1471 2470 compellat:
1505 2436 1562 2459 nec
1588 2423 1626 2458 ad
1653 2423 1763 2457 domos
1795 2431 1910 2458 vestras

1164 2483 1255 2506 causa
1275 2472 1400 2507 ordines
1418 2472 1613 2516 celebrandi,
1641 2483 1750 2507 causas
1772 2481 1909 2518 tractan-

1163 2520 1212 2560 di,
1247 2521 1293 2555 vel
1321 2529 1493 2556 conventus
1519 2522 1640 2568 aliquos
1665 2521 1809 2567 publicos
1829 2534 1909 2558 con-

1163 2570 1292 2604 vocandi
1316 2571 1421 2605 venire
1447 2579 1633 2616 praesumat,
1661 2581 1717 2604 nec
1735 2571 1908 2617 regularem

1163 2618 1278 2665 prioris
1297 2620 1386 2654 vestri
1409 2620 1592 2655 electionem
1615 2619 1778 2667 impediat,
1800 2629 1851 2655 aut
1869 2620 1908 2656 de

1932 1934 1977 1954 Alia
1989 1933 2105 1963 prlvllog'ga.
