2129 3223
346 254 367 284 (ἰ

293 315 385 354 dam
413 314 531 353 modo
562 311 704 352 animis
736 310 980 361 adiicientes,
1012 309 1190 350 efficiunt
1212 309 1387 366 profecto
1407 316 1449 349 ut
1465 309 1608 350 maiori
1632 323 1789 364 semper
1821 307 1906 349 dili-

291 383 426 438 gentia
448 383 558 438 operi
589 380 811 436 evulgando
836 395 1038 422 vacemus.
1061 379 1187 422 Cuius
1212 380 1376 435 quidem
1393 380 1451 421 rei
1473 381 1675 435 specimen
1691 378 1814 420 lector
1837 380 1905 421 ha-

291 456 399 496 bebit
424 469 548 509 quum
578 454 753 509 primum
779 454 885 494 edita
901 452 1104 494 volumina
1122 453 1298 493 conferat
1316 451 1622 508 diligentissime
1646 453 1749 493 inter
1780 467 1822 493 se
1847 467 1904 493 se:

290 527 507 567 seeundum
540 540 711 580 namque
735 525 873 580 priori,
910 526 1068 579 utrique
1101 526 1265 565 tertium
1297 539 1378 565 non
1411 524 1667 565 mediocriter
1699 531 1902 580 praestare

291 596 575 652 deprehendet.

351 680 470 729 Quod
500 686 748 734 pergratum,
771 678 878 729 Tibi,
897 678 1037 718 Lector
1059 676 1264 729 benevole,
1296 679 1493 729 futurum,
1527 679 1614 734 ipsa
1649 693 1782 719 rerum
1813 693 1902 734 gra-

290 754 406 802 vitas,
439 750 660 806 amplitudo
691 757 731 791 et
761 750 874 805 copia
906 750 1021 790 nobis
1049 747 1302 804 pollicentur.

336 850 345 867 (ι
375 837 410 869 10
434 837 494 869 1130
514 836 672 878 siquidem
692 835 798 879 operis
817 835 917 867 nostri
934 840 1023 877 parte
1043 835 1151 877 (verba
1171 834 1384 877 Cocqtmlinii,
1407 834 1440 866 in
1459 835 1544 868 tertii
1564 835 1643 868 tomi
1663 836 1766 868 fronte
1787 836 1900 878 posita.

294 910 301 919 κ
334 892 606 934 transcribimus),
623 903 720 935 quam
737 892 851 924 merito
868 891 1107 924 Ecclesiasticae
1125 891 1278 924 historiae
1295 891 1415 924 saeculi
1432 892 1628 933 duodecimi,
1646 897 1676 925 et
1692 892 1807 925 decimi
1821 892 1906 925 tertii

297 970 298 975 =
331 950 576 982 fundamentum
592 949 814 992 appellaveris,
826 949 1029 981 illustrantur
1042 949 1208 991 praeclare
1224 954 1399 992 sancteque
1410 954 1497 991 gesta
1513 949 1685 982 duodecim
1695 949 1904 982 Summorum

292 1023 300 1033 =‹
331 1006 535 1043 Pontificum,
562 1005 617 1049 qui
641 1006 680 1038 ab
706 1016 790 1038 anno
814 1005 896 1038 ‘1181
925 1005 964 1038 ad
989 1004 1074 1038 >1268
1098 1005 1261 1038 Romanae
1292 1005 1453 1038 Ecclesiae
1485 1006 1713 1049 praefuerunt:
1748 1006 1774 1038 si
1798 1011 1906 1039 tamen

297 1083 299 1089 ‹
331 1065 547 1098 Coelestinum
562 1064 599 1097 IV
619 1064 769 1107 excipias,
791 1063 859 1106 qui,
882 1073 956 1096 eum
977 1062 1088 1106 paucis
1103 1063 1137 1095 111
1156 1063 1345 1106 pontificatu
1365 1062 1478 1096 diebus
1495 1063 1618 1103 vixerit,
1641 1064 1746 1096 nullas
1772 1063 1900 1107 reliquit

298 1140 300 1147 ·
332 1120 585 1154 constitutiones.
604 1120 649 1152 Ex
663 1120 712 1160 iis,
730 1130 813 1162 quae
829 1119 862 1151 in
876 1119 938 1151 hoc
953 1123 1040 1151 tomo
1057 1119 1259 1159 exhibentur,
1282 1119 1500 1152 monumentis
1520 1119 1627 1163 colligi
1642 1125 1758 1164 potest,
1779 1126 1899 1163 quanta

291 1196 298 1202 η
330 1177 532 1210 solicitudine
561 1177 607 1209 illi
633 1176 692 1209 sibi
720 1175 890 1209 commisso
917 1175 1006 1218 gregi
1032 1175 1283 1218 invigilaverint,
1315 1181 1435 1218 quanto
1461 1176 1572 1209 labore
1598 1177 1834 1217 contenderint,
1868 1182 1904 1209 ut

292 1251 299 1259 w
330 1234 505 1276 collapsam
529 1232 731 1276 disciplinam
751 1233 970 1272 restituerent;
993 1232 1124 1265 Terram
1145 1232 1293 1265 Sanctam
1314 1243 1332 1265 a
1350 1233 1562 1265 barbararum
1582 1233 1726 1276 gentium
1746 1233 1895 1266 manibus

297 1306 303 1319 ιγ
331 1289 529 1322 vindicarent
547 1294 642 1332 atque
657 1289 834 1333 eriperent;
857 1289 1108 1332 profligarentur
1126 1289 1286 1328 haereses,
1309 1299 1346 1322 ac
1364 1288 1493 1321 tandem
1510 1289 1687 1322 orthodoxa
1702 1289 1782 1322 fides
1802 1290 1897 1332 longe

292 1363 300 1371 υ
331 1346 458 1388 13101100
482 1346 727 1379 diffunderetur.
754 1346 923 1379 Praeterea
945 1345 1173 1378 describuntur
1191 1345 1348 1378 Ordinum
1368 1345 1618 1378 Mendicantium
1634 1350 1723 1378 ortus
1739 1351 1770 1378 et
1789 1345 1899 1378 incre-

293 1417 302 1427 «
332 1406 451 1441 menta,
473 1402 689 1445 praescriptae
709 1402 748 1435 iis
766 1403 909 1445 regulae,
930 1403 1017 1445 leges
1035 1401 1175 1434 sancitae
1195 1402 1234 1435 ad
1249 1401 1439 1434 stabilienda
1458 1401 1634 1435 monastica
1654 1401 1809 1441 instituta,
1830 1402 1902 1434 data

293 1474 304 1487 ‹«
333 1457 524 1490 Sanctorum
550 1458 829 1492 canonizationum
853 1470 983 1499 norma3
1009 1459 1161 1502 leguntur
1184 1458 1429 1492 convocationes
1453 1458 1594 1491 duorum
1617 1458 1794 1491 illustrium
1818 1458 1901 1491 Con-

293 1526 303 1543 1
333 1513 494 1555 ciliorum,
516 1515 737 1548 Lateranensis
752 1525 868 1558 nempe
888 1515 1005 1558 quarti,
1028 1515 1114 1558 quod
1134 1525 1288 1557 magnum
1304 1515 1516 1547 Lateranense
1533 1513 1712 1547 Concilium
1729 1514 1791 1546 dici
1813 1514 1906 1553 solet,

334 1575 365 1602 et
388 1570 484 1614 primi
507 1571 729 1616 Lugdunensis
748 1572 831 1604 inter
849 1572 1012 1615 generalia
1036 1571 1152 1605 decimi
1175 1571 1276 1604 tertii:
1304 1581 1402 1614 quam
1427 1571 1536 1613 plures
1559 1570 1697 1603 indictae
1713 1571 1901 1603 reseruntur

295 1644 305 1657 ·‹
333 1629 427 1671 (quas
450 1629 552 1672 aiunt)
580 1630 746 1663 Cruciatae
771 1636 883 1663 contra
905 1630 1091 1673 Albigenses
1114 1630 1258 1673 aliosque
1283 1629 1478 1667 haereticos;
1500 1629 1651 1672 legesque
1672 1628 1903 1672 praescriptae,

296 1700 303 1712 κ
334 1685 452 1728 11011105
476 1697 495 1719 3
522 1686 585 1719 fide
610 1687 768 1720 catholica
786 1687 971 1721 aberrantes
990 1688 1029 1720 ad
1048 1687 1209 1720 Ecclesiae
1228 1686 1390 1730 gremium
1410 1691 1650 1726 revocarentur,
1672 1690 1703 1719 et
1722 1685 1907 1728 pertinaces

295 1760 306 1773 ··.
335 1743 449 1777 debitis
473 1745 585 1788 poenis
613 1750 855 1778 coercerentur:
882 1745 1054 1778 innumera
1084 1745 1213 1778 tandem
1239 1745 1300 1778 alia
1324 1748 1553 1788 proponuntur
1577 1743 1790 1783 documenta,
1823 1753 1904 1786 quae

296 1816 307 1829 i
335 1800 444 1833 omnia
473 1800 683 1834 Summorum
712 1801 905 1835 Pontificum
935 1801 1130 1844 vigilantiam
1154 1801 1344 1842 maximam,
1383 1800 1642 1844 pastoralemque
1667 1799 1906 1833 solicitudinem

335 1858 570 1890 demonstrant.

339 1926 351 1946 tt
378 1913 496 1946 Verum
521 1923 561 1946 ne
585 1913 690 1946 alieno
714 1913 919 1946 incommodo
944 1913 1039 1946 nimis
1063 1918 1223 1946 cresceret
1244 1912 1446 1946 voluminum
1471 1912 1588 1951 moles,
1615 1911 1807 1944 omittendas
1831 1921 1899 1943 esse

296 1986 305 1999 u
337 1970 454 2013 putavi,
477 1970 588 2013 paucis
607 1970 771 2003 dumtaxat
789 1970 940 2014 exceptis,
964 1970 1207 2003 constitutiones
1226 1970 1308 2009 illas,
1330 1980 1412 2012 quae
1433 1969 1465 2001 in
1485 1967 1712 2010 compilatione
1732 1967 1908 2000 literarum

297 2042 306 2056 a

293 2098 304 2113 ι(

336 2026 564 2066 decretalium,
600 2037 637 2059 ex
668 2026 786 2069 quibus
811 2037 928 2070 corpus
953 2026 1031 2059 iuris
1055 2026 1202 2059 canonici
1227 2030 1369 2065 constat,
1396 2025 1563 2067 leguntur:
1592 2024 1613 2055 ii
1637 2023 1797 2066 siquidem
1831 2022 1907 2055 libri

333 2084 478 2126 omnium
503 2084 582 2117 iuris
605 2085 762 2128 pontificii
788 2085 967 2128 peritorum
992 2085 1142 2118 manibus
1166 2089 1331 2124 teruntur,
1358 2088 1453 2126 atque
1477 2087 1663 2115 versantur:
1692 2091 1794 2124 eaque
1819 2080 1853 2112 in
1871 2091 1907 2113 re

295 2159 306 2173 «1
335 2142 472 2175 tenenda
495 2142 588 2175 nobis
612 2147 704 2175 erant
725 2142 900 2176 Cherubini
923 2142 1073 2185 vestigia,
1101 2142 1133 2174 in
1159 2142 1251 2175 cuius
1275 2141 1416 2174 Bullario
1443 2140 1558 2173 desunt
1582 2138 1770 2172 huiusmodi
1793 2138 1906 2171 decre-

296 2214 307 2228 't

336 2198 414 2231 tales
438 2197 591 2241 epistolae
615 2210 642 2230 ».

351 2268 546 2320 Breviter,
580 2269 719 2309 Lector
741 2267 946 2320 benevole,
978 2269 1077 2308 haec
1107 2267 1402 2322 praemonenda
1420 2267 1506 2306 visa
1535 2273 1646 2316 sunt,
1675 2271 1719 2304 ut
1743 2265 1822 2304 iam
1847 2264 1907 2304 iu·

293 2339 424 2380 dicare
454 2340 581 2394 possit
611 2340 900 2395 unusquisque,
940 2337 1167 2381 Catholicae
1199 2337 1433 2393 Religionis,
1467 2351 1588 2392 quam
1620 2336 1734 2377 unice
1766 2334 1904 2391 diligi-

294 2426 398 2463 mus,
430 2412 624 2454 honorem
646 2421 763 2468 atque
787 2414 1078 2454 incrementum
1102 2427 1197 2467 prae
1223 2410 1487 2467 oculis-nobis
1509 2408 1767 2459 habentibus,
1792 2408 1905 2448 omni

295 2481 522 2536 posthabita
557 2484 841 2536 venditatione,
874 2498 1080 2539 nunquam
1104 2482 1274 2524 defuisse
1306 2482 1501 2534 animum,
1527 2494 1746 2536 nunquam,
1773 2479 1905 2534 opitu-

295 2552 401 2593 lante
422 2552 523 2605 Deo,
555 2553 798 2596 defuturum.
