2129 3223
62 251 114 280 An.
131 253 158 280 C.
181 253 247 281 mtto

77 1653 196 1677 Exordium.

862 251 1075 275 COELESTINUS
1102 252 1135 274 tv
1162 252 1210 274 ΡΡ.

1680 246 1744 278 501

259 306 330 341 dem
359 306 461 341 villam
495 305 548 339 tibi
589 304 775 339 dioecesana
810 305 876 351 lege
911 305 1027 352 spiri·¹
1051 313 1083 340 ut
1110 305 1178 353 ipso
1205 308 1377 352 aperiente,
1404 309 1458 356 qui
1481 310 1583 345 claves
1610 322 1696 356 regui
1721 323 1798 346 coe*

258 358 382 394 tualiter
396 358 624 394 submittendo.

306 412 390 447 Nulli
412 424 487 458 ergo
508 412 638 446 omnino
666 411 829 447 hominum
852 421 904 447 etc.

306 466 419 501 Datum
442 473 494 500 etc.
530 466 696 501 undecimo
729 465 878 502 kalendas
916 467 1004 506 iunii,

255 520 455 568 pontificatus
476 531 549 554 vero
564 520 682 554 domini
710 519 854 566 Gregorii
880 521 939 555 ΡΙ).
963 520 1002 555 lX

253 586 337 608 anno
358 573 605 620 quartodecimo.

411 630 471 660 Dat.
499 631 556 667 die,
578 640 714 670 annoque
733 631 845 661 eodem.

590 780 669 814 LVl.

250 852 449 906 Indtclyentt'a
486 862 579 894 trium
619 874 785 900 annorum,
822 871 847 895 et
878 864 1001 896 totidem

297 917 568 960 quadragenarum
603 928 660 960 pro
693 918 886 950 visitantibus
918 918 1001 950 basi-

297 970 390 1003 licam
412 971 561 1014 princi'pt's
574 972 789 1014 Apostolorum
817 972 852 1003 de
881 971 957 1003 lsi-be
982 983 1001 1004 a

297 1024 371 1066 festo
394 1024 584 1057 Pentecosten
599 1037 691 1069 usque
711 1026 754 1058 ad
768 1031 890 1057 octat-as
915 1025 999 1057 San-

296 1083 413 1112 ctorum
429 1078 647 1122 Apostolorum
673 1079 757 1111 Petri
774 1086 799 1111 et
831 1079 924 1110 Pauli
945 1080 998 1120 tl).

517 1155 729 1185 summum!

405 1217 573 1246 Exordium.
592 1234 630 1239 -—
646 1216 839 1256 Indulgentia.

246 1288 392 1324 Gregorius
404 1288 546 1323 episcopus
557 1295 651 1317 servus
662 1295 801 1317 servorum
813 1289 869 1322 Det.
889 1289 1000 1318 dilectis

289 1337 355 1365 fllsss
374 1337 508 1373 Stephano
527 1337 607 1366 tituli
617 1338 732 1367 sanctae
748 1338 850 1367 Mariae
866 1338 998 1372 Transty·

289 1387 376 1415 horim
415 1387 577 1422 presbytero
597 1387 729 1417 cardinali
749 1387 997 1423 archipresbytero,

289 1436 319 1464 ot
347 1435 468 1472 capitulo
501 1436 631 1464 basilicae
650 1437 780 1471 Principis
812 1437 999 1472 Apostolorum

288 1485 321 1512 do
339 1484 416 1517 urbe.
438 1484 558 1513 salutem
574 1486 602 1513 et
621 1485 801 1520 apostolicam
831 1486 999 1515 benedictio-

288 1540 360 1562 uem.

292 1600 358 1636 Etsi
387 1601 455 1636 loca
477 1610 658 1636 sanctorum
682 1602 825 1636 omnium
856 1603 905 1649 pia
933 1602 998 1637 sint

243 1654 411 1689 devotione
457 1654 597 1689 fidelium
650 1655 838 1699 veneranda,
875 1664 907 1690 ut
939 1656 995 1691 Dei

242 1707 434 1743 honorantes
459 1709 590 1753 amicos,
613 1708 670 1755 ipsi
690 1721 748 1743 nos
775 1709 843 1743 Deo
877 1710 996 1744 amabi-

242 1762 288 1797 les
310 1761 454 1803 reddant,
487 1770 518 1796 et
551 1762 676 1797 illorum
717 1762 807 1797 nobis
841 1763 997 1809 quodam-

243 1815 338 1851 modo
360 1815 563 1851 vendicantes
590 1816 799 1862 patrocinium
822 1816 906 1862 apud
946 1817 996 1863 ip-

243 1881 326 1914 sum,
352 1869 437 1917 quod
458 1871 566 1904 merita
597 1877 700 1904 nostra
738 1882 797 1904 non
838 1870 994 1911 obtinent,

242 1935 351 1958 eorum
381 1935 560 1958 mereamur
596 1923 875 1958 intercessionibus
911 1924 994 1958 obti-

243 1989 329 2021 nere,
352 1977 402 2012 illa
426 1985 528 2012 tamen
550 1977 691 2012 Ecclesia
720 1977 862 2024 ampliori
902 1976 995 2011 debet

242 2031 353 2067 ardore
374 2044 390 2066 a
417 2031 540 2067 cunctis
562 2030 820 2066 christifidelibus
835 2031 993 2070 honorari,

243 2092 273 2119 et
299 2085 388 2132 quasi
417 2085 503 2132 prior
524 2093 675 2131 tempore,
703 2098 738 2120 ac
781 2085 994 2120 honorabilior

243 2138 392 2185 dignitate
416 2138 605 2186 praecellere
640 2138 732 2173 debet
760 2139 827 2173 aliis
864 2151 993 2186 praero-

242 2193 342 2239 gativa
365 2193 533 2237 donorum,
561 2201 589 2227 et
623 2193 736 2228 favoris
770 2194 866 2239 gratia
902 2207 993 2241 prae-

242 2246 373 2286 minere,
395 2247 518 2294 quaein
540 2247 753 2293 apostolorum
771 2247 920 2294 principis
943 2260 992 2282 no-

210 2333 215 2336 .
241 2300 326 2335 mine
347 2300 488 2335 dedicata
511 2300 628 2335 obtinet
653 2300 734 2334 inter
759 2301 834 2335 alias
856 2301 992 2336 Domino

241 2354 374 2389 faciente
401 2354 580 2401 primatum.
604 2353 708 2395 Quare
731 2365 801 2388 cum
824 2355 863 2388 sit
893 2363 993 2389 mater

241 2408 396 2450 omnium,
419 2416 449 2442 et
476 2407 592 2442 multos
615 2407 726 2441 habeat
754 2406 834 2443 filios
867 2408 906 2443 de
947 2409 992 2443 la-

242 2469 308 2497 tere
328 2470 565 2508 consurgentes,
593 2461 630 2496 ad
654 2461 752 2508 ipsam
778 2461 905 2496 veniunt
922 2475 992 2497 om-

243 2527 299 2551 nes
319 2524 428 2562 gentes
450 2516 560 2551 dantes
588 2515 723 2550 Domino
742 2515 866 2550 laudem
883 2524 913 2551 et
926 2516 992 2563 glo-

244 2569 332 2614 riam,
354 2576 386 2604 et
410 2581 478 2604 eam
508 2569 630 2616 pietatis
651 2569 754 2604 officio
782 2577 965 2605 venerantes
979 2596 988 2614 ‚

278 2639 318 2673 tl)
335 2639 372 2665 Ex
389 2639 494 2674 Regest.
512 2638 594 2666 vatic.

1048 359 1148 394 lorum
1163 372 1178 394 a
1194 359 1331 396 Domino
1347 363 1504 409 accepisse
1518 363 1642 410 legitur,
1653 365 1798 400 coelestis

1047 413 1093 447 eis
1114 413 1204 449 aulae
1226 415 1316 449 ianua
1341 424 1506 451 reseretur.
1529 417 1702 465 Cupientes
1738 419 1798 466 igi-

1048 475 1097 501 tur
1117 469 1259 502 eamden]
1279 468 1435 517 Principis
1453 470 1612 506 basilicam
1636 473 1676 507 ob
1700 473 1797 520 ipsius

1046 522 1265 561 reverentiam,
1290 524 1473 569 praesertim
1498 526 1528 560 in
1569 525 1647 560 festo
1683 526 1797 562 Pente-

1046 582 1165 614 costen,
1200 576 1285 622 quod
1309 577 1338 611 in
1362 589 1396 611 ea
1424 587 1472 613 est
1515 579 1720 626 praecipuum
1767 589 1797 615 et

1045 628 1197 668 solemne,
1225 630 1373 676 congruis
1396 631 1569 667 bonoribus
1596 632 1795 680 frequentari,

1045 690 1075 716 et
1098 682 1206 717 fideles
1233 683 1349 718 Christi
1373 685 1410 720 ad
1452 686 1714 733 complacendum
1741 689 1794 727 ei,

1044 736 1131 783 quasi
1159 737 1349 783 quibusdam
1378 739 1522 774 illectivis
1557 741 1716 787 praemiis,
1745 743 1795 777 in-

1043 790 1215 837 dulgentiis
1237 791 1392 837 videlicet,
1419 800 1448 827 et
1482 793 1721 830 remissionibus
1752 796 1793 831 iu-

1043 844 1149 885 vitare;
1185 846 1332 881 omnibus
1378 859 1450 882 vere
1490 848 1725 894 poenitentibus
1765 859 1794 885 et

1043 898 1206 942 confessis,
1229 900 1280 946 qui
1304 900 1464 935 basilicam
1489 902 1588 949 ipsam
1612 902 1641 936 in
1683 903 1792 939 eodem

1044 952 1134 992 sesto,
1156 961 1187 987 et
1216 966 1316 1000 usque
1338 954 1375 989 ad
1415 963 1540 990 octavas
1578 956 1792 1002 apostolorum

1045 1006 1125 1041 Petri
1153 1016 1183 1042 et
1204 1008 1293 1042 Pauli
1317 1008 1483 1043 devotione
1505 1021 1643 1056 congrua
1685 1011 1794 1046 visita-

1043 1061 1116 1105 rint,
1138 1061 1176 1095 de
1199 1061 1302 1095 divina
1332 1062 1560 1102 misericordia,
1594 1071 1624 1097 et
1651 1064 1791 1110 ipsorum

1041 1114 1255 1161 apostolorum
1271 1116 1455 1151 auctoritate
1469 1116 1593 1158 conlisi,
1609 1125 1672 1151 tres
1692 1130 1792 1152 anuos

1041 1176 1070 1202 et
1094 1176 1155 1202 tres
1181 1169 1398 1216 quadragenas
1419 1169 1458 1204 de
1486 1170 1625 1205 iniuncta
1647 1170 1705 1205 sibi
1721 1183 1792 1218 poe=

1042 1222 1172 1257 nitentia
1194 1223 1328 1269 singulis
1349 1224 1439 1259 annis
1472 1224 1721 1260 misericorditer
1741 1237 1792 1260 re-

1041 1275 1191 1311 laxamus.

1094 1329 1207 1365 Datum
1237 1331 1381 1366 Laterani
1418 1330 1607 1366 duodecimo
1642 1331 1792 1367 kalendas

1040 1385 1128 1429 iulii,
1159 1385 1358 1432 pontificatus
1397 1385 1493 1420 nostri
1541 1397 1624 1420 anno
1662 1394 1794 1432 quarto-

1040 1438 1175 1473 decimo.

1079 1500 1139 1530 Dat,
1158 1501 1204 1530 die
1231 1501 1269 1531 20
1287 1501 1360 1530 iunii
1382 1501 1467 1537 1240,
1497 1501 1597 1540 pontif.
1627 1510 1673 1531 an.
1696 1510 1750 1531 xw.

1234 1706 1516 1754 COELESTlNUS
1551 1706 1593 1753 lV

1289 1796 1383 1826 PAPA
1411 1786 1536 1826 ssnxxut

1194 1866 1286 1897 Anno
1310 1864 1440 1898 Domini
1460 1865 1631 1898 MCCXLI.

1037 1941 1231 2024 Gausridus‚
1254 1983 1445 2019 Castilionea
1469 1984 1565 2020 nobili
1588 1985 1702 2020 familia
1717 1986 1787 2021 Me-

1036 2042 1222 2082 diolanensi,
1246 2052 1330 2090 patre
1352 2044 1480 2087 Ioanne,
1498 2052 1597 2079 matre
1610 2044 1786 2080 Cassandra

1035 2100 1171 2136 Cribella
1188 2129 1196 2143 ,
1219 2110 1307 2136 antea
1336 2102 1511 2137 monachus
1540 2101 1760 2138 Cisterciensis
1776 2130 1784 2143 ‚

1035 2157 1151 2193 deinde
1179 2161 1340 2207 presbyter
1361 2160 1529 2195 cardinalis
1564 2162 1643 2196 tituli
1677 2161 1783 2196 Sancti

1035 2215 1141 2257 Marci,
1161 2229 1197 2252 ae
1225 2218 1351 2253 tandem
1386 2219 1555 2266 episcopus
1585 2219 1784 2263 Sabinensis,

1034 2274 1153 2309 electus
1179 2284 1226 2310 est
1248 2276 1412 2311 Romanus
1438 2276 1595 2321 Pontifex,
1628 2289 1663 2311 ac
1698 2278 1783 2312 Coe-

1035 2332 1167 2368 lestiuus
1190 2333 1283 2368 huius
1298 2334 1435 2369 nominis
1449 2342 1581 2380 quartus
1595 2334 1782 2381 appellatus,

1034 2403 1140 2426 mense
1162 2391 1299 2425 octobris
1320 2403 1403 2426 anuo
1428 2392 1533 2431 4241,
1559 2402 1595 2425 ac
1612 2403 1684 2426 xvu
1712 2401 1780 2439 post

1032 2457 1216 2496 susceptum
1240 2448 1453 2496 pontificatum
1477 2449 1540 2489 die,
1562 2458 1592 2484 et
1613 2458 1780 2498 antequam

1032 2508 1070 2542 de
1093 2519 1179 2542 more
1200 2515 1414 2552 coronaretur,
1442 2506 1531 2548 obiit,
1569 2515 1600 2542 et
1639 2509 1782 2556 sepultus

1032 2575 1079 2602 est
1101 2566 1139 2601 ad
1157 2566 1191 2601 S.
1207 2566 1346 2601 Petrum.
1366 2565 1491 2601 Vacavit
1511 2566 1602 2601 sedes
1625 2579 1744 2603 annum
1757 2580 1780 2608 1,

1032 2637 1156 2660 menses
1183 2625 1246 2660 fere
1274 2637 1331 2660 vu.
1770 2632 1772 2634 ·

1816 256 1866 283 Au.
1885 256 1913 283 C.
1930 256 1992 283 121st

1831 867 1971 891 induigentia.
