2129 3223
31 233 84 272 22.
100 233 131 265 c.
145 233 213 262 tm

230 289 381 335 praemia,
408 297 437 324 et
465 300 603 335 congrua
631 288 713 323 vitiis
739 288 892 334 stipendia
929 300 980 323 re-

228 338 482 386 compensattsic
498 338 581 371 enim
597 337 776 384 quibusque
789 338 873 385 quod
886 350 978 372 suum

227 395 275 421 est
296 399 335 422 ex
361 387 472 422 ordine
500 386 651 421 reddente
673 387 799 430 institia,
818 387 980 434 obsequiis

230 436 374 471 videlicet
395 436 537 482 gratiam,
559 444 589 470 et
613 437 736 471 iniuriis
758 436 917 476 talionem,
939 436 977 471 ad

229 485 497 520 benemerendum
539 485 640 519 lentos
679 494 804 520 movent
837 485 978 532 exempla

228 534 423 574 mercedum,
443 542 471 569 et
496 535 526 568 in
549 534 660 569 delicta
685 547 800 581 pronos
819 535 976 570 interdum

226 583 266 618 ab
288 584 446 618 incentivo
469 596 580 630 pravae
617 584 837 619 aemulationis
875 592 979 619 metus

227 632 353 668 coliibet
379 633 520 668 ultionis.

275 682 359 717 Olim
395 682 548 729 siqnidem
572 694 644 727 erga
667 682 749 717 cives
783 682 978 717 Auximanos

161 768 166 772 ,
226 739 257 765 et
291 731 407 766 incolas
441 731 531 765 castri
570 731 814 774 Ptecanatensis,
855 731 977 766 Huma-

28 769 116 854 ἓξὲξ
135 767 211 819 {miii
226 782 366 815 natensis
387 780 554 820 dioecesis,
577 782 758 826 Apostolica
794 781 894 816 Sedes
928 793 978 816 eo-

27 828 211 886 uffheim&
226 841 294 864 rum
318 839 427 873 mater,
449 829 631 864 huiusmodi
655 839 746 865 utens
772 830 879 864 iudicii
922 842 976 865 ae-

27 888 191 911 man-uuna.
223 879 354 925 quitate,
377 880 448 926 qnia
481 879 574 913 iidem
608 880 693 914 ciras
728 881 757 913 in
800 879 975 914 devotionis

3 932 6 933 ⁷
223 936 255 963 et
275 928 455 963 rebellionis
481 937 715 975 assumpserant
738 929 882 975 spiritum
905 941 975 963 con-

224 985 270 1012 tra
297 977 393 1022 illam,
415 978 571 1012 civitatem
599 990 707 1012 eorum
731 977 902 1024 episcopali
925 978 972 1012 di

222 1026 340 1072 gnitate
363 1027 505 1074 privarit,
527 1039 562 1061 ac
583 1039 651 1061 eam
676 1040 746 1061 cum
783 1035 844 1061 tota
879 1027 973 1062 dioe-

222 1077 288 1111 cesi
314 1088 370 1111 sua
396 1075 434 1111 ad
470 1084 604 1110 castrum
640 1076 845 1123 praedictum,
881 1077 974 1111 cuius

223 1133 298 1160 tunc
321 1125 440 1160 incolae
475 1126 576 1160 dictae
611 1125 704 1160 Sedis
741 1133 827 1160 erant
858 1125 972 1166 devoti,

222 1175 380 1209 transtulit
400 1175 554 1209 civitatem
578 1174 690 1219 ipsam,
723 1183 753 1208 et
796 1174 970 1209 Ecclesiam

221 1223 432 1258 Auximanam
455 1223 622 1258 venerabili
651 1223 732 1258 fratri
761 1231 868 1257 nostro
899 1224 972 1270 epi-

222 1285 319 1320 scopo
340 1281 371 1308 et
391 1273 551 1308 Ecclesiae
585 1272 813 1307 Humanatensi
852 1272 883 1307 in
922 1285 972 1307 re-

173 1355 179 1358 .
221 1322 514 1377 compensationem
543 1322 616 1355 dicti
646 1322 749 1366 castri,
781 1322 865 1368 quod
900 1321 972 1356 Hu-

221 1372 412 1406 manatcnsis
446 1371 599 1406 dioecesis
622 1379 695 1406 tunc
713 1379 790 1416 etat,
807 1372 837 1405 in
871 1371 972 1418 spiri-

221 1420 359 1455 tualibus
376 1420 602 1455 submittendo.

270 1469 368 1504 Porro
390 1470 542 1516 praedicti
566 1470 650 1504 cives
673 1468 867 1503 Auximani
861 1481 891 1502 in
916 1468 971 1503 de-

221 1519 355 1553 votionis
376 1526 405 1553 et
433 1518 615 1553 rebellionis
639 1518 820 1552 huiusmodi
853 1525 970 1558 notam,

223 1555 288 1613 pe?
300 1567 464 1608 humilem,
487 1575 663 1615 promptam
681 1575 711 1602 et
729 1567 872 1602 devotam
894 1567 971 1601 obe-

221 1616 384 1661 dientiam,
406 1629 441 1651 ac
462 1616 557 1651 mnlta
579 1626 728 1663 grataque
743 1616 893 1663 obsequia
908 1629 972 1650 mo-

220 1665 328 1701 dernis
355 1666 548 1713 temporibus
587 1666 761 1712 expiatum.
802 1666 880 1699 Nam
908 1671 971 1712 'pro

222 1715 348 1750 tuendis
368 1715 507 1749 eiusdem
526 1714 618 1749 Sedis
642 1715 764 1748 iuribus
783 1722 812 1748 et
840 1714 970 1754 bonore,

221 1771 252 1799 et
278 1764 395 1811 patriae
417 1764 558 1798 libertate
581 1772 767 1810 pugnantes,
789 1764 892 1808 gravia
920 1775 971 1797 rc-

222 1825 292 1848 rum
325 1812 452 1856 damna,
487 1820 518 1847 et
552 1823 756 1858 personarunt
792 1812 970 1846 sustinuere

0 1900 1 1903 ¹
224 1861 372 1908 pericula,
399 1871 429 1896 et
451 1861 538 1908 quasi
562 1861 702 1907 quotidie
728 1861 897 1905 sustinent,
926 1861 971 1895 il-

0 1915 1 1946 l
223 1912 281 1946 lata
303 1911 348 1945 eis
369 1910 408 1945 ab
442 1911 541 1957 ipsius
579 1909 671 1944 Sedis
706 1910 969 1956 persecutoribus,

222 1968 253 1995 et
275 1959 345 1994 liliis
364 1959 529 1998 indevotis,
553 1959 626 1993 dicti
650 1971 722 1993 vero
742 1959 970 1994 Recanatensis

32 2013 208 2052 Qum-temtum
222 2009 312 2044 castri
336 2008 455 2043 incolae
471 2009 499 2042 in
528 2020 655 2042 sensum
681 2008 743 2042 dati
776 2008 969 2054 reprobum,

26 2046 160 2074 mm*
224 2058 282 2093 Dei
310 2065 340 2092 et
365 2057 507 2092 eiusdem
530 2057 623 2092 Sedis
651 2057 822 2092 reverentia
865 2065 895 2092 et
930 2057 970 2091 ῑί-

222 2118 309 2143 more
332 2107 525 2154 postpositis,
549 2114 578 2140 et
599 2106 637 2140 ad
666 2106 844 2141 rebellionis
859 2118 970 2151 super-

222 2156 306 2192 biam
333 2156 444 2203 spiritn
472 2155 634 2196 affirmato,
664 2155 853 2201 persecutori
878 2154 970 2190 Sedis

222 2206 376 2249 eiusdem,
398 2205 570 2239 reverentia
585 2212 614 2239 et
637 2204 746 2239 timore
776 2204 969 2251 postpositis,

223 2264 252 2290 et
279 2254 317 2290 ad
342 2253 523 2288 rebellionis
549 2265 643 2300 snper
665 2255 776 2300 spiritu
807 2253 970 2293 affirmato,

225 2304 416 2351 persecutori
439 2303 532 2337 Sedis
568 2302 709 2336 eiusdem
748 2310 854 2337 contra
889 2314 969 2342 eam,

224 2354 385 2400 ipsiusque
408 2351 515 2386 fideles
542 2350 761 2385 damnabiliter
800 2351 970 2386 adhaerere

225 2410 440 2449 praesumunt:
469 2410 631 2447 propterea
668 2408 824 2446 tamquam
851 2403 969 2446 accepti

226 2463 242 2485 a
269 2450 404 2498 praelata
426 2450 508 2485 Sede
530 2449 672 2483 beneficii
709 2449 910 2484 immemores
942 2457 971 2483 et

227 2499 352 2545 ingrati,
375 2499 577 2534 reddiderunt
600 2498 676 2532 sacta
703 2497 760 2533 sibi
789 2497 970 2532 huiusmodi

225 2549 324 2594 gratia
346 2560 378 2583 se
407 2548 563 2594 indignos,
590 2548 766 2593 meritoque
793 2547 970 2593 privandos.

226 2596 260 2631 Id
303 2597 405 2644 itaque
433 2610 490 2632 nos
527 2604 557 2631 et
583 2596 692 2631 fratres
715 2595 811 2630 nostri
843 2596 973 2643 provide

37 737 146 759 Ant-unt
167 737 213 764 ept-

37 1523 198 1546 mtmnorum

25 1555 157 1582 poenitemus
185 1557 208 1576 et

25 1585 153 1607 flend-tio.

861 233 968 257 URBAN
972 233 1007 257 Us
1035 233 1068 257 lV
1090 233 1138 256 PP-

1653 223 1722 256 705
1789 232 1839 259 An.
1857 230 1886 260 C.
1906 230 1972 258 «26⁸

1019 286 1232 328 attendentes,
1260 295 1288 322 et
1319 288 1555 324 considerantes
1589 287 1771 336 prudenter,
1787 292 1972 345 ⁰⁰m⁹⁸⁸a¹¹⁸i¹⁰⁰

1019 336 1101 383 quod
1126 336 1261 371 savorem
1291 337 1415 372 devotio
1438 346 1646 385 promeretur,
1673 336 1772 384 quod·
1787 325 1831 374 ii,
1835 325 1973 374 ..ιιῖηιῖἻῖἷ

1019 398 1081 433 que
1104 386 1234 432 urgendi
1254 395 1327 421 sunt
1350 387 1597 441 impugnatores
1608 386 1771 422 Ecclesiae
1786 390 1886 413 ³¹⁵³¹¹⁰⁸¹²¹

1018 435 1192 481 condignae
1215 436 1385 482 punitionis
1407 437 1528 480 aculeo,
1551 444 1585 471 ut
1611 437 1636 471 si
1658 437 1770 471 existat

1019 484 1179 531 possibile,
1203 497 1218 519 a
1241 498 1295 519 sua
1319 485 1459 521 resiliant
1489 486 1649 531 pravitate,
1676 494 1771 533 atque

1018 534 1055 568 ad
1083 534 1223 568 studium
1251 535 1426 570 devotionis
1448 535 1570 570 debitae
1588 562 1596 578 ,
1628 536 1770 582 vitaeque

1019 582 1184 618 laudabilis
1206 595 1240 618 se
1266 592 1460 624 convertant,
1488 584 1684 631 praedictum
1710 596 1770 619 ca-

1017 640 1118 667 strum
1153 640 1185 667 et
1207 633 1307 680 ipsius
1331 633 1490 677 homines,
1515 642 1642 680 propter
1675 633 1769 669 inde-

1017 682 1178 716 votionem
1215 689 1246 717 et
1282 683 1538 729 ingratitudinem
1580 683 1767 718 eorumdem

1017 739 1170 777 perpetuo
1208 731 1248 766 de
1289 732 1429 778 ipsorum
1474 732 1601 766 fratrum
1635 733 1766 767 consilio

1015 789 1046 814 et
1067 781 1258 827 apostolicae
1280 781 1476 828 plenitudine
1496 781 1657 828 potestatis
1671 794 1766 829 supra

1015 829 1098 864 dicta
1141 830 1311 877 episcopali
1353 831 1503 877 dignitate
1549 830 1737 877 pritavimus
1756 858 1764 872 ,

1015 890 1146 933 eamque
1173 879 1367 925 dignitatem,
1390 892 1451 914 non
1473 879 1672 914 obstantibus
1699 880 1765 935 pri-

1015 928 1137 962 tatione
1159 940 1194 963 ac
1222 929 1434 964 submissione
1459 929 1650 976 praemissis,
1679 929 1764 963 civi-

1013 977 1066 1011 tati
1089 977 1190 1012 eidem
1212 978 1362 1033 plenarie,
1385 978 1552 1025 dictaeque
1566 978 1763 1014 Auximanae

1012 1025 1173 1061 Ecclesiae
1211 1028 1344 1073 integre,
1382 1027 1613 1075 praedictorum
1648 1028 1762 1063 civium

1012 1076 1209 1121 exigentibus
1248 1077 1380 1121 meritis,
1415 1077 1631 1115 restituimus,
1673 1085 1763 1123 prout

1012 1137 1064 1159 eas
1092 1124 1269 1159 babuerunt
1291 1125 1330 1160 ab
1357 1126 1497 1172 antiquo,
1519 1126 1673 1161 civitatem
1713 1126 1763 1173 ip-

1011 1186 1089 1215 sam,
1112 1182 1141 1208 et
1168 1174 1358 1209 habitatores
1387 1175 1467 1218 eius,
1501 1183 1531 1210 et
1572 1175 1762 1222 praedictam

1011 1223 1221 1257 Anximanam
1249 1223 1423 1259 Ecclesiam
1444 1225 1482 1259 ab
1514 1225 1599 1258 omni
1635 1224 1763 1259 iurisdi-

1011 1273 1115 1306 ctione
1130 1273 1269 1319 episcopi
1290 1281 1320 1307 et
1341 1272 1500 1308 Ecclesiae
1517 1273 1763 1308 Humanatensis

1012 1322 1139 1368 penitus
1165 1322 1344 1356 eximendo.

1059 1370 1229 1405 Caeterum
1257 1371 1396 1406 volentes
1432 1371 1571 1417 regimen
1603 1371 1761 1406 Ecclesiae
1787 1379 1816 1400 D·
1810 1384 1893 1408 ¹¹usque
1914 1383 1962 1402 etz·

1010 1419 1206 1454 Anximanae
1231 1420 1282 1454 tali
1321 1432 1377 1466 per
1409 1420 1613 1467 apostolicam
1655 1421 1761 1467 provi·
1774 1411 1960 1468 meepisscuoffiffi

1010 1469 1146 1503 dentiam
1169 1469 1321 1503 committi
1355 1481 1518 1515 personae,
1555 1481 1635 1516 quae
1675 1478 1760 1504 tanto

1011 1526 1198 1564 congrueret
1213 1518 1300 1553 oneri
1317 1526 1346 1553 et
1363 1519 1484 1559 honori,
1499 1518 1647 1554 dilectum
1663 1518 1760 1553 filium

1011 1567 1245 1612 Benrenutum,
1276 1568 1490 1602 Auximanum
1513 1567 1663 1609 electum,
1687 1576 1761 1602 tunc

1010 1617 1207 1663 capellanum
1246 1625 1387 1651 nostrum
1426 1625 1457 1651 et
1502 1617 1761 1652 archidiaconum

1012 1666 1256 1708 Anconitanum,
1274 1666 1452 1700 moribuset
1466 1665 1523 1700 vita
1539 1666 1760 1712 conspicuum,

1010 1713 1132 1748 litterali
1149 1715 1276 1749 scientia
1296 1714 1481 1761 praeditum,
1499 1715 1529 1748 in
1545 1715 1760 1761 spiritualibus

1012 1763 1175 1809 providum
1203 1771 1233 1798 et
1258 1764 1287 1797 in
1310 1763 1534 1810 temporalibus
1562 1764 1760 1812 circumspe—

1010 1820 1107 1850 ctum,
1121 1812 1220 1846 virum
1231 1812 1521 1860 utiquesecnndum
1538 1824 1592 1848 cor
1604 1822 1758 1853 nostrum,

1011 1861 1067 1907 ipsi
1095 1861 1289 1897 Auximanae
1315 1861 1475 1896 Ecclesiae
1507 1862 1546 1896 de
1581 1862 1758 1909 praedicto-

1010 1922 1078 1944 rum
1103 1909 1230 1944 fratrum
1254 1919 1435 1946 nostrorum
1457 1923 1615 1946 consensu
1639 1912 1668 1946 in
1691 1912 1758 1959 epi-

1009 1971 1141 2006 scopum
1166 1960 1364 2006 praeficimus
1398 1970 1427 1995 et
1450 1969 1622 2007 pastorem,
1637 1961 1756 1996 firmam

1009 2021 1096 2055 spem
1132 2008 1343 2056 fiduciamque
1383 2017 1537 2050 tenentes,
1576 2010 1660 2057 quod
1702 2022 1759 2057 per

1009 2069 1098 2091 suam
1147 2057 1330 2093 industriam
1348 2086 1356 2100 ,
1403 2059 1504 2093 dixiua
1554 2059 1759 2105 praecedente

1009 2107 1104 2151 uratia
1133 2115 1162 2140 et
1196 2106 1299 2142 favore
1321 2108 1495 2155 apostolico
1532 2107 1758 2155 subsequente,

1010 2156 1175 2190 commissa
1199 2156 1257 2190 sibi
1293 2157 1469 2204 saepedicta
1497 2157 1673 2191 Auximana
1696 2157 1760 2192 Ec-

1010 2204 1103 2238 clesia
1126 2205 1342 2260 spiritualibus
1363 2216 1392 2241 et
1415 2206 1645 2260 temporalibus
1659 2207 1759 2252 profl-

1011 2265 1080 2287 cere
1104 2253 1318 2298 incrementis,
1339 2263 1370 2289 et
1396 2263 1567 2290 memorata
1589 2254 1695 2289 cixitas
1729 2255 1758 2289 in

1010 2310 1091 2335 statu
1108 2302 1266 2337 reformari
1290 2315 1452 2350 prospero,
1479 2312 1508 2338 et
1534 2305 1564 2338 in
1594 2303 1759 2338 devotione

1010 2363 1044 2385 ac
1074 2351 1220 2385 fidelitate
1242 2351 1343 2387 dietae
1365 2352 1456 2386 Sedis
1478 2353 1575 2387 taleat
1608 2352 1757 2387 roborari

1059 2399 1214 2440 Quocirca
1237 2402 1468 2436 uuir-eisitatem
1494 2411 1625 2437 vestram
1651 2414 1759 2436 mone·
1786 2411 1912 2434 onear-nn·
1935 2413 1958 2435 e·

1013 2461 1082 2482 mus
1109 2457 1139 2482 et
1167 2449 1329 2484 hortamur
1350 2458 1479 2494 attente,
1503 2463 1558 2497 per
1590 2442 1907 2497 apostolica⁹‘²‘⁵‘²¹'“

1011 2497 1099 2531 vobis
1126 2498 1240 2544 scripta
1262 2499 1458 2541 mandantes,
1487 2508 1644 2546 quatenus
1675 2513 1762 2535 eum—

1011 2547 1082 2581 dem
1111 2547 1258 2591 electum,
1287 2556 1444 2595 tamquam
1477 2557 1594 2595 patrem
1635 2556 1666 2584 et
1705 2562 1762 2596 pa-

1011 2604 1126 2630 storem
1146 2596 1320 2631 animarum
1345 2605 1516 2632 vestrarum
1559 2598 1669 2633 devote
1704 2611 1762 2633 su·-
