2129 3223
150 253 202 281 Anss
219 254 247 281 C.
266 255 331 282 1²6&

133 2372 158 2388 Ut*-
170 2371 314 2396 procuratore,

132 2404 220 2425 eiusque
237 2398 313 2420 officio,

397 244 465 276 718

346 307 497 343 castitate.
538 303 678 338 Tunicas
710 302 750 337 de
790 301 936 349 religioso
975 309 1005 336 et
1039 301 1089 335 vili

346 367 461 404 pauno,
501 361 563 388 tam
597 352 695 400 pretio
729 363 824 399 quam
859 351 975 391 colore,
1004 351 1088 385 iuxta

344 417 455 440 eorum
491 402 693 448 indigentiam
725 400 840 436 habere
873 400 996 436 valeant
1021 402 1089 434 sine

343 455 481 500 caputio.
504 452 647 494 Quarum
669 451 811 485 manicae
844 450 954 485 breves
976 449 1037 484 sint
1059 458 1087 484 et

342 504 467 538 strictae
495 499 714 536 tantummodo
735 499 816 535 circa
853 511 973 534 manus.
1002 498 1088 533 Lon-

342 552 452 599 gitudo
479 559 584 586 autem
607 550 784 584 tunicarum
821 548 860 582 sit
892 547 976 590 talis,
1002 547 1085 594 quod

341 615 357 637 a
393 601 502 636 cavilla
544 599 658 647 pedum
693 598 787 633 distet
821 598 921 644 spatio
951 606 1087 644 quatuor

341 651 523 698 digitorum.
545 647 756 696 Cappellanus
775 656 877 682 tamen
897 646 1012 681 habere
1035 658 1088 693 po-

341 700 413 736 terit
434 699 619 746 longiorem.
642 697 704 732 Pro
730 696 858 743 cingulo
886 707 957 730 vero
984 695 1086 730 corri—

339 750 422 796 giam
447 750 610 784 honestam
623 746 841 781 habeantcum
860 744 998 779 cultello.
1021 743 1086 799 ⁸Ca—

339 810 488 846 paronem
505 798 599 833 etiam
614 807 686 830 cum
709 795 835 842 caputio
849 806 946 842 super
962 801 1084 828 tunicas

338 855 480 896 portent,
513 846 602 882 cuius
632 844 796 891 longitudo
826 855 909 889 genu
939 843 1084 889 aliquan-

337 898 436 932 tulum
473 902 627 939 transeat,
666 902 697 928 et
732 893 866 928 latitudo
903 903 1004 939 usque
1044 892 1081 927 ad

336 947 497 992 caputium
521 943 736 993 protendatur.
764 942 894 976 Minoris
915 950 1018 976 tamen
1042 941 1083 976 la-

336 995 479 1030 titudinis
505 1004 707 1041 caparonem,
740 991 766 1025 si
789 990 904 1026 habere
937 991 1081 1033 voluerit,

335 1045 449 1092 poterit
471 1043 686 1091 cappellanus.
706 1040 769 1083 Qui
788 1042 884 1075 etiam
906 1051 1005 1087 cappa
1028 1039 1082 1075 ho·

334 1101 434 1134 nesta,
457 1093 505 1128 vel
527 1090 676 1127 mantello
696 1097 766 1137 post
788 1089 917 1129 collum,
939 1090 986 1123 vel
1009 1096 1080 1123 ante

333 1151 443 1191 pectus
469 1143 542 1177 hinc
570 1139 643 1176 inde
676 1150 833 1179 connexo,
872 1138 919 1173 uti
953 1139 1077 1185 poterit.

332 1192 520 1240 Superiores
542 1197 646 1226 autem
669 1188 796 1224 tunicae
822 1194 853 1223 et
878 1187 1008 1234 longum
1031 1199 1079 1222 ca-

331 1242 467 1288 putium,
502 1251 622 1276 necnon
656 1246 687 1274 et
721 1236 897 1284 cappellani
923 1248 1021 1283 cappa
1047 1244 1078 1270 et

331 1290 510 1333 mantellus,
532 1301 594 1324 non
617 1287 680 1323 sint
706 1287 745 1322 de
771 1286 855 1332 alb0,
877 1284 924 1320 vel
950 1286 1077 1333 penitus

330 1340 420 1386 nigro
455 1351 570 1386 panno.
607 1336 717 1372 Vestiti
752 1335 846 1370 etiam
880 1335 1011 1375 iaceant,
1046 1343 1077 1369 et

330 1389 466 1424 camisiis
485 1388 576 1422 lineis
602 1398 664 1421 non
693 1392 832 1420 utantur.
853 1383 1076 1418 Calceamenta

329 1437 390 1472 alta
416 1446 448 1472 et
486 1436 588 1483 ampla
625 1443 656 1469 et
696 1433 830 1468 antefixa
863 1445 936 1467 cum
968 1433 1076 1479 caligis

329 1486 476 1530 habeant,
502 1494 531 1521 et
564 1483 723 1519 femoralia
762 1489 897 1529 portent.
935 1481 1076 1528 Capillos

329 1547 404 1570 suos
437 1546 540 1581 usque
567 1533 605 1568 ad
638 1543 730 1567 aures
756 1531 851 1565 certis
879 1530 1076 1577 temporibus

329 1584 477 1620 tondeant
501 1584 531 1618 in
556 1581 738 1618 rotundum.
758 1579 908 1615 Officium
931 1580 1074 1614 divinum

328 1634 454 1672 faciant,
470 1641 504 1667 ut
522 1643 658 1675 sorores,
673 1637 804 1675 excepto
819 1629 903 1677 quod
919 1629 1074 1668 conversi,

327 1682 365 1717 ad
381 1681 528 1717 Officium
545 1680 658 1715 Beatae
676 1679 815 1725 Virginis
833 1686 864 1713 et
878 1677 1073 1713 Mortuorum

328 1732 458 1766 minime
487 1738 668 1765 teneantur:
691 1728 843 1762 ieiunium
866 1739 990 1762 servare
1017 1727 1074 1762 de-

328 1781 421 1816 beant
442 1788 478 1814 ut
504 1790 639 1814 sorores.
667 1777 774 1813 Liceat
802 1786 906 1812 tamen
934 1776 1074 1811 abbatis-

327 1841 379 1865 sae
401 1841 498 1876 super
513 1828 633 1863 ieiunio
647 1826 786 1873 regulae,
800 1838 872 1861 cum
888 1825 934 1860 eis
955 1834 1074 1870 aestus,

327 1878 374 1913 vel
397 1878 530 1918 itineris,
552 1884 605 1912 aut
639 1875 753 1911 laboris
775 1875 916 1915 alterius,
938 1887 992 1910 seu
1016 1875 1074 1910 alia

327 1928 435 1975 quavis
458 1927 636 1962 rationabili
659 1933 689 1960 et
711 1925 843 1960 honesta
865 1936 958 1959 causa
983 1925 1075 1959 mise-

327 1976 492 2012 ricorditer
517 1975 716 2023 dispensare.
745 1974 962 2009 Insormationi
991 1985 1073 2014 vero,

327 2035 358 2061 et
390 2026 579 2060 correctioni
605 2024 774 2059 visitatoris
814 2023 1017 2070 cappellanus
1043 2030 1073 2058 et

326 2075 468 2110 conversi
492 2085 547 2121 per
568 2073 674 2109 omnia
696 2074 758 2108 siut
779 2072 924 2108 subiecti.
952 2071 1014 2107 Cui
1042 2073 1073 2106 in

327 2125 377 2165 iis,
404 2135 486 2171 quae
512 2123 551 2158 ad
585 2122 772 2158 visitationis
805 2121 943 2156 officium
975 2122 1095 2170 perti-‹

326 2181 414 2217 nent,
437 2180 600 2208 teneantur
627 2172 759 2206 firmiter
786 2171 926 2206 obedire.

617 2246 697 2281 Cn.
725 2249 783 2280 21.

377 2319 426 2353 Ad
460 2319 554 2363 haec,
587 2317 677 2353 liceat
710 2317 800 2352 vobis
845 2317 877 2351 in
911 2317 1074 2352 communi

330 2367 472 2402 redditus
493 2374 525 2402 et
547 2367 764 2414 possessiones
791 2366 931 2413 recipere
961 2373 992 2400 et
1017 2365 1075 2400 ha-

329 2416 416 2461 bere,
444 2428 480 2451 ac
506 2427 541 2451 ea
569 2415 668 2451 libere
701 2415 845 2451 retinere.
873 2415 936 2450 Pro
957 2414 1095 2462 quibusr

330 2464 585 2511 possessionibus
616 2473 646 2500 et
684 2464 860 2500 redditibus
890 2463 1075 2500 monasterii

330 2513 424 2549 modo
461 2513 569 2549 debito
608 2513 853 2561 pertractandis,
892 2520 1075 2561 procurator

330 2574 424 2604 unus,
446 2562 586 2609 prudens
618 2563 733 2610 pariter
753 2571 784 2598 et
810 2562 924 2606 fidelis,
947 2563 979 2597 in
1006 2563 1075 2598 sin—

328 2610 412 2657 gulis
438 2611 636 2647 monasteriis
653 2611 745 2646 vestri
769 2611 890 2647 ordinis
911 2611 1074 2651 habeatur,

914 247 1103 272 nuuammr
1122 245 1285 271 hommum

1131 302 1185 347 qui
1214 312 1269 348 pcr
1303 299 1492 337 abbatissam
1523 310 1553 337 et
1579 309 1770 337 conventum
1797 314 1876 337 con—

1130 350 1215 384 stitui
1242 358 1273 385 et
1294 351 1432 386 amoveri
1459 351 1582 391 debeat,
1614 352 1696 386 sicut
1719 351 1875 387 videbitur

1130 399 1288 446 expedire.
1316 399 1375 434 Hic
1406 412 1479 435 vero
1510 400 1611 436 taliter
1641 401 1804 436 institutus
1835 400 1875 437 de

1129 448 1279 483 omnibus
1305 449 1363 484 sibi
1386 450 1573 491 commissis,
1600 450 1735 498 receptis
1760 451 1875 497 pariter

1129 505 1158 532 et
1185 499 1344 545 expensis,
1372 498 1546 533 abbatissae
1575 507 1606 534 et
1629 499 1729 534 tribus
1755 500 1873 536 sorori-

1129 546 1189 581 bus
1223 547 1261 582 ad
1290 547 1350 583 hoc
1382 560 1439 595 per
1472 556 1661 583 conventum
1695 550 1871 597 specialiter

1127 597 1305 643 assignatis,
1332 606 1362 632 et
1384 597 1548 638 visitatori,
1570 609 1642 632 cum
1661 599 1806 642 voluerit,
1821 611 1871 634 ra-

1127 646 1245 680 tionem
1267 646 1398 681 reddere
1419 654 1574 687 teneatur,
1595 655 1626 681 et
1648 646 1870 683 nihilomnino

1127 695 1165 729 de
1183 695 1278 730 rebus
1296 695 1476 731 monasterii
1498 695 1646 736 vendere,
1665 705 1869 742 commutare,

1126 744 1264 791 obligare
1291 746 1338 779 vel
1366 745 1502 780 alienare
1531 757 1660 792 quoquo
1688 745 1781 780 modo
1814 758 1869 780 va-

1125 792 1197 835 leat,
1232 794 1288 828 nisi
1324 794 1363 829 de
1393 794 1516 828 licentia
1551 794 1726 829 abbatissae
1753 796 1869 842 pariter

1124 851 1155 878 et
1186 851 1370 878 conventus.
1406 843 1446 878 Et
1479 843 1630 891 quicquid
1667 851 1774 879 contra
1808 844 1867 880 hoc

1123 899 1309 926 attentatum
1333 892 1438 933 suerit,
1461 892 1581 927 irritum
1610 892 1811 929 decernimus
1836 902 1868 929 et

1123 942 1226 976 inane.
1245 941 1349 976 Possit
1369 950 1471 976 tamen
1494 942 1532 976 de
1559 942 1730 977 mobilibus
1756 954 1866 990 parum

1123 991 1300 1026 valentibus
1326 991 1428 1038 aliqua
1452 1003 1555 1038 parva,
1583 1002 1620 1026 ex
1660 1003 1744 1027 :ausa
1767 991 1865 1035 licita,

1122 1040 1161 1074 de
1205 1040 1381 1075 abbatissae
1421 1039 1564 1085 licentia,
1599 1041 1758 1076 interdum
1795 1040 1867 1077 aliis

1121 1089 1255 1135 elargiri.
1271 1089 1377 1124 Possit
1397 1089 1491 1124 etiam
1507 1101 1561 1136 per
1575 1090 1775 1131 visitatorem,
1791 1101 1864 1125 cum

1120 1139 1269 1185 expedire
1295 1138 1464 1183 videbitur,
1490 1139 1638 1174 amoveri.

1409 1212 1490 1249 Cap.
1515 1217 1572 1248 ⁶22.

1166 1284 1289 1319 Electio
1315 1284 1493 1319 abbatissae
1519 1284 1618 1320 libere
1644 1286 1799 1332 pertineat
1824 1285 1862 1319 ad
1877 1291 2060 1315 Deelecuoneab-
2100 1286 2105 1292 ’
2128 1282 2129 1288 ’

1875 1322 1976 1350 barlens,
1988 1329 2060 1345 mune
2128 1333 2129 1341 π

1830 1345 1864 1369 el*
1876 1359 1907 1380 ra,
1931 1354 2059 1376 auctoritato

1118 1342 1320 1369 conventum.
1361 1333 1568 1368 Confirmatio
1606 1345 1678 1369 vero
1717 1335 1770 1369 fiat
1808 1345 1827 1381 p

1893 247 1944 275 An.
1961 249 1991 277 C.
2005 249 2070 279 tm

1117 1383 1319 1424 cardinalem,
1341 1383 1391 1417 cui
1414 1382 1508 1417 luerit
1530 1383 1588 1417 iste
1611 1383 1689 1418 ordo
1709 1383 1898 1418 commis—⁰¹
1916 1384 2058 1412 “munim

1117 1444 1184 1472 suS,
1212 1432 1259 1467 vel
1286 1432 1470 1467 auctoritate
1494 1431 1605 1478 ipsius.
1628 1432 1785 1468 Studeant
1805 1443 1859 1467 au-

1118 1489 1179 1515 tem
1209 1493 1334 1516 sorores
1360 1481 1453 1515 talem
1480 1480 1607 1527 eligere,
1634 1493 1715 1528 quae
1742 1481 1863 1516 virtuti—

1118 1529 1177 1564 bus
1218 1530 1348 1577 polleat,
1389 1538 1420 1564 et
1457 1531 1573 1564 sanctis
1612 1531 1753 1565 moribus
1793 1531 1863 1566 aliis

1118 1580 1232 1624 praesit
1270 1579 1392 1625 potius,
1427 1590 1521 1625 quam
1561 1579 1682 1619 officio,
1717 1587 1749 1616 et
1780 1591 1862 1627 quae

1116 1629 1374 1663 communitatem
1397 1635 1498 1662 servet
1521 1628 1551 1662 in
1575 1628 1734 1669 omnibus,
1760 1629 1808 1663 vel
1829 1630 1861 1664 in

1117 1677 1270 1716 moribus;
1299 1685 1331 1711 ut
1349 1677 1419 1711 eius
1440 1678 1584 1723 exemplo
1611 1686 1793 1723 provocatae
1814 1690 1863 1713 so-

1116 1737 1213 1766 rores,
1235 1738 1273 1760 ex
1291 1737 1398 1760 amore
1416 1727 1517 1771 magis
1535 1727 1562 1760 ei
1585 1727 1744 1767 obediant,
1765 1739 1860 1773 quam

1116 1775 1236 1809 timore.
1271 1774 1424 1821 Quaeque
1456 1775 1670 1821 singularibus
1700 1777 1861 1812 amoribus

1115 1832 1230 1868 careat,
1253 1836 1292 1859 ue
1319 1824 1391 1858 dum
1420 1823 1451 1858 in
1476 1833 1561 1871 parte
1589 1825 1659 1871 plns
1689 1825 1802 1871 diligit,
1829 1827 1859 1860 in

1115 1882 1179 1908 toto
1215 1873 1399 1908 scandalum
1426 1881 1566 1919 generet.
1594 1873 1784 1909 Cousoletur
1810 1875 1860 1910 al'-

1115 1922 1224 1963 sstctas,
1247 1924 1285 1957 sit
1308 1922 1460 1968 refugium
1484 1923 1650 1967 tribulatis,
1670 1936 1709 1958 ne
1727 1923 1752 1958 si
1773 1924 1859 1971 apud

1115 1984 1182 2007 eam
1207 1972 1343 2006 remedia
1367 1971 1524 2006 defuerint
1545 1974 1726 2016 sanitatum,
1749 1973 1860 2019 despe-

1117 2021 1244 2056 rationis
1283 2021 1413 2055 morbus
1441 2022 1613 2067 praevaleat
1648 2022 1677 2056 in
1714 2022 1856 2057 infirmis.

1115 2070 1205 2112 Quae
1239 2070 1399 2105 humiliter
1431 2078 1460 2105 et
1487 2070 1667 2106 charitative
1695 2071 1795 2106 visitet
1828 2079 1858 2107 et

1115 2119 1249 2165 corrigat
1270 2131 1395 2154 sorores
1426 2131 1510 2160 suas,
1538 2131 1599 2154 non
1633 2120 1858 2167 praecipiendo

1115 2169 1159 2203 eis
1173 2169 1302 2216 aliquid,
1325 2168 1407 2215 quod
1423 2169 1462 2203 sit
1477 2177 1582 2204 contra
1605 2170 1741 2204 animam
1768 2181 1857 2204 suam

1115 2225 1146 2252 et
1173 2226 1294 2253 vestrae
1333 2217 1540 2264 professionis
1561 2217 1706 2259 formam;
1729 2230 1790 2253 non
1817 2219 1859 2253 sit

1116 2278 1266 2314 praeceps
1288 2267 1318 2301 in
1340 2267 1572 2314 praecipiendo,
1595 2279 1635 2302 ne
1651 2280 1688 2302 ex
1709 2266 1858 2303 indiscre-

1115 2317 1202 2350 tione
1248 2317 1406 2364 praecepti
1441 2324 1536 2363 ponat
1558 2316 1676 2363 peccati
1710 2316 1857 2363 laqueum

1115 2365 1290 2400 animabus.
1310 2365 1384 2406 Cui,
1404 2373 1569 2413 postquam
1586 2365 1857 2400 confirmationem

1115 2415 1279 2461 receperit,
1298 2415 1449 2462 quamdiu
1469 2414 1500 2449 in
1519 2414 1620 2449 officio
1639 2414 1857 2461 permanserit,

1115 2475 1239 2499 sorores
1262 2464 1437 2504 universae,
1459 2475 1583 2498 necnon
1605 2471 1635 2498 et
1657 2462 1773 2498 familia
1793 2476 1858 2498 ex-

1115 2513 1211 2547 terior
1232 2512 1424 2555 monasterii,
1448 2520 1575 2559 pareant
1596 2519 1626 2546 et
1646 2511 1795 2547 obediant
1815 2512 1859 2547 di-

1114 2561 1256 2608 ligenter.
1279 2561 1384 2596 Semel
1410 2562 1440 2596 in
1464 2560 1660 2595 hebdomada
1682 2561 1720 2595 ad
1742 2561 1859 2605 minus,

1114 2610 1269 2645 abbatissa
1296 2622 1419 2645 sorores
1445 2621 1517 2645 suas
1543 2621 1598 2656 pro
1625 2610 1765 2657 ipsarum
1787 2622 1859 2646 mo-
