2129 3223
45 239 106 269 'An
119 239 147 267 C.
169 240 234 267 tao?

835 235 1043 258 tsxocrtsrtt‘s
1066 235 1103 257 ΙΙΙ
1128 235 1173 256 ΡΙ).

1671 225 1683 257 *l
1694 225 1739 258 99

251 293 280 326 in
311 303 418 327 eorum
446 290 625 325 authentico
648 289 836 324 continetur.
867 289 904 323 ad
932 289 995 322 evi·
1040 287 1108 322 'Non
1133 288 1229 322 donet
1251 287 1435 334 pensionem
1458 288 1550 322 alicui
1575 287 1634 323 nisi
1657 288 1697 323 de
1714 300 1788 336 spe-

249 341 385 376 dentiam
417 339 588 386 pleniorem
616 338 655 373 de
682 338 778 373 verbo
799 338 836 373 ad
866 338 994 373 verbum

249 389 322 424 ltuic
359 396 484 424 nostrae
518 389 650 436 paginae
690 388 874 422 inserentes.
914 387 996 421 Sn-

51 439 366 496 ,fflxffffifflwmvs
393 449 449 484 pro
467 437 550 472 bono
570 437 654 484 pacis
676 445 705 470 et
737 448 843 471 amore
867 436 995 482 religio·

51 500 71 520 ra
85 499 215 525 domitano.
247 488 296 523 nis
316 487 399 535 quod
423 487 530 530 abbas,
557 487 610 534 qui
636 486 707 531 plus
728 485 820 520 debet
844 485 994 532 prodesse

245 549 338 584 quam
363 548 508 583 praeesse,
541 545 570 570 et
598 535 772 582 discipulos
794 547 868 569 suns
896 535 993 581 magis

243 585 388 632 exemplo
429 597 522 632 quam
564 585 657 620 verbo
696 585 829 626 docere,
869 596 994 631 semper

244 643 353 682 pauset
376 635 406 670 in
434 634 630 675 dormitorio,
654 634 710 668 uisi
734 633 824 668 suerit
848 632 992 668 infirmus

241 685 462 728 autumamus,
487 683 535 719 vel
561 683 663 731 aliqua
694 682 856 718 manifesta
879 695 992 717 neces-

241 734 316 769 sitas
336 735 488 779 exegerit,
510 732 556 767 vel
577 745 722 779 maguum
747 731 882 767 laborem
899 731 990 766 subs-

241 783 379 818 tinuerit.
412 783 476 817 'Nec
498 782 611 821 abbas,
647 795 705 817 nec
731 781 843 828 aliquis
879 793 989 815 mona-

240 833 319 868 chus
339 832 452 867 babeat
477 832 709 878 coopertorium
743 831 799 866 nisi
828 831 866 865 de
893 831 989 876 agni-

239 882 321 917 culis
339 882 384 917 vel
404 881 481 916 catis
497 881 541 916 vel
566 881 724 928 vulpibus,
746 889 775 915 et
797 892 868 915 cum
886 892 988 925 pauno

240 932 330 978 nigro
352 931 399 966 vel
420 930 491 965 albo
513 930 668 965 ordinato.
692 930 827 977 Saepius
844 929 989 964 comedat

238 980 268 1015 in
296 979 480 1021 refectorio;
502 988 532 1014 et
553 980 579 1014 si
604 981 634 1014 in
662 991 783 1014 camera
803 978 986 1022 comederit,

238 1028 383 1066 comedat
420 1041 490 1064 cum
520 1028 667 1064 fratribus
702 1029 767 1063 sire
801 1028 922 1063 clericis
957 1036 986 1062 et

237 1079 334 1114 laicis.
366 1078 492 1126 Longas
517 1087 621 1114 autem
651 1078 772 1124 vigilias
800 1087 868 1125 post
891 1089 987 1111 com-

236 1128 404 1176 pletorium
428 1128 645 1175 prohibemus.
670 1127 784 1162 Nullus
811 1126 986 1161 monachus

235 1177 379 1213 comedat
405 1177 435 1212 in
471 1177 650 1212 infermaria
677 1177 745 1211 sine
767 1176 889 1211 licentia
922 1175 985 1210 ab-

237 1227 317 1262 batis
337 1227 384 1262 vel
407 1226 530 1273 prioris.
559 1226 672 1261 Nullus
698 1225 832 1261 clericus
859 1225 905 1259 vel
929 1224 985 1258 lai-

235 1288 292 1312 cus
317 1277 462 1312 comedat
496 1276 556 1310 nisi
593 1276 622 1310 in
655 1275 808 1322 liospitio;
842 1274 985 1320 exceptis

236 1325 465 1369 servientibus,
499 1325 550 1371 qui
578 1325 743 1360 comedere
775 1331 922 1369 poterunt
953 1323 982 1357 in

235 1375 301 1410 suis
314 1374 458 1415 officinis,
486 1375 544 1408 nisi
568 1373 681 1409 fuerint
704 1372 894 1408 excellentes
912 1384 984 1419 per-

234 1435 340 1459 sonae.
363 1423 471 1458 Abbas
497 1424 623 1470 saepius
646 1423 768 1459 intersit
787 1421 908 1456 divinis
933 1420 981 1455 of-

233 1472 324 1518 ficiis,
356 1481 387 1508 et
407 1473 514 1508 sedeat
537 1473 566 1507 iu
595 1472 732 1508 claustro
756 1484 848 1506 causa
874 1469 984 1505 aedifi-

232 1522 376 1558 cationis.
403 1521 473 1557 Non
501 1521 598 1557 donet
620 1521 764 1557 redditus
785 1522 831 1555 vel
855 1531 984 1567 posses-

231 1571 348 1611 siones,
374 1572 419 1605 vel
442 1571 559 1618 aliquid
579 1572 663 1619 quod
685 1582 702 1606 a
726 1570 880 1605 monacho
902 1569 983 1604 bene

231 1628 262 1654 et
283 1619 322 1656 ad
345 1620 510 1655 utilitatem
531 1620 692 1656 Ecclesiae
721 1619 891 1654 ministrari
915 1631 983 1665 pos-

231 1669 293 1715 sit,
325 1669 509 1717 parentibus
543 1670 610 1705 suis
636 1670 683 1705 vel
717 1669 794 1704 attis.
834 1668 904 1703 Non
942 1669 982 1702 sit

231 1727 438 1766 sumptuosus
460 1719 542 1754 circa
567 1727 711 1766 parentes
733 1730 808 1753 suos
832 1717 877 1752 vel
905 1717 982 1752 alios

231 1768 263 1802 in
285 1768 434 1816 expensis
456 1768 502 1804 vel
524 1768 626 1803 (lonis.
652 1768 686 1803 In
710 1767 859 1803 omnibus
883 1779 982 1813 nego-

232 1816 281 1851 tiis
303 1817 370 1852 suis
390 1817 439 1852 vel
457 1817 622 1853 visitandis
643 1817 831 1852 obedientiis
849 1816 886 1850 sit
905 1828 982 1850 con-

232 1872 336 1901 tentus
373 1866 514 1914 quinque
549 1867 767 1913 aequitaturis,
809 1866 867 1899 nisi
904 1864 981 1900 forte

231 1914 352 1962 aliquos
373 1915 475 1951 bonos
496 1916 581 1950 viros
611 1928 702 1951 causa
736 1915 856 1950 consilii
890 1926 982 1949 voca-

232 1965 319 2000 verit.
341 1963 412 1999 Non
435 1965 534 2012 exigat
560 1978 688 2000 munera
711 1978 726 1999 a
748 1963 906 2012 prioribus
927 1976 982 2010 pro

230 2013 316 2049 dono
337 2013 542 2062 prioratuum.
579 2014 648 2049 Non
682 2022 823 2049 amoveat
845 2014 981 2060 aliquem

231 2062 271 2098 de
286 2063 478 2110 prioratibus
495 2064 539 2098 vel
563 2063 655 2099 baliis
677 2064 752 2098 dum
774 2063 855 2098 bene
878 2062 981 2103 fuerit,

232 2112 292 2148 nisi
318 2124 411 2148 causa
429 2112 598 2148 eminentis
619 2113 771 2148 utilitatis.
793 2112 834 2147 Et
852 2112 916 2146 rhoc
942 2111 983 2146 sa-

232 2162 293 2197 ciat
318 2174 393 2198 cum
419 2161 553 2197 consilio
581 2162 753 2197 seniorum.
791 2160 861 2196 Non
893 2161 983 2196 susti-

232 2219 304 2247 neat
329 2211 570 2253 destructorem,
598 2212 652 2246 sed
679 2219 834 2250 amoveat,
869 2219 899 2245 et
929 2223 983 2257 pu-

234 2261 298 2296 niat
337 2261 540 2308 regulariter,
582 2269 614 2295 ut
649 2261 760 2296 caeteri
795 2267 980 2295 terreantur.

233 2309 401 2346 provideat
425 2309 572 2345 ordinare
599 2310 630 2344 in
666 2309 814 2345 omnibus
840 2320 983 2344 necessa-

235 2359 290 2394 riis
310 2359 461 2394 omnibus
482 2358 649 2395 fratribus,
685 2358 844 2393 moderate
871 2365 902 2392 et
930 2357 981 2392 ho-

234 2418 334 2449 neste,
360 2417 391 2443 et
412 2421 474 2444 non
505 2418 606 2443 tamen
631 2407 800 2454 superflue,
823 2415 853 2441 et
882 2407 983 2454 provi-

58 927 81 950 ΕΙ
109 929 225 948 eommunis

19 958 98 978 ·vit·e
141 957 224 983 regulas

42 993 136 1010 unm.

53 1279 221 1300 eon-titutione:

39 1309 152 1331 non-nuu-
183 1315 221 1335 ge—

38 1340 128 1362 notatu,

234 2452 300 2492 deri
322 2457 413 2494 faciat
434 2469 450 2492 a
477 2457 655 2505 prioribus:
684 2456 825 2491 redditus
846 2465 874 2490 et
906 2468 979 2503 pos-
1002 2474 1005 2493 ι

234 2506 393 2542 sessiones
414 2507 542 2542 collatas
565 2506 610 2541 vel
634 2506 801 2552 acquisitas
823 2515 884 2540 tam
908 2505 981 2540 olim

235 2568 329 2602 quam
367 2557 572 2602 imposterum
609 2567 671 2590 non
710 2556 822 2590 alienet
856 2567 872 2588 a
907 2555 983 2589 locis

236 2604 352 2651 quibus
375 2605 549 2641 dabuntur.
583 2605 651 2640 sine
679 2604 813 2639 consiiio
841 2605 982 2652 capituli.

1037 337 1105 371 ciali
1137 336 1284 371 mandato
1311 336 1430 371 domini
1458 337 1572 384 Papae.
1604 336 1673 372 Non
1700 339 1786 372 acci—

1039 386 1100 431 piat
1123 394 1266 420 mutuum
1296 386 1371 419 ultra
1402 386 1653 433 vigintiquinque
1691 386 1786 422 libras

1038 434 1277 481 Andegavensis
1316 445 1475 479 monetae,
1514 436 1581 470 sine
1617 435 1720 482 sigillo
1755 447 1783 470 et

1036 485 1228 520 conscientia
1257 485 1396 531 capituli.
1430 483 1499 518 Non
1528 484 1618 519 iaciat
1646 485 1782 532 plegium

1036 547 1091 581 pro
1113 534 1228 582 aliquo.
1270 533 1337 568 Non
1367 533 1492 568 invadet
1520 533 1699 569 thesaurum
1738 536 1782 569 vel

1036 586 1251 631 possessiones
1280 583 1438 617 Ecclesiae
1470 583 1529 616 nisi
1559 595 1629 617 cum
1651 584 1783 619 consilio

1033 635 1208 677 seniorum,
1245 642 1274 667 et
1301 632 1479 667 convocatis
1514 632 1670 678 prioribus
1704 642 1780 669 exte-

1034 683 1170 718 rioribus
1192 683 1270 717 insra
1307 694 1400 716 unam
1430 682 1543 716 dietam
1569 683 1778 718 rnauentibus.

1032 733 1096 768 Nec
1118 734 1255 781 aliquam
1285 731 1515 765 institutionem
1548 730 1635 765 faciat
1663 732 1721 767 nisi
1749 733 1779 767 iu

1031 782 1167 829 generali
1190 781 1340 829 capitulo,
1358 780 1441 827 quod
1458 779 1635 815 celebratur
1653 780 1682 816 in
1703 782 1781 817 sesto

1031 832 1245 880 apostolorum
1265 830 1348 865 Petri
1368 839 1398 864 et
1411 828 1511 864 Pauli.
1531 828 1639 876 Siqua
1659 831 1778 866 minora

1030 882 1166 929 gerenda
1206 888 1279 915 sunt
1308 891 1528 926 perannum,
1562 879 1694 926 consilio
1728 893 1780 916 se-

1031 933 1155 966 niorum
1183 939 1307 969 utatur;
1334 937 1364 963 et
1398 927 1482 975 quod
1512 928 1625 963 melius
1658 930 1780 964 iudica—

1031 982 1118 1019 verit,
1145 981 1245 1015 faciat.
1270 978 1393 1012 Nullam
1417 976 1628 1012 obedientiam
1653 979 1699 1013 vel
1723 980 1779 1014 ba-

1029 1031 1120 1065 livam
1156 1038 1257 1064 teueat
1297 1027 1393 1062 abbas
1427 1027 1456 1060 in
1493 1038 1588 1061 mauu
1621 1040 1688 1067 sua,
1723 1029 1777 1063 sed

1028 1093 1121 1128 quam
1145 1079 1239 1113 citius
1263 1077 1386 1123 poterit7
1414 1076 1548 1122 priorem
1571 1076 1617 1110 vel
1641 1077 1776 1113 balivum

1027 1130 1198 1164 constituat
1234 1128 1392 1161 idoneum.
1440 1125 1566 1160 Praeter
1607 1127 1775 1173 hospitium

1027 1187 1055 1213 et
1079 1178 1285 1213 camerarium
1305 1187 1385 1223 quae
1407 1174 1464 1209 sibi
1496 1175 1608 1221 poterit
1630 1176 1776 1220 retinere,

1027 1228 1050 1263 si
1081 1228 1222 1262 voluerit.
1248 1225 1317 1260 Nou
1340 1224 1575 1260 committantur
1596 1224 1688 1259 alicui
1712 1225 1776 1261 duo

1027 1276 1127 1311 officia
1164 1277 1208 1310 vel
1250 1276 1421 1322 prioratus,
1459 1273 1608 1320 quamdiu
1645 1276 1776 1321 quilibet

1027 1326 1201 1360 monachus
1227 1337 1282 1358 eos
1315 1323 1433 1358 utiliter
1471 1322 1691 1359 administrare
1716 1337 1775 1372 po-

1026 1375 1108 1418 terit,
1133 1386 1190 1409 nec
1211 1373 1306 1408 donet
1325 1384 1380 1408 eos
1406 1372 1443 1406 ad
1468 1372 1561 1406 vitam
1584 1373 1630 1407 vel
1651 1373 1688 1408 ad
1704 1386 1775 1409 cer-

1025 1432 1090 1459 tum
1120 1423 1306 1461 terminum,
1341 1433 1400 1456 nec
1422 1421 1516 1455 donet
1538 1432 1592 1455 eos
1618 1425 1775 1458 extraneis

1026 1473 1199 1508 monacbis.
1225 1471 1346 1506 Omnes
1381 1470 1498 1505 balivas
1533 1479 1593 1505 tam
1618 1472 1646 1506 in
1674 1475 1775 1519 capite

1025 1539 1118 1574 quam
1156 1528 1185 1561 in
1214 1525 1379 1564 membris,
1407 1536 1487 1571 quae
1522 1537 1576 1571 per
1599 1528 1774 1563 monachos

1024 1580 1234 1616 administrari
1262 1586 1408 1626 possunt„
1430 1578 1469 1613 ad
1498 1579 1647 1614 bonorem
1670 1589 1700 1615 et
1719 1582 1774 1616 uti-

1025 1635 1141 1668 litatem
1164 1633 1336 1671 Ecclesiae,
1353 1632 1476 1667 clericis
1499 1632 1546 1667 vel
1559 1632 1648 1668 laicis
1668 1646 1776 1670 saecu·

1024 1688 1143 1723 laribus
1173 1700 1235 1722 non
1269 1686 1459 1726 committat,
1495 1698 1552 1721 nec
1578 1698 1594 1722 a
1617 1688 1775 1734 prioribus

1024 1742 1177 1777 committi
1202 1741 1369 1788 permittat.
1405 1740 1498 1782 Quod
1531 1753 1603 1776 vero
1626 1754 1682 1789 per
1704 1755 1773 1779 mo-

1023 1795 1142 1831 nachos
1164 1794 1376 1829 administrari
1401 1805 1463 1828 non
1480 1802 1592 1840 potest,
1620 1807 1675 1842 per
1701 1808 1774 1832 con-

1025 1849 1157 1884 donatos
1196 1847 1326 1882 idoneos
1360 1846 1607 1883 administretur.
1652 1848 1772 1885 Omnes

1025 1911 1084 1937 tam
1109 1903 1230 1949 priores
1251 1913 1344 1948 quam
1367 1900 1548 1936 claustrales
1571 1902 1655 1937 intus
1676 1912 1707 1937 et
1724 1916 1772 1939 ex-

1025 1957 1120 1992 terius
1143 1956 1400 1991 communitatem
1437 1955 1568 1991 firmiter
1594 1965 1720 1993 teneant
1743 1960 1773 1994 in

1025 2011 1226 2054 monasterio,
1255 2010 1284 2044 in
1312 2010 1509 2048 dormitorio,
1535 2012 1563 2045 in
1596 2011 1770 2049 refectorio.

1025 2065 1088 2100 Nec
1110 2065 1222 2111 aliquis
1244 2065 1274 2098 in
1301 2064 1465 2099 refectorio
1487 2074 1590 2100 sumat
1614 2067 1672 2101 nisi
1692 2079 1772 2103 com*

1026 2130 1135 2153 munes
1170 2118 1269 2152 cibos.
1315 2117 1487 2152 lniirmaria
1521 2131 1595 2154 suos
1632 2120 1773 2155 redditus

1025 2172 1145 2206 babeat.
1181 2171 1376 2206 lufirmaritts
1409 2180 1437 2206 et
1466 2172 1655 2218 piscinarius
1682 2174 1774 2208 abba-

1025 2226 1084 2260 tiae
1108 2239 1123 2260 a
1153 2225 1291 2272 capitulo
1318 2225 1484 2271 eligantur.
1523 2227 1567 2260 De
1595 2227 1688 2273 priori
1722 2228 1774 2262 ab·

1025 2280 1124 2314 batiae
1155 2279 1243 2314 saciat
1278 2279 1375 2313 abbas
1409 2279 1584 2314 secundum
1613 2282 1772 2328 antiquam

1024 2333 1299 2368 cousuetudinem.
1338 2331 1483 2378 Sigillum
1513 2333 1639 2380 capituli
1667 2336 1774 2370 statui·

1026 2400 1096 2422 mus
1123 2395 1150 2420 et
1180 2386 1392 2432 praecipimus
1427 2395 1458 2420 ut
1491 2386 1689 2423 custodiatur
1714 2390 1774 2426 sub

1001 2441 1125 2475 {tribus
1159 2439 1317 2475 clavibus,
1357 2452 1490 2486 quarum
1531 2452 1625 2476 uuam
1664 2442 1774 2478 habeat

1002 2499 1006 2539 ᾗ
1025 2495 1138 2534 abl›as;
1165 2494 1228 2527 duo
1255 2493 1347 2528 electi
1371 2494 1401 2528 iu
1424 2494 1562 2540 generali
1584 2496 1722 2544 capitulo
1743 2506 1773 2532 et

1002 2542 1115 2602 {iurati
1144 2548 1220 2582 alias
1240 2547 1317 2582 duas
1344 2548 1529 2583 custodiant.
1565 2548 1629 2585 Nec
1654 2550 1772 2598 aliquid

1002 2604 1056 2660 jin
1079 2614 1116 2637 eo
1143 2602 1281 2648 sigillent
1306 2603 1364 2636 nisi
1386 2601 1425 2637 de
1447 2614 1576 2638 assensu
1599 2605 1774 2651 praesentis

1805 235 1854 260 An.
1871 233 1896 260 C.
1918 234 1983 260 ¹207
