2129 3223
118 237 165 264 Αη.
185 237 210 263 C.

234 238 300 264 1185

130 640 227 666 Panaque
255 645 300 660 um-

117 678 149 691 u·a
165 672 232 692 eidem
251 676 301 691 eon-
317 683 322 688 -

117 704 127 723 fi
143 706 231 723 uratur.

131 1030 256 1051 ‘stulterum
265 1030 300 1052 Ec-

118 1062 182 1082 etesia
199 1063 218 1082 ei
234 1061 301 1083 mbil-

118 1095 179 1112 titum

133 1420 258 1448 Episcopale
271 1422 303 1442 iu·

124 1452 256 1473 mnndum:

146 2008 279 2029 siun-oraim

125 2040 269 2066 pnetbrarum
286 2043 304 2059 et

124 2070 262 2097 flft'JQSldrllm
282 2071 306 2090 ad

125 2107 205 2122 vernos
221 2102 307 2128 episco—

125 2136 183 2158 patus

245 2134 307 2152 antea

132 2164 297 2189 pertinentium

124 2199 176 2219 quae
200 2192 308 2215 *lomere-

125 2224 204 2249 calensi
228 2225 307 2245 confir-

124 2258 212 2275 mantur.

126 2291 179 2306 novo

125 2317 207 2337 duntur.

232 2255 266 2275 vel
282 2257 306 2276 de

228 2291 307 2307 ‘once-

372 228 413 260 1⁶2

314 291 490 327 Statuimus
512 299 613 326 autem
637 292 668 325 in
693 290 814 338 primis,
843 298 875 325 ut
898 290 974 326 ordo
996 302 1065 326 mo-

316 341 465 377 nasticus.
493 341 546 387 qui
570 340 747 375 secuudum
770 339 827 374 Dei
865 340 1008 375 timorem
1036 347 1066 375 et

316 389 351 423 B.
375 389 540 425 Benedicti
570 389 725 435 regulam,
761 397 790 423 et
821 387 973 424 Cavensis
996 400 1066 423 mo-

316 438 443 474 nasterii
471 438 685 474 observantias
720 438 750 472 in
785 449 822 473 eo
852 437 922 473 loco
949 438 1066 472 consti-

316 495 401 522 tutus
423 499 492 522 esse
514 487 726 533 dignoscitur,
759 488 921 534 perpetuis
948 487 1065 522 ibidem

315 535 512 584 temporibus
539 536 761 572 inviolabiliter
782 535 976 571 observetur.

364 585 384 632 S
407 589 439 619 4.
463 584 627 621 Praeterea
660 597 869 632 quascunque
891 584 1067 632 possessio-

316 645 372 669 nes
393 642 425 669 et
454 646 673 682 quaecumque
697 634 776 669 bona
794 634 903 669 eadem
926 633 1067 668 Ecclesia

316 695 347 717 in
376 684 622 729 praesentiarum
658 696 694 718 ex
727 683 810 718 dono
837 683 1067 730 praenominati

315 732 410 778 regis,
432 741 463 768 et
477 744 678 780 quorumque
693 732 823 767 aliorum
841 731 1069 767 rationabiliter

315 780 470 828 possidet,
485 790 541 816 aut
560 782 589 816 in
606 781 745 816 futurum
762 782 967 816 concessione
981 780 1068 814 Pon-

316 829 446 871 tificum,
482 830 648 877 largitione
682 830 879 877 principum,
911 829 1068 864 oblatione

315 878 477 923 fidelium,
510 891 565 914 seu
599 879 669 914 aliis
697 880 787 914 iustis
814 878 918 914 modis
953 878 1069 924 poterit

315 927 464 976 adipisci,
504 929 592 963 firma
625 928 727 963 eidem
754 928 918 963 Ecclesiae
940 928 972 961 in
997 939 1068 974 per-

316 984 459 1023 petuum,
482 986 512 1012 et
531 976 647 1013 illibata
666 984 881 1024 permaneant.
902 976 937 1011 ln
952 976 1068 1023 quibus

316 1027 532 1073 episcopatum
569 1026 781 1061 Catanensem
817 1025 945 1072 proprio
974 1025 1067 1059 duxi-

317 1087 389 1109 mus
423 1075 573 1110 vocabulo
607 1074 858 1121 designandum,
887 1085 983 1120 quem
1012 1086 1069 1108 nos

317 1123 356 1157 de
383 1124 512 1159 fratrum
542 1131 722 1158 nostrorum
752 1123 913 1158 communi
936 1122 1069 1157 consilio

317 1171 355 1207 ad
370 1171 502 1207 multam
527 1172 676 1220 praedicti
697 1172 778 1218 regis
801 1172 980 1207 instantiam
1001 1171 1068 1211 tibi,

318 1222 444 1268 tuisque
470 1221 720 1260 successoribus
748 1221 828 1255 sieut
851 1220 987 1267 propriis
1019 1232 1069 1255 ar-

316 1270 541 1325 cbiepiscopis,
573 1269 830 1317 metropolitico
824 1282 854 1303 in
879 1276 1066 1316 perpetuum

317 1320 540 1354 constituimus
560 1320 629 1354 iure
654 1318 795 1354 subesse.

365 1368 422 1415 S
407 1370 438 1403 ὁ.
462 1368 653 1416 Episcopale
675 1379 800 1415 quoque
823 1367 871 1402 ius
898 1376 928 1402 et
950 1367 1067 1408 onmia,

318 1417 447 1465 quaein
478 1417 666 1464 subscriptis
699 1416 776 1451 locis
803 1427 840 1451 ex
862 1416 1069 1451 concessione

318 1466 447 1501 fratrum
471 1474 501 1501 et
518 1467 780 1514 coepiscoporum
809 1474 990 1500 nostrorum
1012 1464 1069 1500 ha-

320 1515 381 1560 bet,
419 1516 605 1551 auctoritate
638 1514 809 1562 apostolica
844 1514 916 1555 tibi,
945 1514 1069 1561 tuisque

317 1564 557 1600 successoribus
589 1565 826 1603 confirmamus,
854 1572 883 1598 ct
917 1563 1004 1598 firma
1040 1572 1069 1598 et

318 1613 436 1649 illibata
467 1613 630 1661 perpetuis
653 1612 846 1660 temporibus
868 1611 1069 1647 decernimus

319 1674 517 1709 permanere:
547 1674 582 1697 ex
606 1662 812 1697 concessione
834 1661 953 1696 scilicet
973 1672 1070 1696 iene-

320 1711 425 1747 rabilis
451 1711 555 1747 fratris
590 1712 687 1746 nostri
723 1710 877 1746 Gualterii
908 1709 1070 1746 Panormi-

320 1761 382 1795 tani
410 1760 640 1808 archiepiscopi
667 1772 739 1795 cum
759 1759 929 1803 voluntate,
952 1766 982 1794 et
998 1771 1071 1794 con-

319 1808 411 1851 silio,
446 1818 476 1844 et
509 1821 639 1844 assensu
668 1809 809 1844 omnium
844 1808 1068 1843 canonicorum

320 1870 462 1899 suorum,
497 1866 526 1893 et
553 1859 637 1905 regia
664 1858 757 1893 etiam
786 1857 998 1897 connitentia,
1021 1866 1070 1892 to-

320 1917 382 1942 tam
411 1907 589 1955 parochiam
613 1916 641 1941 et
661 1907 831 1942 dioecesim
859 1906 977 1941 castelli
992 1905 1070 1941 Cet-

321 1956 421 1992 leonis
455 1968 527 1991 cum
564 1957 753 1991 monasterio
789 1956 921 1990 Sanctae
956 1955 1070 1990 Mariae

323 2004 537 2052 Magdalenae,
565 2013 594 2040 et
616 2005 686 2040 aliis
712 2005 852 2040 ecclesiis
884 2017 955 2040 cum
984 2005 1070 2040 deci-

323 2055 396 2099 mis,
417 2062 448 2090 et
469 2055 537 2090 aliis
560 2054 702 2089 iustitiis.
736 2066 812 2100 quas
834 2054 872 2088 de
900 2054 1070 2089 baronibus

322 2112 352 2139 et
373 2104 442 2139 aliis
463 2103 646 2139 hominibus
674 2104 771 2150 ipsius
794 2103 924 2143 castelli,
947 2112 975 2138 et
1004 2116 1070 2149 per-

322 2153 523 2192 tinentiarum
561 2153 629 2187 eius
669 2152 890 2187 panormitana
931 2151 1070 2187 Ecclesia

322 2202 442 2238 solebat
463 2202 637 2250 percipere,
654 2210 769 2237 etcum
792 2200 877 2236 omui
900 2201 1068 2248 episcopali

323 2252 400 2296 iure,
424 2251 506 2299 quod
531 2264 562 2286 tn
581 2251 689 2286 eadem
714 2250 858 2298 parochia
881 2259 909 2285 et
932 2249 1068 2285 dioecesi

323 2300 486 2336 videbatur
508 2300 633 2335 babere
656 2299 830 2335 Ecclesiam
858 2308 1015 2346 practerea
1036 2298 1068 2334 S.

322 2349 476 2394 Silvestri,
498 2361 577 2397 quae
600 2349 699 2385 fuerat
721 2348 877 2384 demania.
900 2358 929 2383 ct
953 2348 1068 2395 pr·opiii

324 2399 400 2433 iuris
436 2398 675 2433 panormitanae
708 2398 879 2440 Ecclesiae,
913 2409 992 2445 quae
1015 2408 1070 2452 pro

323 2459 372 2487 eo,
394 2447 478 2494 quod
508 2447 669 2483 Ecclesiae
704 2457 773 2483 tuae
809 2447 943 2482 multum
972 2447 1070 2482 vicina

894 237 1082 261 ntLLAntt‘M
1109 236 1270 260 ROMANFM

1105 290 1233 334 tinetur,
1260 290 1300 326 de
1321 289 1452 326 consilio
1474 299 1504 325 et
1526 302 1682 326 consensu
1711 291 1853 326 omnium

1106 339 1237 375 fratrum
1265 351 1396 375 suorum
1431 339 1533 375 eidem
1569 339 1731 375 Ecclesiae
1757 338 1855 374 libera

1105 397 1136 423 et
1158 397 1330 435 spontanea
1353 388 1480 424 tradidit
1499 388 1671 431 voluntate,
1698 400 1770 424 cum
1786 400 1855 423 om-

1107 437 1199 472 nibus
1222 437 1414 482 tenimentis,
1446 437 1569 473 villanis
1590 446 1620 473 et
1642 437 1857 484 possessioni-

1107 486 1166 521 bus
1188 495 1217 521 et
1252 486 1338 521 omni
1374 487 1441 521 iure
1476 498 1543 522 suo.
1577 486 1625 521 Ex
1652 486 1857 522 concessione

1108 534 1208 570 bonae
1235 536 1405 571 memoriae
1434 535 1554 571 Nicolai
1590 535 1750 582 quondam
1772 535 1857 571 Mes-

1107 584 1250 619 sanensis
1272 584 1501 631 archiepiscopi
1521 596 1594 619 cum
1610 584 1707 619 totius
1728 585 1855 632 capituli

1107 634 1157 668 sui
1179 645 1336 668 consensu
1369 645 1463 668 omne
1487 645 1534 668 tus
1555 633 1748 680 episcopale,
1771 634 1856 688 quod

1108 681 1250 716 Ecclesia
1284 682 1497 717 Messanensis
1524 681 1658 717 debebat
1681 681 1796 717 habere
1827 695 1857 717 m

1109 730 1298 766 monasterio
1321 739 1351 766 et
1374 730 1523 765 omnibus
1551 731 1750 778 pertinentiis
1777 731 1857 767 eius

1108 780 1192 827 quod
1217 780 1347 814 illustris
1369 779 1595 814 recordationis
1616 779 1760 815 eiusdem
1776 780 1858 826 regis

1109 836 1207 864 mater
1228 829 1393 883 Margarita
1417 828 1553 874 gloriosa
1574 828 1733 883 quondam
1753 830 1858 875 regina

1109 877 1140 912 in
1164 877 1244 915 loco
1272 878 1324 924 qui
1348 877 1464 913 dicitur
1485 877 1727 912 Moniachium
1721 890 1751 912 tn
1771 878 1859 913 dioe-

1109 927 1170 961 cesi
1194 926 1417 962 Messanensi
1411 939 1441 960 in
1458 926 1609 961 honorem
1626 925 1683 961 Dei
1703 934 1733 961 et
1747 926 1859 962 Beatae

1109 975 1224 1010 Mariae
1258 987 1383 1022 semper
1418 975 1556 1021 Virginis
1590 976 1774 1010 memoriam
1804 988 1860 1022 pro

1110 1036 1165 1059 sua
1187 1024 1353 1060 devotione
1376 1025 1568 1062 construxit,
1602 1033 1632 1059 et
1660 1035 1715 1071 per
1741 1024 1858 1059 dictum

1109 1073 1382 1120 archiepiscopum
1416 1073 1455 1108 ab
1489 1073 1575 1108 omni
1602 1072 1709 1108 debito
1741 1073 1860 1108 Messa-

1110 1123 1218 1157 nensis
1239 1122 1400 1158 Ecclesiae
1414 1122 1549 1157 liberum
1565 1122 1710 1166 obtinuit,
1733 1123 1862 1168 etquie-

1110 1179 1175 1205 tum
1198 1171 1236 1206 ab
1263 1172 1349 1206 omni
1372 1172 1452 1206 iure.
1475 1171 1524 1206 Ex
1546 1171 1752 1206 concessione
1773 1171 1860 1206 Tho-

1109 1232 1178 1255 mae
1194 1220 1370 1268 ΒΙιεςμεηί
1389 1220 1618 1275 archiepiscopi
1631 1220 1792 1256 communi
1807 1232 1859 1255 ca-

1110 1269 1197 1315 pituli
1223 1282 1271 1304 sut
1293 1281 1450 1305 consensu
1477 1277 1577 1304 totum
1599 1269 1648 1304 ius
1669 1269 1858 1316 episcopale,

1110 1318 1154 1352 xel
1191 1318 1418 1366 quodcumque
1451 1318 1536 1353 aliud
1568 1318 1607 1352 ad
1641 1318 1858 1365 Rhegjtanam

1109 1367 1285 1413 pertinebat
1319 1367 1508 1408 Ecclesiam,
1543 1368 1574 1401 in
1599 1367 1789 1402 monasterio
1825 1368 1857 1401 S.

1109 1416 1278 1451 Salxatoris
1312 1416 1350 1451 de
1373 1416 1533 1456 Martello,
1567 1416 1654 1463 quod
1684 1417 1859 1451 construxit

1110 1464 1244 1500 loannes
1266 1465 1459 1500 Calomenus
1483 1465 1588 1511 regius
1614 1464 1774 1512 quondam
1806 1477 1860 1500 ca-

1109 1515 1274 1554 merarius,
1297 1521 1329 1549 et
1350 1514 1382 1549 in
1402 1514 1594 1549 monasterio
1616 1513 1801 1549 monialium
1824 1513 1857 1549 S.

1109 1562 1237 1598 Ioannis
1254 1563 1436 1603 Exocalnia,
1464 1563 1550 1610 quod
1573 1571 1619 1599 est
1641 1571 1728 1598 extra
1751 1575 1859 1598 muros

1109 1612 1244 1647 civitatis
1270 1611 1398 1659 Rhegii,
1425 1624 1496 1647 cum
1530 1612 1632 1652 cellis,
1658 1611 1858 1667 obedientiis,

1110 1661 1375 1717 possessiopibus,
1403 1661 1583 1697 tenimentis
1605 1669 1636 1696 et
1663 1661 1859 1709 pertinentiis

1110 1711 1374 1746 monasteriorum
1403 1710 1563 1764 ipsorum,
1597 1710 1682 1746 iuxta
1709 1709 1794 1758 quod
1826 1723 1856 1745 tn

1110 1759 1170 1794 iam
1198 1759 1272 1794 dicti
1299 1758 1529 1806 archiepiscopi
1564 1758 1728 1806 privilegio
1755 1759 1858 1794 couti-

1110 1816 1212 1843 netur.
1234 1808 1281 1843 Ex
1298 1808 1505 1844 concessione
1521 1807 1753 1843 Bartholomaei
1772 1808 1859 1855 Agri-

1109 1857 1228 1904 gemini
1250 1857 1389 1905 episcopi
1412 1869 1484 1892 cum
1507 1856 1635 1904 capituli
1655 1857 1704 1892 sui
1727 1868 1857 1892 assensu

1111 1914 1171 1942 tam
1195 1906 1374 1954 parochiam
1401 1914 1432 1941 et
1458 1906 1639 1947 dioecesim,
1665 1917 1760 1953 quam
1786 1906 1859 1941 uni—

1110 1968 1233 1991 versum
1257 1957 1306 1991 ius
1327 1955 1505 2002 episcopale
1526 1967 1597 1991 cum
1625 1955 1774 1990 omnibus
1803 1955 1860 1990 de-

1111 2005 1202 2040 cimis
1224 2013 1254 2040 et
1272 2005 1341 2040 aliis
1367 2005 1505 2049 iustitiis,
1527 2016 1563 2040 ac
1585 2004 1760 2040 redditibus
1781 2005 1859 2041 suis.

1110 2066 1189 2101 quos
1222 2054 1260 2089 de
1298 2053 1468 2089 baronibus
1506 2061 1534 2088 et
1573 2053 1643 2088 aliis
1679 2053 1860 2088 hominibus

1111 2103 1228 2138 castelli
1252 2102 1409 2138 Battalarii
1445 2111 1473 2138 et
1498 2103 1754 2150 pertinentiarum
1778 2102 1858 2140 eius,

1110 2160 1141 2187 et
1166 2152 1267 2187 casale
1301 2151 1493 2192 Busachiui,
1530 2164 1651 2187 necnon
1685 2159 1717 2187 et
1749 2164 1859 2187 omnes

1110 2201 1249 2236 decimas
1270 2209 1301 2235 et
1322 2201 1399 2236 alios
1421 2200 1571 2241 redditus,
1602 2213 1682 2248 quos
1704 2201 1859 2247 Agrigen-

1112 2251 1174 2285 tina
1201 2249 1341 2285 Ecclesia
1369 2250 1399 2284 in
1423 2257 1525 2285 castro
1551 2250 1718 2286 Corleonis
1739 2258 1770 2285 et
1787 2262 1858 2297 per-

1111 2299 1254 2334 tiuentiis
1288 2299 1357 2334 eius
1384 2299 1529 2340 habebat,
1556 2300 1639 2334 sicut
1676 2299 1706 2334 in
1739 2299 1858 2346 scripto

1110 2348 1211 2403 ipsius
1240 2348 1380 2395 episcopi
1415 2348 1620 2394 dignoscitur.
1655 2347 1699 2382 Ex
1727 2360 1856 2384 conces-

1110 2398 1200 2432 sione
1222 2396 1367 2432 ttauhaei
1403 2397 1604 2432 Mazariensis
1630 2397 1770 2445 episcopi
1804 2409 1858 2445 pa-

1111 2446 1248 2482 rochiam
1269 2455 1298 2481 et
1325 2445 1511 2487 dioecesim,
1539 2453 1570 2481 et
1597 2447 1646 2481 ius
1667 2446 1857 2494 episcopale

323 2504 389 2530 erat
409 2504 439 2530 et
462 2497 596 2531 multum
623 2497 728 2532 utilior
754 2497 794 2534 ei
822 2508 916 2542 quam
948 2495 1071 2531 Panor-
1089 2487 1092 2528 i
1111 2507 1283 2543 omnesque
1305 2494 1444 2531 decimas
1460 2504 1490 2531 ct
1504 2495 1582 2531 alios
1600 2494 1751 2539 redditus,
1773 2496 1856 2551 quod

323 2545 458 2579 mitanac
491 2545 663 2590 Ecclesiae,
699 2547 760 2581 iam
790 2544 893 2580 dictus
914 2544 1092 2606 archiepi-
1089 2551 1092 2564 ·
1110 2544 1250 2580 Ecclesia
1281 2543 1481 2580 Mazariensis
1508 2543 1638 2580 habebat
1666 2544 1696 2578 in
1719 2545 1858 2580 munici-

323 2605 451 2641 SCOPUS,
474 2602 554 2629 Sicut
576 2595 644 2629 eius
668 2595 784 2642 SCTiPiO
806 2594 965 2630 RUlCssllCO
993 2593 1092 2629 COH-

1111 2605 1163 2641 pio
1189 2593 1258 2629 Lati
1280 2602 1309 2629 et
1332 2594 1504 2642 municipio
1530 2592 1694 2639 Calatrasi‚
1715 2595 1857 2630 cunctis-

1868 237 1917 265 An.
1936 238 1965 265 C.
1981 237 2047 265 1185

1885 495 1912 516 Ex
1927 497 2054 518 concessio—

1872 532 1897 547 ne
1912 526 2055 549 Messanonnts

1871 557 2040 585 archiepiscopi:

1887 1185 1915 1206 Ex
1935 1188 2057 1208 concessio-

1873 1223 1900 1238 ne
1948 1217 2057 1244 archiepi-

1874 1249 1932 1274 scopi
1972 1247 2057 1275 Rhogy-

1873 1280 1916 1300 tani
1926 1294 1932 1302 .
1963 1284 2057 1300 conson-

1873 1309 1939 1330 tiente
1955 1308 2054 1336 capituto:

1887 1815 1914 1836 Ex
1929 1818 2054 1837 concessio-

1873 1852 1899 1868 ne
1945 1846 2056 1868 Bartholo-

1873 1879 1926 1898 maei
1951 1878 2057 1904 Agrigen-

1873 1907 1910 1929 tini
1921 1909 2028 1935 episcopi:

1886 2359 1913 2380 Ex
1925 2358 2022 2381 Matthaei
2034 2365 2055 2381 e-

1872 2393 1965 2417 praecopi
1986 2390 2053 2412 Maza-

1872 2422 1900 2441 tie
1905 2427 1956 2446 usis,
