2129 3223
33 243 83 271 An.
99 242 130 270 C.
149 243 216 271 mi

39 839 71 862 Ad
97 838 210 861 Roman-m

26 875 78 897 κιο
92 869 209 891 &eteniam

11 901 94 922 >nunu
112 901 210 928 quaestio

25 932 74 954 1Ιεί
85 930 206 953 referenda.

30 1529 63 1551 Ab
72 1530 118 1551 eius
126 1530 206 1551 unione

23 1558 98 1582 emet
115 1565 161 1581 cnm
176 1560 208 1580 di·

22 1593 160 1615 sees-eruut,
185 1591 206 1610 in

23 1622 206 1648 unitati-iugum

23 1655 71 1674 'tun
86 1652 148 1679 tapsi.

835 242 1018 265 GREGontus
1039 242 1070 264 ΙΧ
1095 241 1140 264 PF.

229 303 403 344 capturam.
435 296 469 331 Si
497 307 571 341 ergo
594 295 707 330 Petrus
730 303 857 342 propter
879 295 979 330 excel-

229 345 357 380 lentiam
381 344 470 385 fidei,
505 357 565 392 qua
601 345 630 379 in
660 356 722 379 uno
749 344 877 378 Christo
899 344 977 379 duas

229 403 356 430 naturas
378 394 530 429 veraciter
556 405 807 439 recognoscens,
834 406 906 427 cum
925 394 977 427 di—

228 445 287 478 xit:
314 444 361 479 Tu
389 455 424 479 cs
450 443 600 478 Christus
623 443 707 477 filius
734 441 790 476 Dei
817 443 888 485 tiri,
910 444 976 476 cla-

228 504 280 527 ves
302 493 389 540 regni
412 493 556 527 caelestis
578 492 607 526 in
625 492 715 527 terris
736 491 822 526 solus
844 493 975 538 accepim

226 553 297 576 cum
324 554 406 577 unus
424 543 463 577 sit
482 542 654 582 Dominus,
678 552 740 575 una
761 540 852 584 fides,
876 553 974 574 unum

227 590 391 637 baptisma,
414 603 512 625 unuin
548 590 749 637 principium,
778 602 874 624 uuum
903 602 975 624 cor-

227 652 286 687 pus
313 640 472 676 Ecclesiae
499 640 673 679 militantis,
697 647 729 674 et
755 651 870 686 corpus
901 651 974 673 cum

226 689 371 736 pluribus
392 689 548 736 capitibus
571 698 824 729 monstruosum,
855 696 884 723 et
906 689 974 723 sine

224 739 328 786 capite
353 739 540 786 acephalum
563 745 756 774 censeretur.

272 791 288 831 ἓ
312 790 370 824 40.
397 788 508 824 Restat
530 797 563 823 ut
586 787 623 822 ad
653 787 794 834 regimen
817 787 973 833 generalis

225 836 398 878 Ecclesiae,
419 850 514 885 quam
538 838 604 885 ipse
625 849 697 871 cum
722 835 832 877 Paulo,
855 844 884 870 et
901 848 973 870 cae-

223 886 299 922 teris
324 887 364 922 de
386 887 547 934 gentibus,
574 886 719 928 Graecis,
746 885 879 923 Latinis,
902 885 971 919 Bar-

223 935 319 981 baris,
341 937 554 983 congregavit.
578 944 670 982 caput
689 935 843 975 eiusdem,
866 947 971 968 suum-

221 996 285 1033 que
318 985 475 1021 Dominus
508 998 561 1032 per
593 997 645 1028 ea,
685 996 766 1031 quae
801 984 971 1030 praemissa

221 1042 307 1079 sunt,
334 1035 501 1070 manifeste
534 1033 713 1069 ostenderet
741 1045 969 1068 successorem.

223 1083 412 1120 Praevidens
433 1093 538 1120 autem
562 1083 730 1126 Dominus,
753 1082 838 1130 qnod
858 1082 971 1117 Eccle-

221 1133 264 1168 sia
287 1132 344 1180 Dei
367 1135 606 1169 conculcaretur
627 1145 642 1167 a
663 1133 819 1179 tyrannis,
842 1131 972 1166 laniare-

221 1177 336 1217 tur‘ab
363 1183 537 1222 haereticis,
560 1192 589 1217 et
617 1194 632 1216 a
655 1181 865 1216 schismaticis
890 1180 972 1215 scin-

220 1232 359 1273 deretur,
380 1233 437 1267 ait:
461 1232 523 1267 Pro
540 1241 568 1266 te
584 1231 701 1277 rogavi,
725 1231 826 1270 Petre,
851 1237 883 1264 ut
907 1242 969 1263 non

220 1280 343 1316 deficiat
366 1281 445 1316 fides
476 1289 541 1324 tua,
575 1289 604 1314 et
639 1288 671 1314 tu
699 1279 869 1327 aliquando
891 1290 970 1313 con-

221 1342 330 1365 versus
351 1331 500 1366 confirma
519 1330 630 1364 fratres
653 1337 734 1364 tuos.
759 1328 804 1362 Ex
827 1340 890 1375 quo
909 1327 970 1362 col-

221 1379 328 1426 ligitur
353 1380 532 1419 evidenter,
558 1379 643 1426 qnod
671 1378 708 1414 ad
741 1377 857 1412 Sedem
886 1376 968 1410 Petri

220 1429 324 1464 omnis
350 1429 389 1464 sit
416 1428 559 1476 quaestio
581 1427 653 1462 fidei
677 1427 850 1462 reserenda.

268 1482 284 1521 ἓ
311 1480 368 1512 Η.
396 1478 461 1513 Sed
488 1478 572 1525 quod
609 1477 752 1512 dolentes
785 1475 969 1519 referimus,

221 1533 255 1561 ut
276 1526 430 1574 epistolae
464 1536 536 1562 tuae
572 1526 674 1561 verbis
706 1534 850 1568 utamur,
878 1536 970 1571 prae-

220 1584 408 1624 sumptuose
436 1575 565 1624 quidem
589 1588 650 1610 non
673 1587 730 1623 per
751 1586 863 1609 manus
885 1573 970 1608 mili-

221 1632 307 1665 tnm,
342 1626 402 1660 sed
442 1625 727 1661 ecclesiasticarum
763 1635 968 1671 personarum

219 1685 354 1719 sensus,
371 1675 434 1710 veri
460 1675 574 1722 loseph
598 1674 703 1709 talaris
725 1674 830 1707 tunica
868 1680 899 1707 et
927 1673 971 1706 in-

220 1720 389 1759 consutilis
409 1732 457 1759 est
484 1737 573 1771 passa
597 1723 779 1759 scissuram.
807 1721 871 1756 Sed
900 1722 970 1768 quis

219 1772 350 1808 sciderit
375 1773 534 1808 videatur:
563 1785 635 1807 cum
669 1772 754 1806 enim
776 1770 970 1806 Graecorum

220 1821 362 1857 Ecclesia
385 1834 400 1856 a
422 1822 586 1857 Romanae
609 1820 702 1856 Sedis
726 1820 844 1855 unitate
866 1831 970 1854 reces-

220 1871 278 1912 sit,
305 1871 408 1906 statim
436 1871 602 1919 privilegio
624 1870 721 1905 caruit
742 1869 970 1904 ecclesiasticae

221 1919 386 1961 libertatis,
408 1928 438 1955 et
459 1932 540 1967 quae
561 1919 663 1954 suerat
685 1918 792 1959 libera,
819 1917 896 1952 facta
924 1927 971 1952 est

221 1969 391 2004 saecularis
415 1969 576 2016 potestatis
598 1968 728 2008 ancilla,
750 1975 784 2002 ut
809 1968 889 2002 iusto
911 1966 970 2001 Dei

221 2018 351 2058 iudicio,
373 2030 454 2066 quae
469 2019 569 2053 noluit
583 2017 726 2052 divinum
746 2028 971 2062 recognoscere

222 2072 252 2106 in
275 2071 370 2106 Petro
391 2073 575 2118 primatum,
603 2070 724 2106 tolleret
745 2071 841 2106 invita
859 2082 972 2105 saecu-

222 2126 284 2160 lare
297 2125 485 2160 dominium.
509 2125 576 2160 Sub
594 2137 657 2171 quo
681 2137 742 2159 uon
759 2124 881 2159 modica
901 2136 972 2158 con-

221 2187 384 2219 temnens,
412 2179 563 2226 paulatim
591 2178 762 2217 decidens,
791 2177 883 2212 fidem
917 2178 972 2212 iu—

222 2231 356 2267 formem
383 2232 545 2279 profitens,
569 2241 599 2266 et
626 2244 641 2266 a
664 2231 798 2267 fraterna
820 2232 972 2266 charitate

224 2295 401 2334 tepescens,
421 2287 567 2321 licentius
591 2298 645 2333 per
667 2297 814 2332 campum
828 2285 973 2320 licentiae

224 2351 287 2374 non
311 2339 483 2375 refraenate.
506 2340 664 2379 discurrit,
692 2347 726 2374 ut
749 2338 973 2378 sinealicuius

225 2391 484 2440 reprehensione,
512 2393 632 2428 licitum
656 2392 716 2427 suh
738 2392 846 2427 illicito
864 2392 975 2440 pallia-

227 2454 288 2486 ret,
310 2454 342 2480 et
367 2457 383 2480 a
404 2445 538 2493 Templo
565 2445 647 2480 Petri
676 2445 840 2485 recedens,
861 2457 877 2480 a
905 2445 974 2480 Do-

227 2501 313 2535 mino
335 2501 422 2548 quasi
451 2502 590 2535 attritum
613 2500 689 2535 foris
716 2500 859 2543 eiicitur,
889 2499 973 2546 quod

227 2553 313 2600 virga
350 2565 406 2588 sua
445 2553 578 2589 loannes
615 2552 800 2600 prohibente
836 2552 975 2587 Domino

228 2617 291 2641 non
320 2607 464 2642 metitur:
496 2607 646 2654 quoniam
673 2607 782 2642 datum
816 2613 862 2642 est
896 2605 975 2641 illud

1647 237 1711 268 471

1018 295 1175 342 gentihus,
1198 303 1227 329 et
1251 295 1309 330 hoc
1333 297 1391 331 iam
1415 299 1582 345 cognoscis
1605 299 1767 334 visibiliter

1018 353 1250 380 consumatum.

1066 398 1080 437 g
1110 396 1165 427 42.
1188 394 1282 436 Quod
1307 394 1458 436 Samaria,
1487 409 1568 443 quae
1589 410 1605 432 a
1633 398 1766 445 Templo
1793 414 1814 436 ιι
1839 418 1958 438 ins-«mn.

1018 442 1142 478 Domini
1166 451 1197 477 et
1218 455 1233 477 a
1256 443 1352 487 luda,
1379 456 1414 479 ac
1438 458 1526 480 verae
1549 447 1619 482 tidei
1639 448 1764 482 contos·
1780 450 1950 473 P'·‘’‘¹='¹“¹'“³‘¹·

1016 492 1105 528 sione
1136 492 1302 533 recedens,
1335 493 1410 528 sacta
1443 494 1571 530 idolatra
1605 498 1764 544 praefigu-

1018 554 1104 583 rans,
1138 541 1292 576 bellorum
1326 543 1468 578 cladibus
1494 546 1684 581 continuatis
1716 555 1764 581 at-

1017 592 1098 631 trita,
1121 600 1150 626 et
1173 599 1371 638 peccatorum
1394 601 1520 638 gravata
1543 594 1694 640 pondere,
1718 596 1762 630 li-

1015 649 1064 675 cet
1089 640 1175 675 Elias
1203 648 1234 675 et
1266 640 1430 682 Elisaeus,
1466 650 1623 689 tamquam
1651 656 1761 691 magna

1016 690 1178 725 luminaria
1215 689 1257 724 ibi
1289 690 1373 725 velut
1414 691 1444 725 in
1480 691 1549 726 loco
1588 694 1762 740 caliginoso

1015 738 1207 778 refulserint,
1241 738 1310 773 data
1345 748 1390 775 est
1424 740 1589 786 gentibuS,
1625 744 1760 790 proiecta

1015 788 1089 823 foris
1111 789 1140 822 in
1168 788 1321 823 ultionem
1356 789 1582 833 fornicationis,
1605 801 1634 826 et
1662 791 1761 827 idola-

1015 838 1108 877 triae,
1131 837 1248 884 quibus
1269 849 1303 872 se
1325 850 1341 873 a
1364 838 1501 874 Domino
1523 841 1685 886 separavit.

1061 892 1077 930 g
1109 889 1164 921 15.
1199 886 1292 929 Quod
1331 887 1357 922 si
1393 887 1527 923 Paulum
1566 888 1759 925 Graecorum

1014 936 1153 971 Ecclesia
1189 948 1222 971 se
1255 935 1371 971 habere
1406 937 1571 984 proponit,
1597 939 1761 980 exhibeat,

1014 986 1060 1019 ve}
1087 997 1104 1019 a
1135 997 1319 1020 successore
1347 985 1449 1026 Petri,
1477 994 1507 1021 et
1540 987 1665 1024 Vicario
1687 989 1759 1024 lesu

1012 1034 1130 1070 Christi
1154 1035 1184 1069 in
1207 1034 1432 1081 Apostolorum
1472 1035 1610 1081 basilica,
1642 1050 1723 1085 quae
1744 1051 1759 1073 a

1012 1083 1221 1119 Constantino
1256 1093 1434 1119 constructa
1470 1093 1530 1127 est,
1564 1098 1637 1121 cum
1668 1087 1761 1122 Petro

1011 1133 1186 1168 exhibitum
1210 1142 1423 1179 recognoscat.
1450 1133 1555 1170 Officii
1577 1137 1672 1170 etiam
1700 1149 1759 1171 no—

1013 1182 1083 1216 tavit
1106 1182 1301 1229 mysterium,
1329 1183 1400 1217 licet
1434 1182 1547 1219 litteris
1569 1186 1643 1229 tuis,
1669 1187 1757 1232 quasi

1011 1231 1071 1266 sub
1093 1231 1192 1266 forma
1212 1232 1467 1278 reprehensionis
1486 1233 1639 1269 insertum
1655 1233 1758 1274 fuerit.

1011 1280 1094 1327 quod
1119 1280 1232 1315 Petrus
1261 1280 1300 1315 ab
1331 1281 1456 1315 ostiaria
1490 1290 1536 1316 ter
1561 1291 1757 1326 commotus,

1011 1329 1047 1363 ad
1067 1329 1140 1375 galli
1162 1338 1290 1364 cantum
1305 1331 1470 1372 excitatus,
1494 1330 1595 1367 factus
1608 1341 1654 1367 est
1669 1333 1757 1367 ostia-

1012 1379 1076 1412 rius
1114 1378 1269 1425 paradisi,
1303 1387 1337 1412 ut
1372 1379 1515 1414 videlicet
1541 1381 1595 1427 qui
1624 1393 1758 1428 praeesse

1011 1427 1181 1470 debuerat,
1217 1428 1278 1474 pati
1314 1428 1407 1462 sciret
1429 1436 1458 1462 et
1480 1430 1635 1477 compati,
1670 1439 1758 1465 etex

1011 1477 1202 1511 auctoritatis
1238 1476 1358 1517 officio,
1392 1477 1442 1512 cui
1477 1486 1524 1513 ter
1558 1479 1678 1514 dictum
1712 1489 1758 1514 est

1011 1526 1226 1571 singulariter:
1242 1525 1354 1570 Pasce,
1376 1535 1407 1560 et
1434 1539 1496 1562 non
1520 1529 1650 1575 pascite,
1685 1541 1759 1564 oves

1011 1587 1108 1619 meas,
1135 1584 1197 1609 non
1221 1575 1350 1616 alienas,
1376 1575 1414 1610 ad
1437 1588 1638 1613 successores
1655 1585 1759 1613 trans-

1012 1625 1109 1658 misso
1132 1625 1196 1658 veri
1222 1625 1354 1670 pastoris
1380 1627 1537 1673 exemplo,
1559 1626 1758 1661 subditorum

1011 1686 1158 1708 excessus
1191 1673 1230 1708 ad
1260 1674 1409 1708 unitatem
1438 1674 1598 1710 Ecclesiae
1621 1676 1758 1711 redeun-

1013 1724 1107 1762 tium,
1142 1723 1174 1756 in
1201 1722 1318 1769 spiritu
1346 1722 1481 1758 lenitatis
1508 1725 1693 1770 corrigeret,
1728 1733 1758 1759 et

1011 1771 1132 1806 cultum
1158 1772 1319 1806 christiani
1346 1772 1485 1807 nominis
1506 1781 1619 1820 sponte
1641 1774 1759 1820 profes-

1011 1833 1079 1861 sos,
1102 1820 1142 1855 ab
1162 1820 1303 1855 Ecclesia
1326 1820 1507 1856 oberrantes
1524 1823 1670 1869 exigente
1687 1834 1756 1857 con-

1011 1870 1157 1913 tumacia,
1181 1870 1264 1904 iuxta
1287 1869 1584 1917 verbumApostoli‚
1606 1871 1758 1907 tradendo

1013 1918 1192 1954 huiusmodi
1219 1918 1377 1954 Sathauae
1400 1919 1430 1954 in
1452 1921 1612 1956 interitum
1634 1922 1757 1962 carnis,

1011 1969 1048 2003 ad
1071 1968 1152 2003 ovile
1178 1968 1341 2003 reduceret
1369 1969 1413 2004 vel
1437 1968 1561 2005 invitos.

1060 2021 1075 2061 ξ
1101 2019 1154 2051 14.
1179 2017 1211 2052 Si
1236 2029 1308 2052 vero
1335 2029 1373 2051 ex
1397 2019 1626 2066 compassionis
1646 2019 1760 2054 affectu

1012 2066 1049 2101 ad
1077 2066 1277 2114 Apostolicae
1297 2065 1391 2101 Sedis
1416 2068 1595 2114 primatem,
1620 2075 1652 2103 et
1673 2067 1760 2103 iudi-

1013 2128 1100 2157 cem,
1135 2124 1293 2163 tamquam
1327 2127 1418 2151 verus
1447 2116 1581 2152 israelita
1609 2117 1758 2158 recurris,

1013 2174 1042 2199 et
1064 2177 1159 2212 super
1189 2165 1375 2209 contritione
1404 2165 1518 2213 loseph
1552 2165 1591 2200 de
1621 2166 1759 2201 scissura

1015 2215 1138 2249 tunicae
1167 2212 1378 2252 inconsutilis,
1401 2223 1483 2249 mota
1505 2222 1580 2249 sunt
1606 2223 1679 2250 tuae
1700 2215 1759 2262 pie-

1014 2264 1084 2298 tatis
1106 2263 1241 2303 viscera,
1270 2263 1405 2310 passioni
1434 2271 1505 2298 tuae
1531 2264 1760 2310 compatimur,

1013 2320 1044 2346 et
1065 2311 1166 2346 dolori
1189 2319 1243 2346 tuo
1264 2323 1337 2346 cum
1360 2312 1511 2358 Apostolo
1537 2312 1759 2354 condolemus,

1014 2361 1107 2408 eique
1128 2361 1166 2396 ad
1189 2369 1291 2407 grates
1312 2362 1528 2407 assurgimus,
1560 2362 1614 2408 qui
1636 2362 1760 2408 aperuit

1015 2410 1124 2444 oculos
1146 2410 1229 2444 caeci
1253 2410 1335 2454 nati,
1368 2409 1529 2444 humiliter
1555 2410 1760 2456 postulantes,

1016 2467 1049 2493 ut
1075 2459 1131 2505 qui
1151 2470 1205 2506 per
1218 2458 1372 2494 collirium
1387 2471 1425 2493 ex
1448 2459 1517 2494 felle
1530 2459 1628 2505 piscis
1642 2459 1760 2495 Tobiae

1017 2508 1201 2542 illuminavit
1234 2507 1359 2548 oculos,
1384 2508 1545 2543 Ecclesiae
1565 2507 1761 2544 Graecorum

1015 2557 1108 2592 corda
1130 2568 1203 2592 cum
1222 2564 1276 2592 tuo
1298 2557 1464 2598 illuminet,
1486 2565 1516 2592 et
1537 2558 1665 2598 nostris,
1687 2558 1763 2594 tuis-

1016 2618 1076 2653 que
1099 2606 1294 2652 temporibus
1315 2605 1351 2639 ad
1369 2618 1468 2640 unum
1485 2606 1576 2648 ovile,
1598 2619 1763 2654 unumque

1781 246 1829 270 An.
1847 245 1876 272 C.
1898 247 1964 274 ¹232

1786 1296 1843 1318 Petri
1877 1302 1956 1325 pec-‘s-

1841 1333 1956 1349 successo*

1773 1365 1807 1380 res
1822 1360 1884 1380 docet
1901 1361 1956 1379 atie-

1773 1391 1806 1411 nls
1820 1391 1910 1416 compati
1926 1396 1957 1409 ιιι-

1773 1421 1911 1442 ttrrntuntnn.
