2129 3223
136 295 187 322 An.
205 294 316 322 012215
382 285 450 318 610

918 291 1103 314 nummatum
1126 279 1288 313 ROMANUM

1869 291 1920 318 An.
1936 290 1965 318 C.
1983 290 2052 319 ¹2⁸⁸

331 350 401 385 dem
428 347 565 396 capitulo
586 346 773 386 constitutis,
795 345 855 381 1100
882 355 1009 392 pensato
1035 345 1073 379 de
1115 345 1345 392 respuendum,
1392 345 1451 380 erit
1495 352 1593 380 ratum
1637 351 1667 379 et
1712 345 1853 387 firmum,

284 431 286 434 ,
330 399 431 447 equali
470 407 498 433 et
531 397 634 432 debita
667 396 826 444 portione,
861 403 893 430 111
933 395 1072 442 quinque

330 447 478 495 praedicti
508 448 637 495 priores,
660 446 714 494 qui
737 444 938 480 diffinitorum
962 444 1073 479 electo-

330 510 377 532 res
405 497 584 538 nominant,
617 497 708 531 annis
735 503 893 530 mutentur
926 493 1070 540 singulis,

328 547 503 582 successive
535 546 700 581 domorum
735 545 844 580 ordine
878 551 1070 583 conservato,

327 595 549 631 descendendo
571 607 695 642 semper
717 607 771 642 per
792 593 931 640 singulos
954 593 1070 640 priores

329 658 428 693 usque
455 646 492 680 ad
520 645 663 680 ultimum
692 644 855 686 inclusive,
878 651 906 678 et
935 649 1071 689 postmo-

325 695 400 730 dum
419 707 435 730 a
452 695 552 742 capite
567 694 756 734 incoliando,
771 694 871 741 priore
883 691 1069 727 Cartbusiae

326 757 387 779 non
422 753 552 780 mutato.
587 744 648 780 Sex
678 744 769 790 igitur
790 743 939 778 electores
965 741 1067 775 statim

327 804 503 842 postquam,
537 803 568 829 111
601 793 815 841 supradictum
837 800 895 836 est,
917 791 1066 826 nominati

326 843 451 888 luerint,
479 843 625 879 recedant
648 844 679 878 in
712 843 814 877 locum
843 841 882 876 ad
910 840 968 875 boc
996 852 1068 887 spe-

324 893 442 928 cialiter
463 893 659 940 deputatum,
681 899 710 927 ct
729 892 813 927 brevi
838 897 964 925 tractatu
988 889 1068 924 inter

324 955 357 977 se
384 942 501 986 babito,
516 941 634 989 absque
661 941 722 976 ulla
755 952 969 988 personarum,
996 951 1067 986 par-

325 993 419 1034 tium,
446 992 620 1035 nationum,
655 992 700 1026 vel
729 991 943 1025 conditionum
976 1000 1066 1023 acce-

325 1042 442 1089 ptione,
469 1041 585 1087 eligant
616 1049 687 1076 octo
708 1039 892 1075 diffinitores
915 1050 971 1086 pro
992 1050 1065 1073 suae

325 1090 493 1126 voluntatis
511 1089 649 1135 arbitrio,
660 1090 724 1125 sire
742 1089 781 1124 de
795 1102 828 1124 se
843 1089 931 1136 ipsis,
950 1089 1013 1123 sive
1029 1088 1066 1123 118

323 1140 491 1187 prioribus,
514 1140 577 1174 sive
596 1139 634 1175 de
648 1139 811 1174 monachis
832 1138 1016 1173 Cartbusiae
1034 1138 1064 1172 in

322 1189 432 1225 eodem
465 1189 603 1237 capitulo
629 1189 842 1235 congregatiS,
868 1199 964 1235 quos,
988 1195 1066 1223 teste

323 1238 406 1275 fideli
430 1239 633 1284 conscientia,
654 1251 712 1274 suo
731 1237 922 1273 crediderint
950 1236 1065 1272 iudicio

322 1288 460 1336 qualibet
478 1289 661 1336 exceptione
676 1288 848 1333 digniores;
869 1287 985 1335 quibus
1006 1286 1065 1322 ele-

322 1338 391 1380 ctis,
411 1351 492 1373 unus
505 1338 686 1385 eligentium
705 1336 889 1372 diffinitores
905 1336 990 1384 ipsos
1012 1348 1066 1383 per

322 1387 406 1422 bunc
432 1387 561 1423 modum
584 1388 699 1422 8180105
726 1387 792 1422 vice
817 1398 886 1430 sua,
912 1394 943 1421 et
969 1385 1065 1420 colle-

322 1448 430 1481 garum
458 1449 585 1471 suorum
609 1437 639 1471 in
663 1436 822 1472 communi
845 1448 917 1470 mox
938 1435 1066 1470 audien-

322 1486 362 1520 tia
397 1485 578 1533 publicabit.
611 1485 672 1528 Qui
709 1484 892 1520 diffinitores
919 1484 1008 1519 electi
1035 1492 1064 1519 et

322 1536 475 1570 nominati
497 1534 656 1570 habebunt
678 1534 905 1582 plenitudinem
928 1541 1064 1580 potesta-

323 1584 375 1623 tis,
398 1597 458 1620 una
478 1597 550 1620 cum
577 1584 680 1631 priore
701 1583 887 1619 Cartbusiae
909 1582 1064 1626 ordinare,

322 1642 456 1669 statuere
468 1642 497 1669 et
509 1634 655 1674 diffinire,
670 1645 749 1681 quae
760 1632 932 1669 secundum
946 1631 1064 1672 Deum,

322 1691 352 1717 et
388 1683 536 1731 propositi
558 1682 776 1718 Caribusien.
815 1682 1062 1717 observationem

323 1731 435 1767 melius
454 1741 485 1767 et
505 1732 613 1767 utilius
632 1733 662 1767 in
687 1733 754 1780 ipso
775 1732 912 1779 capitulo
934 1731 1063 1766 viderint

322 1781 504 1823 ordinanda;
541 1782 580 1817 ita
607 1781 692 1829 quod
725 1781 876 1828 quidquid
911 1793 926 1815 a
964 1782 1064 1827 priore

322 1830 504 1866 Cartliusiae
539 1843 609 1866 cum
648 1839 782 1878 quatuor
814 1830 854 1865 de
888 1830 1065 1877 praelibatis

322 1880 545 1916 diffinitoribus
565 1881 601 1915 ad
624 1881 739 1919 miuus,
761 1880 807 1915 vel
830 1892 900 1914 cum
925 1879 1065 1927 pluribus

323 1929 489 1964 diffinitum
528 1929 621 1965 suerit
669 1930 714 1965 vel
752 1937 914 1971 statutum,
941 1929 1062 1975 plenam

324 1978 448 2014 babebit
476 1979 506 2014 in
534 1987 598 2014 toto
620 1979 730 2014 ordine
750 1978 938 2014 firmitatem.
961 1979 1065 2020 Quin-

323 2039 384 2074 que
412 2040 483 2063 vero
522 2028 568 2064 vel
596 2041 649 2063 sex
675 2029 744 2064 sine
775 2028 934 2076 praedicto
962 2028 1065 2075 priore

323 2077 524 2119 Cartbusiae,
559 2077 638 2112 nihil
669 2090 741 2112 cum
774 2077 884 2113 effectu
920 2085 1065 2124 poterunt

324 2126 489 2168 ordinare3
519 2126 572 2162 sed
594 2135 713 2174 septem
741 2126 787 2162 vet
809 2134 879 2162 octo
900 2127 925 2161 si
947 2126 1064 2173 aliquid

325 2176 533 2211 ordinaverint
568 2175 615 2211 vel
648 2176 824 2216 statuerint,
850 2175 936 2223 quod
972 2176 1064 2223 priori

325 2224 508 2261 Cartbusiae
542 2234 713 2261 memorato
745 2237 806 2260 non
834 2225 965 2272 placeat,
991 2233 1067 2259 tunc

325 2275 480 2322 eligantur
518 2274 581 2310 duo
614 2274 738 2315 arbitri,
781 2287 863 2309 unus
905 2287 941 2309 cx
983 2282 1067 2321 parte

327 2325 439 2371 prioris
459 2323 657 2368 Cartbusiae,
678 2332 707 2359 et
729 2323 809 2359 alius
834 2337 871 2359 ex
893 2332 978 2372 parte
1006 2323 1069 2358 dif-

328 2373 504 2419 finitorum,
536 2382 566 2409 et
603 2373 712 2409 tertius
744 2374 784 2408 sit
817 2374 994 2409 eommunis
1029 2373 1068 2408 de

329 2431 392 2458 toto
418 2424 535 2459 electus
565 2423 789 2459 monachorum
817 2422 1012 2463 Carthusiae,
1039 2430 1068 2457 et

332 2473 468 2517 priorum
491 2473 634 2520 collegio,
662 2473 700 2507 ita
728 2480 830 2507 tamen
853 2474 936 2519 quod
964 2472 1068 2506 nullus

330 2522 368 2555 sit
389 2523 427 2558 de
461 2522 683 2558 diffinitoribus
703 2521 901 2569 saepedictis,
921 2529 949 2556 et
976 2521 1069 2567 quid-

330 2570 405 2615 quid
433 2572 490 2619 ipsi
520 2581 580 2606 tres
606 2584 701 2618 super
726 2571 918 2606 ordinatione
945 2570 1067 2606 illorum

331 2628 448 2665 septem
471 2620 517 2655 vel
538 2628 609 2656 octo
628 2620 832 2656 diffinitorum
848 2619 985 2655 dixerint
1003 2631 1070 2654 esse

331 2668 502 2703 tenendum
537 2670 611 2704 utile
632 2670 679 2704 vel
701 2669 883 2718 expediens,
912 2670 957 2704 vel
975 2669 1069 2704 etiam

1113 402 1141 428 et
1172 406 1227 440 per
1252 402 1351 429 totum
1380 394 1522 430 ordinem
1555 393 1774 430 inviolabiliter
1797 395 1855 430 ob-

1113 443 1318 484 servandum,
1367 443 1442 479 alias
1490 456 1562 479 vero
1617 456 1677 479 11011
1739 445 1853 492 privata

1112 493 1247 540 capitula
1278 506 1373 540 super
1405 505 1556 533 annuum,
1584 502 1615 528 ut
1642 506 1750 529 eorum
1780 493 1855 529 31111-

1111 542 1223 578 damus
1263 543 1424 583 vocabulo,
1450 542 1693 579 celebrabuntur
1731 544 1761 578 in
1802 544 1852 578 illa

1111 591 1219 636 forma,
1241 604 1334 640 quam
1356 592 1502 640 generale
1528 593 1699 640 capitulum
1726 592 1852 628 ordina-

1111 641 1166 676 bit.
1198 642 1263 677 Nos
1285 655 1368 683 vero,
1398 641 1572 690 praedictus
1592 641 1771 688 cardinalis,
1797 655 1852 678 su-
1878 650 2014 688 Conflrnqnur
2035 658 2048 673 ι

1111 692 1278 737 pradictam
1295 691 1495 727 concordiam
1511 690 1620 726 factam
1636 691 1675 726 de
1689 693 1848 727 communi
1865 682 1966 740 {2:2¹⁰ss
1985 683 2047 704 ‘¹⁰¹⁸‘

1110 742 1240 786 partium
1258 741 1413 776 voluntate
1430 741 1624 788 potissimum
1642 749 1850 788 acceptantes,

1111 791 1209 837 ipsam
1233 790 1378 826 volumus
1399 799 1428 826 et
1457 789 1642 824 mandamus
1669 791 1851 827 auctoritate

1108 839 1225 875 domini
1247 840 1363 888 Papae,
1385 849 1414 875 et
1436 839 1475 874 de
1496 839 1625 874 consilio
1646 839 1849 875 cardinalium

1108 888 1254 924 illibatam
1300 898 1392 938 atque
1431 889 1550 924 firmam
1588 889 1618 923 in
1650 889 1697 924 sui
1732 889 1852 925 roboris

1107 939 1310 975 consistentia
1332 948 1482 987 perpetuo
1504 950 1698 986 permanere.
1723 937 1851 974 Contra-

1107 988 1241 1024 (lictores
1274 997 1305 1024 81
1342 988 1474 1024 rebelles
1507 987 1566 1022 sub
1601 988 1850 1024 interminatione

1107 1039 1312 1074 anathematis
1344 1038 1582 1086 compescendo.
1610 1037 1679 1072 Non
1706 1037 1849 1074 obstante
1869 1047 2044 1070 0111113131,-

1106 1088 1304 1123 01111113110118
1335 1096 1452 1128 nostra,
1489 1087 1528 1122 de
1560 1099 1620 1134 qua
1655 1088 1846 1123 mentionem
1861 1082 1950 1107 ’ΨΜ

1107 1137 1249 1178 fecimus,
1275 1137 1322 1172 vel
1357 1138 1460 1185 aliquo
1492 1145 1563 1172 actu
1600 1137 1767 1181 contrario,
1799 1138 1847 1173 vel

1106 1187 1341 1222 confirmatione
1367 1186 1484 1221 domini
1506 1186 1620 1234 Papae,
1643 1186 1689 1221 vel
1716 1186 1848 1234 quibus-

1105 1248 1240 1284 cumque
1268 1236 1379 1272 litteris
1419 1248 1513 1283 super
1544 1236 1620 1283 ipsis
1661 1235 1846 1283 impetratis,

1106 1287 1151 1321 vel
1181 1288 1273 1321 etiam
1305 1285 1520 1333 impetrandis,
1536 1286 1580 1320 vel
1595 1285 1848 1334 quibuscumque

1105 1335 1365 1375 confessionibus,
1393 1335 1439 1371 vel
1466 1334 1722 1381 responsionibus
1742 1347 1846 1371 coram

1107 1385 1196 1420 nobis
1208 1387 1237 1420 111
1250 1385 1380 1430 iudicio,
1392 1385 1437 1419 vel
1451 1393 1535 1420 extra
1546 1384 1694 1419 iudicium
1710 1384 1847 1432 promul-

1104 1437 1195 1482 gatis,
1210 1447 1264 1482 per
1276 1447 1354 1482 quas
1365 1434 1511 1469 nolumus
1522 1434 1552 1468 in
1566 1442 1738 1481 posterum,
1760 1441 1845 1470 extra

1106 1485 1151 1519 vel
1174 1484 1253 1519 ultra
1283 1492 1479 1532 praesentem
1501 1483 1729 1518 ordinationem
1751 1483 1845 1519 alicui

1107 1534 1237 1581 partium
1251 1534 1300 1568 ius
1311 1534 1441 1581 acquiri,
1457 1533 1501 1568 vel
1518 1532 1743 1579 praeiudicium
1754 1545 1846 1579 gene-

1105 1584 1175 1618 rari.
1192 1582 1386 1630 Supplentes
1399 1582 1580 1617 auctoritate
1594 1581 1712 1617 domini
1731 1581 1844 1629 Papae,

1105 1640 1134 1668 et
1148 1633 1186 1667 de
1205 1633 1302 1680 ipsius
1325 1631 1519 1679 plenitudine
1536 1643 1661 1666 omnem
1677 1630 1845 1676 defectum,

1104 1682 1131 1716 si
1155 1683 1229 1729 quis
1262 1681 1318 1716 fuit
1351 1682 1381 1716 in
1415 1680 1666 1728 procuratoribus
1698 1681 1844 1729 partium.

1105 1731 1151 1766 vel
1184 1732 1214 1766 in
1249 1731 1470 1778 procuratoriis
1502 1729 1696 1765 eorumdem.
1730 1730 1844 1766 Actum

1105 1789 1149 1815 est
1176 1780 1237 1815 hoc
1257 1779 1386 1827 Neapoli
1414 1780 1444 1814 in
1466 1779 1602 1827 hospitio
1624 1788 1742 1819 nostro,
1763 1792 1845 1815 anno
1866 1785 2040 1823 lnptrqmwiw

1105 1829 1230 1864 Domini
1257 1829 1423 1864 millesimo
1449 1829 1662 1864 ducentesimo
1688 1829 1846 1877 quinqua·
1859 1818 1962 1845 ‘mmm‘

1104 1880 1223 1925 gesimo
1261 1879 1390 1926 quinto,
1429 1878 1597 1913 indictione
1635 1878 1846 1914 decimatertia

1106 1941 1213 1963 mense
1237 1928 1355 1975 aprilis,
1377 1928 1427 1963 die
1448 1928 1691 1976 decimaquarta,
1713 1928 1846 1976 pontifi-

1106 1987 1192 2013 catus
1232 1977 1352 2012 domini
1390 1977 1559 2012 Alexandri
1602 1976 1705 2024 Papae
1745 1977 1846 2025 quarti

1105 2039 1187 2062 anno
1208 2027 1321 2074 primo.
1340 2026 1562 2062 Praesentibus
1583 2027 1675 2062 tratre
1694 2025 1847 2062 Riccardo

1106 2076 1259 2111 monacho
1281 2075 1506 2120 Fossaenorae,
1520 2075 1702 2123 cappellano
1728 2083 1847 2119 nostro,

1107 2126 1199 2161 fratre
1226 2125 1334 2161 Mauro
1357 2125 1510 2161 monacho
1535 2125 1642 2161 Sancti
1669 2124 1844 2161 Sebastiani

1106 2174 1319 2222 Neapolitan.,
1353 2183 1383 2210 et
1420 2175 1590 2210 Guillelmo
1621 2174 1660 2210 de
1693 2173 1846 2210 Cabilone

1107 2224 1221 2260 clerico
1243 2233 1359 2259 nostro.
1381 2224 1429 2259 Ad
1454 2225 1600 2260 maiorem
1627 2232 1730 2259 autem
1753 2223 1844 2258 fidem

1108 2274 1180 2308 huic
1217 2273 1404 2308 ordinationi
1438 2274 1467 2308 in
1504 2282 1661 2321 posterum
1695 2272 1846 2308 adhiben-

1108 2323 1191 2364 dani,
1215 2324 1313 2370 ipsam
1336 2335 1407 2358 cum
1431 2323 1526 2358 nostri
1549 2322 1640 2370 sigilli
1656 2323 1847 2370 appensione

1110 2385 1162 2420 per
1202 2372 1401 2407 Leonardum
1436 2372 1665 2419 infrascriptum
1706 2370 1848 2406 tabellio-

1110 2433 1179 2456 nem
1196 2421 1294 2468 redigi
1316 2422 1446 2457 fecimus
1462 2423 1491 2456 in
1507 2421 1630 2469 publica
1649 2420 1846 2456 documenta.

1110 2471 1176 2518 Ego
1203 2471 1384 2506 Leonardus
1412 2470 1561 2519 imperiali
1589 2470 1770 2506 auctoritate
1790 2481 1849 2504 no-

1110 2521 1206 2554 tarius
1233 2520 1409 2567 praedictae
1435 2519 1621 2556 ordinationi
1649 2518 1790 2559 interfui,
1818 2527 1848 2553 et

1110 2570 1206 2615 ipsam
1229 2569 1267 2604 de
1289 2569 1436 2605 mandato
1456 2577 1487 2605 et
1503 2569 1686 2605 auctoritate
1703 2568 1849 2615 praedicti

1110 2619 1227 2653 domini
1256 2619 1381 2654 loannis
1406 2618 1569 2654 cardinalis
1594 2618 1706 2666 scripsi
1734 2626 1766 2654 et
1791 2630 1851 2666 pu-

1112 2667 1232 2703 blicavi.
