<?xml version="1.0" encoding="UTF-8"?>
<!DOCTYPE html PUBLIC "-//W3C//DTD XHTML 1.0 Transitional//EN"
    "http://www.w3.org/TR/xhtml1/DTD/xhtml1-transitional.dtd">
<html xmlns="http://www.w3.org/1999/xhtml" xml:lang="en" lang="en">
 <head>
  <title>
</title>
<meta http-equiv="Content-Type" content="text/html;charset=utf-8" />
  <meta name='ocr-system' content='tesseract 3.04.00' />
  <meta name='ocr-capabilities' content='ocr_page ocr_carea ocr_par ocr_line ocrx_word'/>
</head>
<body>
  <div class='ocr_page' id='page_1' title='image "./bullarumdiplomat03cath_0100.png"; bbox 0 0 2129 3223; ppageno 0'>
   <div class='ocr_carea' id='block_1_1' title="bbox 382 265 428 299">
    <p class='ocr_par' dir='ltr' id='par_1_1' title="bbox 382 265 428 299">
     <span class='ocr_line' id='line_1_1' title="bbox 382 265 428 299; baseline 0.022 -1"><span class='ocrx_word' id='word_1_1' title='bbox 382 265 428 299; x_wconf 66' lang='lat'>94</span> 
     </span>
    </p>
   </div>
   <div class='ocr_carea' id='block_1_2' title="bbox 127 328 1081 1169">
    <p class='ocr_par' dir='ltr' id='par_1_2' title="bbox 127 328 1081 1169">
     <span class='ocr_line' id='line_1_2' title="bbox 330 328 1077 378; baseline -0.004 -13"><span class='ocrx_word' id='word_1_2' title='bbox 330 330 468 378; x_wconf 87' lang='lat' dir='ltr'>potuerit</span> <span class='ocrx_word' id='word_1_3' title='bbox 494 329 639 373; x_wconf 87' lang='lat' dir='ltr'>diffiniri,</span> <span class='ocrx_word' id='word_1_4' title='bbox 677 328 774 364; x_wconf 90' lang='lat' dir='ltr'>libere</span> <span class='ocrx_word' id='word_1_5' title='bbox 800 328 877 372; x_wconf 86' lang='lat' dir='ltr'>erit,</span> <span class='ocrx_word' id='word_1_6' title='bbox 913 328 938 363; x_wconf 89' lang='lat' dir='ltr'>si</span> <span class='ocrx_word' id='word_1_7' title='bbox 973 335 1077 363; x_wconf 87' lang='lat' dir='ltr'>autem</span> 
     </span>
     <span class='ocr_line' id='line_1_3' title="bbox 330 377 1078 427; baseline -0.005 -12"><span class='ocrx_word' id='word_1_8' title='bbox 330 392 385 427; x_wconf 88' lang='lat' dir='ltr'>per</span> <span class='ocrx_word' id='word_1_9' title='bbox 406 391 461 414; x_wconf 90' lang='lat' dir='ltr'>eos</span> <span class='ocrx_word' id='word_1_10' title='bbox 483 378 644 413; x_wconf 86' lang='lat' dir='ltr'>terminari</span> <span class='ocrx_word' id='word_1_11' title='bbox 672 378 860 425; x_wconf 79' lang='lat' dir='ltr'>nequiverit,</span> <span class='ocrx_word' id='word_1_12' title='bbox 886 385 917 412; x_wconf 90' lang='lat' dir='ltr'>et</span> <span class='ocrx_word' id='word_1_13' title='bbox 944 389 1000 425; x_wconf 91' lang='lat' dir='ltr'>per</span> <span class='ocrx_word' id='word_1_14' title='bbox 1033 377 1078 412; x_wconf 91' lang='lat' dir='ltr'>al-</span> 
     </span>
     <span class='ocr_line' id='line_1_4' title="bbox 329 426 1079 472; baseline -0.005 -8"><span class='ocrx_word' id='word_1_15' title='bbox 329 437 482 464; x_wconf 87' lang='lat' dir='ltr'>terutrum</span> <span class='ocrx_word' id='word_1_16' title='bbox 500 427 536 462; x_wconf 88' lang='lat' dir='ltr'>ad</span> <span class='ocrx_word' id='word_1_17' title='bbox 555 427 704 462; x_wconf 89' lang='lat' dir='ltr'>maiorem</span> <span class='ocrx_word' id='word_1_18' title='bbox 717 426 890 462; x_wconf 79' lang='lat' dir='ltr'>Ecclesiam</span> <span class='ocrx_word' id='word_1_19' title='bbox 908 426 1001 461; x_wconf 84' lang='lat' dir='ltr'>suerit</span> <span class='ocrx_word' id='word_1_20' title='bbox 1016 438 1079 472; x_wconf 90' lang='lat' dir='ltr'>ap·-</span> 
     </span>
     <span class='ocr_line' id='line_1_5' title="bbox 329 475 1078 525; baseline -0.005 -12"><span class='ocrx_word' id='word_1_21' title='bbox 329 478 489 525; x_wconf 84' lang='lat' dir='ltr'>pellatum,</span> <span class='ocrx_word' id='word_1_22' title='bbox 508 477 574 512; x_wconf 87' lang='lat' dir='ltr'>sive</span> <span class='ocrx_word' id='word_1_23' title='bbox 591 476 744 511; x_wconf 88' lang='lat' dir='ltr'>sententia</span> <span class='ocrx_word' id='word_1_24' title='bbox 761 475 853 510; x_wconf 78' lang='lat' dir='ltr'>fuerit</span> <span class='ocrx_word' id='word_1_25' title='bbox 873 475 1078 516; x_wconf 80' lang='lat' dir='ltr'>retractanda,</span> 
     </span>
     <span class='ocr_line' id='line_1_6' title="bbox 328 524 1078 574; baseline -0.005 -12"><span class='ocrx_word' id='word_1_26' title='bbox 328 527 367 562; x_wconf 92' lang='lat' dir='ltr'>ad</span> <span class='ocrx_word' id='word_1_27' title='bbox 384 526 598 574; x_wconf 83' lang='lat' dir='ltr'>coguitionem</span> <span class='ocrx_word' id='word_1_28' title='bbox 626 525 756 561; x_wconf 90' lang='lat' dir='ltr'>maioris</span> <span class='ocrx_word' id='word_1_29' title='bbox 776 525 938 560; x_wconf 82' lang='lat' dir='ltr'>Ecclesiae</span> <span class='ocrx_word' id='word_1_30' title='bbox 961 524 1078 559; x_wconf 85' lang='lat' dir='ltr'>refera-</span> 
     </span>
     <span class='ocr_line' id='line_1_7' title="bbox 329 573 1078 621; baseline -0.004 -11"><span class='ocrx_word' id='word_1_31' title='bbox 329 586 389 621; x_wconf 87' lang='lat' dir='ltr'>tur,</span> <span class='ocrx_word' id='word_1_32' title='bbox 408 577 439 611; x_wconf 90' lang='lat' dir='ltr'>in</span> <span class='ocrx_word' id='word_1_33' title='bbox 463 576 500 611; x_wconf 93' lang='lat' dir='ltr'>iis</span> <span class='ocrx_word' id='word_1_34' title='bbox 521 583 625 610; x_wconf 90' lang='lat' dir='ltr'>autem</span> <span class='ocrx_word' id='word_1_35' title='bbox 653 573 803 610; x_wconf 88' lang='lat' dir='ltr'>omnibus</span> <span class='ocrx_word' id='word_1_36' title='bbox 825 586 928 621; x_wconf 87' lang='lat' dir='ltr'>neque</span> <span class='ocrx_word' id='word_1_37' title='bbox 951 586 1008 608; x_wconf 92' lang='lat' dir='ltr'>nos</span> <span class='ocrx_word' id='word_1_38' title='bbox 1023 586 1078 608; x_wconf 84' lang='lat' dir='ltr'>ne-</span> 
     </span>
     <span class='ocr_line' id='line_1_8' title="bbox 328 623 1079 672; baseline -0.005 -11"><span class='ocrx_word' id='word_1_39' title='bbox 328 638 390 672; x_wconf 85' lang='lat' dir='ltr'>que</span> <span class='ocrx_word' id='word_1_40' title='bbox 411 625 503 661; x_wconf 90' lang='lat' dir='ltr'>balivi</span> <span class='ocrx_word' id='word_1_41' title='bbox 535 624 632 659; x_wconf 79' lang='lat' dir='ltr'>nostri</span> <span class='ocrx_word' id='word_1_42' title='bbox 666 625 697 658; x_wconf 93' lang='lat' dir='ltr'>in</span> <span class='ocrx_word' id='word_1_43' title='bbox 726 623 852 658; x_wconf 89' lang='lat' dir='ltr'>iudiciis</span> <span class='ocrx_word' id='word_1_44' title='bbox 879 635 935 658; x_wconf 90' lang='lat' dir='ltr'>seu</span> <span class='ocrx_word' id='word_1_45' title='bbox 959 623 1079 658; x_wconf 86' lang='lat' dir='ltr'>coerci-</span> 
     </span>
     <span class='ocr_line' id='line_1_9' title="bbox 329 672 1079 710; baseline -0.005 0"><span class='ocrx_word' id='word_1_46' title='bbox 329 675 469 710; x_wconf 80' lang='lat' dir='ltr'>tionibus</span> <span class='ocrx_word' id='word_1_47' title='bbox 490 673 676 709; x_wconf 88' lang='lat' dir='ltr'>clericorum</span> <span class='ocrx_word' id='word_1_48' title='bbox 709 681 762 707; x_wconf 88' lang='lat' dir='ltr'>aut</span> <span class='ocrx_word' id='word_1_49' title='bbox 790 672 987 707; x_wconf 89' lang='lat' dir='ltr'>sacerdotum</span> <span class='ocrx_word' id='word_1_50' title='bbox 1012 672 1079 706; x_wconf 90' lang='lat' dir='ltr'>nul-</span> 
     </span>
     <span class='ocr_line' id='line_1_10' title="bbox 330 720 1079 759; baseline -0.007 0"><span class='ocrx_word' id='word_1_51' title='bbox 330 724 452 759; x_wconf 87' lang='lat' dir='ltr'>latenus</span> <span class='ocrx_word' id='word_1_52' title='bbox 479 735 536 758; x_wconf 91' lang='lat' dir='ltr'>nos</span> <span class='ocrx_word' id='word_1_53' title='bbox 564 723 816 757; x_wconf 79' lang='lat' dir='ltr'><strong>intermittemus.</strong></span> <span class='ocrx_word' id='word_1_54' title='bbox 845 720 987 756; x_wconf 89' lang='lat' dir='ltr'>Clericos</span> <span class='ocrx_word' id='word_1_55' title='bbox 1008 733 1079 755; x_wconf 80' lang='lat' dir='ltr'>vero</span> 
     </span>
     <span class='ocr_line' id='line_1_11' title="bbox 329 772 1079 817; baseline -0.005 -9"><span class='ocrx_word' id='word_1_56' title='bbox 329 783 356 808; x_wconf 87' lang='lat' dir='ltr'>et</span> <span class='ocrx_word' id='word_1_57' title='bbox 385 772 565 809; x_wconf 73' lang='lat' dir='ltr'>sacerdotes</span> <span class='ocrx_word' id='word_1_58' title='bbox 587 779 687 807; x_wconf 85' lang='lat' dir='ltr'>terrae</span> <span class='ocrx_word' id='word_1_59' title='bbox 715 779 838 805; x_wconf 89' lang='lat' dir='ltr'>nostrae</span> <span class='ocrx_word' id='word_1_60' title='bbox 860 782 932 805; x_wconf 90' lang='lat' dir='ltr'>cum</span> <span class='ocrx_word' id='word_1_61' title='bbox 957 782 1079 817; x_wconf 86' lang='lat' dir='ltr'>proces-</span> 
     </span>
     <span class='ocr_line' id='line_1_12' title="bbox 328 819 1078 858; baseline -0.008 0"><span class='ocrx_word' id='word_1_62' title='bbox 328 824 417 858; x_wconf 81' lang='lat' dir='ltr'>sione</span> <span class='ocrx_word' id='word_1_63' title='bbox 439 822 573 857; x_wconf 85' lang='lat' dir='ltr'>solemni</span> <span class='ocrx_word' id='word_1_64' title='bbox 591 821 620 855; x_wconf 91' lang='lat' dir='ltr'>in</span> <span class='ocrx_word' id='word_1_65' title='bbox 645 821 724 855; x_wconf 80' lang='lat' dir='ltr'>festo</span> <span class='ocrx_word' id='word_1_66' title='bbox 744 820 850 854; x_wconf 89' lang='lat' dir='ltr'>Sancti</span> <span class='ocrx_word' id='word_1_67' title='bbox 867 819 994 854; x_wconf 89' lang='lat' dir='ltr'>loannis</span> <span class='ocrx_word' id='word_1_68' title='bbox 1009 828 1078 854; x_wconf 87' lang='lat' dir='ltr'>ante</span> 
     </span>
     <span class='ocr_line' id='line_1_13' title="bbox 330 868 1077 907; baseline -0.007 0"><span class='ocrx_word' id='word_1_69' title='bbox 330 872 454 907; x_wconf 79' lang='lat' dir='ltr'>Portam</span> <span class='ocrx_word' id='word_1_70' title='bbox 482 871 627 906; x_wconf 76' lang='lat' dir='ltr'>Latinam</span> <span class='ocrx_word' id='word_1_71' title='bbox 657 882 717 905; x_wconf 90' lang='lat' dir='ltr'>non</span> <span class='ocrx_word' id='word_1_72' title='bbox 738 868 839 903; x_wconf 88' lang='lat' dir='ltr'>solum</span> <span class='ocrx_word' id='word_1_73' title='bbox 863 868 1013 903; x_wconf 79' lang='lat' dir='ltr'>accedere</span> <span class='ocrx_word' id='word_1_74' title='bbox 1040 868 1077 903; x_wconf 85' lang='lat' dir='ltr'>ad</span> 
     </span>
     <span class='ocr_line' id='line_1_14' title="bbox 329 918 1077 965; baseline -0.005 -10"><span class='ocrx_word' id='word_1_75' title='bbox 329 923 480 957; x_wconf 86' lang='lat' dir='ltr'>maiorem</span> <span class='ocrx_word' id='word_1_76' title='bbox 510 919 683 955; x_wconf 82' lang='lat' dir='ltr'>Ecclesiam</span> <span class='ocrx_word' id='word_1_77' title='bbox 709 918 936 965; x_wconf 70' lang='lat' dir='ltr'>permittemus,</span> <span class='ocrx_word' id='word_1_78' title='bbox 971 929 1077 952; x_wconf 84' lang='lat' dir='ltr'>verum</span> 
     </span>
     <span class='ocr_line' id='line_1_15' title="bbox 329 966 1080 1013; baseline -0.007 -8"><span class='ocrx_word' id='word_1_79' title='bbox 329 971 421 1005; x_wconf 91' lang='lat' dir='ltr'>etiam</span> <span class='ocrx_word' id='word_1_80' title='bbox 450 969 558 1004; x_wconf 83' lang='lat' dir='ltr'>venire</span> <span class='ocrx_word' id='word_1_81' title='bbox 583 969 726 1003; x_wconf 88' lang='lat' dir='ltr'>nolentes</span> <span class='ocrx_word' id='word_1_82' title='bbox 747 966 945 1002; x_wconf 73' lang='lat' dir='ltr'>districtione</span> <span class='ocrx_word' id='word_1_83' title='bbox 967 966 1080 1013; x_wconf 91' lang='lat' dir='ltr'>plenis-</span> 
     </span>
     <span class='ocr_line' id='line_1_16' title="bbox 142 1015 1080 1065; baseline -0.007 -9"><span class='ocrx_word' id='word_1_84' title='bbox 142 1024 220 1046; x_wconf 57' lang='lat' dir='ltr'>P‘ffiffle</span> <span class='ocrx_word' id='word_1_85' title='bbox 261 1032 313 1061; x_wconf 59' lang='lat' dir='ltr'>quae</span> <span class='ocrx_word' id='word_1_86' title='bbox 329 1021 406 1055; x_wconf 84' lang='lat' dir='ltr'>sima</span> <span class='ocrx_word' id='word_1_87' title='bbox 434 1018 673 1065; x_wconf 86' lang='lat' dir='ltr'>compellemus.</span> <span class='ocrx_word' id='word_1_88' title='bbox 704 1016 868 1051; x_wconf 86' lang='lat' dir='ltr'>Praeterea</span> <span class='ocrx_word' id='word_1_89' title='bbox 899 1015 995 1050; x_wconf 87' lang='lat' dir='ltr'>laicos</span> <span class='ocrx_word' id='word_1_90' title='bbox 1022 1016 1080 1050; x_wconf 87' lang='lat' dir='ltr'>ho-</span> 
     </span>
     <span class='ocr_line' id='line_1_17' title="bbox 129 1056 1079 1113; baseline -0.006 -9"><span class='ocrx_word' id='word_1_91' title='bbox 129 1056 314 1107; x_wconf 52' lang='grc' dir='ltr'>ιεῗέῗῑῖιεῖῦῗῖἓξῖ</span> <span class='ocrx_word' id='word_1_92' title='bbox 331 1069 432 1113; x_wconf 82' lang='lat' dir='ltr'>mines</span> <span class='ocrx_word' id='word_1_93' title='bbox 452 1076 483 1103; x_wconf 85' lang='lat' dir='ltr'>et</span> <span class='ocrx_word' id='word_1_94' title='bbox 508 1067 618 1102; x_wconf 86' lang='lat' dir='ltr'>fideles</span> <span class='ocrx_word' id='word_1_95' title='bbox 651 1065 848 1100; x_wconf 89' lang='lat' dir='ltr'>Theanensis</span> <span class='ocrx_word' id='word_1_96' title='bbox 868 1064 1026 1100; x_wconf 85' lang='lat' dir='ltr'>Ecclesiae</span> <span class='ocrx_word' id='word_1_97' title='bbox 1049 1065 1079 1098; x_wconf 91' lang='lat' dir='ltr'>in</span> 
     </span>
     <span class='ocr_line' id='line_1_18' title="bbox 127 1113 1081 1169; baseline -0.007 -15"><span class='ocrx_word' id='word_1_98' title='bbox 127 1117 315 1169; x_wconf 46' lang='lat'>&#39;222923152332</span> <span class='ocrx_word' id='word_1_99' title='bbox 329 1118 431 1153; x_wconf 86' lang='lat' dir='ltr'>Casali</span> <span class='ocrx_word' id='word_1_100' title='bbox 455 1116 642 1164; x_wconf 77' lang='lat' dir='ltr'>Anguillari,</span> <span class='ocrx_word' id='word_1_101' title='bbox 665 1123 696 1150; x_wconf 90' lang='lat' dir='ltr'>et</span> <span class='ocrx_word' id='word_1_102' title='bbox 709 1113 875 1161; x_wconf 86' lang='lat' dir='ltr'>Scarpato,</span> <span class='ocrx_word' id='word_1_103' title='bbox 891 1125 946 1149; x_wconf 88' lang='lat' dir='ltr'>seu</span> <span class='ocrx_word' id='word_1_104' title='bbox 967 1114 999 1148; x_wconf 92' lang='lat' dir='ltr'>in</span> <span class='ocrx_word' id='word_1_105' title='bbox 1013 1113 1081 1148; x_wconf 89' lang='lat' dir='ltr'>aliis</span> 
     </span>
    </p>
   </div>
   <div class='ocr_carea' id='block_1_3' title="bbox 130 1162 1081 1208">
    <p class='ocr_par' dir='ltr' id='par_1_3' title="bbox 130 1162 1081 1208">
     <span class='ocr_line' id='line_1_19' title="bbox 130 1162 1081 1208; baseline -0.001 -10"><span class='ocrx_word' id='word_1_106' title='bbox 130 1180 149 1198; x_wconf 62' lang='lat' dir='ltr'>in</span> <span class='ocrx_word' id='word_1_107' title='bbox 167 1178 265 1200; x_wconf 62' lang='lat' dir='ltr'>tonsure</span> <span class='ocrx_word' id='word_1_108' title='bbox 281 1180 314 1200; x_wconf 71' lang='lat' dir='ltr'>de·</span> <span class='ocrx_word' id='word_1_109' title='bbox 329 1166 547 1202; x_wconf 85' lang='lat' dir='ltr'>adiacentibus</span> <span class='ocrx_word' id='word_1_110' title='bbox 572 1164 653 1200; x_wconf 88' lang='lat' dir='ltr'>locis</span> <span class='ocrx_word' id='word_1_111' title='bbox 674 1163 863 1206; x_wconf 79' lang='lat' dir='ltr'>habitantes,</span> <span class='ocrx_word' id='word_1_112' title='bbox 897 1162 992 1197; x_wconf 89' lang='lat' dir='ltr'>nullis</span> <span class='ocrx_word' id='word_1_113' title='bbox 1022 1174 1081 1208; x_wconf 86' lang='lat' dir='ltr'>op-</span> 
     </span>
    </p>
   </div>
   <div class='ocr_carea' id='block_1_4' title="bbox 131 1210 219 1234">
    <p class='ocr_par' dir='ltr' id='par_1_4' title="bbox 131 1210 219 1234">
     <span class='ocr_line' id='line_1_20' title="bbox 131 1210 219 1234; baseline 0.011 -6"><span class='ocrx_word' id='word_1_114' title='bbox 131 1210 219 1234; x_wconf 70' lang='lat' dir='ltr'>signatis</span> 
     </span>
    </p>
   </div>
   <div class='ocr_carea' id='block_1_5' title="bbox 134 274 310 302">
    <p class='ocr_par' dir='ltr' id='par_1_5' title="bbox 134 274 310 302">
     <span class='ocr_line' id='line_1_21' title="bbox 134 274 310 302; baseline 0.006 -1"><span class='ocrx_word' id='word_1_115' title='bbox 134 275 180 302; x_wconf 75' lang='lat' dir='ltr'>An.</span> <span class='ocrx_word' id='word_1_116' title='bbox 200 275 229 302; x_wconf 80' lang='lat' dir='ltr'>C.</span> <span class='ocrx_word' id='word_1_117' title='bbox 244 274 310 302; x_wconf 77' lang='lat'>1195</span> 
     </span>
    </p>
   </div>
   <div class='ocr_carea' id='block_1_6' title="bbox 329 1211 1083 1704">
    <p class='ocr_par' dir='ltr' id='par_1_6' title="bbox 329 1211 1083 1704">
     <span class='ocr_line' id='line_1_22' title="bbox 330 1211 1081 1263; baseline -0.005 -14"><span class='ocrx_word' id='word_1_118' title='bbox 330 1214 559 1263; x_wconf 75' lang='lat' dir='ltr'>pressionibus,</span> <span class='ocrx_word' id='word_1_119' title='bbox 590 1214 687 1249; x_wconf 88' lang='lat' dir='ltr'>nullis</span> <span class='ocrx_word' id='word_1_120' title='bbox 713 1211 959 1260; x_wconf 82' lang='lat' dir='ltr'>gravaminibus,</span> <span class='ocrx_word' id='word_1_121' title='bbox 987 1211 1081 1246; x_wconf 91' lang='lat' dir='ltr'>nullis</span> 
     </span>
     <span class='ocr_line' id='line_1_23' title="bbox 329 1260 1080 1310; baseline -0.008 -10"><span class='ocrx_word' id='word_1_122' title='bbox 329 1264 550 1300; x_wconf 77' lang='lat' dir='ltr'>exactionibus</span> <span class='ocrx_word' id='word_1_123' title='bbox 590 1263 696 1310; x_wconf 91' lang='lat' dir='ltr'>aliquo</span> <span class='ocrx_word' id='word_1_124' title='bbox 731 1261 826 1296; x_wconf 91' lang='lat' dir='ltr'>modo</span> <span class='ocrx_word' id='word_1_125' title='bbox 865 1260 1080 1307; x_wconf 80' lang='lat' dir='ltr'>fatigabimus,</span> 
     </span>
     <span class='ocr_line' id='line_1_24' title="bbox 329 1309 1080 1360; baseline -0.008 -11"><span class='ocrx_word' id='word_1_126' title='bbox 329 1323 382 1349; x_wconf 89' lang='lat' dir='ltr'>aut</span> <span class='ocrx_word' id='word_1_127' title='bbox 394 1314 523 1360; x_wconf 85' lang='lat' dir='ltr'>fatigare</span> <span class='ocrx_word' id='word_1_128' title='bbox 537 1313 702 1356; x_wconf 83' lang='lat' dir='ltr'>faciemus,</span> <span class='ocrx_word' id='word_1_129' title='bbox 717 1310 891 1346; x_wconf 89' lang='lat' dir='ltr'>secundum</span> <span class='ocrx_word' id='word_1_130' title='bbox 904 1309 1080 1344; x_wconf 91' lang='lat' dir='ltr'>dominium</span> 
     </span>
     <span class='ocr_line' id='line_1_25' title="bbox 329 1358 1080 1398; baseline -0.007 0"><span class='ocrx_word' id='word_1_131' title='bbox 329 1375 439 1398; x_wconf 85' lang='lat' dir='ltr'>eorum</span> <span class='ocrx_word' id='word_1_132' title='bbox 472 1362 625 1398; x_wconf 86' lang='lat' dir='ltr'>coercebo</span> <span class='ocrx_word' id='word_1_133' title='bbox 661 1369 691 1395; x_wconf 89' lang='lat' dir='ltr'>et</span> <span class='ocrx_word' id='word_1_134' title='bbox 718 1359 866 1395; x_wconf 90' lang='lat' dir='ltr'>iudicabo</span> <span class='ocrx_word' id='word_1_135' title='bbox 899 1358 995 1394; x_wconf 86' lang='lat' dir='ltr'>libera</span> <span class='ocrx_word' id='word_1_136' title='bbox 1030 1359 1080 1393; x_wconf 85' lang='lat' dir='ltr'>sit.</span> 
     </span>
     <span class='ocr_line' id='line_1_26' title="bbox 329 1408 1080 1447; baseline -0.007 0"><span class='ocrx_word' id='word_1_137' title='bbox 329 1412 527 1447; x_wconf 87' lang='lat' dir='ltr'>Tbeanensis</span> <span class='ocrx_word' id='word_1_138' title='bbox 554 1410 715 1446; x_wconf 83' lang='lat' dir='ltr'>Ecclesiae</span> <span class='ocrx_word' id='word_1_139' title='bbox 737 1409 805 1444; x_wconf 88' lang='lat' dir='ltr'>eius</span> <span class='ocrx_word' id='word_1_140' title='bbox 824 1415 999 1443; x_wconf 87' lang='lat' dir='ltr'>rectorum:</span> <span class='ocrx_word' id='word_1_141' title='bbox 1024 1408 1080 1443; x_wconf 89' lang='lat' dir='ltr'>etsi</span> 
     </span>
     <span class='ocr_line' id='line_1_27' title="bbox 331 1457 1080 1506; baseline -0.007 -11"><span class='ocrx_word' id='word_1_142' title='bbox 331 1461 467 1497; x_wconf 87' lang='lat' dir='ltr'>intestati</span> <span class='ocrx_word' id='word_1_143' title='bbox 486 1459 691 1499; x_wconf 75' lang='lat' dir='ltr'>decesserint,</span> <span class='ocrx_word' id='word_1_144' title='bbox 708 1458 924 1506; x_wconf 89' lang='lat' dir='ltr'>possessiones</span> <span class='ocrx_word' id='word_1_145' title='bbox 954 1465 984 1491; x_wconf 91' lang='lat' dir='ltr'>et</span> <span class='ocrx_word' id='word_1_146' title='bbox 1001 1457 1080 1491; x_wconf 89' lang='lat' dir='ltr'>bona</span> 
     </span>
     <span class='ocr_line' id='line_1_28' title="bbox 330 1505 1081 1555; baseline -0.007 -11"><span class='ocrx_word' id='word_1_147' title='bbox 330 1523 441 1546; x_wconf 89' lang='lat' dir='ltr'>eorum</span> <span class='ocrx_word' id='word_1_148' title='bbox 481 1509 579 1544; x_wconf 83' lang='lat' dir='ltr'>libere</span> <span class='ocrx_word' id='word_1_149' title='bbox 623 1517 655 1543; x_wconf 88' lang='lat' dir='ltr'>et</span> <span class='ocrx_word' id='word_1_150' title='bbox 683 1508 801 1555; x_wconf 87' lang='lat' dir='ltr'>absque</span> <span class='ocrx_word' id='word_1_151' title='bbox 827 1506 1009 1541; x_wconf 88' lang='lat' dir='ltr'>conditione</span> <span class='ocrx_word' id='word_1_152' title='bbox 1043 1505 1081 1540; x_wconf 91' lang='lat' dir='ltr'>ad</span> 
     </span>
     <span class='ocr_line' id='line_1_29' title="bbox 331 1555 1083 1595; baseline -0.009 0"><span class='ocrx_word' id='word_1_153' title='bbox 331 1559 549 1595; x_wconf 85' lang='lat' dir='ltr'>Theanensem</span> <span class='ocrx_word' id='word_1_154' title='bbox 572 1558 748 1593; x_wconf 88' lang='lat' dir='ltr'>Ecclesiam</span> <span class='ocrx_word' id='word_1_155' title='bbox 777 1556 992 1591; x_wconf 75' lang='lat' dir='ltr'>devolvantur.</span> <span class='ocrx_word' id='word_1_156' title='bbox 1009 1555 1083 1589; x_wconf 56' lang='lat' dir='ltr'>Anio</span> 
     </span>
     <span class='ocr_line' id='line_1_30' title="bbox 330 1604 1081 1655; baseline -0.007 -12"><span class='ocrx_word' id='word_1_157' title='bbox 330 1609 422 1644; x_wconf 89' lang='lat' dir='ltr'>malia</span> <span class='ocrx_word' id='word_1_158' title='bbox 450 1619 591 1655; x_wconf 84' lang='lat' dir='ltr'>quoque,</span> <span class='ocrx_word' id='word_1_159' title='bbox 618 1615 649 1641; x_wconf 84' lang='lat' dir='ltr'>et</span> <span class='ocrx_word' id='word_1_160' title='bbox 671 1607 752 1641; x_wconf 91' lang='lat' dir='ltr'>bona</span> <span class='ocrx_word' id='word_1_161' title='bbox 775 1617 885 1640; x_wconf 88' lang='lat' dir='ltr'>eorum</span> <span class='ocrx_word' id='word_1_162' title='bbox 904 1616 967 1639; x_wconf 90' lang='lat' dir='ltr'>non</span> <span class='ocrx_word' id='word_1_163' title='bbox 983 1604 1081 1651; x_wconf 78' lang='lat' dir='ltr'>capie</span> 
     </span>
     <span class='ocr_line' id='line_1_31' title="bbox 330 1656 1080 1704; baseline -0.007 -12"><span class='ocrx_word' id='word_1_164' title='bbox 330 1670 412 1698; x_wconf 86' lang='lat' dir='ltr'>mus,</span> <span class='ocrx_word' id='word_1_165' title='bbox 435 1669 492 1692; x_wconf 91' lang='lat' dir='ltr'>nec</span> <span class='ocrx_word' id='word_1_166' title='bbox 518 1656 587 1704; x_wconf 91' lang='lat' dir='ltr'>capi</span> <span class='ocrx_word' id='word_1_167' title='bbox 614 1656 778 1696; x_wconf 79' lang='lat' dir='ltr'>faciemus,</span> <span class='ocrx_word' id='word_1_168' title='bbox 806 1666 908 1701; x_wconf 87' lang='lat' dir='ltr'>neque</span> <span class='ocrx_word' id='word_1_169' title='bbox 936 1665 1001 1697; x_wconf 69' lang='grc' dir='ltr'>θος,</span> <span class='ocrx_word' id='word_1_170' title='bbox 1023 1665 1080 1688; x_wconf 93' lang='lat' dir='ltr'>ne-</span> 
     </span>
    </p>
   </div>
   <div class='ocr_carea' id='block_1_7' title="bbox 329 1701 1103 1851">
    <p class='ocr_par' dir='ltr' id='par_1_7' title="bbox 329 1701 1103 1851">
     <span class='ocr_line' id='line_1_32' title="bbox 329 1701 1101 1754; baseline -0.006 -13"><span class='ocrx_word' id='word_1_171' title='bbox 329 1719 391 1754; x_wconf 86' lang='lat' dir='ltr'>que</span> <span class='ocrx_word' id='word_1_172' title='bbox 427 1706 518 1741; x_wconf 90' lang='lat' dir='ltr'>balivi</span> <span class='ocrx_word' id='word_1_173' title='bbox 554 1706 651 1740; x_wconf 86' lang='lat' dir='ltr'>nostri</span> <span class='ocrx_word' id='word_1_174' title='bbox 679 1704 718 1739; x_wconf 89' lang='lat' dir='ltr'>de</span> <span class='ocrx_word' id='word_1_175' title='bbox 745 1704 808 1745; x_wconf 86' lang='lat' dir='ltr'>eis,</span> <span class='ocrx_word' id='word_1_176' title='bbox 846 1702 893 1737; x_wconf 77' lang='lat' dir='ltr'>vel</span> <span class='ocrx_word' id='word_1_177' title='bbox 921 1702 959 1737; x_wconf 89' lang='lat' dir='ltr'>de</span> <span class='ocrx_word' id='word_1_178' title='bbox 987 1701 1101 1749; x_wconf 51' lang='lat' dir='ltr'>rebus¹</span> 
     </span>
     <span class='ocr_line' id='line_1_33' title="bbox 329 1751 1102 1802; baseline -0.008 -11"><span class='ocrx_word' id='word_1_179' title='bbox 329 1768 438 1791; x_wconf 84' lang='lat' dir='ltr'>eorum</span> <span class='ocrx_word' id='word_1_180' title='bbox 462 1755 661 1802; x_wconf 89' lang='lat' dir='ltr'>aliquatenus</span> <span class='ocrx_word' id='word_1_181' title='bbox 675 1761 733 1788; x_wconf 83' lang='lat' dir='ltr'>nos</span> <span class='ocrx_word' id='word_1_182' title='bbox 747 1752 1002 1792; x_wconf 84' lang='lat' dir='ltr'>intermittemus,</span> <span class='ocrx_word' id='word_1_183' title='bbox 1022 1751 1082 1786; x_wconf 88' lang='lat' dir='ltr'>hoc</span> <span class='ocrx_word' id='word_1_184' title='bbox 1100 1752 1102 1784; x_wconf 52' lang='lat' dir='ltr'>&#39;i</span> 
     </span>
     <span class='ocr_line' id='line_1_34' title="bbox 329 1801 1103 1851; baseline -0.004 -12"><span class='ocrx_word' id='word_1_185' title='bbox 329 1813 472 1851; x_wconf 50' lang='lat' dir='ltr'>encepto,</span> <span class='ocrx_word' id='word_1_186' title='bbox 498 1803 584 1851; x_wconf 92' lang='lat' dir='ltr'>quod</span> <span class='ocrx_word' id='word_1_187' title='bbox 607 1803 639 1838; x_wconf 89' lang='lat' dir='ltr'>in</span> <span class='ocrx_word' id='word_1_188' title='bbox 661 1802 783 1838; x_wconf 85' lang='lat' dir='ltr'>Pascha</span> <span class='ocrx_word' id='word_1_189' title='bbox 804 1809 835 1837; x_wconf 90' lang='lat' dir='ltr'>et</span> <span class='ocrx_word' id='word_1_190' title='bbox 862 1802 892 1836; x_wconf 90' lang='lat' dir='ltr'>in</span> <span class='ocrx_word' id='word_1_191' title='bbox 915 1801 1103 1836; x_wconf 66' lang='lat' dir='ltr'>Nativitate&#39;</span> 
     </span>
    </p>
   </div>
   <div class='ocr_carea' id='block_1_8' title="bbox 329 1849 1087 2485">
    <p class='ocr_par' dir='ltr' id='par_1_8' title="bbox 329 1849 1087 2485">
     <span class='ocr_line' id='line_1_35' title="bbox 330 1849 1082 1897; baseline -0.008 -8"><span class='ocrx_word' id='word_1_192' title='bbox 330 1854 458 1888; x_wconf 90' lang='lat' dir='ltr'>Domini</span> <span class='ocrx_word' id='word_1_193' title='bbox 485 1866 515 1888; x_wconf 89' lang='lat' dir='ltr'>m</span> <span class='ocrx_word' id='word_1_194' title='bbox 543 1852 682 1887; x_wconf 77' lang='lat' dir='ltr'>vexeniis</span> <span class='ocrx_word' id='word_1_195' title='bbox 715 1851 891 1886; x_wconf 88' lang='lat' dir='ltr'>secundum</span> <span class='ocrx_word' id='word_1_196' title='bbox 922 1849 1007 1897; x_wconf 87' lang='lat' dir='ltr'>quod</span> <span class='ocrx_word' id='word_1_197' title='bbox 1036 1849 1082 1884; x_wconf 84' lang='lat' dir='ltr'>fa-</span> 
     </span>
     <span class='ocr_line' id='line_1_36' title="bbox 329 1900 1082 1943; baseline -0.008 -5"><span class='ocrx_word' id='word_1_198' title='bbox 329 1915 400 1938; x_wconf 87' lang='lat' dir='ltr'>cere</span> <span class='ocrx_word' id='word_1_199' title='bbox 421 1902 674 1938; x_wconf 86' lang='lat' dir='ltr'>antecessoribus</span> <span class='ocrx_word' id='word_1_200' title='bbox 695 1900 811 1936; x_wconf 87' lang='lat' dir='ltr'>nostris</span> <span class='ocrx_word' id='word_1_201' title='bbox 831 1906 1082 1943; x_wconf 83' lang='lat' dir='ltr'>consueverunt,</span> 
     </span>
     <span class='ocr_line' id='line_1_37' title="bbox 331 1945 1083 1999; baseline -0.004 -14"><span class='ocrx_word' id='word_1_202' title='bbox 331 1952 516 1995; x_wconf 83' lang='lat' dir='ltr'>visitabunt,</span> <span class='ocrx_word' id='word_1_203' title='bbox 539 1964 595 1999; x_wconf 89' lang='lat' dir='ltr'>pro</span> <span class='ocrx_word' id='word_1_204' title='bbox 617 1963 654 1986; x_wconf 91' lang='lat' dir='ltr'>eo</span> <span class='ocrx_word' id='word_1_205' title='bbox 675 1949 760 1997; x_wconf 90' lang='lat' dir='ltr'>quod</span> <span class='ocrx_word' id='word_1_206' title='bbox 790 1949 847 1996; x_wconf 88' lang='lat' dir='ltr'>ipsi</span> <span class='ocrx_word' id='word_1_207' title='bbox 871 1945 901 1983; x_wconf 84' lang='lat' dir='ltr'>et</span> <span class='ocrx_word' id='word_1_208' title='bbox 922 1948 1083 1983; x_wconf 87' lang='lat' dir='ltr'>Ecclesiae</span> 
     </span>
     <span class='ocr_line' id='line_1_38' title="bbox 331 1997 1081 2036; baseline -0.007 0"><span class='ocrx_word' id='word_1_209' title='bbox 331 2014 441 2036; x_wconf 88' lang='lat' dir='ltr'>eorum</span> <span class='ocrx_word' id='word_1_210' title='bbox 473 2001 674 2036; x_wconf 85' lang='lat' dir='ltr'>securitatem</span> <span class='ocrx_word' id='word_1_211' title='bbox 709 1998 825 2034; x_wconf 89' lang='lat' dir='ltr'>habent</span> <span class='ocrx_word' id='word_1_212' title='bbox 852 1997 883 2032; x_wconf 90' lang='lat' dir='ltr'>in</span> <span class='ocrx_word' id='word_1_213' title='bbox 912 2005 992 2032; x_wconf 86' lang='lat' dir='ltr'>terra</span> <span class='ocrx_word' id='word_1_214' title='bbox 1022 2008 1081 2031; x_wconf 89' lang='lat' dir='ltr'>no-</span> 
     </span>
     <span class='ocr_line' id='line_1_39' title="bbox 331 2046 1082 2094; baseline -0.008 -9"><span class='ocrx_word' id='word_1_215' title='bbox 331 2058 406 2091; x_wconf 80' lang='lat' dir='ltr'>stra,</span> <span class='ocrx_word' id='word_1_216' title='bbox 429 2058 458 2085; x_wconf 85' lang='lat' dir='ltr'>et</span> <span class='ocrx_word' id='word_1_217' title='bbox 473 2049 677 2085; x_wconf 89' lang='lat' dir='ltr'>commodum</span> <span class='ocrx_word' id='word_1_218' title='bbox 702 2047 776 2083; x_wconf 89' lang='lat' dir='ltr'>inde</span> <span class='ocrx_word' id='word_1_219' title='bbox 795 2047 952 2094; x_wconf 88' lang='lat' dir='ltr'>recipiunt</span> <span class='ocrx_word' id='word_1_220' title='bbox 973 2046 1003 2080; x_wconf 91' lang='lat' dir='ltr'>in</span> <span class='ocrx_word' id='word_1_221' title='bbox 1027 2057 1082 2093; x_wconf 87' lang='lat' dir='ltr'>pa—</span> 
     </span>
     <span class='ocr_line' id='line_1_40' title="bbox 332 2095 1084 2145; baseline -0.007 -11"><span class='ocrx_word' id='word_1_222' title='bbox 332 2101 429 2137; x_wconf 73' lang='lat' dir='ltr'>scuis,</span> <span class='ocrx_word' id='word_1_223' title='bbox 457 2099 549 2145; x_wconf 82' lang='lat' dir='ltr'>lingis</span> <span class='ocrx_word' id='word_1_224' title='bbox 575 2107 605 2133; x_wconf 87' lang='lat' dir='ltr'>et</span> <span class='ocrx_word' id='word_1_225' title='bbox 627 2097 718 2145; x_wconf 81' lang='lat' dir='ltr'>aquis</span> <span class='ocrx_word' id='word_1_226' title='bbox 744 2097 826 2132; x_wconf 86' lang='lat' dir='ltr'>sieut</span> <span class='ocrx_word' id='word_1_227' title='bbox 859 2096 910 2131; x_wconf 89' lang='lat' dir='ltr'>alii</span> <span class='ocrx_word' id='word_1_228' title='bbox 939 2095 1084 2130; x_wconf 85' lang='lat' dir='ltr'>homines</span> 
     </span>
     <span class='ocr_line' id='line_1_41' title="bbox 333 2143 1085 2187; baseline -0.008 -3"><span class='ocrx_word' id='word_1_229' title='bbox 333 2149 371 2184; x_wconf 87' lang='lat' dir='ltr'>de</span> <span class='ocrx_word' id='word_1_230' title='bbox 398 2157 479 2184; x_wconf 87' lang='lat' dir='ltr'>terra</span> <span class='ocrx_word' id='word_1_231' title='bbox 508 2155 624 2187; x_wconf 70' lang='lat' dir='ltr'>nostra,</span> <span class='ocrx_word' id='word_1_232' title='bbox 651 2148 677 2182; x_wconf 90' lang='lat' dir='ltr'>si</span> <span class='ocrx_word' id='word_1_233' title='bbox 702 2158 774 2181; x_wconf 82' lang='lat' dir='ltr'>vero</span> <span class='ocrx_word' id='word_1_234' title='bbox 795 2146 826 2180; x_wconf 91' lang='lat' dir='ltr'>in</span> <span class='ocrx_word' id='word_1_235' title='bbox 847 2146 954 2180; x_wconf 86' lang='lat' dir='ltr'>ultima</span> <span class='ocrx_word' id='word_1_236' title='bbox 976 2143 1085 2179; x_wconf 81' lang='lat' dir='ltr'>volun=</span> 
     </span>
     <span class='ocr_line' id='line_1_42' title="bbox 333 2193 1084 2244; baseline -0.008 -11"><span class='ocrx_word' id='word_1_237' title='bbox 333 2207 394 2233; x_wconf 87' lang='lat' dir='ltr'>tate</span> <span class='ocrx_word' id='word_1_238' title='bbox 416 2197 527 2233; x_wconf 80' lang='lat' dir='ltr'>affectu</span> <span class='ocrx_word' id='word_1_239' title='bbox 555 2208 721 2244; x_wconf 86' lang='lat' dir='ltr'>supremae</span> <span class='ocrx_word' id='word_1_240' title='bbox 744 2194 915 2230; x_wconf 85' lang='lat' dir='ltr'>voluntatis</span> <span class='ocrx_word' id='word_1_241' title='bbox 932 2193 971 2228; x_wconf 91' lang='lat' dir='ltr'>de</span> <span class='ocrx_word' id='word_1_242' title='bbox 990 2193 1084 2228; x_wconf 85' lang='lat' dir='ltr'>rebus</span> 
     </span>
     <span class='ocr_line' id='line_1_43' title="bbox 333 2243 1086 2292; baseline -0.008 -10"><span class='ocrx_word' id='word_1_243' title='bbox 333 2246 502 2282; x_wconf 89' lang='lat' dir='ltr'>mobilibus</span> <span class='ocrx_word' id='word_1_244' title='bbox 528 2258 588 2281; x_wconf 91' lang='lat' dir='ltr'>nos</span> <span class='ocrx_word' id='word_1_245' title='bbox 608 2245 754 2292; x_wconf 86' lang='lat' dir='ltr'>amplecti</span> <span class='ocrx_word' id='word_1_246' title='bbox 777 2256 888 2280; x_wconf 89' lang='lat' dir='ltr'>eorum</span> <span class='ocrx_word' id='word_1_247' title='bbox 910 2243 1022 2289; x_wconf 89' lang='lat' dir='ltr'>aliquis</span> <span class='ocrx_word' id='word_1_248' title='bbox 1036 2255 1086 2277; x_wconf 92' lang='lat' dir='ltr'>vo-</span> 
     </span>
     <span class='ocr_line' id='line_1_44' title="bbox 334 2292 1084 2342; baseline -0.008 -11"><span class='ocrx_word' id='word_1_249' title='bbox 334 2296 440 2337; x_wconf 88' lang='lat' dir='ltr'>luerit,</span> <span class='ocrx_word' id='word_1_250' title='bbox 465 2294 556 2330; x_wconf 87' lang='lat' dir='ltr'>nobis</span> <span class='ocrx_word' id='word_1_251' title='bbox 571 2294 688 2342; x_wconf 90' lang='lat' dir='ltr'>aliquid</span> <span class='ocrx_word' id='word_1_252' title='bbox 705 2293 926 2341; x_wconf 81' lang='lat' dir='ltr'>relinquendo,</span> <span class='ocrx_word' id='word_1_253' title='bbox 949 2292 1084 2326; x_wconf 88' lang='lat' dir='ltr'>liberum</span> 
     </span>
     <span class='ocr_line' id='line_1_45' title="bbox 335 2341 1085 2385; baseline -0.005 -5"><span class='ocrx_word' id='word_1_254' title='bbox 335 2347 381 2380; x_wconf 88' lang='lat' dir='ltr'>eis</span> <span class='ocrx_word' id='word_1_255' title='bbox 402 2345 441 2380; x_wconf 90' lang='lat' dir='ltr'>sit</span> <span class='ocrx_word' id='word_1_256' title='bbox 468 2344 577 2385; x_wconf 90' lang='lat' dir='ltr'>nobis,</span> <span class='ocrx_word' id='word_1_257' title='bbox 599 2344 681 2379; x_wconf 87' lang='lat' dir='ltr'>sicut</span> <span class='ocrx_word' id='word_1_258' title='bbox 707 2343 836 2378; x_wconf 86' lang='lat' dir='ltr'>cuilibet</span> <span class='ocrx_word' id='word_1_259' title='bbox 857 2341 916 2377; x_wconf 91' lang='lat' dir='ltr'>alio</span> <span class='ocrx_word' id='word_1_260' title='bbox 939 2349 1085 2376; x_wconf 81' lang='lat' dir='ltr'>extraneo</span> 
     </span>
     <span class='ocr_line' id='line_1_46' title="bbox 337 2391 1084 2442; baseline -0.007 -13"><span class='ocrx_word' id='word_1_261' title='bbox 337 2395 512 2442; x_wconf 88' lang='lat' dir='ltr'>relinquere</span> <span class='ocrx_word' id='word_1_262' title='bbox 537 2393 714 2428; x_wconf 89' lang='lat' dir='ltr'>secundum</span> <span class='ocrx_word' id='word_1_263' title='bbox 741 2391 937 2427; x_wconf 88' lang='lat' dir='ltr'>coactionem</span> <span class='ocrx_word' id='word_1_264' title='bbox 959 2402 1084 2425; x_wconf 87' lang='lat' dir='ltr'>causam</span> 
     </span>
     <span class='ocr_line' id='line_1_47' title="bbox 339 2443 1087 2485; baseline -0.007 -7"><span class='ocrx_word' id='word_1_265' title='bbox 339 2453 488 2484; x_wconf 88' lang='lat' dir='ltr'>nostram,</span> <span class='ocrx_word' id='word_1_266' title='bbox 516 2443 562 2478; x_wconf 91' lang='lat' dir='ltr'>vel</span> <span class='ocrx_word' id='word_1_267' title='bbox 587 2443 761 2477; x_wconf 78' lang='lat' dir='ltr'>balivorum</span> <span class='ocrx_word' id='word_1_268' title='bbox 785 2448 984 2485; x_wconf 87' lang='lat' dir='ltr'>nostrorum,</span> <span class='ocrx_word' id='word_1_269' title='bbox 1016 2447 1087 2474; x_wconf 89' lang='lat' dir='ltr'>ter—</span> 
     </span>
    </p>
   </div>
   <div class='ocr_carea' id='block_1_9' title="bbox 139 2487 323 2538">
    <p class='ocr_par' dir='ltr' id='par_1_9' title="bbox 139 2487 323 2538">
     <span class='ocr_line' id='line_1_48' title="bbox 155 2487 322 2513; baseline -0.006 -5"><span class='ocrx_word' id='word_1_270' title='bbox 155 2487 241 2508; x_wconf 59' lang='lat' dir='ltr'>l&#39;erttam</span> <span class='ocrx_word' id='word_1_271' title='bbox 274 2494 322 2513; x_wconf 58' lang='lat' dir='ltr'>per&lt;</span> 
     </span>
     <span class='ocr_line' id='line_1_49' title="bbox 139 2518 323 2538; baseline -0.005 0"><span class='ocrx_word' id='word_1_272' title='bbox 139 2523 180 2538; x_wconf 64' lang='lat' dir='ltr'>nem</span> <span class='ocrx_word' id='word_1_273' title='bbox 196 2518 323 2538; x_wconf 66' lang='lat' dir='ltr'>dec-mamm</span> 
     </span>
    </p>
   </div>
   <div class='ocr_carea' id='block_1_10' title="bbox 139 2539 1088 2635">
    <p class='ocr_par' dir='ltr' id='par_1_10' title="bbox 139 2539 1088 2635">
     <span class='ocr_line' id='line_1_50' title="bbox 139 2539 1086 2576; baseline -0.004 -1"><span class='ocrx_word' id='word_1_274' title='bbox 139 2550 230 2569; x_wconf 55' lang='lat' dir='ltr'>demand</span> <span class='ocrx_word' id='word_1_275' title='bbox 258 2549 323 2568; x_wconf 63' lang='lat' dir='ltr'>bbere</span> <span class='ocrx_word' id='word_1_276' title='bbox 340 2541 436 2576; x_wconf 86' lang='lat' dir='ltr'>libere</span> <span class='ocrx_word' id='word_1_277' title='bbox 458 2549 486 2574; x_wconf 88' lang='lat' dir='ltr'>ct</span> <span class='ocrx_word' id='word_1_278' title='bbox 509 2542 650 2576; x_wconf 79' lang='lat' dir='ltr'>absolute</span> <span class='ocrx_word' id='word_1_279' title='bbox 674 2541 877 2576; x_wconf 78' lang='lat' dir='ltr'>concedimus</span> <span class='ocrx_word' id='word_1_280' title='bbox 910 2539 1086 2574; x_wconf 52' lang='lat' dir='ltr'>Tlieanssnsi</span> 
     </span>
     <span class='ocr_line' id='line_1_51' title="bbox 141 2580 1088 2635; baseline -0.001 -11"><span class='ocrx_word' id='word_1_281' title='bbox 141 2580 245 2599; x_wconf 64' lang='lat'>‘””“&#39;¹&#39;&#39;&#39;</span> <span class='ocrx_word' id='word_1_282' title='bbox 342 2590 499 2625; x_wconf 83' lang='lat' dir='ltr'>Ecclesiae</span> <span class='ocrx_word' id='word_1_283' title='bbox 522 2591 696 2626; x_wconf 77' lang='lat' dir='ltr'>habendam</span> <span class='ocrx_word' id='word_1_284' title='bbox 723 2589 900 2625; x_wconf 84' lang='lat' dir='ltr'>secundum</span> <span class='ocrx_word' id='word_1_285' title='bbox 926 2590 1010 2635; x_wconf 80' lang='lat' dir='ltr'>quod</span> <span class='ocrx_word' id='word_1_286' title='bbox 1030 2588 1088 2623; x_wconf 78' lang='lat' dir='ltr'>do-</span> 
     </span>
    </p>
   </div>
   <div class='ocr_carea' id='block_1_11' title="bbox 925 273 1301 297">
    <p class='ocr_par' dir='ltr' id='par_1_11' title="bbox 925 273 1301 297">
     <span class='ocr_line' id='line_1_52' title="bbox 925 273 1301 297; baseline -0.003 0"><span class='ocrx_word' id='word_1_287' title='bbox 925 274 1112 297; x_wconf 73' lang='lat' dir='ltr'>BULLAmum</span> <span class='ocrx_word' id='word_1_288' title='bbox 1138 273 1301 296; x_wconf 56' lang='lat' dir='ltr'>Ronlanum</span> 
     </span>
    </p>
   </div>
   <div class='ocr_carea' id='block_1_12' title="bbox 1100 1143 1108 2505">
    <p class='ocr_par' dir='ltr' id='par_1_12' title="bbox 1100 1143 1108 2505">
     <span class='ocr_line' id='line_1_53' title="bbox 1100 1143 1108 2505; baseline 0 0"><span class='ocrx_word' id='word_1_289' title='bbox 1100 1143 1108 2505; x_wconf 95' lang='lat' dir='ltr'> </span> 
     </span>
    </p>
   </div>
   <div class='ocr_carea' id='block_1_13' title="bbox 1886 274 2068 303">
    <p class='ocr_par' dir='ltr' id='par_1_13' title="bbox 1886 274 2068 303">
     <span class='ocr_line' id='line_1_54' title="bbox 1886 274 2068 303; baseline -0.011 0"><span class='ocrx_word' id='word_1_290' title='bbox 1886 276 1936 303; x_wconf 77' lang='lat' dir='ltr'>An.</span> <span class='ocrx_word' id='word_1_291' title='bbox 1954 274 1982 301; x_wconf 89' lang='lat' dir='ltr'>C.</span> <span class='ocrx_word' id='word_1_292' title='bbox 2003 274 2068 302; x_wconf 70' lang='lat'>1193</span> 
     </span>
    </p>
   </div>
   <div class='ocr_carea' id='block_1_14' title="bbox 1118 327 2072 2437">
    <p class='ocr_par' dir='ltr' id='par_1_14' title="bbox 1119 327 1870 364">
     <span class='ocr_line' id='line_1_55' title="bbox 1119 327 1870 364; baseline 0 -2"><span class='ocrx_word' id='word_1_293' title='bbox 1119 327 1231 362; x_wconf 87' lang='lat' dir='ltr'>clesiae</span> <span class='ocrx_word' id='word_1_294' title='bbox 1265 329 1431 363; x_wconf 84' lang='lat' dir='ltr'>concessit.</span> <span class='ocrx_word' id='word_1_295' title='bbox 1460 328 1626 363; x_wconf 87' lang='lat' dir='ltr'>Postremo</span> <span class='ocrx_word' id='word_1_296' title='bbox 1652 328 1815 364; x_wconf 87' lang='lat' dir='ltr'>Ecclesiae</span> <span class='ocrx_word' id='word_1_297' title='bbox 1837 328 1870 363; x_wconf 90' lang='lat' dir='ltr'>S.</span> 
     </span>
    </p>

    <p class='ocr_par' dir='ltr' id='par_1_15' title="bbox 1119 375 1872 412">
     <span class='ocr_line' id='line_1_56' title="bbox 1119 375 1872 412; baseline 0.001 -1"><span class='ocrx_word' id='word_1_298' title='bbox 1119 376 1247 411; x_wconf 88' lang='lat' dir='ltr'>loannis</span> <span class='ocrx_word' id='word_1_299' title='bbox 1283 376 1321 411; x_wconf 90' lang='lat' dir='ltr'>ad</span> <span class='ocrx_word' id='word_1_300' title='bbox 1363 375 1477 412; x_wconf 89' lang='lat' dir='ltr'>Clusas</span> <span class='ocrx_word' id='word_1_301' title='bbox 1515 376 1690 412; x_wconf 90' lang='lat' dir='ltr'>secundum</span> <span class='ocrx_word' id='word_1_302' title='bbox 1731 387 1872 412; x_wconf 89' lang='lat' dir='ltr'>tenorem</span> 
     </span>
    </p>

    <p class='ocr_par' dir='ltr' id='par_1_16' title="bbox 1121 425 1872 473">
     <span class='ocr_line' id='line_1_57' title="bbox 1121 425 1872 473; baseline 0.003 -14"><span class='ocrx_word' id='word_1_303' title='bbox 1121 425 1276 472; x_wconf 86' lang='lat' dir='ltr'>privilegii</span> <span class='ocrx_word' id='word_1_304' title='bbox 1300 438 1316 460; x_wconf 86' lang='lat' dir='ltr'>a</span> <span class='ocrx_word' id='word_1_305' title='bbox 1340 433 1426 473; x_wconf 89' lang='lat' dir='ltr'>patre</span> <span class='ocrx_word' id='word_1_306' title='bbox 1448 433 1557 461; x_wconf 86' lang='lat' dir='ltr'>nostro</span> <span class='ocrx_word' id='word_1_307' title='bbox 1584 425 1688 461; x_wconf 88' lang='lat' dir='ltr'>eidem</span> <span class='ocrx_word' id='word_1_308' title='bbox 1710 426 1872 461; x_wconf 88' lang='lat' dir='ltr'>Ecclesiae</span> 
     </span>
    </p>

    <p class='ocr_par' dir='ltr' id='par_1_17' title="bbox 1119 474 1872 516">
     <span class='ocr_line' id='line_1_58' title="bbox 1119 474 1872 516; baseline 0.003 -8"><span class='ocrx_word' id='word_1_309' title='bbox 1119 474 1221 509; x_wconf 87' lang='lat' dir='ltr'>collati</span> <span class='ocrx_word' id='word_1_310' title='bbox 1241 474 1338 510; x_wconf 88' lang='lat' dir='ltr'>libere</span> <span class='ocrx_word' id='word_1_311' title='bbox 1353 482 1385 509; x_wconf 87' lang='lat' dir='ltr'>et</span> <span class='ocrx_word' id='word_1_312' title='bbox 1405 475 1548 510; x_wconf 89' lang='lat' dir='ltr'>absolute</span> <span class='ocrx_word' id='word_1_313' title='bbox 1563 474 1765 516; x_wconf 78' lang='lat' dir='ltr'>dimittimus,</span> <span class='ocrx_word' id='word_1_314' title='bbox 1787 475 1872 510; x_wconf 72' lang='lat' dir='ltr'>salvo</span> 
     </span>
    </p>

    <p class='ocr_par' dir='ltr' id='par_1_18' title="bbox 1119 523 1872 571">
     <span class='ocr_line' id='line_1_59' title="bbox 1119 523 1872 571; baseline 0.003 -14"><span class='ocrx_word' id='word_1_315' title='bbox 1119 523 1203 570; x_wconf 89' lang='lat' dir='ltr'>quod</span> <span class='ocrx_word' id='word_1_316' title='bbox 1228 524 1330 558; x_wconf 88' lang='lat' dir='ltr'>bonus</span> <span class='ocrx_word' id='word_1_317' title='bbox 1352 524 1447 559; x_wconf 87' lang='lat' dir='ltr'>horno</span> <span class='ocrx_word' id='word_1_318' title='bbox 1466 524 1648 565; x_wconf 89' lang='lat' dir='ltr'>canonicus,</span> <span class='ocrx_word' id='word_1_319' title='bbox 1671 525 1722 571; x_wconf 90' lang='lat' dir='ltr'>qui</span> <span class='ocrx_word' id='word_1_320' title='bbox 1745 536 1784 559; x_wconf 89' lang='lat' dir='ltr'>ex</span> <span class='ocrx_word' id='word_1_321' title='bbox 1799 537 1872 559; x_wconf 88' lang='lat' dir='ltr'>con-</span> 
     </span>
    </p>

    <p class='ocr_par' dir='ltr' id='par_1_19' title="bbox 1118 573 1871 620">
     <span class='ocr_line' id='line_1_60' title="bbox 1118 573 1871 620; baseline 0.003 -13"><span class='ocrx_word' id='word_1_322' title='bbox 1118 573 1264 608; x_wconf 85' lang='lat' dir='ltr'>cessione</span> <span class='ocrx_word' id='word_1_323' title='bbox 1287 574 1449 608; x_wconf 90' lang='lat' dir='ltr'>memorati</span> <span class='ocrx_word' id='word_1_324' title='bbox 1479 573 1620 620; x_wconf 89' lang='lat' dir='ltr'>episcopi</span> <span class='ocrx_word' id='word_1_325' title='bbox 1647 573 1781 608; x_wconf 91' lang='lat' dir='ltr'>eandem</span> <span class='ocrx_word' id='word_1_326' title='bbox 1807 573 1871 609; x_wconf 81' lang='lat' dir='ltr'>Ec-</span> 
     </span>
    </p>

    <p class='ocr_par' dir='ltr' id='par_1_20' title="bbox 1118 621 1871 670">
     <span class='ocr_line' id='line_1_61' title="bbox 1118 621 1871 670; baseline 0.003 -15"><span class='ocrx_word' id='word_1_327' title='bbox 1118 621 1248 656; x_wconf 88' lang='lat' dir='ltr'>clesiam</span> <span class='ocrx_word' id='word_1_328' title='bbox 1281 629 1328 657; x_wconf 91' lang='lat' dir='ltr'>est</span> <span class='ocrx_word' id='word_1_329' title='bbox 1354 622 1498 668; x_wconf 84' lang='lat' dir='ltr'>adeptus,</span> <span class='ocrx_word' id='word_1_330' title='bbox 1527 621 1557 656; x_wconf 93' lang='lat' dir='ltr'>in</span> <span class='ocrx_word' id='word_1_331' title='bbox 1576 622 1637 657; x_wconf 88' lang='lat' dir='ltr'>vita</span> <span class='ocrx_word' id='word_1_332' title='bbox 1664 634 1719 657; x_wconf 89' lang='lat' dir='ltr'>sua</span> <span class='ocrx_word' id='word_1_333' title='bbox 1743 622 1871 670; x_wconf 83' lang='lat' dir='ltr'>pacifice</span> 
     </span>
    </p>

    <p class='ocr_par' dir='ltr' id='par_1_21' title="bbox 1118 671 1871 718">
     <span class='ocr_line' id='line_1_62' title="bbox 1118 671 1871 718; baseline 0.003 -13"><span class='ocrx_word' id='word_1_334' title='bbox 1118 679 1148 705; x_wconf 83' lang='lat' dir='ltr'>ct</span> <span class='ocrx_word' id='word_1_335' title='bbox 1182 672 1290 717; x_wconf 83' lang='lat' dir='ltr'>quiete</span> <span class='ocrx_word' id='word_1_336' title='bbox 1318 671 1489 718; x_wconf 86' lang='lat' dir='ltr'>possideat,</span> <span class='ocrx_word' id='word_1_337' title='bbox 1514 678 1545 706; x_wconf 87' lang='lat' dir='ltr'>et</span> <span class='ocrx_word' id='word_1_338' title='bbox 1578 671 1790 707; x_wconf 88' lang='lat' dir='ltr'>anniversaria</span> <span class='ocrx_word' id='word_1_339' title='bbox 1819 683 1871 707; x_wconf 87' lang='lat' dir='ltr'>se-</span> 
     </span>
    </p>

    <p class='ocr_par' dir='ltr' id='par_1_22' title="bbox 1118 720 1872 767">
     <span class='ocr_line' id='line_1_63' title="bbox 1118 720 1872 767; baseline 0.003 -14"><span class='ocrx_word' id='word_1_340' title='bbox 1118 720 1258 754; x_wconf 89' lang='lat' dir='ltr'>cundum</span> <span class='ocrx_word' id='word_1_341' title='bbox 1281 728 1421 755; x_wconf 86' lang='lat' dir='ltr'>tenorem</span> <span class='ocrx_word' id='word_1_342' title='bbox 1447 720 1600 767; x_wconf 87' lang='lat' dir='ltr'>privilegii</span> <span class='ocrx_word' id='word_1_343' title='bbox 1622 720 1719 755; x_wconf 86' lang='lat' dir='ltr'>nostri</span> <span class='ocrx_word' id='word_1_344' title='bbox 1742 733 1757 755; x_wconf 90' lang='lat' dir='ltr'>a</span> <span class='ocrx_word' id='word_1_345' title='bbox 1780 732 1872 755; x_wconf 91' lang='lat' dir='ltr'>cano-</span> 
     </span>
    </p>

    <p class='ocr_par' dir='ltr' id='par_1_23' title="bbox 1119 769 1871 816">
     <span class='ocr_line' id='line_1_64' title="bbox 1119 769 1871 816; baseline 0.003 -13"><span class='ocrx_word' id='word_1_346' title='bbox 1119 769 1198 804; x_wconf 89' lang='lat' dir='ltr'>nicis</span> <span class='ocrx_word' id='word_1_347' title='bbox 1221 769 1396 816; x_wconf 87' lang='lat' dir='ltr'>praedictae</span> <span class='ocrx_word' id='word_1_348' title='bbox 1414 769 1576 804; x_wconf 88' lang='lat' dir='ltr'>Ecclesiae</span> <span class='ocrx_word' id='word_1_349' title='bbox 1591 770 1676 804; x_wconf 86' lang='lat' dir='ltr'>fiant.</span> <span class='ocrx_word' id='word_1_350' title='bbox 1705 769 1871 805; x_wconf 89' lang='lat' dir='ltr'>Praedicto</span> 
     </span>
    </p>

    <p class='ocr_par' dir='ltr' id='par_1_24' title="bbox 1118 818 2072 2437">
     <span class='ocr_line' id='line_1_65' title="bbox 1118 818 2068 866; baseline 0.001 -13"><span class='ocrx_word' id='word_1_351' title='bbox 1118 827 1222 853; x_wconf 88' lang='lat' dir='ltr'>autem</span> <span class='ocrx_word' id='word_1_352' title='bbox 1247 819 1330 853; x_wconf 91' lang='lat' dir='ltr'>bono</span> <span class='ocrx_word' id='word_1_353' title='bbox 1358 819 1484 853; x_wconf 87' lang='lat' dir='ltr'>bomine</span> <span class='ocrx_word' id='word_1_354' title='bbox 1512 818 1673 862; x_wconf 84' lang='lat' dir='ltr'>defuncto,</span> <span class='ocrx_word' id='word_1_355' title='bbox 1701 819 1871 866; x_wconf 86' lang='lat' dir='ltr'>episcopus</span> <span class='ocrx_word' id='word_1_356' title='bbox 1898 825 1955 847; x_wconf 70' lang='lat'>⁸⁰³⁰</span> <span class='ocrx_word' id='word_1_357' title='bbox 1983 826 2068 863; x_wconf 51' lang='lat' dir='ltr'>homine</span> 
     </span>
     <span class='ocr_line' id='line_1_66' title="bbox 1120 857 2070 915; baseline 0.003 -14"><span class='ocrx_word' id='word_1_358' title='bbox 1120 868 1149 902; x_wconf 91' lang='lat' dir='ltr'>in</span> <span class='ocrx_word' id='word_1_359' title='bbox 1173 867 1318 903; x_wconf 87' lang='lat' dir='ltr'>demanio</span> <span class='ocrx_word' id='word_1_360' title='bbox 1332 867 1508 903; x_wconf 85' lang='lat' dir='ltr'>Ecclesiam</span> <span class='ocrx_word' id='word_1_361' title='bbox 1529 868 1627 914; x_wconf 87' lang='lat' dir='ltr'>ipsam</span> <span class='ocrx_word' id='word_1_362' title='bbox 1648 867 1771 909; x_wconf 88' lang='lat' dir='ltr'>habeat,</span> <span class='ocrx_word' id='word_1_363' title='bbox 1789 880 1871 903; x_wconf 90' lang='lat' dir='ltr'>eam-</span> <span class='ocrx_word' id='word_1_364' title='bbox 1884 857 2070 915; x_wconf 53' lang='lat' dir='ltr'>ffissffim&#39;gcssffiss</span> 
     </span>
     <span class='ocr_line' id='line_1_67' title="bbox 1119 916 2068 964; baseline 0.002 -14"><span class='ocrx_word' id='word_1_365' title='bbox 1119 930 1179 964; x_wconf 83' lang='lat' dir='ltr'>que</span> <span class='ocrx_word' id='word_1_366' title='bbox 1207 917 1316 960; x_wconf 83' lang='lat' dir='ltr'>libere,</span> <span class='ocrx_word' id='word_1_367' title='bbox 1339 925 1367 951; x_wconf 86' lang='lat' dir='ltr'>et</span> <span class='ocrx_word' id='word_1_368' title='bbox 1391 918 1457 952; x_wconf 85' lang='lat' dir='ltr'>sine</span> <span class='ocrx_word' id='word_1_369' title='bbox 1485 916 1735 952; x_wconf 88' lang='lat' dir='ltr'>contradictione</span> <span class='ocrx_word' id='word_1_370' title='bbox 1768 917 1936 964; x_wconf 66' lang='lat' dir='ltr'>possi--⁵¹,2¹¹³n</span> <span class='ocrx_word' id='word_1_371' title='bbox 1959 919 1997 944; x_wconf 76' lang='lat'><strong>⁵¹¹¹·</strong></span> <span class='ocrx_word' id='word_1_372' title='bbox 2021 920 2068 940; x_wconf 73' lang='lat'>‘¹⁰¹¹‘</span> 
     </span>
     <span class='ocr_line' id='line_1_68' title="bbox 1119 953 2072 1002; baseline 0 -2"><span class='ocrx_word' id='word_1_373' title='bbox 1119 967 1200 1001; x_wconf 87' lang='lat' dir='ltr'>deat.</span> <span class='ocrx_word' id='word_1_374' title='bbox 1225 966 1313 1001; x_wconf 86' lang='lat' dir='ltr'>Hanc</span> <span class='ocrx_word' id='word_1_375' title='bbox 1339 974 1444 1002; x_wconf 87' lang='lat' dir='ltr'>autem</span> <span class='ocrx_word' id='word_1_376' title='bbox 1472 974 1610 1001; x_wconf 87' lang='lat' dir='ltr'>nostram</span> <span class='ocrx_word' id='word_1_377' title='bbox 1632 967 1869 1002; x_wconf 87' lang='lat' dir='ltr'>concessionem</span> <span class='ocrx_word' id='word_1_378' title='bbox 1884 953 2072 1002; x_wconf 54' lang='lat' dir='ltr'>{liri‘i&#39;irigffegi</span> 
     </span>
     <span class='ocr_line' id='line_1_69' title="bbox 1119 1012 1999 1063; baseline 0 -13"><span class='ocrx_word' id='word_1_379' title='bbox 1119 1024 1148 1050; x_wconf 83' lang='lat' dir='ltr'>et</span> <span class='ocrx_word' id='word_1_380' title='bbox 1170 1028 1264 1062; x_wconf 87' lang='lat' dir='ltr'>snper</span> <span class='ocrx_word' id='word_1_381' title='bbox 1293 1015 1459 1063; x_wconf 87' lang='lat' dir='ltr'>praedictis</span> <span class='ocrx_word' id='word_1_382' title='bbox 1482 1015 1644 1062; x_wconf 88' lang='lat' dir='ltr'>capitulis,</span> <span class='ocrx_word' id='word_1_383' title='bbox 1673 1027 1728 1051; x_wconf 90' lang='lat' dir='ltr'>seu</span> <span class='ocrx_word' id='word_1_384' title='bbox 1751 1017 1870 1050; x_wconf 84' lang='lat' dir='ltr'>consti-</span> <span class='ocrx_word' id='word_1_385' title='bbox 1884 1012 1999 1039; x_wconf 69' lang='lat'>¹¹⁰⁵⁸⁵¹¹⁰³¹·</span> 
     </span>
     <span class='ocr_line' id='line_1_70' title="bbox 1120 1064 1870 1110; baseline 0 -11"><span class='ocrx_word' id='word_1_386' title='bbox 1120 1065 1294 1099; x_wconf 86' lang='lat' dir='ltr'>tutionibus</span> <span class='ocrx_word' id='word_1_387' title='bbox 1321 1064 1521 1100; x_wconf 84' lang='lat' dir='ltr'>ordinatione</span> <span class='ocrx_word' id='word_1_388' title='bbox 1542 1072 1573 1099; x_wconf 88' lang='lat' dir='ltr'>et</span> <span class='ocrx_word' id='word_1_389' title='bbox 1594 1064 1823 1110; x_wconf 88' lang='lat' dir='ltr'>compositione</span> <span class='ocrx_word' id='word_1_390' title='bbox 1839 1065 1870 1100; x_wconf 93' lang='lat' dir='ltr'>in</span> 
     </span>
     <span class='ocr_line' id='line_1_71' title="bbox 1121 1113 1870 1160; baseline 0.001 -12"><span class='ocrx_word' id='word_1_391' title='bbox 1121 1114 1268 1148; x_wconf 90' lang='lat' dir='ltr'>manibus</span> <span class='ocrx_word' id='word_1_392' title='bbox 1297 1114 1368 1155; x_wconf 90' lang='lat' dir='ltr'>tuis,</span> <span class='ocrx_word' id='word_1_393' title='bbox 1396 1113 1525 1149; x_wconf 90' lang='lat' dir='ltr'>domine</span> <span class='ocrx_word' id='word_1_394' title='bbox 1557 1113 1745 1149; x_wconf 85' lang='lat' dir='ltr'>venerabilis</span> <span class='ocrx_word' id='word_1_395' title='bbox 1773 1121 1870 1160; x_wconf 86' lang='lat' dir='ltr'>pater,</span> 
     </span>
     <span class='ocr_line' id='line_1_72' title="bbox 1120 1162 1871 1210; baseline 0.001 -13"><span class='ocrx_word' id='word_1_396' title='bbox 1120 1162 1249 1197; x_wconf 91' lang='lat' dir='ltr'>domine</span> <span class='ocrx_word' id='word_1_397' title='bbox 1275 1162 1472 1198; x_wconf 81' lang='lat' dir='ltr'>Tlieanensis</span> <span class='ocrx_word' id='word_1_398' title='bbox 1494 1162 1657 1210; x_wconf 74' lang='lat' dir='ltr'>episcope,</span> <span class='ocrx_word' id='word_1_399' title='bbox 1683 1175 1740 1210; x_wconf 87' lang='lat' dir='ltr'>pro</span> <span class='ocrx_word' id='word_1_400' title='bbox 1763 1171 1871 1210; x_wconf 85' lang='lat' dir='ltr'>parte,</span> 
     </span>
     <span class='ocr_line' id='line_1_73' title="bbox 1121 1211 1873 1258; baseline 0.003 -13"><span class='ocrx_word' id='word_1_401' title='bbox 1121 1220 1152 1246; x_wconf 82' lang='lat' dir='ltr'>et</span> <span class='ocrx_word' id='word_1_402' title='bbox 1174 1212 1241 1246; x_wconf 88' lang='lat' dir='ltr'>vice</span> <span class='ocrx_word' id='word_1_403' title='bbox 1267 1211 1428 1246; x_wconf 88' lang='lat' dir='ltr'>Ecclesiae</span> <span class='ocrx_word' id='word_1_404' title='bbox 1448 1220 1521 1247; x_wconf 85' lang='lat' dir='ltr'>tuae</span> <span class='ocrx_word' id='word_1_405' title='bbox 1542 1212 1574 1246; x_wconf 92' lang='lat' dir='ltr'>in</span> <span class='ocrx_word' id='word_1_406' title='bbox 1598 1212 1771 1258; x_wconf 81' lang='lat' dir='ltr'>praesentia</span> <span class='ocrx_word' id='word_1_407' title='bbox 1799 1224 1873 1247; x_wconf 90' lang='lat' dir='ltr'>me—</span> 
     </span>
     <span class='ocr_line' id='line_1_74' title="bbox 1122 1260 1871 1308; baseline 0.001 -13"><span class='ocrx_word' id='word_1_408' title='bbox 1122 1261 1232 1295; x_wconf 85' lang='lat' dir='ltr'>morati</span> <span class='ocrx_word' id='word_1_409' title='bbox 1250 1260 1362 1295; x_wconf 86' lang='lat' dir='ltr'>iudicis</span> <span class='ocrx_word' id='word_1_410' title='bbox 1377 1268 1408 1295; x_wconf 87' lang='lat' dir='ltr'>et</span> <span class='ocrx_word' id='word_1_411' title='bbox 1423 1261 1546 1301; x_wconf 88' lang='lat' dir='ltr'>notarii,</span> <span class='ocrx_word' id='word_1_412' title='bbox 1569 1269 1600 1296; x_wconf 86' lang='lat' dir='ltr'>et</span> <span class='ocrx_word' id='word_1_413' title='bbox 1620 1260 1871 1308; x_wconf 85' lang='lat' dir='ltr'>subscriptorum</span> 
     </span>
     <span class='ocr_line' id='line_1_75' title="bbox 1122 1309 1872 1356; baseline 0.003 -12"><span class='ocrx_word' id='word_1_414' title='bbox 1122 1310 1248 1344; x_wconf 89' lang='lat' dir='ltr'>testium</span> <span class='ocrx_word' id='word_1_415' title='bbox 1265 1321 1320 1356; x_wconf 85' lang='lat' dir='ltr'>per</span> <span class='ocrx_word' id='word_1_416' title='bbox 1334 1309 1612 1345; x_wconf 88' lang='lat' dir='ltr'>contradictionem</span> <span class='ocrx_word' id='word_1_417' title='bbox 1635 1309 1872 1351; x_wconf 84' lang='lat' dir='ltr'>confirmamus,</span> 
     </span>
     <span class='ocr_line' id='line_1_76' title="bbox 1121 1358 1873 1405; baseline 0.001 -11"><span class='ocrx_word' id='word_1_418' title='bbox 1121 1358 1298 1405; x_wconf 82' lang='lat' dir='ltr'>obligantes</span> <span class='ocrx_word' id='word_1_419' title='bbox 1320 1371 1388 1399; x_wconf 87' lang='lat' dir='ltr'>nos,</span> <span class='ocrx_word' id='word_1_420' title='bbox 1411 1366 1442 1393; x_wconf 87' lang='lat' dir='ltr'>et</span> <span class='ocrx_word' id='word_1_421' title='bbox 1454 1367 1580 1394; x_wconf 87' lang='lat' dir='ltr'>nostros</span> <span class='ocrx_word' id='word_1_422' title='bbox 1602 1359 1765 1404; x_wconf 78' lang='lat' dir='ltr'>haeredes,</span> <span class='ocrx_word' id='word_1_423' title='bbox 1784 1359 1873 1395; x_wconf 90' lang='lat' dir='ltr'>vobis</span> 
     </span>
     <span class='ocr_line' id='line_1_77' title="bbox 1120 1407 1872 1457; baseline 0.003 -16"><span class='ocrx_word' id='word_1_424' title='bbox 1120 1408 1174 1455; x_wconf 89' lang='lat' dir='ltr'>qui</span> <span class='ocrx_word' id='word_1_425' title='bbox 1202 1419 1297 1455; x_wconf 88' lang='lat' dir='ltr'>supra</span> <span class='ocrx_word' id='word_1_426' title='bbox 1319 1407 1488 1442; x_wconf 87' lang='lat' dir='ltr'>venerabili</span> <span class='ocrx_word' id='word_1_427' title='bbox 1511 1409 1662 1455; x_wconf 89' lang='lat' dir='ltr'>episcopo</span> <span class='ocrx_word' id='word_1_428' title='bbox 1689 1420 1746 1455; x_wconf 90' lang='lat' dir='ltr'>pro</span> <span class='ocrx_word' id='word_1_429' title='bbox 1773 1416 1872 1457; x_wconf 82' lang='lat' dir='ltr'>parte,</span> 
     </span>
     <span class='ocr_line' id='line_1_78' title="bbox 1121 1456 1874 1493; baseline 0.003 -2"><span class='ocrx_word' id='word_1_430' title='bbox 1121 1465 1152 1491; x_wconf 86' lang='lat' dir='ltr'>et</span> <span class='ocrx_word' id='word_1_431' title='bbox 1179 1457 1244 1492; x_wconf 87' lang='lat' dir='ltr'>vice</span> <span class='ocrx_word' id='word_1_432' title='bbox 1272 1456 1439 1491; x_wconf 90' lang='lat' dir='ltr'>iamdictae</span> <span class='ocrx_word' id='word_1_433' title='bbox 1472 1457 1633 1492; x_wconf 89' lang='lat' dir='ltr'>Ecclesiae</span> <span class='ocrx_word' id='word_1_434' title='bbox 1659 1465 1766 1493; x_wconf 90' lang='lat' dir='ltr'>contra</span> <span class='ocrx_word' id='word_1_435' title='bbox 1793 1458 1874 1493; x_wconf 88' lang='lat' dir='ltr'>hanc</span> 
     </span>
     <span class='ocr_line' id='line_1_79' title="bbox 1123 1505 1873 1554; baseline 0.003 -14"><span class='ocrx_word' id='word_1_436' title='bbox 1123 1513 1261 1540; x_wconf 88' lang='lat' dir='ltr'>nostram</span> <span class='ocrx_word' id='word_1_437' title='bbox 1294 1505 1514 1550; x_wconf 89' lang='lat' dir='ltr'>concordiam,</span> <span class='ocrx_word' id='word_1_438' title='bbox 1549 1507 1745 1553; x_wconf 76' lang='lat' dir='ltr'>pactionem,</span> <span class='ocrx_word' id='word_1_439' title='bbox 1779 1515 1873 1554; x_wconf 85' lang='lat' dir='ltr'>atque</span> 
     </span>
     <span class='ocr_line' id='line_1_80' title="bbox 1121 1555 1874 1602; baseline 0.001 -12"><span class='ocrx_word' id='word_1_440' title='bbox 1121 1555 1359 1590; x_wconf 88' lang='lat' dir='ltr'>concessionem</span> <span class='ocrx_word' id='word_1_441' title='bbox 1384 1555 1469 1589; x_wconf 92' lang='lat' dir='ltr'>nullo</span> <span class='ocrx_word' id='word_1_442' title='bbox 1491 1562 1632 1602; x_wconf 87' lang='lat' dir='ltr'>tempore</span> <span class='ocrx_word' id='word_1_443' title='bbox 1655 1555 1770 1591; x_wconf 88' lang='lat' dir='ltr'>venire.</span> <span class='ocrx_word' id='word_1_444' title='bbox 1792 1556 1874 1591; x_wconf 88' lang='lat' dir='ltr'>Nam</span> 
     </span>
     <span class='ocr_line' id='line_1_81' title="bbox 1121 1602 1873 1651; baseline 0.003 -13"><span class='ocrx_word' id='word_1_445' title='bbox 1121 1605 1145 1638; x_wconf 87' lang='lat' dir='ltr'>si</span> <span class='ocrx_word' id='word_1_446' title='bbox 1170 1616 1227 1639; x_wconf 93' lang='lat' dir='ltr'>nos</span> <span class='ocrx_word' id='word_1_447' title='bbox 1254 1604 1306 1651; x_wconf 91' lang='lat' dir='ltr'>qui</span> <span class='ocrx_word' id='word_1_448' title='bbox 1335 1616 1430 1651; x_wconf 89' lang='lat' dir='ltr'>supra</span> <span class='ocrx_word' id='word_1_449' title='bbox 1456 1602 1679 1646; x_wconf 87' lang='lat' dir='ltr'>Guimundus,</span> <span class='ocrx_word' id='word_1_450' title='bbox 1706 1605 1752 1640; x_wconf 85' lang='lat' dir='ltr'>vel</span> <span class='ocrx_word' id='word_1_451' title='bbox 1776 1607 1873 1640; x_wconf 88' lang='lat' dir='ltr'>nostri</span> 
     </span>
     <span class='ocr_line' id='line_1_82' title="bbox 1123 1652 1874 1700; baseline 0.004 -13"><span class='ocrx_word' id='word_1_452' title='bbox 1123 1652 1291 1693; x_wconf 85' lang='lat' dir='ltr'>haeredes,</span> <span class='ocrx_word' id='word_1_453' title='bbox 1328 1652 1375 1688; x_wconf 85' lang='lat' dir='ltr'>vel</span> <span class='ocrx_word' id='word_1_454' title='bbox 1401 1653 1515 1700; x_wconf 91' lang='lat' dir='ltr'>aliquis</span> <span class='ocrx_word' id='word_1_455' title='bbox 1543 1665 1598 1699; x_wconf 91' lang='lat' dir='ltr'>pro</span> <span class='ocrx_word' id='word_1_456' title='bbox 1631 1661 1729 1700; x_wconf 89' lang='lat' dir='ltr'>parte,</span> <span class='ocrx_word' id='word_1_457' title='bbox 1755 1662 1786 1689; x_wconf 89' lang='lat' dir='ltr'>et</span> <span class='ocrx_word' id='word_1_458' title='bbox 1806 1655 1874 1690; x_wconf 87' lang='lat' dir='ltr'>vice</span> 
     </span>
     <span class='ocr_line' id='line_1_83' title="bbox 1122 1701 1875 1750; baseline 0.004 -14"><span class='ocrx_word' id='word_1_459' title='bbox 1122 1710 1240 1741; x_wconf 86' lang='lat' dir='ltr'>nostra,</span> <span class='ocrx_word' id='word_1_460' title='bbox 1268 1701 1328 1736; x_wconf 88' lang='lat' dir='ltr'>hoc</span> <span class='ocrx_word' id='word_1_461' title='bbox 1354 1702 1506 1749; x_wconf 87' lang='lat' dir='ltr'>scriptum</span> <span class='ocrx_word' id='word_1_462' title='bbox 1533 1702 1572 1737; x_wconf 91' lang='lat' dir='ltr'>de</span> <span class='ocrx_word' id='word_1_463' title='bbox 1594 1702 1665 1746; x_wconf 86' lang='lat' dir='ltr'>hoc,</span> <span class='ocrx_word' id='word_1_464' title='bbox 1688 1703 1773 1750; x_wconf 90' lang='lat' dir='ltr'>quod</span> <span class='ocrx_word' id='word_1_465' title='bbox 1801 1715 1875 1739; x_wconf 88' lang='lat' dir='ltr'>con-</span> 
     </span>
     <span class='ocr_line' id='line_1_84' title="bbox 1122 1751 1874 1798; baseline 0.004 -13"><span class='ocrx_word' id='word_1_466' title='bbox 1122 1752 1212 1792; x_wconf 85' lang='lat' dir='ltr'>tinet,</span> <span class='ocrx_word' id='word_1_467' title='bbox 1229 1763 1284 1798; x_wconf 90' lang='lat' dir='ltr'>per</span> <span class='ocrx_word' id='word_1_468' title='bbox 1298 1751 1528 1798; x_wconf 85' lang='lat' dir='ltr'>qualecumque</span> <span class='ocrx_word' id='word_1_469' title='bbox 1551 1751 1733 1787; x_wconf 90' lang='lat' dir='ltr'>incendium</span> <span class='ocrx_word' id='word_1_470' title='bbox 1756 1752 1874 1788; x_wconf 82' lang='lat' dir='ltr'>dirum-</span> 
     </span>
     <span class='ocr_line' id='line_1_85' title="bbox 1122 1800 1873 1847; baseline 0.004 -13"><span class='ocrx_word' id='word_1_471' title='bbox 1122 1812 1208 1847; x_wconf 86' lang='lat' dir='ltr'>pere,</span> <span class='ocrx_word' id='word_1_472' title='bbox 1236 1800 1282 1835; x_wconf 88' lang='lat' dir='ltr'>vel</span> <span class='ocrx_word' id='word_1_473' title='bbox 1306 1811 1485 1841; x_wconf 86' lang='lat' dir='ltr'>removere,</span> <span class='ocrx_word' id='word_1_474' title='bbox 1513 1813 1567 1836; x_wconf 93' lang='lat' dir='ltr'>seu</span> <span class='ocrx_word' id='word_1_475' title='bbox 1602 1800 1772 1837; x_wconf 86' lang='lat' dir='ltr'>reformare</span> <span class='ocrx_word' id='word_1_476' title='bbox 1793 1814 1873 1837; x_wconf 92' lang='lat' dir='ltr'>con-</span> 
     </span>
     <span class='ocr_line' id='line_1_86' title="bbox 1121 1849 1873 1897; baseline 0.005 -14"><span class='ocrx_word' id='word_1_477' title='bbox 1121 1849 1326 1889; x_wconf 80' lang='lat' dir='ltr'>senserimus,</span> <span class='ocrx_word' id='word_1_478' title='bbox 1352 1857 1403 1884; x_wconf 91' lang='lat' dir='ltr'>aut</span> <span class='ocrx_word' id='word_1_479' title='bbox 1435 1850 1467 1884; x_wconf 93' lang='lat' dir='ltr'>in</span> <span class='ocrx_word' id='word_1_480' title='bbox 1493 1850 1602 1897; x_wconf 89' lang='lat' dir='ltr'>quavis</span> <span class='ocrx_word' id='word_1_481' title='bbox 1630 1857 1716 1897; x_wconf 88' lang='lat' dir='ltr'>parte</span> <span class='ocrx_word' id='word_1_482' title='bbox 1737 1850 1873 1887; x_wconf 85' lang='lat' dir='ltr'>refutare</span> 
     </span>
     <span class='ocr_line' id='line_1_87' title="bbox 1122 1898 1873 1946; baseline 0.005 -14"><span class='ocrx_word' id='word_1_483' title='bbox 1122 1898 1363 1938; x_wconf 85' lang='lat' dir='ltr'>tentaverimus,</span> <span class='ocrx_word' id='word_1_484' title='bbox 1406 1907 1531 1934; x_wconf 86' lang='lat' dir='ltr'>centum</span> <span class='ocrx_word' id='word_1_485' title='bbox 1567 1899 1719 1934; x_wconf 78' lang='lat' dir='ltr'>bisantios</span> <span class='ocrx_word' id='word_1_486' title='bbox 1755 1912 1873 1946; x_wconf 85' lang='lat' dir='ltr'>poenae</span> 
     </span>
     <span class='ocr_line' id='line_1_88' title="bbox 1123 1947 1873 1997; baseline 0.005 -16"><span class='ocrx_word' id='word_1_487' title='bbox 1123 1959 1180 1982; x_wconf 91' lang='lat' dir='ltr'>nos</span> <span class='ocrx_word' id='word_1_488' title='bbox 1215 1955 1245 1982; x_wconf 92' lang='lat' dir='ltr'>et</span> <span class='ocrx_word' id='word_1_489' title='bbox 1270 1947 1421 1983; x_wconf 86' lang='lat' dir='ltr'>haeredes</span> <span class='ocrx_word' id='word_1_490' title='bbox 1444 1957 1568 1983; x_wconf 86' lang='lat' dir='ltr'>nostros</span> <span class='ocrx_word' id='word_1_491' title='bbox 1596 1948 1682 1984; x_wconf 91' lang='lat' dir='ltr'>vobis</span> <span class='ocrx_word' id='word_1_492' title='bbox 1703 1949 1756 1996; x_wconf 88' lang='lat' dir='ltr'>qui</span> <span class='ocrx_word' id='word_1_493' title='bbox 1779 1962 1873 1997; x_wconf 83' lang='lat' dir='ltr'>supra</span> 
     </span>
     <span class='ocr_line' id='line_1_89' title="bbox 1123 1995 1873 2046; baseline 0.005 -16"><span class='ocrx_word' id='word_1_494' title='bbox 1123 1995 1295 2031; x_wconf 84' lang='lat' dir='ltr'>venerabili</span> <span class='ocrx_word' id='word_1_495' title='bbox 1322 1995 1501 2032; x_wconf 87' lang='lat' dir='ltr'>Theauensi</span> <span class='ocrx_word' id='word_1_496' title='bbox 1536 1997 1707 2044; x_wconf 86' lang='lat' dir='ltr'>episcopo,</span> <span class='ocrx_word' id='word_1_497' title='bbox 1742 1999 1873 2046; x_wconf 89' lang='lat' dir='ltr'>eiusque</span> 
     </span>
     <span class='ocr_line' id='line_1_90' title="bbox 1122 2045 1873 2093; baseline 0.007 -14"><span class='ocrx_word' id='word_1_498' title='bbox 1122 2045 1378 2089; x_wconf 86' lang='lat' dir='ltr'>successoribus,</span> <span class='ocrx_word' id='word_1_499' title='bbox 1402 2054 1432 2081; x_wconf 85' lang='lat' dir='ltr'>et</span> <span class='ocrx_word' id='word_1_500' title='bbox 1454 2053 1541 2093; x_wconf 87' lang='lat' dir='ltr'>parte</span> <span class='ocrx_word' id='word_1_501' title='bbox 1567 2046 1733 2083; x_wconf 91' lang='lat' dir='ltr'>iamdictae</span> <span class='ocrx_word' id='word_1_502' title='bbox 1755 2047 1873 2083; x_wconf 89' lang='lat' dir='ltr'>Eccle-</span> 
     </span>
     <span class='ocr_line' id='line_1_91' title="bbox 1123 2095 1875 2142; baseline 0.004 -13"><span class='ocrx_word' id='word_1_503' title='bbox 1123 2095 1185 2129; x_wconf 87' lang='lat' dir='ltr'>siae</span> <span class='ocrx_word' id='word_1_504' title='bbox 1223 2106 1415 2142; x_wconf 90' lang='lat' dir='ltr'>componere</span> <span class='ocrx_word' id='word_1_505' title='bbox 1448 2095 1676 2142; x_wconf 75' lang='lat' dir='ltr'>obligavimus,</span> <span class='ocrx_word' id='word_1_506' title='bbox 1711 2104 1742 2132; x_wconf 90' lang='lat' dir='ltr'>et</span> <span class='ocrx_word' id='word_1_507' title='bbox 1768 2097 1875 2132; x_wconf 88' lang='lat' dir='ltr'>omnia</span> 
     </span>
     <span class='ocr_line' id='line_1_92' title="bbox 1123 2143 1872 2191; baseline 0.003 -12"><span class='ocrx_word' id='word_1_508' title='bbox 1123 2143 1302 2191; x_wconf 83' lang='lat' dir='ltr'>supradicta</span> <span class='ocrx_word' id='word_1_509' title='bbox 1335 2144 1508 2191; x_wconf 52' lang='lat' dir='ltr'>complere</span> <span class='ocrx_word' id='word_1_510' title='bbox 1543 2152 1575 2179; x_wconf 89' lang='lat' dir='ltr'>et</span> <span class='ocrx_word' id='word_1_511' title='bbox 1609 2145 1685 2181; x_wconf 90' lang='lat' dir='ltr'>haec</span> <span class='ocrx_word' id='word_1_512' title='bbox 1717 2154 1802 2181; x_wconf 88' lang='lat' dir='ltr'>carta</span> <span class='ocrx_word' id='word_1_513' title='bbox 1834 2146 1872 2182; x_wconf 91' lang='lat' dir='ltr'>ad</span> 
     </span>
     <span class='ocr_line' id='line_1_93' title="bbox 1123 2192 1874 2242; baseline 0.004 -15"><span class='ocrx_word' id='word_1_514' title='bbox 1123 2193 1185 2228; x_wconf 88' lang='lat' dir='ltr'>hoc</span> <span class='ocrx_word' id='word_1_515' title='bbox 1206 2192 1292 2240; x_wconf 91' lang='lat' dir='ltr'>quod</span> <span class='ocrx_word' id='word_1_516' title='bbox 1318 2194 1460 2228; x_wconf 84' lang='lat' dir='ltr'>continet</span> <span class='ocrx_word' id='word_1_517' title='bbox 1481 2193 1569 2228; x_wconf 83' lang='lat' dir='ltr'>firma</span> <span class='ocrx_word' id='word_1_518' title='bbox 1598 2202 1628 2229; x_wconf 90' lang='lat' dir='ltr'>et</span> <span class='ocrx_word' id='word_1_519' title='bbox 1653 2195 1774 2230; x_wconf 89' lang='lat' dir='ltr'>stabilis</span> <span class='ocrx_word' id='word_1_520' title='bbox 1796 2207 1874 2242; x_wconf 79' lang='lat' dir='ltr'>per—</span> 
     </span>
     <span class='ocr_line' id='line_1_94' title="bbox 1125 2242 1874 2289; baseline 0.004 -13"><span class='ocrx_word' id='word_1_521' title='bbox 1125 2250 1248 2277; x_wconf 87' lang='lat' dir='ltr'>maneat</span> <span class='ocrx_word' id='word_1_522' title='bbox 1270 2254 1407 2289; x_wconf 87' lang='lat' dir='ltr'>semper,</span> <span class='ocrx_word' id='word_1_523' title='bbox 1433 2250 1464 2278; x_wconf 91' lang='lat' dir='ltr'>et</span> <span class='ocrx_word' id='word_1_524' title='bbox 1489 2242 1529 2278; x_wconf 91' lang='lat' dir='ltr'>de</span> <span class='ocrx_word' id='word_1_525' title='bbox 1550 2243 1600 2278; x_wconf 89' lang='lat' dir='ltr'>his</span> <span class='ocrx_word' id='word_1_526' title='bbox 1626 2243 1772 2279; x_wconf 91' lang='lat' dir='ltr'>omnibus</span> <span class='ocrx_word' id='word_1_527' title='bbox 1786 2255 1874 2279; x_wconf 79' lang='lat' dir='ltr'>com—</span> 
     </span>
     <span class='ocr_line' id='line_1_95' title="bbox 1125 2290 1874 2341; baseline 0.004 -16"><span class='ocrx_word' id='word_1_528' title='bbox 1125 2290 1250 2338; x_wconf 88' lang='lat' dir='ltr'>plendis</span> <span class='ocrx_word' id='word_1_529' title='bbox 1279 2318 1431 2325; x_wconf 93' lang='grc'><em>.....</em></span> <span class='ocrx_word' id='word_1_530' title='bbox 1461 2300 1568 2327; x_wconf 88' lang='lat' dir='ltr'>nostro</span> <span class='ocrx_word' id='word_1_531' title='bbox 1592 2292 1679 2327; x_wconf 89' lang='lat' dir='ltr'>vobis</span> <span class='ocrx_word' id='word_1_532' title='bbox 1700 2293 1754 2340; x_wconf 90' lang='lat' dir='ltr'>qui</span> <span class='ocrx_word' id='word_1_533' title='bbox 1778 2306 1874 2341; x_wconf 88' lang='lat' dir='ltr'>supra</span> 
     </span>
     <span class='ocr_line' id='line_1_96' title="bbox 1124 2340 1874 2388; baseline 0.004 -14"><span class='ocrx_word' id='word_1_534' title='bbox 1124 2340 1303 2375; x_wconf 85' lang='lat' dir='ltr'>Tlieanensi</span> <span class='ocrx_word' id='word_1_535' title='bbox 1333 2341 1483 2388; x_wconf 88' lang='lat' dir='ltr'>episcopo</span> <span class='ocrx_word' id='word_1_536' title='bbox 1510 2341 1657 2376; x_wconf 81' lang='lat' dir='ltr'>dedimus</span> <span class='ocrx_word' id='word_1_537' title='bbox 1683 2349 1714 2376; x_wconf 90' lang='lat' dir='ltr'>et</span> <span class='ocrx_word' id='word_1_538' title='bbox 1744 2341 1874 2377; x_wconf 87' lang='lat' dir='ltr'>fideius-</span> 
     </span>
     <span class='ocr_line' id='line_1_97' title="bbox 1125 2389 1875 2437; baseline 0.005 -13"><span class='ocrx_word' id='word_1_539' title='bbox 1125 2401 1212 2424; x_wconf 87' lang='lat' dir='ltr'>sores</span> <span class='ocrx_word' id='word_1_540' title='bbox 1239 2389 1312 2424; x_wconf 91' lang='lat' dir='ltr'>inde</span> <span class='ocrx_word' id='word_1_541' title='bbox 1333 2390 1499 2437; x_wconf 88' lang='lat' dir='ltr'>posuimus</span> <span class='ocrx_word' id='word_1_542' title='bbox 1524 2402 1580 2437; x_wconf 89' lang='lat' dir='ltr'>per</span> <span class='ocrx_word' id='word_1_543' title='bbox 1605 2390 1875 2429; x_wconf 71' lang='lat' dir='ltr'>convenientiam,</span> 
     </span>
    </p>
   </div>
   <div class='ocr_carea' id='block_1_15' title="bbox 1886 1812 2072 1988">
    <p class='ocr_par' dir='ltr' id='par_1_25' title="bbox 1886 1812 2072 1988">
     <span class='ocr_line' id='line_1_98' title="bbox 1900 1812 2072 1833; baseline 0 0"><span class='ocrx_word' id='word_1_544' title='bbox 1900 1812 1975 1833; x_wconf 71' lang='lat' dir='ltr'>Addita</span> <span class='ocrx_word' id='word_1_545' title='bbox 2005 1812 2072 1833; x_wconf 76' lang='lat' dir='ltr'>multa</span> 
     </span>
     <span class='ocr_line' id='line_1_99' title="bbox 1887 1843 2071 1864; baseline 0 0"><span class='ocrx_word' id='word_1_546' title='bbox 1887 1846 1971 1864; x_wconf 81' lang='lat' dir='ltr'>centum</span> <span class='ocrx_word' id='word_1_547' title='bbox 1996 1843 2071 1864; x_wconf 72' lang='lat' dir='ltr'>hisau-</span> 
     </span>
     <span class='ocr_line' id='line_1_100' title="bbox 1886 1875 2071 1902; baseline 0 -7"><span class='ocrx_word' id='word_1_548' title='bbox 1886 1875 1962 1896; x_wconf 78' lang='lat' dir='ltr'>tiorum</span> <span class='ocrx_word' id='word_1_549' title='bbox 1978 1880 2016 1902; x_wconf 83' lang='lat' dir='ltr'>pro</span> <span class='ocrx_word' id='word_1_550' title='bbox 2036 1877 2071 1895; x_wconf 75' lang='lat' dir='ltr'>te-</span> 
     </span>
     <span class='ocr_line' id='line_1_101' title="bbox 1908 1905 2049 1926; baseline 0 0"><span class='ocrx_word' id='word_1_551' title='bbox 1908 1905 2049 1926; x_wconf 76' lang='lat' dir='ltr'>metatoribus</span> 
     </span>
     <span class='ocr_line' id='line_1_102' title="bbox 1906 1937 2053 1957; baseline -0.007 0"><span class='ocrx_word' id='word_1_552' title='bbox 1906 1937 2053 1957; x_wconf 76' lang='lat' dir='ltr'>concessionis</span> 
     </span>
     <span class='ocr_line' id='line_1_103' title="bbox 1944 1967 2013 1988; baseline -0.014 0"><span class='ocrx_word' id='word_1_553' title='bbox 1944 1967 2013 1988; x_wconf 83' lang='lat' dir='ltr'>huius.</span> 
     </span>
    </p>
   </div>
   <div class='ocr_carea' id='block_1_16' title="bbox 338 2438 1876 2635">
    <p class='ocr_par' dir='ltr' id='par_1_26' title="bbox 338 2438 1876 2635">
     <span class='ocr_line' id='line_1_104' title="bbox 1104 2438 1875 2488; baseline 0.003 -15"><span class='ocrx_word' id='word_1_554' title='bbox 1104 2438 1108 2477; x_wconf 78' lang='grc'>’,</span> <span class='ocrx_word' id='word_1_555' title='bbox 1127 2450 1184 2473; x_wconf 89' lang='lat' dir='ltr'>nos</span> <span class='ocrx_word' id='word_1_556' title='bbox 1205 2442 1304 2485; x_wconf 89' lang='lat' dir='ltr'>ipsos,</span> <span class='ocrx_word' id='word_1_557' title='bbox 1335 2438 1419 2474; x_wconf 89' lang='lat' dir='ltr'>unde</span> <span class='ocrx_word' id='word_1_558' title='bbox 1444 2439 1470 2474; x_wconf 92' lang='lat' dir='ltr'>si</span> <span class='ocrx_word' id='word_1_559' title='bbox 1493 2450 1622 2475; x_wconf 87' lang='lat' dir='ltr'>necesse</span> <span class='ocrx_word' id='word_1_560' title='bbox 1648 2438 1739 2475; x_wconf 84' lang='lat' dir='ltr'>suerit</span> <span class='ocrx_word' id='word_1_561' title='bbox 1760 2439 1798 2475; x_wconf 91' lang='lat' dir='ltr'>ad</span> <span class='ocrx_word' id='word_1_562' title='bbox 1828 2441 1875 2488; x_wconf 89' lang='lat' dir='ltr'>pi-</span> 
     </span>
     <span class='ocr_line' id='line_1_105' title="bbox 338 2488 1108 2537; baseline -0.004 -11"><span class='ocrx_word' id='word_1_563' title='bbox 338 2494 410 2526; x_wconf 83' lang='lat' dir='ltr'>tiam</span> <span class='ocrx_word' id='word_1_564' title='bbox 434 2504 506 2527; x_wconf 69' lang='lat' dir='ltr'>vero</span> <span class='ocrx_word' id='word_1_565' title='bbox 529 2502 647 2537; x_wconf 87' lang='lat' dir='ltr'>partem</span> <span class='ocrx_word' id='word_1_566' title='bbox 667 2491 808 2526; x_wconf 89' lang='lat' dir='ltr'>decimae</span> <span class='ocrx_word' id='word_1_567' title='bbox 831 2492 969 2525; x_wconf 57' lang='lat' dir='ltr'>xie-infanti</span> <span class='ocrx_word' id='word_1_568' title='bbox 989 2488 1087 2524; x_wconf 83' lang='lat' dir='ltr'>nostri</span> <span class='ocrx_word' id='word_1_569' title='bbox 1106 2509 1108 2516; x_wconf 50' lang='grc' dir='ltr'><strong>ν</strong></span> 
     </span>
     <span class='ocr_line' id='line_1_106' title="bbox 1107 2536 1875 2584; baseline 0.001 -12"><span class='ocrx_word' id='word_1_570' title='bbox 1107 2547 1108 2550; x_wconf 74' lang='grc'>’</span> <span class='ocrx_word' id='word_1_571' title='bbox 1127 2536 1279 2572; x_wconf 85' lang='lat' dir='ltr'>haeredes</span> <span class='ocrx_word' id='word_1_572' title='bbox 1301 2537 1405 2577; x_wconf 77' lang='lat' dir='ltr'>vobis,</span> <span class='ocrx_word' id='word_1_573' title='bbox 1430 2537 1600 2584; x_wconf 85' lang='lat' dir='ltr'>vestrisque</span> <span class='ocrx_word' id='word_1_574' title='bbox 1621 2537 1875 2577; x_wconf 82' lang='lat' dir='ltr'>successoribus,</span> 
     </span>
     <span class='ocr_line' id='line_1_107' title="bbox 1106 2576 1876 2635; baseline 0 -13"><span class='ocrx_word' id='word_1_575' title='bbox 1106 2576 1156 2635; x_wconf 63' lang='lat' dir='ltr'>{et</span> <span class='ocrx_word' id='word_1_576' title='bbox 1179 2596 1297 2630; x_wconf 72' lang='lat' dir='ltr'>partem</span> <span class='ocrx_word' id='word_1_577' title='bbox 1326 2586 1427 2622; x_wconf 79' lang='lat' dir='ltr'>dictae</span> <span class='ocrx_word' id='word_1_578' title='bbox 1453 2586 1614 2622; x_wconf 90' lang='lat' dir='ltr'>Ecclesiae</span> <span class='ocrx_word' id='word_1_579' title='bbox 1639 2586 1678 2621; x_wconf 92' lang='lat' dir='ltr'>de</span> <span class='ocrx_word' id='word_1_580' title='bbox 1701 2586 1796 2622; x_wconf 88' lang='lat' dir='ltr'>rebus</span> <span class='ocrx_word' id='word_1_581' title='bbox 1818 2599 1876 2622; x_wconf 78' lang='lat' dir='ltr'>no-</span> 
     </span>
    </p>
   </div>
   <div class='ocr_carea' id='block_1_17' title="bbox 1126 2487 1876 2535">
    <p class='ocr_par' dir='ltr' id='par_1_27' title="bbox 1126 2487 1876 2535">
     <span class='ocr_line' id='line_1_108' title="bbox 1126 2487 1876 2535; baseline 0.004 -13"><span class='ocrx_word' id='word_1_582' title='bbox 1126 2487 1322 2534; x_wconf 87' lang='lat' dir='ltr'>gnorandum</span> <span class='ocrx_word' id='word_1_583' title='bbox 1358 2488 1566 2535; x_wconf 81' lang='lat' dir='ltr'>obligavimus</span> <span class='ocrx_word' id='word_1_584' title='bbox 1605 2500 1662 2523; x_wconf 87' lang='lat' dir='ltr'>uos</span> <span class='ocrx_word' id='word_1_585' title='bbox 1695 2496 1726 2523; x_wconf 87' lang='lat' dir='ltr'>et</span> <span class='ocrx_word' id='word_1_586' title='bbox 1753 2496 1876 2525; x_wconf 79' lang='lat' dir='ltr'>nostros</span> 
     </span>
    </p>
   </div>
   <div class='ocr_carea' id='block_1_18' title="bbox 341 2634 1875 2686">
    <p class='ocr_par' dir='ltr' id='par_1_28' title="bbox 341 2634 1875 2686">
     <span class='ocr_line' id='line_1_109' title="bbox 341 2634 1875 2686; baseline -0.001 -13"><span class='ocrx_word' id='word_1_587' title='bbox 341 2640 444 2673; x_wconf 69' lang='lat' dir='ltr'>minus</span> <span class='ocrx_word' id='word_1_588' title='bbox 481 2639 622 2674; x_wconf 67' lang='lat' dir='ltr'>Andreas</span> <span class='ocrx_word' id='word_1_589' title='bbox 650 2647 736 2686; x_wconf 87' lang='lat' dir='ltr'>pater</span> <span class='ocrx_word' id='word_1_590' title='bbox 763 2646 867 2674; x_wconf 77' lang='lat' dir='ltr'>noster</span> <span class='ocrx_word' id='word_1_591' title='bbox 894 2638 996 2673; x_wconf 84' lang='lat' dir='ltr'>eidem</span> <span class='ocrx_word' id='word_1_592' title='bbox 1024 2637 1087 2673; x_wconf 87' lang='lat' dir='ltr'>Ec·</span> <span class='ocrx_word' id='word_1_593' title='bbox 1107 2652 1110 2674; x_wconf 67' lang='lat' dir='ltr'>i</span> <span class='ocrx_word' id='word_1_594' title='bbox 1127 2638 1199 2671; x_wconf 86' lang='lat' dir='ltr'>stris</span> <span class='ocrx_word' id='word_1_595' title='bbox 1228 2635 1399 2671; x_wconf 78' lang='lat' dir='ltr'>mobilibus</span> <span class='ocrx_word' id='word_1_596' title='bbox 1420 2643 1450 2671; x_wconf 88' lang='lat' dir='ltr'>et</span> <span class='ocrx_word' id='word_1_597' title='bbox 1478 2634 1694 2671; x_wconf 88' lang='lat' dir='ltr'>immobilibus</span> <span class='ocrx_word' id='word_1_598' title='bbox 1717 2636 1875 2684; x_wconf 82' lang='lat' dir='ltr'>pignorari</span> 
     </span>
    </p>
   </div>
  </div>
 </body>
</html>
