2129 3223
143 278 188 303 Anv
212 276 240 302 C.
255 275 321 303 ¹21⁹

188 937 222 951 Ιΐῐ
240 937 279 951 {Um

171 1769 293 1790 svamm

386 265 455 298 564

638 323 785 359 XXXIX.

340 404 520 438 Tusculanis
566 401 710 446 episcopis
751 399 924 432 conceditur
966 397 1085 430 ecclesia

385 454 517 486 Sanctae
542 452 664 484 Mariae
691 450 721 482 in
747 449 935 481 Mormsteri'o
959 448 987 478 in
1011 447 1086 479 Urbe

386 503 428 536 ad
448 501 655 535 habitaculum
685 500 746 539 (1).

604 570 818 603 stitit-tium!

375 637 542 668 Exordium.
563 653 601 657 —
623 633 789 664 Concessio.
813 649 850 653 —
868 630 1034 660 Clausulas.

335 708 466 737 nonarius
482 706 624 742 episcopus
643 711 738 733 servus
756 709 897 732 servorum
912 701 967 733 Dei.
980 700 1087 728 Nicolao

380 758 505 793 episcopo
524 754 682 786 Tusculano.
702 753 812 788 eiusque
828 750 1029 780 successoribus
1042 755 1088 777 ca-

380 806 473 835 nonice
491 803 681 835 instituendis,
691 803 719 831 in
733 802 906 838 perpetuum.

386 878 453 912 Etsi
488 876 526 910 de
562 874 719 909 universis
744 872 892 907 fratribus
914 879 943 905 et
979 870 1087 916 coepi-

337 928 442 974 scopis
481 925 598 960 nostris
629 935 736 958 curam
772 930 801 955 et
840 918 1085 954 sollicitudinem

336 987 446 1022 gerere
482 982 664 1009 teneamur.
704 979 732 1006 et
771 982 880 1005 eorum
921 968 1086 1003 commoda

337 1034 490 1072 quantum
526 1021 692 1057 commode
733 1020 891 1066 possimus
932 1018 1086 1056 relevare,

337 1073 540 1120 spiritualiter
562 1079 624 1105 tam
647 1071 727 1104 circa
750 1069 831 1111 illos,
851 1068 905 1114 qui
930 1066 1034 1101 locum
1056 1066 1086 1100 in

337 1123 482 1158 Ecclesia
508 1121 652 1156 Romana
674 1118 773 1153 sortiti
799 1116 963 1151 uobiscum
985 1116 1088 1150 susci-

339 1184 409 1218 pere
429 1169 651 1206 sollicitudinis
666 1179 759 1203 onera
781 1166 895 1212 iugiter
912 1166 1087 1212 patiuntur,

337 1221 509 1256 exuberare
541 1218 634 1253 debet
664 1224 789 1252 nostrae
817 1214 978 1250 charitatis
1007 1214 1087 1248 ass'e-

337 1279 419 1314 ctus,
446 1276 603 1316 quatenus
629 1267 765 1301 sentiant
800 1265 951 1299 honorem
981 1275 1017 1297 ex
1046 1276 1088 1297 0-

339 1331 425 1359 nere,
449 1331 484 1352 ac
512 1317 550 1352 ad
578 1315 737 1362 exemplar
763 1314 908 1349 ordinum
931 1325 1089 1359 superno-

338 1381 426 1405 rum.
467 1374 585 1414 quanto
629 1365 762 1399 vicinius
804 1363 896 1397 uobis
943 1361 1088 1396 assistere

339 1424 534 1455 meruerunt,
562 1423 648 1448 tanto
675 1413 810 1459 amplius
834 1413 864 1445 in
894 1420 998 1445 nostra
1023 1423 1090 1445 mu-

339 1475 394 1500 tuo
416 1465 553 1499 ferveant
575 1463 737 1497 charitate.

389 1514 471 1549 Hinc
494 1522 551 1557 est,
571 1511 758 1546 venerabilis
781 1509 884 1544 frater.
907 1508 990 1555 quod
1015 1521 1087 1542 cum

340 1563 540 1598 Tusculanus
591 1561 764 1608 episcopus
806 1557 1017 1592 habitaculum
1060 1558 1087 1591 in

340 1612 426 1647 Urbe
441 1624 503 1647 non
523 1610 667 1645 habuerit
689 1609 842 1643 hactcuus
860 1615 1088 1654 opportunum,

343 1674 400 1696 nos
432 1661 571 1696 volentes
602 1667 665 1694 tam
698 1659 773 1695 tuis,
802 1669 894 1703 quam
924 1668 1090 1690 successo-

343 1723 413 1745 rum
440 1718 568 1745 tuorum
593 1706 917 1749 incommoditatibus,
945 1717 1026 1752 quae
1053 1716 1089 1738 ex

345 1760 403 1794 lioc
420 1759 586 1806 provenire
605 1764 752 1805 poterunt
770 1755 907 1794 obviare,
926 1754 1090 1789 ecclesiam

344 1809 478 1844 Sanctae
501 1808 618 1842 Mariae
639 1807 669 1840 in
693 1805 883 1840 Mouasterio
902 1803 941 1838 de
960 1803 1092 1838 consilio

344 1859 475 1893 fratrum
505 1864 684 1891 nostrorum
713 1853 909 1901 episcopatui
933 1860 986 1887 tuo
1014 1864 1093 1886 con-

345 1908 488 1942 cedimus
509 1905 697 1940 auctoritate
719 1903 932 1950 praesentium
952 1910 1093 1936 statuen-

344 1966 403 1996 tes,
424 1964 457 1990 ut
472 1955 606 1990 ecclesia
629 1953 820 2001 supradicta,
844 1964 915 1987 curn
939 1951 1093 1998 personis

345 2015 375 2040 et
405 2004 554 2040 omnibus
590 2003 680 2038 bonis
707 2002 785 2044 suis,
813 2001 868 2036 tibi
895 2013 931 2036 ac
962 2012 1094 2036 succes-

345 2054 474 2090 soribus
497 2054 561 2089 tuis
584 2065 619 2087 ea
643 2053 710 2098 lege
732 2051 903 2094 subiaceat,
925 2062 1005 2097 quae
1028 2050 1096 2084 aliis

348 2104 495 2139 fratribus
527 2103 642 2138 nostris
675 2108 798 2136 sanctae
835 2100 998 2135 Romanae
1033 2099 1096 2133 Ec-

348 2154 462 2193 clesiae
483 2151 709 2195 cardinalibus,
731 2161 808 2185 suae
830 2156 1006 2184 noscuntur
1035 2148 1097 2183 Ec—

349 2204 461 2237 clesiae
488 2202 662 2237 subiacere.

399 2252 611 2287 Decernimus
645 2261 735 2295 ergo,
775 2256 808 2283 ut
848 2247 925 2282 nulli
970 2247 1098 2282 omnino

352 2307 517 2341 homiuum
541 2305 632 2339 liceat
658 2302 826 2351 praefatam
853 2301 1027 2337 Ecclesiam
1052 2309 1100 2336 te-

353 2372 437 2396 mere
461 2359 657 2407 perturbare,
676 2364 741 2396 etc,
758 2369 851 2402 usque
867 2365 1016 2403 perpetua
1036 2364 1100 2395 etc„

352 2414 433 2448 salva
458 2412 552 2449 Sedis
588 2410 790 2459 Apostolicae
824 2410 1009 2444 auctoritate
1035 2416 1100 2444 etc..

355 2467 386 2501 Si
410 2479 471 2514 qua
495 2467 588 2514 igitur
612 2467 641 2500 iu
667 2465 808 2500 futurum
824 2472 890 2503 etc„
909 2476 1001 2510 usque
1023 2463 1104 2498 lianc

356 2529 479 2555 nostrae
493 2519 710 2555 concessionis
728 2518 872 2565 paginam
893 2518 1011 2562 sciens,
1027 2529 1104 2552 con-

358 2581 401 2608 tra
429 2586 495 2608 eam
525 2582 641 2609 temere
670 2573 777 2608 venire
807 2571 984 2617 tentaverit,
1011 2571 1105 2619 eique

393 2644 432 2677 (t)
449 2644 486 2670 Ex
508 2644 619 2678 [gbcll.,
639 2645 694 2671 Ital.
712 2645 784 2675 sac„
806 2648 870 2671 tom*
889 2651 906 2670 ι.

908 268 1008 290 BELLA
1015 267 1096 289 Ritu
1119 265 1282 288 ROMANGM

1127 327 1192 361 eea,
1221 327 1313 365 atque
1345 315 1483 364 praemia
1505 309 1649 350 aeternae
1678 312 1763 360 pacis
1788 312 1876 347 inve-

1128 376 1204 403 mat.
1234 367 1346 402 Amen.

1176 417 1292 451 Datum
1311 414 1443 449 Viterbii
1473 416 1513 448 ¹5
1537 411 1662 448 kalend.
1686 411 1875 452 decembris,

1127 466 1301 502 indictione
1327 464 1438 513 prima,
1459 476 1542 498 anno
1563 475 1607 497 iv,

1176 516 1292 551 Datum
1329 527 1385 561 per
1416 526 1544 548 manum
1571 512 1712 547 Raiuerii
1738 511 1877 558 patriar-

1128 565 1205 601 chae
1219 563 1423 604 Antiocheni,
1437 561 1613 598 cancellarii
1636 561 1872 607 vicemagentis.

1127 626 1188 657 Dat.
1214 627 1260 657 die
1278 627 1312 656 19
1331 625 1500 656 novembris
1518 624 1603 657 1219,
1619 623 1721 663 pontit.
1739 632 1815 653 anno
1836 632 1874 653 ιν.

1468 765 1536 799 XL.

1129 845 1180 877 Ad
1211 844 1366 888 praelatos
1400 841 1585 876 Hiberniae,
1617 846 1650 872 ut
1672 839 1879 884 pullulantem

1177 894 1254 925 inter
1273 893 1408 926 subditos
1423 890 1570 924 haeresim
1587 893 1772 933 oppugnent,
1792 888 1877 921 abus·

1178 954 1212 975 us
1243 942 1363 978 tollant,
1387 946 1560 984 statutoque
1584 938 1708 972 concilii
1730 937 1879 982 generalis

1177 992 1295 1034 faciant
1322 989 1480 1023 observari
1502 991 1563 1029 (Ι).

1395 1059 1516 1093 SUMMA
1521 1060 1556 1091 Rl
1561 1061 1608 1091 tut

1129 1131 1241 1161 lnvehit
1267 1135 1364 1160 contra
1385 1129 1591 1168 episcoporum
1622 1127 1831 1166 negligentiam
1850 1129 1879 1158 in

1169 1176 1258 1205 rebus
1279 1175 1356 1205 fidei.
1378 1191 1416 1196 —
1433 1173 1505 1203 Mala
1530 1173 1597 1202 inde
1616 1176 1712 1202 exorta
1737 1171 1879 1211 deplorat.

1167 1237 1206 1242 —
1227 1219 1266 1248 De
1294 1217 1486 1247 observandis
1506 1217 1624 1246 statutis
1650 1216 1769 1246 concilii
1787 1224 1879 1254 gene-

1169 1264 1250 1294 ralis.
1272 1280 1311 1285 —
1341 1262 1498 1292 pluralitas
1520 1260 1732 1291 beneficiorum
1756 1261 1880 1290 vitanda.

1167 1326 1206 1330 —
1228 1307 1311 1337 Dolet
1333 1307 1368 1336 de
1389 1305 1578 1336 irreverentia
1601 1313 1668 1343 erga
1688 1304 1741 1335 SS.
1762 1304 1879 1334 Eucha-

1169 1353 1295 1382 ristiam.
1326 1368 1364 1373 —
1386 1350 1426 1380 De
1453 1350 1541 1380 modo
1563 1349 1708 1380 viaticum
1737 1349 1881 1388 portandi.

1129 1428 1259 1457 Honorius
1277 1427 1418 1463 episcopus
1441 1432 1537 1454 servus
1560 1431 1701 1454 servorum
1722 1424 1780 1457 Dei,
1803 1431 1884 1454 veno-

1174 1476 1306 1505 rabilibus
1322 1474 1460 1503 fratribus
1475 1473 1686 1509 archiepiscopis
1697 1475 1726 1503 ct
1740 1474 1883 1510 episcopis.

1176 1526 1205 1553 et
1223 1524 1334 1553 dilectis
1351 1524 1416 1552 tuiis
1436 1523 1553 1552 caeteris
1575 1523 1755 1552 Ecclesium
1777 1523 1884 1558 praela·

1174 1573 1215 1601 tis
1234 1574 1263 1601 et
1291 1571 1422 1608 capitulis
1444 1579 1492 1608 per
1523 1571 1677 1601 Hiberniam
1704 1571 1883 1603 constitutis.

1175 1622 1292 1650 salutem
1309 1622 1337 1650 ct
1361 1621 1537 1656 apostolicam
1555 1620 1776 1650 benedictionem.

1182 1693 1426 1740 Expectavimus
1448 1692 1611 1735 hactenus,
1636 1699 1837 1739 expectantes
1857 1693 1882 1727 si

1134 1742 1261 1777 monitis
1304 1750 1335 1776 et
1374 1742 1498 1776 statutis
1546 1742 1669 1776 concilii
1709 1741 1882 1788 generalis,

1134 1791 1256 1827 exculta
1290 1791 1419 1826 Domini
1453 1790 1591 1825 Sabaoth
1628 1791 1719 1825 vinca
1748 1790 1885 1826 floruis-

1134 1850 1199 1885 set,
1243 1840 1267 1875 si
1310 1841 1395 1875 Aron
1434 1840 1520 1886 virga
1564 1840 1766 1887 turgentibus
1793 1852 1886 1886 gem-

1135 1890 1196 1925 mis
1223 1891 1381 1937 erupisset
1403 1891 1435 1924 in
1462 1890 1567 1933 flores,
1589 1897 1620 1924 et
1643 1889 1781 1925 dilatatis
1803 1889 1886 1925 foliis

1135 1939 1290 1986 amigdala
1337 1938 1556 1986 produxisset,
1600 1938 1625 1973 si
1674 1939 1888 1985 geminassent

1137 1990 1215 2024 mala
1248 1988 1381 2035 punica,
1407 1997 1437 2024 et
1469 1989 1548 2023 fieus
1575 1987 1764 2035 produceret
1796 2001 1888 2035 gros-

1136 2051 1188 2073 sos
1221 2050 1312 2072 suos:
1343 2037 1415 2084 quia
1442 2038 1521 2072 ficus
1556 2049 1750 2084 praecoquas
1783 2037 1886 2073 anima

1137 2087 1255 2134 Sponsi
1278 2087 1446 2131 desiderat,
1469 2095 1500 2122 et
1521 2099 1638 2134 sponsa
1659 2086 1760 2134 diligit
1781 2087 1888 2122 botros

1138 2137 1237 2183 Cipri.
1266 2135 1328 2171 Sed
1350 2148 1437 2175 ecce,
1461 2136 1605 2171 dolentes
1635 2135 1789 2176 dicimus,
1816 2143 1888 2171 ante

1139 2198 1274 2221 messem
1294 2197 1384 2232 seges
1403 2185 1549 2230 effloruit,
1573 2193 1603 2220 et
1620 2186 1708 2220 vinea
1726 2185 1792 2220 sere
1812 2193 1888 2229 tota,

1140 2245 1169 2270 et
1199 2235 1277 2270 licus
1299 2247 1334 2269 ac
1362 2235 1448 2282 virga
1477 2235 1577 2282 magis
1603 2234 1697 2275 aruit,
1718 2243 1748 2269 et
1776 2234 1889 2269 vinde-

1141 2285 1253 2319 miator
1275 2296 1401 2319 manum
1421 2284 1459 2319 ad
1476 2282 1644 2319 carcallum
1664 2295 1726 2318 non
1749 2291 1887 2318 revocat:

1142 2334 1195 2369 sed
1231 2335 1275 2368 sic
1309 2346 1434 2381 semper
1471 2333 1658 2373 vindemiat,
1692 2332 1777 2379 quod
1819 2340 1889 2379 post

1144 2382 1386 2420 vindemiatores
1419 2395 1561 2419 racemos
1593 2381 1716 2428 aliquos
1743 2381 1890 2428 colligere

1144 2433 1193 2467 vix
1221 2432 1371 2468 valemus.
1406 2433 1484 2468 Nam
1513 2431 1733 2478 unusquisque
1768 2431 1832 2466 fere
1859 2431 1890 2465 iu

1146 2482 1224 2516 viam
1247 2493 1337 2517 suam
1366 2482 1452 2523 abiit,
1479 2490 1510 2517 et
1528 2481 1565 2516 ad
1592 2492 1681 2515 suam
1706 2480 1892 2527 negotiatio-

1146 2543 1217 2566 nem
1242 2532 1356 2567 revolat
1377 2544 1394 2567 a
1416 2531 1510 2578 regiis
1531 2529 1652 2577 nuptiis
1673 2528 1894 2564 damnabiliter

1179 2601 1325 2668 Ι(ίέῃὶἒόιάἰι
1343 2602 1470 2633 Martene,
1494 2601 1620 2627 Ttiesaur.
1639 2599 1780 2632 Anecdot„
1793 2603 1856 2626 torn.
1874 2606 1894 2631 ι,

1146 2649 1195 2668 co.
1268 2660 1274 2668 .

1892 255 1940 282 Αιι.
1958 254 1986 282 c.
2006 253 2074 282 ηις

1910 1699 1994 1721 invehit
2007 1702 2082 1720 contu

1915 1731 2063 1757 episcoporum

1898 1761 2049 1787 negligentiam
2059 1761 2080 1781 in

1926 1791 1989 1813 rebus
2003 1791 2060 1813 fidei.
