2129 3223
37 261 85 288 An.
103 262 133 290 C.
153 262 219 289 ¹¹85

882 262 993 287 Lucius
1015 263 1050 285 ΙΙΙ
1074 262 1123 285 ΡΡ,

1656 246 1708 282 ’29
1774 261 1822 286 An.
1845 259 1872 285 c,
1888 260 1952 287 ilss5

232 319 383 361 confines,
405 326 436 354 et
461 318 576 366 sylvam
599 330 670 354 cum
694 317 823 353 decimis
854 325 884 352 et
907 329 975 365 per·
1017 326 1103 352 catos
1132 326 1200 352 tuos
1232 317 1268 351 ad
1303 317 1439 352 officium
1470 324 1499 351 et
1538 315 1575 351 ad
1614 327 1758 351 commu-

231 368 370 404 tinentiis
413 368 491 404 suis.
525 368 653 403 Plebem
687 367 720 403 S.
758 366 895 402 Floriani
935 366 974 402 de

231 417 336 453 Zaudo
357 429 428 453 cum
451 418 579 465 capellis
612 418 689 461 suis,
723 426 750 451 et
791 417 973 452 comitatum

230 479 300 503 cum
328 466 545 503 iurisdictione
571 474 601 502 et
627 467 770 502 districtu
807 467 836 501 in
878 466 974 513 perti-

230 516 344 552 nentiis
364 517 465 564 ipsius
486 516 594 552 Zaudi.
617 515 802 551 Districtum
826 523 855 550 et
887 515 974 550 ordi-

230 566 387 602 nationem
433 566 524 602 castri
574 565 613 600 de
653 565 791 600 Lavatio.
834 566 972 600 Montem

229 615 343 651 Farrae
364 628 436 651 cum
458 615 590 650 decimis
615 616 691 650 suis.
706 614 832 662 Sylvam
855 614 974 650 canalis

228 665 262 700 S.
284 665 396 701 Crucis
422 677 438 700 a
466 664 583 700 Lerina
605 664 763 699 Leverada
787 665 973 711 respiciente

229 716 265 750 ad
288 714 462 750 Ecclesiam
490 714 523 749 S.
553 714 666 749 Crucis
687 727 759 749 cum
782 713 914 749 decimis
944 721 970 748 et

230 764 438 812 pertinentiis.
477 763 606 799 Curtem
654 763 693 798 de
726 762 868 809 Fregona
901 775 971 798 cum

228 814 337 849 castris
358 814 397 849 de
422 814 556 857 Carone‚
584 825 656 848 cum
685 812 803 860 capella
826 812 860 848 S.
882 812 971 848 Iusti.

228 871 259 898 et
284 863 435 911 capellam
458 863 491 898 S.
520 863 645 897 Martini
667 875 740 898 cum
769 862 911 897 dominio
942 870 971 897 et

228 913 425 960 pertiuentiis
442 912 595 948 eiusdem.
620 911 733 946 Villam
766 911 805 946 de
839 912 970 947 Pinedo.

227 961 373 998 Castrum
395 963 434 998 de
455 962 621 1009 Opitergio
642 974 714 996 cum
737 970 824 996 curte
846 970 876 996 ct
893 961 972 996 villis

226 1020 258 1047 et
282 1012 461 1059 campaneis
494 1012 569 1046 suis.
605 1010 766 1059 Capellam
807 1011 840 1046 S.
865 1010 970 1046 Blasii.

225 1060 260 1097 S.
283 1061 381 1103 Petri,
402 1061 435 1097 S.
458 1060 582 1096 Martini
615 1069 646 1096 et
682 1060 817 1095 Sanctae
856 1060 971 1095 Mariae

226 1123 298 1147 cum
320 1110 378 1146 alia
393 1110 508 1158 capella
524 1119 554 1145 et
571 1122 753 1156 campanea,
767 1121 847 1157 quae
862 1122 972 1144 omues

226 1160 376 1196 dicuntur
409 1173 479 1196 esse
511 1162 542 1194 in
576 1159 775 1207 pertinentiis
808 1160 900 1194 castri
932 1159 970 1193 de

34 1205 81 1260 ,ἐξ
98 1208 215 1260 ’ζζξζῖζξὶζ
227 1208 402 1257 Opitergio.
449 1209 502 1244 lus
542 1209 748 1244 ordinationis
787 1208 970 1243 earumdem

33 1275 55 1290 m
73 1255 172 1304 ’ugonis
194 1259 260 1293 enin
290 1258 380 1305 plebe
407 1258 440 1294 S.
453 1258 579 1293 Ioannis
605 1257 645 1293 de
660 1256 836 1305 Opitergi0;
862 1266 892 1292 et
917 1270 970 1293 ca—

34 1299 141 1321 “⁶¹⁶⁵¹'⁸‘
228 1307 328 1355 pellae
355 1308 453 1343 curtis
481 1307 680 1351 Franconis‚
707 1315 739 1342 et
774 1306 969 1342 livellaticum

228 1358 358 1392 aliarum
376 1357 587 1392 Ecclesiarum
615 1365 645 1390 et
666 1355 901 1391 ordinationum
924 1368 972 1391 ea-

229 1406 371 1441 rumdem
395 1408 426 1440 in
454 1406 648 1452 pertinentiis
662 1404 828 1452 Opitergii:
847 1414 967 1440 curtem

227 1463 258 1490 et
278 1465 378 1491 castra
404 1454 444 1490 de
459 1454 567 1500 Soligo
585 1466 656 1489 cum
692 1454 772 1488 villis
806 1462 836 1488 et
872 1454 970 1501 perti-

227 1505 343 1540 nentiis
373 1505 450 1545 suis,
483 1513 600 1539 curtem
642 1503 681 1538 de
710 1502 863 1538 Cendone
896 1517 968 1538 cum

226 1554 353 1601 capellis
378 1555 486 1601 ipsius.
512 1554 706 1588 Auctoritate
727 1565 852 1600 quoque
889 1565 967 1600 apo-

225 1602 334 1639 stolica
342 1604 549 1639 nihilominus
561 1603 711 1638 duximus
726 1602 967 1649 prohibendum,

225 1665 266 1688 ne
282 1653 366 1688 ullus
382 1653 551 1688 advocatus
578 1654 625 1687 vel
647 1652 789 1687 minister
810 1652 878 1686 eius
906 1652 970 1687 Ec-

224 1702 351 1738 clesiam
368 1712 465 1744 tuam,
489 1703 538 1737 vel
559 1714 639 1749 quae
662 1701 699 1737 ad
719 1714 786 1736 eam
800 1703 969 1749 pertinent,

224 1764 362 1798 gravare,
384 1765 437 1787 seu
456 1752 647 1800 quibuslibet
664 1751 810 1786 indebitis
825 1753 970 1786 exactio-

43 1802 212 1857 ⁶²⁵¹P⁶l¹⁸¹¹b5⁵÷2
226 1801 319 1837 nibus
338 1801 463 1848 fatigare
486 1810 672 1849 praesumat.
696 1800 906 1836 prohibemus
920 1803 969 1835 in-

29 1841 212 1894 {iisssf'ussseisu
225 1864 331 1898 super,
352 1861 385 1886 ut
407 1852 486 1886 intra
505 1852 582 1886 fines
598 1851 761 1897 parochiae
779 1859 849 1885 tuae
865 1850 970 1885 nullus

30 1898 212 1950 ffmf‘ssss‘sstffn·
225 1902 294 1935 sine
315 1910 368 1936 tuo
394 1913 523 1935 assensu
550 1900 700 1948 capellam
730 1912 785 1934 seu
799 1902 966 1935 oratorium

226 1950 266 1985 de
289 1963 370 1985 novo
391 1960 571 1986 construere
591 1950 712 1985 audeat:
742 1950 834 1984 salvis
872 1951 969 1997 privi-

43 2009 73 2029 Ab
93 2040 97 2043 ι
114 2009 213 2044 indeptus
226 2001 314 2046 legiis
338 1999 553 2035 Romanorum
580 1999 780 2034 Pontificum.
805 1999 968 2034 Praeterea

30 2043 135 2092 :axe-ion.
157 2039 211 2061 ’Μ’
227 2061 322 2084 novas
338 2058 368 2084 et
383 2049 538 2085 indebitas
552 2051 729 2085 exactiones
743 2064 758 2083 a
774 2050 968 2095 patriarchis.

225 2100 395 2147 episcopis,
417 2099 547 2146 aliisque
568 2098 716 2134 omnibus
748 2098 968 2133 ecclesiasticis

224 2149 474 2184 saecularibusve
487 2149 628 2194 personis
646 2149 713 2188 tibi,
736 2150 800 2182 s‘ve
816 2147 968 2182 ministris

225 2200 286 2233 tuis
323 2198 554 2238 ecclesiasticis,
587 2197 837 2233 saecularibusve
865 2197 967 2232 homi-

225 2248 330 2292 nibus,
352 2248 399 2282 vel
418 2247 512 2282 rebus
534 2247 596 2281 tuis
625 2247 743 2294 imponi
785 2246 967 2281 auctoritate

30 2298 393 2356 ‚ffiiffiggf'ff-apostolica
417 2296 628 2344 prohibemus.
652 2297 699 2331 Ad
722 2297 797 2331 baec
810 2297 967 2331 libertates

1016 367 1141 402 uionem
1156 366 1397 402 ecclesiasticam
1413 366 1578 401 admittere
1592 365 1757 413 quisquam

1014 417 1083 451 sine
1101 429 1237 463 congrua
1260 416 1470 451 satisfactione
1493 423 1679 463 praesumat.
1699 413 1758 449 Ob-

1015 474 1109 502 eunte
1136 478 1207 502 vero
1238 474 1265 500 te
1300 478 1384 500 nunc
1419 465 1560 500 ciusdem
1599 464 1758 500 Ecclesiae
1787 469 1882 505 svn-rw·
1908 473 1939 491 ψ

1014 516 1125 555 electo,
1150 516 1196 550 vel
1223 524 1348 550 tuorum
1372 515 1513 562 quolibet
1527 506 1862 554 successoruniffiiiiii'fo'i'
1878 503 1952 559 ⁸323}ss

1015 565 1121 600 nullus
1149 565 1288 613 qualibet
1315 564 1529 611 subreptionis
1561 565 1673 599 astutia
1712 563 1758 598 vel
1772 569 1823 583 '¹⁰¹²
1849 564 1953 584 '¹“⁶‘³¹¹¹¹'·

1015 615 1163 650 violentia
1186 622 1406 662 praeponatur,
1427 614 1486 648 nisi
1506 626 1598 661 quem
1614 614 1756 648 canonici

1014 664 1156 700 eiusdem
1199 664 1357 699 Ecclesiae
1392 664 1553 697 communi
1588 675 1758 704 consensu,

1015 715 1062 750 vel
1087 727 1157 762 pars
1179 714 1303 749 consilii
1328 713 1464 748 sanioris
1496 712 1669 747 secundum
1699 713 1756 747 Dei

1015 766 1156 799 timorem
1204 774 1234 798 et
1277 771 1456 798 sanctorum
1504 762 1630 797 Patrum
1668 762 1758 797 insti-

1014 814 1168 850 tutionem
1197 813 1392 860 providerint
1418 811 1610 858 eligendum.

1063 864 1271 899 Decernimus
1295 863 1403 905 etiam,
1443 871 1476 896 ut
1514 861 1592 896 nulli
1628 862 1758 896 omniuo
1784 873 1861 892 Sotium
1900 879 1937 893 fn

1014 914 1178 949 hominum
1201 921 1253 946 etc.
1278 913 1310 947 Si
1336 913 1431 959 igitur
1458 911 1488 946 in
1509 912 1646 946 futurum
1668 919 1720 945 etc.

1063 963 1131 999 Eoo
1154 963 1273 998 chus
1299 963 1471 996 catholicae
1498 961 1657 996 Ecclesiae
1690 961 1756 1007 epi·
1807 968 1860 989 ιυ--ιι
1877 969 1907 989 Pr

1012 1025 1139 1057 scopus.

1061 1062 1129 1109 Ego
1151 1061 1336 1096 Theodinus
1358 1060 1542 1095 portuensis
1564 1067 1591 1094 et
1615 1060 1647 1093 S.
1684 1058 1758 1093 Ru·
1772 1076 1790 1091 n
1812 1071 1824 1090 s
1852 1070 1864 1090 a
1895 1070 1941 1090 rui

1013 1112 1093 1146 finae
1119 1111 1296 1158 episeopus·
1772 1102 1945 1159 ..zsszzzssisszzzz

1062 1161 1129 1208 Ego
1151 1160 1306 1194 Henricus
1328 1159 1515 1194 Albanensis
1541 1159 1718 1206 episcopus.

1061 1210 1128 1257 Ego
1155 1209 1357 1244 Theobaldus
1380 1209 1560 1244 Hostiensis
1578 1209 1755 1255 episcopus.

1064 1260 1129 1306 Ego
1150 1259 1283 1293 Ioannes
1324 1258 1484 1305 presbyter
1514 1257 1598 1293 card.
1635 1258 1682 1292 tit.
1722 1257 1755 1292 S.

1012 1309 1127 1344 Mariae
1144 1308 1308 1356 Transtyb.

1060 1358 1129 1402 Ego
1151 1357 1311 1392 Laborans
1339 1357 1500 1405 presbyter
1520 1356 1604 1392 card.
1621 1357 1665 1390 tit.
1681 1357 1758 1391 San-

1011 1408 1051 1442 cti
1075 1408 1184 1442 Marci.

1060 1457 1128 1503 Ego
1150 1456 1287 1491 Ubertus
1310 1456 1355 1490 tit.
1379 1456 1411 1491 S.
1436 1456 1596 1491 Laurentii
1633 1457 1663 1490 in
1694 1455 1757 1491 Da-

1012 1519 1100 1542 maso
1127 1505 1231 1554 presb.
1250 1505 1335 1540 card.

1060 1556 1128 1603 Ego
1155 1555 1362 1602 pandulphus
1393 1555 1551 1602 presbyter
1588 1555 1670 1590 card.
1710 1564 1755 1590 tit.

1011 1606 1060 1642 Ss.
1083 1606 1211 1641 Ioannis
1233 1614 1263 1640 et
1286 1605 1387 1640 Pauli.

1060 1656 1128 1703 Ego
1149 1655 1326 1691 Adelardus
1343 1655 1388 1689 tit.
1417 1654 1450 1688 S.
1478 1654 1613 1689 Marcelli
1650 1654 1752 1702 presb.

1010 1706 1095 1742 card.

1059 1755 1127 1802 Ego
1148 1754 1259 1790 Melior
1282 1753 1441 1801 presbyter
1463 1752 1545 1787 card.
1567 1753 1611 1787 tit.
1632 1754 1680 1789 Ss.
1698 1753 1755 1788 ΧΠ

1010 1805 1247 1852 Apostolorum.

1058 1854 1127 1901 Ego
1153 1853 1289 1889 Albinus
1315 1854 1359 1888 tit.
1387 1853 1419 1887 S.
1450 1852 1560 1887 Crucis
1598 1852 1756 1901 presbyter

1009 1904 1095 1939 card.

1059 1953 1127 2000 Ego
1154 1952 1277 1988 Arditio
1295 1951 1447 1987 diaconus
1469 1951 1553 1986 card.

1058 2003 1125 2050 Ego
1140 2003 1304 2038 Rolandus
1329 2001 1464 2037 Sanctae
1484 2002 1598 2037 Mariae
1626 2002 1656 2036 in
1683 2001 1754 2036 Por-

1009 2052 1074 2088 ticu
1092 2052 1243 2088 diaconus
1269 2051 1354 2087 card.

1058 2102 1131 2149 Ego
1147 2102 1260 2138 Petrus
1280 2101 1314 2137 S.
1337 2102 1456 2137 Nicolai
1485 2101 1514 2136 in
1529 2103 1662 2136 Carcere
1678 2099 1754 2135 Tul-

1008 2152 1092 2188 liano
1113 2151 1193 2187 diac.
1221 2151 1306 2187 card.

1057 2201 1125 2248 Ego
1145 2200 1334 2248 Radulphus
1360 2200 1393 2235 S.
1416 2200 1543 2245 Georgii
1569 2199 1607 2234 ad
1643 2199 1752 2235 Velum

1008 2252 1149 2286 Aureum
1172 2251 1251 2286 diac.
1275 2252 1358 2285 card.

1056 2300 1171 2335 Datum
1204 2299 1345 2335 Veronae
1380 2312 1434 2345 per
1473 2311 1599 2333 manum
1635 2299 1752 2334 Atheni

223 2357 253 2382 et
279 2347 493 2382 immunitates
518 2359 534 2380 a
562 2345 687 2392 regibus
713 2356 743 2380 et
770 2346 967 2393 principibus
986 2376 989 2391 ,
1008 2358 1133 2385 sanctae
1174 2349 1336 2385 Romanae
1376 2348 1538 2383 Ecclesiae
1579 2349 1751 2395 presbyteri

222 2404 254 2432 et
279 2396 318 2431 ab
354 2397 424 2431 aliis
459 2395 602 2442 personis
636 2405 698 2429 tam
733 2396 966 2432 ecclesiasticis.
1008 2399 1126 2434 cardin.
1154 2407 1184 2433 et
1221 2398 1349 2433 cancell.
1395 2399 1436 2432 15
1475 2398 1533 2432 kal.
1562 2400 1751 2438 novembris,

222 2458 317 2493 quam
342 2446 512 2481 mundanis
531 2444 635 2480 eidem
662 2457 828 2480 concessas
855 2445 966 2480 Eccle-
985 2469 989 2489 s
1007 2450 1114 2484 indict.
1140 2451 1172 2488 4,
1202 2460 1285 2483 anno
1317 2448 1494 2482 dominicae
1527 2447 1752 2482 incarnationis

222 2497 302 2536 siae,
322 2505 352 2530 et
379 2497 524 2542 antiquas
551 2502 581 2529 et
610 2494 810 2529 rationabiles
836 2507 966 2530 cousue—
985 2492 989 2541 ξ
1006 2511 1179 2541 Μρωςχχγ,
1220 2498 1417 2546 pontificatus
1460 2508 1532 2531 vero
1580 2496 1619 2531 D.
1661 2497 1750 2532 Lucii

220 2545 351 2581 tudines
390 2546 530 2592 integras
545 2572 552 2584 ,
597 2543 794 2591 illibatasque
839 2556 965 2579 manere
985 2545 989 2574 l
1007 2548 1110 2596 Papae
1133 2548 1175 2582 111
1196 2560 1279 2582 anno
1302 2559 1330 2580 v.

224 2595 378 2642 praesenti
422 2594 548 2630 decreto
581 2595 752 2629 sancimus.
779 2593 989 2651 lnbibefflusg
1046 2606 1106 2636 nat.
1129 2607 1176 2636 die
1203 2606 1236 2636 18
1259 2607 1387 2634 octobris
1405 2613 1481 2633 anno
1494 2604 1607 2634 nouum
1629 2604 1711 2640 1185,

223 2646 315 2680 etiam
359 2656 398 2680 ne
434 2643 619 2680 interdictos
661 2655 698 2678 ac
740 2647 990 2695 &communi-2

1260 2650 1362 2689 pontis.
1383 2659 1458 2679 anno
1477 2657 1501 2678 v.
