2129 3223
140 274 187 302 An.
207 274 235 302 C.
257 273 317 300 122¹

387 262 455 297 580

671 322 751 359 Ltv.

340 406 430 444 Quod
449 403 552 436 iudaei
564 403 738 435 diversitate
752 401 872 434 habitus
888 400 1084 443 distinquan-

386 462 435 487 tur
461 465 481 486 α
514 452 705 493 christianis,
740 451 858 495 illisque
884 449 1084 482 ministerium

383 504 537 548 publicum
564 513 625 535 non
651 501 858 534 committatur
887 500 947 541 (¹1).

604 573 817 605 SUMMARIUM

336 643 433 674 ludaei
453 643 560 673 debent
577 641 678 672 habitu
697 641 838 679 distingui
858 649 872 670 a
895 639 1084 670 christianis:

375 706 413 711 -—
434 688 534 727 Neque
550 686 667 727 publica
691 685 785 715 officia
802 685 843 714 eis
866 682 1084 714 committenda.

335 760 464 789 Honorius
489 759 628 794 episcopus
648 764 742 786 sei-vus
761 762 902 785 servorum
920 754 976 787 Dei,
1009 760 1086 782 vene-

380 809 513 838 rabilibus
532 807 666 836 fratr'ibus
686 806 886 841 archiepiscopo
898 803 1086 839 Burdogaleii..

382 861 411 888 ot
429 857 611 894 suffraganeis
631 857 699 888 eius.
724 855 842 883 salutem
862 854 891 882 et
911 853 1087 889 apostoticam

382 908 603 937 benedictionem.

387 971 436 1008 Ad
458 978 596 1006 nostram
620 968 767 1004 noveritis
794 966 983 1003 audientiam
1015 978 1087 1014 per-

154 1024 225 1044 hfflffl
246 1024 322 1044 ΜΡΝ
340 1022 476 1064 venisse,
491 1020 576 1068 quod
594 1018 695 1053 iudaei
711 1018 840 1065 quidam
856 1017 887 1051 in
908 1016 1087 1063 provinciae

142 1056 211 1074 l⁴¹lii'u
226 1054 323 1079 dzssl'tnssul

143 1092 148 1095 ·
169 1089 232 1104 rurist
246 1086 301 1105 ,inis

338 1070 550 1117 Burdegalen.
579 1069 731 1115 degentes
756 1068 855 1112 signa.
886 1078 939 1112 per
969 1078 1048 1113 quae
1071 1078 1086 1100 a

340 1121 517 1156 christianis
539 1119 718 1153 diversitate
741 1117 867 1151 liabitiis
894 1115 1088 1161 distinguan-

341 1180 402 1215 tur,
430 1177 522 1217 prout
543 1176 694 1203 statutum
728 1174 774 1202 est
808 1167 838 1200 iii
865 1165 1001 1200 concilio
1034 1177 1087 1211 ge-

342 1220 449 1260 nerali,
467 1219 588 1254 deferre
603 1225 822 1254 contemnunt.
837 1215 943 1258 Quare
967 1223 1089 1262 praeter

341 1270 397 1305 alia
421 1269 575 1312 enormia,
597 1279 678 1315 quae
700 1266 772 1301 inde
790 1266 990 1311 contingunt,
1009 1264 1090 1299 cliri-

341 1320 433 1355 stiani
458 1318 580 1354 iudaeis
603 1316 800 1356 mulieribus,
822 1323 852 1350 et
873 1315 977 1349 iudaei
1001 1313 1087 1348 chri-

342 1370 451 1404 stianis
496 1367 612 1403 nefarie
658 1365 913 1402 commiscentur.
961 1363 1090 1398 Nobiles

342 1430 470 1465 quoque
493 1417 592 1465 ipsius
625 1415 802 1462 provinciae
830 1414 958 1448 minime
985 1421 1090 1448 atten-

316 1468 468 1507 dentes,
495 1467 578 1514 quod
616 1465 732 1501 Christi
771 1464 946 1511 blasphemi
982 1463 1091 1497 liben-

343 1526 400 1562 ter,
416 1530 486 1552 cum
504 1524 653 1565 possunt,
680 1514 863 1562 opprimunt
884 1513 1091 1556 christianos⁷

159 1574 230 1602 *ἓῖῦῦ
244 1574 329 1601 ‘’²1¹5ss
344 1574 400 1612 eis,
434 1580 467 1607 ut
494 1584 510 1606 a
545 1569 723 1606 christianis
745 1568 881 1603 officiant
913 1567 1092 1610 efficaciter,

146 1607 215 1626 officis
229 1610 259 1626 eis
270 1610 329 1625 eom-

146 1638 254 1658 ui‘ttenda.

346 1626 470 1674 publica
498 1624 697 1661 committunt
725 1623 823 1657 officia
851 1622 1037 1665 exercenda,
1064 1630 1094 1656 et

346 1689 377 1716 iit
394 1681 473 1716 servi
496 1679 635 1715 dominis
650 1678 865 1716 dominentur,
881 1677 966 1723 ipsos
986 1684 1092 1711 contra

345 1733 466 1770 concilii
504 1732 651 1780 praedicti
674 1739 787 1766 statuta
822 1732 850 1765 in
880 1731 989 1766 castris
1012 1742 1094 1776 prae-

346 1789 465 1827 ficiunt,
492 1795 522 1821 et
549 1787 581 1820 in
610 1785 702 1819 villis.
725 1784 806 1819 Cum
834 1784 929 1831 igitur
959 1796 1020 1818 non
1043 1796 1095 1819 so-

346 1843 410 1878 lum
434 1841 472 1876 sit
493 1841 641 1888 impium,
665 1851 771 1874 verum
800 1838 890 1872 etiam
917 1837 1094 1876 abusivum,

347 1905 379 1931 ut
404 1895 506 1931 iudaei
531 1895 633 1930 taliter
655 1892 846 1928 insolescere
863 1891 1094 1939 permittantur,
1116 1901 1119 1935 ι

919 264 1107 290 nonnum
1133 263 1296 287 ROMANUM

1463 314 1527 350 LV.

1129 395 1220 436 Quod
1238 405 1323 427 nemo
1340 405 1379 426 ex
1399 392 1519 426 civitate
1536 392 1752 425 Beneventano
1766 390 1872 423 domos

1175 444 1302 477 alterius
1323 453 1469 487 occupare
1487 447 1676 486 praesumat,
1701 440 1756 474 sub
1774 451 1873 484 poena

1175 493 1397 539 confiscationis
1422 492 1591 530 horim-um,-
1622 502 1716 535 neque
1739 490 1785 523 ibi
1808 490 1873 522 col-

1174 545 1266 577 lectae
1292 543 1492 587 imponantui·
1523 541 1585 574 nisi
1616 541 1652 573 de
1677 539 1815 581 rectoris,
1846 545 1874 573 et

1175 595 1265 627 totius
1284 592 1394 638 populi
1412 602 1557 625 consensu
1579 592 1640 633 (l).

1395 663 1609 696 SUMMARIUM

1127 736 1323 766 Beneventum
1336 734 1410 764 iuris
1427 733 1455 763 S.
1468 732 1555 762 Petri.
1565 748 1603 754 —
1615 731 1766 761 Decretum
1780 732 1874 770 (prout

1166 782 1194 810 iii
1211 780 1346 817 rubrica).
1362 795 1401 801 —
1421 777 1588 808 Clausulae.

1126 852 1256 881 Honorius
1279 851 1420 887 episcopiis
1433 855 1527 878 servus
1547 854 1687 877 servorum
1697 847 1754 882 Dei.
1765 849 1876 878 dilectis

1170 901 1235 930 filiis
1267 899 1410 931 iudicibus.
1429 897 1594 930 oonsulibus.
1614 899 1643 926 ot
1674 897 1772 935 populo
1793 899 1876 928 Bono-

1170 951 1291 982 veiitaii..
1322 948 1437 977 salutem
1455 948 1484 976 et
1508 947 1686 983 apostoticam
1713 947 1874 978 henedictio-

1171 1007 1240 1028 iieiii.

1177 1067 1224 1101 Ad
1247 1065 1505 1113 tranquillitatem
1528 1073 1660 1101 vestram
1688 1073 1774 1102 tanto
1794 1065 1874 1102 dili-

1128 1116 1252 1163 gentius
1274 1115 1485 1154 intendentes,
1507 1122 1626 1161 quanto
1643 1115 1752 1150 civitas
1773 1124 1873 1151 vestra

1130 1168 1210 1201 inter
1231 1174 1381 1206 caeteras,
1403 1176 1483 1212 quae
1507 1165 1583 1199 iuris
1606 1164 1685 1200 beati
1707 1165 1791 1201 Petri
1813 1167 1875 1201 exi-

1129 1224 1226 1260 stunt,
1252 1215 1393 1250 noscitur
1419 1214 1631 1261 praeminere;
1662 1216 1874 1262 praesentium

1129 1265 1312 1301 auctoritate
1339 1264 1516 1301 statuimus,
1539 1271 1574 1298 ut
1598 1264 1623 1298 si
1651 1265 1723 1311 quis
1743 1264 1783 1300 de
1804 1266 1877 1301 civi·

1131 1324 1191 1351 tate
1225 1315 1288 1362 ipsa
1318 1313 1430 1350 domos
1463 1313 1514 1347 vel
1551 1321 1653 1348 tui-res
1682 1314 1808 1350 alterius
1837 1315 1876 1350 de

1130 1372 1252 1400 caetero
1285 1376 1340 1411 per
1365 1363 1543 1398 violentiam
1574 1364 1723 1410 caeperit,
1750 1364 1809 1400 nisi
1824 1377 1878 1400 eas

1131 1414 1168 1450 ad
1197 1414 1379 1449 mandatum
1406 1421 1562 1452 nostrum,
1589 1412 1635 1448 vel
1660 1414 1800 1458 rectoris,
1823 1415 1876 1462 qui

1133 1476 1187 1511 pro
1209 1472 1350 1510 tempore
1371 1462 1402 1497 in
1426 1462 1490 1509 ipsa
1516 1462 1609 1497 fuerit
1632 1462 1767 1507 civitate,
1795 1464 1875 1499 infra

1132 1522 1194 1549 tres
1215 1513 1283 1547 dies
1303 1512 1400 1547 libere
1421 1512 1634 1558 resignaverit,
1656 1524 1694 1547 ex
1715 1520 1791 1548 tnnc
1812 1513 1878 1548 uni-

1133 1575 1219 1598 versa
1243 1562 1322 1597 bona
1344 1561 1444 1609 ipsius
1465 1561 1580 1596 nostris
1602 1561 1760 1607 regalibus
1782 1563 1880 1610 appli-

1133 1620 1260 1655 centur,
1295 1611 1335 1646 ita
1362 1610 1446 1658 quod
1480 1610 1518 1646 de
1547 1610 1607 1645 illis
1641 1611 1811 1647 satisfactio
1838 1613 1878 1652 ei²

1134 1663 1186 1709 qui
1222 1661 1315 1695 suerit
1354 1673 1465 1707 passus
1499 1660 1661 1704 iniuriam,
1701 1660 1880 1708 Apostolica

1134 1711 1234 1747 Sedes
1256 1710 1295 1745 de
1314 1709 1441 1745 residuo
1465 1710 1547 1744 sicut
1573 1709 1611 1744 de
1638 1710 1770 1745 caeteris
1793 1723 1882 1759 rega-

1135 1761 1218 1796 libus
1240 1760 1336 1794 libere
1364 1771 1420 1807 pro
1447 1771 1503 1794 sua
1536 1760 1694 1794 voluntate
1719 1759 1880 1808 disponat:

1136 1812 1159 1846 si
1185 1810 1319 1845 clericus
1341 1821 1413 1844 vero
1434 1808 1539 1849 suerit,
1555 1808 1658 1844 officio
1678 1817 1709 1844 et
1729 1809 1883 1846 beneficio

1137 1861 1177 1896 sit
1205 1860 1355 1907 privatus.
1387 1858 1434 1893 Ad
1463 1859 1540 1894 baec
1567 1858 1741 1894 districtius
1764 1859 1884 1895 inhibe-

1138 1922 1219 1953 mus,
1247 1921 1285 1944 ne
1307 1909 1379 1956 quis
1402 1909 1559 1944 civitatem
1583 1909 1681 1955 ipsam
1706 1918 1885 1956 praesumat

347 1949 531 1986 fraternitati
558 1954 680 1983 vestrae
704 1945 956 2005 per—apostolica
983 1946 1096 2006 scripta
1116 1961 1119 2007 ἱ
1138 1970 1304 2006 aggravare
1326 1958 1476 2002 091100115,
1501 1958 1558 1993 njsj
1580 1970 1652 1993 cum
1676 1966 1788 1999 rector,
1811 1959 1883 1994 iudi.

348 2002 549 2047 mandamus,
569 2008 725 2061 quatenus
746 2011 829 2059 circa
852 1999 928 2034 haec
950 1999 1097 2047 praedicti
1138 2022 1201 2048 ces,
1229 2007 1386 2051 consules,
1420 2015 1450 2042 et
1475 2007 1627 2043 octonarii
1655 2008 1748 2043 tostus
1775 2009 1884 2056 popuii

348 2066 462 2094 statuta
489 2056 616 2092 concilii
638 2054 791 2090 facientes
818 2065 1003 2088 inconcussa
1031 2066 1099 2089 sei·-
1139 2058 1307 2094 accedente
1334 2069 1504 2100 consensu,
1530 2057 1561 2092 id
1593 2069 1649 2104 pro
1662 2057 1886 2094 communibus

349 2112 425 2153 vai-i,
448 2111 591 2149 iudaeos,
619 2117 653 2144 ut
679 2122 695 2144 a
717 2108 899 2144 christianis
912 2108 1099 2143 „diversitate
1119 2116 1122 2140 t
1142 2108 1242 2156 ipsius
1268 2116 1367 2142 terrae
1390 2107 1522 2154 negotiis
1545 2106 1678 2142 viderint
1703 2108 1860 2154 expedire.

349 2166 476 2203 habitus
501 2178 536 2201 se
557 2164 753 2211 distinguant
776 2176 831 2211 per
852 2162 1099 2198 subtractionem

351 2220 595 2258 communionis,
622 2227 655 2254 et
682 2217 803 2253 nobiles
830 2230 868 2252 ne
890 2217 952 2252 illis
979 2216 1100 2263 publica

352 2275 453 2311 officia
487 2273 671 2321 exequenda
708 2272 916 2311 committant,
948 2271 994 2306 vel
1027 2270 1103 2306 alias

353 2343 407 2366 eos
434 2329 616 2365 christianis
650 2326 849 2374 praeficiant,
883 2325 977 2361 modo
1011 2337 1103 2372 prae-

356 2385 451 2419 misso
474 2396 530 2432 per
551 2393 715 2418 censuram
734 2380 978 2416 ecclesiasticam
1001 2379 1105 2426 appel-

356 2438 469 2473 latione
489 2444 606 2472 remota
632 2435 760 2482 cogatis.

404 2491 518 2527 Datum
543 2490 686 2525 Laterani
719 2489 808 2524 tertio
843 2487 992 2523 kalendas
1019 2487 1104 2527 maii,

359 2545 556 2593 pontificatus
579 2544 674 2579 nostri
702 2555 785 2578 anno
811 2543 932 2590 quinto.

400 2606 459 2636 Dat.
479 2607 525 2637 die
541 2606 580 2637 29
598 2605 700 2645 aprilis
722 2604 807 2642 1221,
830 2604 931 2644 pontif.
950 2613 1026 2634 anno
1041 2612 1065 2631 v.

396 2672 435 2703 ii)
455 2671 492 2695 Ex
511 2669 613 2703 Regest⁴
632 2667 716 2695 Vatic.

1189 2157 1273 2192 Nulli
1313 2169 1389 2203 ergo
1428 2157 1557 2192 omnino
1596 2157 1759 2192 hominum
1798 2158 1888 2193 liceat

1142 2208 1222 2242 banc
1251 2207 1396 2254 paginam
1423 2215 1548 2241 nostrae
1577 2206 1809 2242 constitutionis
1838 2207 1887 2242 in—

1143 2257 1289 2303 fringere,
1312 2256 1358 2291 vel
1380 2256 1409 2291 ei
1435 2268 1512 2291 ausu
1536 2257 1700 2291 temerario
1721 2257 1887 2292 contraire.

1142 2306 1176 2341 Si
1199 2306 1268 2353 quis
1289 2313 1393 2341 autem
1416 2305 1477 2341 hoc
1500 2313 1650 2341 attentare
1672 2317 1889 2353 praesumpse-

1144 2356 1200 2399 rit,
1226 2355 1471 2401 indignationem
1499 2355 1724 2402 omnipotentis
1749 2355 1826 2394 Dei,
1853 2368 1889 2390 ac

1144 2405 1306 2440 beatorum
1325 2404 1408 2441 Petri
1427 2413 1458 2440 et
1480 2403 1570 2440 Pauli
1587 2405 1802 2451 apostolorum
1820 2417 1889 2440 eius

1144 2468 1178 2490 se
1200 2464 1321 2490 noverit
1343 2466 1554 2490 incursurum.

1196 2504 1310 2539 Datum
1344 2504 1489 2540 Laterani
1528 2502 1666 2540 secundo
1706 2503 1777 2538 idus
1805 2504 1889 2544 maii,

1147 2553 1345 2602 pontificatus
1366 2554 1464 2589 nostri
1484 2565 1567 2589 anno
1592 2552 1714 2601 quinto.

1198 2610 1260 2641 Dat.
1284 2612 1333 2642 die
1353 2611 1387 2642 14
1407 2611 1476 2641 maii
1494 2609 1580 2645 1221,
1602 2610 1703 2650 pontis.
1719 2620 1795 2642 anno
1812 2619 1837 2639 v.

1182 2664 1221 2699 (¹)
1241 2663 1279 2692 Ex
1297 2665 1399 2700 Regest.
1422 2664 1506 2691 Vatic.

1886 254 1937 282 Αι.
1950 253 1980 280 C.
1998 251 2063 280 ¹2²¹

1909 1066 2051 1088 Beneventum

1888 1099 1940 1118 iuris
1954 1096 1974 1118 S.
1990 1096 2057 1118 Petri.

1899 1611 2010 1633 Decretum
2020 1609 2076 1637 (pro-

1893 1647 1916 1664 ut
1929 1643 1951 1663 iii
1965 1641 2066 1666 rubrio-J.

1934 2153 2050 2175 mamus.
