2129 3223
135 296 181 320 Au.
205 295 232 320 Cr
251 295 313 321 1191

146 500 194 520 tssurn
210 506 254 520 iure
277 501 315 520 de-

134 537 231 550 vinxerunt
241 530 264 550 ad
274 536 315 550 me—

134 563 185 581 diant
212 566 245 581 ,tut
270 565 313 581 tet·-

235 596 313 618 pdslesst

133 624 279 647 erbendarum

141 1536 234 1556 literani

128 1574 218 1587 unionem
234 1570 253 1587 et
265 1567 308 1586 dise

128 1600 252 1624 positionem
288 1599 308 1617 in

128 1631 250 1656 i-situssentis
270 1630 295 1649 si

128 1663 208 1687 pendit<

128 1691 226 1712 declarat.

141 2131 239 2149 hiiarrata
262 2136 307 2149 ont-

128 2168 137 2180 n
151 2168 161 2181 ,ἰ
183 2161 305 2182 confirmat.

127 2198 147 2212 et
163 2193 231 2212 dotem
248 2192 271 2212 ad
286 2197 308 2211 u-

128 2230 170 2243 :cm
214 2228 306 2249 episcopi

174 2261 191 2273 m
229 2254 305 2275 natet,

128 2292 185 2312 qu'tttt
202 2290 238 2311 pf-t'
259 2291 307 2311 [³¹⁷-

137 2324 157 2337 με
187 2320 306 2338 enumerat:

381 285 426 318 80

331 349 427 384 terius
448 349 584 390 Albiam,
611 349 776 391 Virichim‚
797 363 822 386 ιι
850 352 952 388 curias
991 353 1072 401 apud

330 398 532 446 Todeudorp,
559 398 668 434 Nauliz
686 400 770 436 iuxta
786 400 946 448 Logouve,
959 402 1074 438 Navale

331 448 508 483 theloneum
543 460 565 489 ι,
584 448 684 489 Plote,
704 450 882 497 parochiam
907 452 935 486 in
959 452 1072 487 Zverin

330 509 398 531 cum
427 499 514 532 omni
537 498 614 533 iure.
641 498 842 535 Medietatem
865 500 1006 536 decimae
1042 502 1072 536 in

328 546 469 585 Sclazne,
492 548 612 583 tertiam
630 557 747 595 partem
770 549 911 585 decimae
930 552 961 585 in
973 551 1073 585 Mitte-

330 595 492 635 lenburch,
533 598 655 632 tertiam
706 607 824 646 partem
867 600 1006 634 decimae
1042 601 1071 634 iu

330 644 446 690 Ylowe,
464 647 585 681 tertiam
611 656 728 694 partem
744 648 885 684 decimae
902 650 931 683 in
948 650 1071 690 Zareze,

328 695 450 730 tertiam
484 705 603 743 partem
642 697 782 732 decimae
824 700 854 732 in
893 698 1072 742 Warnowe,

327 744 447 779 tertiam
468 754 586 792 partem
610 746 750 782 decimae
777 750 805 782 in
829 748 941 789 Muriz‚
977 757 1070 783 totam

327 793 480 829 decimam
509 796 537 830 in
562 796 640 830 villis
669 797 779 832 vestris
808 809 862 844 per
899 798 1072 833 Zverinen-

327 855 392 877 sem
417 844 644 892 episcopatum.
686 846 733 880 Ad
765 846 953 882 decanatum
986 848 1071 882 eius-

326 893 396 926 dem
416 893 575 929 Ecclesiae
602 907 626 929 n
656 907 776 930 marcas
799 896 997 931 denariorum
1035 910 1070 931 ex

327 941 502 977 redditibus
521 944 766 990 episcopalibus,
788 957 882 980 unam
907 946 938 980 in
966 945 1071 981 Milie-

326 991 489 1034 lenburch,
511 994 600 1028 aliam
626 995 656 1028 iu
672 993 791 1038 Ylowe,
807 1002 838 1029 et
854 994 932 1030 duas
945 1007 1072 1042 magnas

327 1053 489 1077 mensuras
535 1054 687 1083 annonae,
734 1056 815 1090 quae
852 1043 1070 1092 Wilchskepel

325 1090 531 1137 appellantur,
554 1092 592 1127 de
619 1091 802 1128 molendino
832 1093 863 1127 in
897 1094 1070 1141 aquilonari

325 1149 412 1187 parte
434 1140 634 1177 Zverinensis
661 1142 794 1177 civitatis
816 1142 934 1190 posito,
955 1155 1072 1178 annua-

326 1189 378 1223 tim
413 1202 422 1224 t
461 1190 572 1225 triticei
608 1190 722 1232 bracii,
757 1191 884 1227 alteram
921 1193 1068 1238 siliginis.

324 1238 371 1272 Ad
394 1241 644 1287 praeposituram
668 1241 808 1277 bannum
847 1242 944 1277 totius
981 1241 1070 1277 Zwe-
1104 1270 1107 1271 γ

324 1289 460 1324 rinensis
482 1290 671 1337 provinciae,
700 1302 755 1337 per
781 1303 892 1326 omues
913 1291 1071 1326 Ecclesias

323 1339 406 1372 etin
444 1339 508 1386 ipsa
548 1340 671 1374 civitate
705 1339 909 1382 Zwerinensi,
941 1348 1069 1388 excepta

325 1388 486 1435 principali
511 1389 630 1436 synodo
658 1389 801 1424 eiusdem
839 1390 984 1424 civitatis.
1020 1390 1068 1424 Ad

323 1436 489 1472 luminaria
523 1437 674 1473 ecclesiae
707 1437 846 1473 novellae
887 1438 1068 1473 theloneum

325 1487 354 1519 in
374 1486 493 1527 Pione,
520 1496 552 1522 et
599 1488 722 1522 tertiam
760 1495 879 1534 partem
919 1487 957 1522 de
991 1488 1069 1523 red-

324 1535 440 1570 ditibus
465 1537 494 1570 in
523 1536 640 1571 Nauliz.
665 1536 827 1572 Praeterea
850 1537 980 1572 liberam
1008 1537 1069 1572 ele-

324 1585 458 1619 ctionem
497 1586 526 1620 in
559 1586 706 1633 eligendo
739 1586 886 1628 decanos,
928 1598 1068 1634 praepo-

270 1642 308 1681 ἐξιῇ
324 1635 399 1669 sitos
421 1644 448 1668 et
473 1636 652 1674 canonicos,
680 1644 707 1670 et
726 1635 854 1671 liberam
886 1636 1067 1683 dispositio-

324 1697 393 1718 nem
423 1686 452 1719 in
480 1685 667 1732 colligendis
694 1686 872 1732 stipendiis,
895 1686 974 1720 sicut
991 1685 1067 1720 hac-

323 1743 413 1768 tenus
447 1734 612 1775 habuistis,
651 1735 738 1769 vobis
773 1735 957 1770 auctoritate
992 1747 1066 1783 apo-

322 1783 431 1818 stolica
455 1784 691 1825 confirmamus,
719 1792 746 1818 et
770 1785 807 1819 ad
846 1785 1005 1832 exequias,
1038 1794 1064 1819 et

322 1833 528 1873 tricesimum,
566 1843 595 1869 et
631 1834 667 1869 ad
716 1834 975 1875 anniversarium,
1028 1835 1064 1869 ad

322 1882 469 1918 solvenda
488 1883 603 1925 debita,
630 1884 666 1918 ad
709 1884 880 1919 serxientes
918 1896 1067 1919 remune-

322 1932 447 1973 randos,
469 1933 637 1968 cuiuslibet
663 1933 801 1968 defuncti
842 1933 998 1975 canonici,
1035 1934 1065 1968 in

322 1981 463 2017 Ecclesia
485 1983 692 2030 stipendium,
709 1983 794 2030 quod
818 1984 907 2018 vivus
944 1982 1065 2027 habuit,

322 2040 392 2079 post
413 2032 480 2067 eius
507 2033 639 2077 obitum,
662 2033 742 2068 sicut
768 2032 929 2068 Ecclesiae
948 2040 1065 2067 vestrae

321 2081 559 2117 consuetudinis
580 2091 640 2122 est,
669 2094 724 2129 per
745 2094 861 2117 annum
886 2093 992 2117 vacare
1014 2081 1066 2115 de*

321 2132 491 2167 cernimus.
515 2131 673 2167 Honorem
696 2143 822 2179 quoque
834 2140 865 2166 et
879 2131 1064 2178 dignitatem

323 2181 506 2227 pontificalis
537 2181 630 2222 sedis,
657 2193 750 2228 quarn
778 2180 979 2216 Zverinensis
1001 2180 1065 2215 Ec-

321 2231 412 2265 clesia
441 2232 591 2266 hacteuus
613 2231 760 2265 habuisse
787 2230 995 2276 dignoscitur,
1009 2242 1065 2277 per

324 2281 497 2327 praesentis
537 2280 644 2328 scripti
680 2281 825 2328 paginam
865 2280 966 2315 eidem
996 2279 1064 2314 loco

321 2332 506 2366 auctoritate
532 2329 702 2378 apostolica
728 2329 960 2365 confirmamus.
991 2327 1064 2363 Uni·

323 2392 440 2415 versam
469 2393 594 2428 quoque
621 2380 726 2415 dotem
746 2380 783 2414 ad
807 2392 900 2414 usum
923 2378 1062 2426 episcopi

321 2430 523 2476 assignatam,
559 2438 708 2478 perpetua
747 2429 1062 2476 stabilitate-saepe-

321 2479 421 2515 dictae
435 2480 594 2515 Ecclesiae
610 2479 1062 2518 nihilominusconfirmamus.

322 2537 418 2564 totam
450 2530 590 2565 videlicet
622 2537 735 2565 terram
774 2529 945 2569 Budsowe,
990 2540 1062 2563 cum

320 2580 404 2613 omni
426 2579 556 2615 utilitate
594 2587 623 2615 et
662 2579 860 2626 pertinentiis
897 2578 974 2621 suis,
1009 2590 1063 2613 sex

322 2628 407 2663 villas
431 2629 460 2663 in
487 2628 606 2669 Ytowe,
628 2629 735 2669 Moisz‚
764 2628 920 2669 Ledarsiz‚
951 2626 1063 2673 Gugu-

321 2679 429 2722 luosci,
457 2677 602 2717 laztrove,
628 2678 791 2716 Panem-iz,
809 2676 1061 2719 Gnesdiz,Liuz·

926 298 1113 322 BULLARtmt
1140 300 1302 323 ROMANUM

1115 354 1208 399 chou,
1241 364 1271 390 et
1297 355 1450 393 Goderac.
1478 357 1512 393 In
1551 357 1641 394 Kizin
1684 359 1861 396 Wotencha

1117 421 1213 456 prope
1239 408 1354 445 Domin
1381 423 1452 447 cum
1488 412 1557 448 aliis
1589 422 1722 462 quatuor
1761 414 1861 456 villis,

1114 463 1216 498 villam
1245 464 1275 498 in
1298 464 1408 509 Muriz,
1431 475 1463 501 et
1488 466 1579 502 aliam
1616 469 1646 503 in
1679 468 1860 509 Warnowe,

1115 517 1245 552 insulam
1268 517 1379 554 Zverin
1401 519 1596 556 adiacentem
1625 535 1723 570 usque
1751 523 1788 558 ad
1816 525 1861 559 ri-

1114 571 1232 614 vulum,
1259 581 1288 607 et
1309 573 1400 608 aliam
1428 574 1561 609 insulam
1609 588 1706 623 prope
1736 575 1859 622 Dobin,

1113 638 1194 673 quae
1222 625 1309 661 Libiz
1331 627 1454 663 dicitur.

1162 678 1371 715 Decernimus
1398 693 1484 728 ergo,
1537 691 1571 717 ut
1611 683 1688 718 nulli
1730 685 1860 720 omnino

1115 733 1274 769 hominum
1298 735 1387 770 liceat
1409 735 1489 771 hanc
1504 736 1671 783 praefatam
1685 737 1858 774 Ecclesiam

1114 795 1229 822 temere
1257 789 1449 835 perturbare,
1474 800 1525 825 aut
1547 791 1614 826 eius
1644 793 1860 839 possessiones

1113 841 1243 879 auferre.
1268 843 1312 877 vel
1336 843 1451 879 ablatas
1468 845 1610 886 retinere,
1634 846 1787 891 minuere,
1803 859 1857 881 seu

1112 897 1305 943 quibuslibet
1353 899 1570 934 vexationibus
1620 899 1764 947 fatigare,
1804 903 1858 935 seit

1112 951 1216 985 omnia
1239 951 1357 997 integra
1392 961 1616 988 conserventur
1654 966 1763 990 eorum
1796 968 1855 1002 pro

1112 1017 1245 1052 qnorum
1282 1005 1512 1051 gubernatione
1554 1019 1590 1042 ac
1630 1009 1858 1044 sustentatione

1112 1071 1260 1094 concessa
1287 1068 1360 1094 sunt
1382 1060 1491 1094 usibus
1524 1073 1560 1095 ac
1586 1062 1763 1097 commodis
1789 1075 1858 1110 pro-

1112 1112 1227 1157 futura,
1253 1114 1335 1149 salva
1373 1113 1466 1149 Sedis
1505 1114 1710 1161 Apostolicae
1743 1113 1857 1151 aucto—

1111 1168 1214 1211 ritate,
1257 1176 1287 1202 et
1324 1167 1502 1203 dioecesani
1533 1169 1856 1216 episcopicanonica

1112 1222 1237 1258 iustitia.
1265 1222 1298 1257 Si
1326 1235 1387 1270 qua
1410 1222 1504 1269 igitur
1544 1222 1755 1258 ecclesiastica
1787 1235 1859 1257 sae-

1111 1276 1264 1311 cularisve
1287 1288 1420 1324 persona
1442 1275 1523 1310 hanc
1545 1283 1669 1311 nostrae
1703 1276 1859 1311 constitu-

1110 1330 1206 1365 tionis
1228 1331 1370 1377 paginam
1395 1330 1508 1370 sciens,
1530 1337 1638 1364 contra
1659 1341 1727 1364 eam
1742 1337 1859 1366 temere

1110 1385 1215 1419 venire
1235 1384 1410 1423 tentaverit,
1432 1382 1574 1418 secundo
1606 1383 1738 1419 tertiove
1770 1395 1859 1420 com-

1110 1438 1240 1479 monita,
1263 1438 1319 1472 nisi
1343 1446 1461 1472 reatum
1490 1449 1584 1472 suum
1606 1448 1743 1485 congrua
1766 1438 1858 1473 satis—

1110 1492 1243 1527 factione
1264 1491 1443 1530 correxerit,
1466 1491 1640 1539 potestatis,
1662 1492 1856 1539 honorisque

1109 1548 1156 1582 sui
1180 1547 1328 1593 dignitate
1351 1554 1464 1589 careat,
1498 1558 1646 1594 reamque
1691 1558 1725 1581 se
1751 1546 1856 1581 divino

1110 1601 1224 1637 iudicio
1250 1601 1383 1636 existere
1416 1599 1455 1634 de
1487 1608 1661 1648 perpetrata
1696 1600 1857 1647 iniquitate

1109 1663 1287 1703 cognoscat,
1322 1662 1353 1689 et
1378 1666 1394 1689 a
1415 1654 1626 1689 saeratissimo
1648 1653 1789 1701 Corpore
1820 1668 1855 1690 ac

1107 1709 1267 1756 Sanguine
1297 1708 1354 1744 Dei
1395 1717 1425 1743 et
1470 1706 1596 1743 Domini
1634 1707 1856 1757 Redemptoris

1108 1765 1205 1799 nostri
1238 1763 1308 1799 Iesu
1351 1761 1466 1798 Christi
1493 1762 1593 1798 aliena
1612 1762 1681 1808 fiat,
1702 1771 1796 1810 atque
1823 1764 1853 1799 in

1107 1826 1246 1855 extremo
1268 1817 1412 1852 examine
1424 1817 1545 1859 divinae
1559 1816 1668 1852 ultioni
1682 1817 1851 1854 sublaceat.

1155 1872 1287 1906 Cunctis
1315 1880 1418 1907 autem
1455 1871 1557 1906 eidem
1589 1871 1659 1907 loco
1694 1884 1750 1907 sua
1785 1872 1853 1908 iura

1107 1926 1302 1961 servantibus
1329 1926 1367 1959 sit
1394 1938 1453 1973 pax
1480 1924 1607 1960 Domini
1644 1925 1740 1960 nostri
1780 1924 1851 1961 Iesu

1106 1980 1234 2019 Christi,
1256 1989 1412 2028 quatenus
1439 1987 1469 2015 et
1495 1980 1546 2014 hic
1581 1978 1716 2015 fructum
1751 1979 1852 2015 bonae

1106 2035 1237 2071 aetionis
1265 2034 1448 2083 percipiant,
1485 2041 1516 2069 et
1549 2033 1631 2082 apud
1675 2033 1850 2069 districtum

1106 2089 1243 2125 Iudicem
1267 2088 1402 2136 praemia
1424 2095 1569 2124 aeternae
1582 2086 1668 2135 pacis
1682 2087 1849 2123 inveniant.

1105 2139 1219 2180 Amen.

1154 2197 1269 2234 Datum
1290 2196 1410 2232 Romae
1431 2195 1516 2244 apud
1541 2195 1693 2231 Sanctum
1720 2194 1848 2231 Petrum

1107 2265 1162 2300 per
1194 2264 1321 2288 manum
1364 2251 1485 2297 AEgidii
1525 2249 1632 2286 Sancti
1665 2249 1782 2285 Nicolai
1817 2251 1847 2284 in

1105 2306 1238 2342 Carcere
1251 2306 1395 2342 Tulliano
1407 2305 1530 2342 diaconi
1546 2304 1724 2348 cardinalis,
1740 2312 1849 2339 octavo

1105 2360 1255 2395 kalendas
1290 2359 1482 2404 novembris,
1522 2358 1691 2394 indictione
1713 2357 1846 2400 decima,

1106 2414 1327 2463 incarnationis
1346 2414 1522 2450 dominicae
1552 2424 1634 2448 anno
1680 2411 1846 2448 millesimo

1104 2469 1274 2504 centesimo
1302 2468 1505 2514 nonagesimo
1551 2467 1674 2515 primo,
1716 2466 1847 2515 pontifi-

1104 2531 1191 2558 catus
1212 2535 1284 2558 vero
1306 2522 1422 2557 domini
1445 2520 1613 2557 Coelestini
1637 2520 1742 2568 Papae
1763 2532 1846 2555 anno

1105 2578 1214 2625 primo.

1146 2633 1197 2665 Dat
1219 2634 1266 2665 die
1288 2634 1325 2664 25
1343 2634 1471 2665 octobris
1493 2642 1568 2663 anno
1586 2631 1698 2663 Domini
1720 2631 1806 2668 1191,

1357 2683 1456 2724 pontif.
1480 2691 1554 2714 anno
1572 2691 1590 2713 1.

1875 305 1926 332 An.
1946 304 2053 333 (1.1191

1888 700 1997 722 Decretum
2016 703 2056 723 im-

1874 733 1981 753 munitatis
1989 738 2001 751 a
2008 738 2055 759 qua·

1874 768 1962 789 cumque
1988 762 2056 784 mole-

1885 1235 1966 1257 Addtttu
1985 1235 2051 1258 soluit

1871 1266 1897 1287 ad
1916 1267 1980 1287 robur
2001 1272 2054 1288 cou-

1872 1297 2009 1319 clusiontbnn.
