<?xml version="1.0" encoding="UTF-8"?>
<!DOCTYPE html PUBLIC "-//W3C//DTD XHTML 1.0 Transitional//EN"
    "http://www.w3.org/TR/xhtml1/DTD/xhtml1-transitional.dtd">
<html xmlns="http://www.w3.org/1999/xhtml" xml:lang="en" lang="en">
 <head>
  <title>
</title>
<meta http-equiv="Content-Type" content="text/html;charset=utf-8" />
  <meta name='ocr-system' content='tesseract 3.04.00' />
  <meta name='ocr-capabilities' content='ocr_page ocr_carea ocr_par ocr_line ocrx_word'/>
</head>
<body>
  <div class='ocr_page' id='page_1' title='image "./bullarumdiplomat03cath/bullarumdiplomat03cath_0407.png"; bbox 0 0 2129 3223; ppageno 0'>
   <div class='ocr_carea' id='block_1_1' title="bbox 49 227 1837 261">
    <p class='ocr_par' dir='ltr' id='par_1_1' title="bbox 49 227 1837 261">
     <span class='ocr_line' id='line_1_1' title="bbox 49 227 1837 261; baseline -0.004 -3"><span class='ocrx_word' id='word_1_1' title='bbox 49 232 98 258; x_wconf 70' lang='lat' dir='ltr'>nn:</span> <span class='ocrx_word' id='word_1_2' title='bbox 115 229 145 257; x_wconf 87' lang='lat' dir='ltr'>c.</span> <span class='ocrx_word' id='word_1_3' title='bbox 167 231 231 257; x_wconf 62' lang='grc' dir='ltr'>ιω</span> <span class='ocrx_word' id='word_1_4' title='bbox 859 231 1023 254; x_wconf 63' lang='lat' dir='ltr'>novontrs</span> <span class='ocrx_word' id='word_1_5' title='bbox 1045 232 1081 253; x_wconf 94' lang='grc' dir='ltr'>ιιι</span> <span class='ocrx_word' id='word_1_6' title='bbox 1107 232 1154 254; x_wconf 68' lang='lat' dir='ltr'>ru.</span> <span class='ocrx_word' id='word_1_7' title='bbox 1668 227 1729 256; x_wconf 66' lang='lat'>,401</span> <span class='ocrx_word' id='word_1_8' title='bbox 1801 239 1837 261; x_wconf 52' lang='lat' dir='ltr'>A„</span> 
     </span>
    </p>
   </div>
   <div class='ocr_carea' id='block_1_2' title="bbox 62 285 1980 334">
    <p class='ocr_par' dir='ltr' id='par_1_2' title="bbox 62 285 1980 334">
     <span class='ocr_line' id='line_1_2' title="bbox 62 285 1980 334; baseline 0.001 -14"><span class='ocrx_word' id='word_1_9' title='bbox 62 287 134 309; x_wconf 74' lang='lat'>⁰¹·¹²¹¹·</span> <span class='ocrx_word' id='word_1_10' title='bbox 167 287 317 328; x_wconf 69' lang='grc' dir='ltr'>111’·ιόε,</span> <span class='ocrx_word' id='word_1_11' title='bbox 345 288 375 322; x_wconf 88' lang='lat' dir='ltr'>in</span> <span class='ocrx_word' id='word_1_12' title='bbox 397 299 530 334; x_wconf 84' lang='lat' dir='ltr'>quornm</span> <span class='ocrx_word' id='word_1_13' title='bbox 559 285 699 331; x_wconf 85' lang='lat' dir='ltr'>partibus</span> <span class='ocrx_word' id='word_1_14' title='bbox 728 294 789 320; x_wconf 90' lang='lat' dir='ltr'>tam</span> <span class='ocrx_word' id='word_1_15' title='bbox 820 286 899 320; x_wconf 82' lang='lat' dir='ltr'>sacri</span> <span class='ocrx_word' id='word_1_16' title='bbox 928 298 993 320; x_wconf 89' lang='lat' dir='ltr'>mu-</span> <span class='ocrx_word' id='word_1_17' title='bbox 1037 298 1104 319; x_wconf 90' lang='lat' dir='ltr'>rum</span> <span class='ocrx_word' id='word_1_18' title='bbox 1133 287 1380 332; x_wconf 68' lang='lat' dir='ltr'>provenientium</span> <span class='ocrx_word' id='word_1_19' title='bbox 1403 301 1498 323; x_wconf 84' lang='lat' dir='ltr'>ceusu</span> <span class='ocrx_word' id='word_1_20' title='bbox 1528 289 1672 324; x_wconf 88' lang='lat' dir='ltr'>Romano</span> <span class='ocrx_word' id='word_1_21' title='bbox 1700 290 1782 324; x_wconf 84' lang='lat' dir='ltr'>Pou-</span> <span class='ocrx_word' id='word_1_22' title='bbox 1806 298 1980 322; x_wconf 45' lang='lat' dir='ltr'>emnem-tuna.</span> 
     </span>
    </p>
   </div>
   <div class='ocr_carea' id='block_1_3' title="bbox 1868 238 1978 263">
    <p class='ocr_par' dir='ltr' id='par_1_3' title="bbox 1868 238 1978 263">
     <span class='ocr_line' id='line_1_3' title="bbox 1868 238 1978 263; baseline 0.018 -2"><span class='ocrx_word' id='word_1_23' title='bbox 1868 238 1895 262; x_wconf 55' lang='grc' dir='ltr'>[ἶ.</span> <span class='ocrx_word' id='word_1_24' title='bbox 1918 240 1978 263; x_wconf 64' lang='lat' dir='ltr'>l‘l‘l&#39;t</span> 
     </span>
    </p>
   </div>
   <div class='ocr_carea' id='block_1_4' title="bbox 50 317 1980 1356">
    <p class='ocr_par' dir='ltr' id='par_1_4' title="bbox 50 317 1980 1254">
     <span class='ocr_line' id='line_1_4' title="bbox 50 317 1980 374; baseline -0.003 -3"><span class='ocrx_word' id='word_1_25' title='bbox 50 317 215 340; x_wconf 43' lang='lat' dir='ltr'>„ahma”</span> <span class='ocrx_word' id='word_1_26' title='bbox 246 338 331 372; x_wconf 85' lang='lat' dir='ltr'>ueris</span> <span class='ocrx_word' id='word_1_27' title='bbox 368 336 534 370; x_wconf 74' lang='lat' dir='ltr'>thesaurus</span> <span class='ocrx_word' id='word_1_28' title='bbox 561 334 717 374; x_wconf 83' lang='lat' dir='ltr'>liabetur,</span> <span class='ocrx_word' id='word_1_29' title='bbox 749 347 821 369; x_wconf 87' lang='lat' dir='ltr'>cum</span> <span class='ocrx_word' id='word_1_30' title='bbox 859 346 894 369; x_wconf 84' lang='lat' dir='ltr'>ex</span> <span class='ocrx_word' id='word_1_31' title='bbox 934 335 993 370; x_wconf 84' lang='lat' dir='ltr'>hoc</span> <span class='ocrx_word' id='word_1_32' title='bbox 1811 333 1822 350; x_wconf 81' lang='lat'><strong>⁰</strong></span> <span class='ocrx_word' id='word_1_33' title='bbox 1858 330 1932 351; x_wconf 45' lang='grc' dir='ltr'>ΜΨ</span> <span class='ocrx_word' id='word_1_34' title='bbox 1961 332 1980 349; x_wconf 70' lang='grc'>““</span> 
     </span>
     <span class='ocr_line' id='line_1_5' title="bbox 246 384 993 433; baseline 0 -15"><span class='ocrx_word' id='word_1_35' title='bbox 246 394 308 422; x_wconf 84' lang='lat' dir='ltr'>tota</span> <span class='ocrx_word' id='word_1_36' title='bbox 336 385 431 433; x_wconf 87' lang='lat' dir='ltr'>patria</span> <span class='ocrx_word' id='word_1_37' title='bbox 456 393 576 423; x_wconf 71' lang='lat' dir='ltr'>nostra,</span> <span class='ocrx_word' id='word_1_38' title='bbox 611 392 772 431; x_wconf 88' lang='lat' dir='ltr'>tamquam</span> <span class='ocrx_word' id='word_1_39' title='bbox 800 384 858 418; x_wconf 82' lang='lat' dir='ltr'>sibi</span> <span class='ocrx_word' id='word_1_40' title='bbox 890 395 993 431; x_wconf 88' lang='lat' dir='ltr'>pecu-</span> 
     </span>
     <span class='ocr_line' id='line_1_6' title="bbox 246 433 991 481; baseline -0.001 -13"><span class='ocrx_word' id='word_1_41' title='bbox 246 435 341 478; x_wconf 76' lang='lat' dir='ltr'>liaris,</span> <span class='ocrx_word' id='word_1_42' title='bbox 367 434 435 468; x_wconf 82' lang='lat' dir='ltr'>eius</span> <span class='ocrx_word' id='word_1_43' title='bbox 463 435 502 467; x_wconf 88' lang='lat' dir='ltr'>sit</span> <span class='ocrx_word' id='word_1_44' title='bbox 525 433 683 479; x_wconf 79' lang='lat' dir='ltr'>suffragiis</span> <span class='ocrx_word' id='word_1_45' title='bbox 710 433 878 481; x_wconf 85' lang='lat' dir='ltr'>specialius</span> <span class='ocrx_word' id='word_1_46' title='bbox 903 445 991 467; x_wconf 74' lang='lat' dir='ltr'>eom-</span> 
     </span>
     <span class='ocr_line' id='line_1_7' title="bbox 244 481 992 530; baseline -0.004 -12"><span class='ocrx_word' id='word_1_47' title='bbox 244 483 404 521; x_wconf 66' lang='lat' dir='ltr'>mendata,</span> <span class='ocrx_word' id='word_1_48' title='bbox 442 483 715 530; x_wconf 85' lang='lat' dir='ltr'>praenominatum</span> <span class='ocrx_word' id='word_1_49' title='bbox 749 481 900 517; x_wconf 84' lang='lat' dir='ltr'>Sanctum</span> <span class='ocrx_word' id='word_1_50' title='bbox 929 481 992 516; x_wconf 86' lang='lat' dir='ltr'>Do-</span> 
     </span>
     <span class='ocr_line' id='line_1_8' title="bbox 243 531 992 577; baseline -0.003 -10"><span class='ocrx_word' id='word_1_51' title='bbox 243 532 319 567; x_wconf 87' lang='lat' dir='ltr'>mini</span> <span class='ocrx_word' id='word_1_52' title='bbox 341 532 553 567; x_wconf 81' lang='lat' dir='ltr'>confessorem</span> <span class='ocrx_word' id='word_1_53' title='bbox 576 539 638 566; x_wconf 88' lang='lat' dir='ltr'>tota</span> <span class='ocrx_word' id='word_1_54' title='bbox 662 531 840 572; x_wconf 63' lang='lat' dir='ltr'>devotione.</span> <span class='ocrx_word' id='word_1_55' title='bbox 865 540 992 577; x_wconf 82' lang='lat' dir='ltr'>totoque</span> 
     </span>
     <span class='ocr_line' id='line_1_9' title="bbox 242 580 992 626; baseline -0.004 -10"><span class='ocrx_word' id='word_1_56' title='bbox 242 581 348 616; x_wconf 87' lang='lat' dir='ltr'>studio</span> <span class='ocrx_word' id='word_1_57' title='bbox 370 581 508 616; x_wconf 78' lang='lat' dir='ltr'>venerari</span> <span class='ocrx_word' id='word_1_58' title='bbox 532 581 663 620; x_wconf 77' lang='lat' dir='ltr'>curetis,</span> <span class='ocrx_word' id='word_1_59' title='bbox 685 593 756 615; x_wconf 90' lang='lat' dir='ltr'>eum</span> <span class='ocrx_word' id='word_1_60' title='bbox 781 580 885 626; x_wconf 77' lang='lat' dir='ltr'>dignis</span> <span class='ocrx_word' id='word_1_61' title='bbox 908 588 992 614; x_wconf 87' lang='lat' dir='ltr'>tanto</span> 
     </span>
     <span class='ocr_line' id='line_1_10' title="bbox 242 629 991 676; baseline -0.004 -10"><span class='ocrx_word' id='word_1_62' title='bbox 242 630 422 666; x_wconf 78' lang='lat' dir='ltr'>confessore</span> <span class='ocrx_word' id='word_1_63' title='bbox 445 629 571 664; x_wconf 89' lang='lat' dir='ltr'>laudum</span> <span class='ocrx_word' id='word_1_64' title='bbox 596 629 773 676; x_wconf 74' lang='lat' dir='ltr'>praeconiis</span> <span class='ocrx_word' id='word_1_65' title='bbox 795 629 991 666; x_wconf 65' lang='lat' dir='ltr'>extollentes:</span> 
     </span>
     <span class='ocr_line' id='line_1_11' title="bbox 243 678 993 728; baseline -0.004 -14"><span class='ocrx_word' id='word_1_66' title='bbox 243 680 284 714; x_wconf 86' lang='lat' dir='ltr'>ita</span> <span class='ocrx_word' id='word_1_67' title='bbox 306 679 389 728; x_wconf 85' lang='lat' dir='ltr'>quod</span> <span class='ocrx_word' id='word_1_68' title='bbox 421 680 486 726; x_wconf 84' lang='lat' dir='ltr'>ipse</span> <span class='ocrx_word' id='word_1_69' title='bbox 513 679 614 713; x_wconf 83' lang='lat' dir='ltr'>devoti</span> <span class='ocrx_word' id='word_1_70' title='bbox 637 678 696 712; x_wconf 84' lang='lat' dir='ltr'>sibi</span> <span class='ocrx_word' id='word_1_71' title='bbox 726 678 832 725; x_wconf 92' lang='lat' dir='ltr'>populi</span> <span class='ocrx_word' id='word_1_72' title='bbox 858 690 891 712; x_wconf 90' lang='lat' dir='ltr'>se</span> <span class='ocrx_word' id='word_1_73' title='bbox 918 691 993 724; x_wconf 80' lang='lat' dir='ltr'>gau-</span> 
     </span>
     <span class='ocr_line' id='line_1_12' title="bbox 241 727 992 775; baseline -0.004 -11"><span class='ocrx_word' id='word_1_74' title='bbox 241 728 314 764; x_wconf 81' lang='lat' dir='ltr'>deat</span> <span class='ocrx_word' id='word_1_75' title='bbox 339 741 408 764; x_wconf 84' lang='lat' dir='ltr'>esse</span> <span class='ocrx_word' id='word_1_76' title='bbox 431 736 616 775; x_wconf 81' lang='lat' dir='ltr'>patronum,</span> <span class='ocrx_word' id='word_1_77' title='bbox 642 736 672 761; x_wconf 89' lang='lat' dir='ltr'>et</span> <span class='ocrx_word' id='word_1_78' title='bbox 696 740 749 762; x_wconf 79' lang='lat' dir='ltr'>vos</span> <span class='ocrx_word' id='word_1_79' title='bbox 775 727 843 762; x_wconf 89' lang='lat' dir='ltr'>eius</span> <span class='ocrx_word' id='word_1_80' title='bbox 871 739 992 761; x_wconf 78' lang='lat' dir='ltr'>meroa-</span> 
     </span>
     <span class='ocr_line' id='line_1_13' title="bbox 241 775 992 825; baseline -0.005 -12"><span class='ocrx_word' id='word_1_81' title='bbox 241 777 319 812; x_wconf 85' lang='lat' dir='ltr'>mini</span> <span class='ocrx_word' id='word_1_82' title='bbox 346 777 431 825; x_wconf 91' lang='lat' dir='ltr'>apud</span> <span class='ocrx_word' id='word_1_83' title='bbox 462 776 565 811; x_wconf 90' lang='lat' dir='ltr'>Deum</span> <span class='ocrx_word' id='word_1_84' title='bbox 594 776 874 811; x_wconf 82' lang='lat' dir='ltr'>intercessionibus</span> <span class='ocrx_word' id='word_1_85' title='bbox 901 775 992 810; x_wconf 91' lang='lat' dir='ltr'>adiu—</span> 
     </span>
     <span class='ocr_line' id='line_1_14' title="bbox 242 825 991 872; baseline -0.004 -12"><span class='ocrx_word' id='word_1_86' title='bbox 242 826 316 868; x_wconf 83' lang='lat' dir='ltr'>vari,</span> <span class='ocrx_word' id='word_1_87' title='bbox 339 825 491 861; x_wconf 75' lang='lat' dir='ltr'><strong>docentes</strong></span> <span class='ocrx_word' id='word_1_88' title='bbox 506 825 582 860; x_wconf 77' lang='lat' dir='ltr'>alios</span> <span class='ocrx_word' id='word_1_89' title='bbox 605 837 659 872; x_wconf 88' lang='lat' dir='ltr'>per</span> <span class='ocrx_word' id='word_1_90' title='bbox 681 825 874 872; x_wconf 80' lang='lat' dir='ltr'>exemplum,</span> <span class='ocrx_word' id='word_1_91' title='bbox 892 837 991 871; x_wconf 87' lang='lat' dir='ltr'>quan-</span> 
     </span>
     <span class='ocr_line' id='line_1_15' title="bbox 241 874 991 921; baseline -0.004 -11"><span class='ocrx_word' id='word_1_92' title='bbox 241 884 307 910; x_wconf 90' lang='lat' dir='ltr'>tum</span> <span class='ocrx_word' id='word_1_93' title='bbox 329 887 399 910; x_wconf 82' lang='lat' dir='ltr'>esse</span> <span class='ocrx_word' id='word_1_94' title='bbox 421 875 532 909; x_wconf 81' lang='lat' dir='ltr'>debeat</span> <span class='ocrx_word' id='word_1_95' title='bbox 555 874 689 909; x_wconf 88' lang='lat' dir='ltr'>celebris</span> <span class='ocrx_word' id='word_1_96' title='bbox 715 874 796 921; x_wconf 81' lang='lat' dir='ltr'>apud</span> <span class='ocrx_word' id='word_1_97' title='bbox 827 875 895 908; x_wconf 91' lang='lat' dir='ltr'>illos</span> <span class='ocrx_word' id='word_1_98' title='bbox 915 886 991 908; x_wconf 76' lang='lat' dir='ltr'>con-</span> 
     </span>
     <span class='ocr_line' id='line_1_16' title="bbox 240 923 989 969; baseline -0.003 -11"><span class='ocrx_word' id='word_1_99' title='bbox 240 924 368 960; x_wconf 73' lang='lat' dir='ltr'>sessoris</span> <span class='ocrx_word' id='word_1_100' title='bbox 390 925 540 958; x_wconf 86' lang='lat' dir='ltr'>memoria</span> <span class='ocrx_word' id='word_1_101' title='bbox 568 923 716 969; x_wconf 75' lang='lat' dir='ltr'>gloriosa,</span> <span class='ocrx_word' id='word_1_102' title='bbox 746 931 775 957; x_wconf 87' lang='lat' dir='ltr'>et</span> <span class='ocrx_word' id='word_1_103' title='bbox 810 923 936 969; x_wconf 72' lang='lat' dir='ltr'>quidem</span> <span class='ocrx_word' id='word_1_104' title='bbox 965 923 989 956; x_wconf 85' lang='lat' dir='ltr'>si</span> 
     </span>
     <span class='ocr_line' id='line_1_17' title="bbox 239 972 990 1020; baseline -0.004 -12"><span class='ocrx_word' id='word_1_105' title='bbox 239 973 407 1020; x_wconf 82' lang='lat' dir='ltr'>diligenter</span> <span class='ocrx_word' id='word_1_106' title='bbox 427 973 590 1008; x_wconf 85' lang='lat' dir='ltr'>attenditis</span> <span class='ocrx_word' id='word_1_107' title='bbox 617 972 702 1007; x_wconf 82' lang='lat' dir='ltr'>hunc</span> <span class='ocrx_word' id='word_1_108' title='bbox 730 973 898 1015; x_wconf 77' lang='lat' dir='ltr'>honorem,</span> <span class='ocrx_word' id='word_1_109' title='bbox 925 984 990 1017; x_wconf 78' lang='lat' dir='ltr'>gra-</span> 
     </span>
     <span class='ocr_line' id='line_1_18' title="bbox 239 1020 992 1067; baseline -0.007 -9"><span class='ocrx_word' id='word_1_110' title='bbox 239 1023 352 1059; x_wconf 81' lang='lat' dir='ltr'>tiarum</span> <span class='ocrx_word' id='word_1_111' title='bbox 375 1022 544 1057; x_wconf 79' lang='lat' dir='ltr'>exsolvetis</span> <span class='ocrx_word' id='word_1_112' title='bbox 565 1022 710 1056; x_wconf 85' lang='lat' dir='ltr'>assiduas</span> <span class='ocrx_word' id='word_1_113' title='bbox 724 1021 877 1067; x_wconf 80' lang='lat' dir='ltr'>Largitori</span> <span class='ocrx_word' id='word_1_114' title='bbox 897 1020 992 1054; x_wconf 86' lang='lat' dir='ltr'>bono-</span> 
     </span>
     <span class='ocr_line' id='line_1_19' title="bbox 240 1079 990 1115; baseline -0.004 -9"><span class='ocrx_word' id='word_1_115' title='bbox 240 1083 308 1106; x_wconf 78' lang='lat' dir='ltr'>rum</span> <span class='ocrx_word' id='word_1_116' title='bbox 343 1084 486 1106; x_wconf 78' lang='lat' dir='ltr'>omniurn</span> <span class='ocrx_word' id='word_1_117' title='bbox 521 1079 672 1110; x_wconf 75' lang='lat' dir='ltr'>actiones,</span> <span class='ocrx_word' id='word_1_118' title='bbox 702 1079 744 1104; x_wconf 89' lang='lat' dir='ltr'>uti</span> <span class='ocrx_word' id='word_1_119' title='bbox 784 1082 821 1104; x_wconf 82' lang='lat' dir='ltr'>ex</span> <span class='ocrx_word' id='word_1_120' title='bbox 850 1082 990 1115; x_wconf 61' lang='lat' dir='ltr'>impensa</span> 
     </span>
     <span class='ocr_line' id='line_1_20' title="bbox 241 1119 989 1167; baseline -0.003 -14"><span class='ocrx_word' id='word_1_121' title='bbox 241 1121 359 1167; x_wconf 86' lang='lat' dir='ltr'>patriae</span> <span class='ocrx_word' id='word_1_122' title='bbox 382 1128 501 1155; x_wconf 85' lang='lat' dir='ltr'>vestrae</span> <span class='ocrx_word' id='word_1_123' title='bbox 523 1128 626 1155; x_wconf 87' lang='lat' dir='ltr'>tantae</span> <span class='ocrx_word' id='word_1_124' title='bbox 648 1119 879 1154; x_wconf 78' lang='lat' dir='ltr'>benedictionis</span> <span class='ocrx_word' id='word_1_125' title='bbox 893 1119 989 1164; x_wconf 79' lang='lat' dir='ltr'>gratia</span> 
     </span>
     <span class='ocr_line' id='line_1_21' title="bbox 240 1168 991 1216; baseline -0.005 -11"><span class='ocrx_word' id='word_1_126' title='bbox 240 1170 370 1216; x_wconf 84' lang='lat' dir='ltr'>potestis</span> <span class='ocrx_word' id='word_1_127' title='bbox 385 1170 509 1210; x_wconf 84' lang='lat' dir='ltr'>merito,</span> <span class='ocrx_word' id='word_1_128' title='bbox 531 1177 562 1203; x_wconf 91' lang='lat' dir='ltr'>et</span> <span class='ocrx_word' id='word_1_129' title='bbox 583 1168 705 1203; x_wconf 85' lang='lat' dir='ltr'>debetis</span> <span class='ocrx_word' id='word_1_130' title='bbox 724 1181 778 1203; x_wconf 76' lang='lat' dir='ltr'>vos</span> <span class='ocrx_word' id='word_1_131' title='bbox 800 1179 991 1214; x_wconf 79' lang='lat' dir='ltr'>cognoscere</span> 
     </span>
     <span class='ocr_line' id='line_1_22' title="bbox 239 1219 407 1254; baseline -0.006 -1"><span class='ocrx_word' id='word_1_132' title='bbox 239 1219 407 1254; x_wconf 73' lang='lat' dir='ltr'>debitores.</span> 
     </span>
    </p>

    <p class='ocr_par' dir='ltr' id='par_1_5' title="bbox 240 1265 992 1356">
     <span class='ocr_line' id='line_1_23' title="bbox 288 1265 992 1303; baseline -0.004 0"><span class='ocrx_word' id='word_1_133' title='bbox 288 1267 403 1303; x_wconf 89' lang='lat' dir='ltr'>Datum</span> <span class='ocrx_word' id='word_1_134' title='bbox 441 1267 586 1302; x_wconf 73' lang='lat' dir='ltr'>Laterani</span> <span class='ocrx_word' id='word_1_135' title='bbox 616 1267 808 1301; x_wconf 88' lang='lat' dir='ltr'>duodecimo</span> <span class='ocrx_word' id='word_1_136' title='bbox 842 1265 992 1300; x_wconf 83' lang='lat' dir='ltr'>kalendas</span> 
     </span>
     <span class='ocr_line' id='line_1_24' title="bbox 240 1316 658 1356; baseline 0 -6"><span class='ocrx_word' id='word_1_137' title='bbox 240 1316 408 1356; x_wconf 73' lang='lat' dir='ltr'>februarii,</span> <span class='ocrx_word' id='word_1_138' title='bbox 432 1328 516 1352; x_wconf 86' lang='lat' dir='ltr'>anno</span> <span class='ocrx_word' id='word_1_139' title='bbox 537 1324 658 1351; x_wconf 83' lang='lat' dir='ltr'>octavo.</span> 
     </span>
    </p>
   </div>
   <div class='ocr_carea' id='block_1_5' title="bbox 239 1377 991 1416">
    <p class='ocr_par' dir='ltr' id='par_1_6' title="bbox 239 1377 991 1416">
     <span class='ocr_line' id='line_1_25' title="bbox 239 1377 991 1416; baseline -0.005 -8"><span class='ocrx_word' id='word_1_140' title='bbox 239 1377 300 1408; x_wconf 75' lang='lat' dir='ltr'>Dat.</span> <span class='ocrx_word' id='word_1_141' title='bbox 322 1378 371 1409; x_wconf 86' lang='lat' dir='ltr'>die</span> <span class='ocrx_word' id='word_1_142' title='bbox 389 1377 423 1408; x_wconf 80' lang='lat'>21</span> <span class='ocrx_word' id='word_1_143' title='bbox 444 1378 570 1408; x_wconf 87' lang='lat' dir='ltr'>ianuarii</span> <span class='ocrx_word' id='word_1_144' title='bbox 591 1377 677 1413; x_wconf 67' lang='lat'><strong>1224,</strong></span> <span class='ocrx_word' id='word_1_145' title='bbox 693 1377 823 1416; x_wconf 77' lang='lat' dir='ltr'>pontific.</span> <span class='ocrx_word' id='word_1_146' title='bbox 836 1385 913 1406; x_wconf 90' lang='lat' dir='ltr'>anno</span> <span class='ocrx_word' id='word_1_147' title='bbox 931 1383 991 1407; x_wconf 86' lang='lat' dir='ltr'>vttt.</span> 
     </span>
    </p>
   </div>
   <div class='ocr_carea' id='block_1_6' title="bbox 544 1448 699 1457">
    <p class='ocr_par' dir='ltr' id='par_1_7' title="bbox 544 1448 699 1457">
     <span class='ocr_line' id='line_1_26' title="bbox 544 1448 699 1457; baseline 0 1766"><span class='ocrx_word' id='word_1_148' title='bbox 544 1448 699 1457; x_wconf 95' lang='lat' dir='ltr'> </span> 
     </span>
    </p>
   </div>
   <div class='ocr_carea' id='block_1_7' title="bbox 573 1534 686 1570">
    <p class='ocr_par' dir='ltr' id='par_1_8' title="bbox 573 1534 686 1570">
     <span class='ocr_line' id='line_1_27' title="bbox 573 1534 686 1570; baseline -0.009 0"><span class='ocrx_word' id='word_1_149' title='bbox 573 1534 686 1570; x_wconf 86' lang='lat' dir='ltr'>thx.</span> 
     </span>
    </p>
   </div>
   <div class='ocr_carea' id='block_1_8' title="bbox 243 1615 992 1758">
    <p class='ocr_par' dir='ltr' id='par_1_9' title="bbox 243 1615 992 1758">
     <span class='ocr_line' id='line_1_28' title="bbox 243 1615 992 1660; baseline -0.005 -9"><span class='ocrx_word' id='word_1_150' title='bbox 243 1618 399 1651; x_wconf 77' lang='lat' dir='ltr'>Concessio</span> <span class='ocrx_word' id='word_1_151' title='bbox 429 1617 566 1650; x_wconf 82' lang='lat' dir='ltr'>locorum</span> <span class='ocrx_word' id='word_1_152' title='bbox 594 1616 754 1660; x_wconf 79' lang='lat' dir='ltr'>utriusque</span> <span class='ocrx_word' id='word_1_153' title='bbox 780 1615 926 1648; x_wconf 77' lang='lat' dir='ltr'>Btmdeni</span> <span class='ocrx_word' id='word_1_154' title='bbox 950 1615 992 1648; x_wconf 83' lang='lat' dir='ltr'>ad</span> 
     </span>
     <span class='ocr_line' id='line_1_29' title="bbox 289 1664 992 1711; baseline -0.006 -11"><span class='ocrx_word' id='word_1_155' title='bbox 289 1668 420 1711; x_wconf 64' lang='lat' dir='ltr'>triginta</span> <span class='ocrx_word' id='word_1_156' title='bbox 441 1677 539 1699; x_wconf 82' lang='lat' dir='ltr'>annos</span> <span class='ocrx_word' id='word_1_157' title='bbox 572 1666 712 1710; x_wconf 70' lang='lat' dir='ltr'>episcopo</span> <span class='ocrx_word' id='word_1_158' title='bbox 739 1665 884 1709; x_wconf 76' lang='lat' dir='ltr'>Reqinen.</span> <span class='ocrx_word' id='word_1_159' title='bbox 907 1664 992 1708; x_wconf 80' lang='lat' dir='ltr'>facta</span> 
     </span>
     <span class='ocr_line' id='line_1_30' title="bbox 289 1714 990 1758; baseline -0.006 -9"><span class='ocrx_word' id='word_1_160' title='bbox 289 1716 345 1749; x_wconf 78' lang='lat' dir='ltr'>sub</span> <span class='ocrx_word' id='word_1_161' title='bbox 370 1727 477 1749; x_wconf 84' lang='lat' dir='ltr'>annuo</span> <span class='ocrx_word' id='word_1_162' title='bbox 503 1726 592 1748; x_wconf 81' lang='lat' dir='ltr'>censu</span> <span class='ocrx_word' id='word_1_163' title='bbox 613 1715 742 1758; x_wconf 69' lang='lat' dir='ltr'>triginta</span> <span class='ocrx_word' id='word_1_164' title='bbox 764 1714 915 1747; x_wconf 83' lang='lat' dir='ltr'>librarum</span> <span class='ocrx_word' id='word_1_165' title='bbox 934 1714 990 1755; x_wconf 82' lang='lat'>(1).</span> 
     </span>
    </p>
   </div>
   <div class='ocr_carea' id='block_1_9' title="bbox 506 1795 722 1826">
    <p class='ocr_par' dir='ltr' id='par_1_10' title="bbox 506 1795 722 1826">
     <span class='ocr_line' id='line_1_31' title="bbox 506 1795 722 1826; baseline -0.009 0"><span class='ocrx_word' id='word_1_166' title='bbox 506 1795 722 1826; x_wconf 59' lang='lat' dir='ltr'>summumst</span> 
     </span>
    </p>
   </div>
   <div class='ocr_carea' id='block_1_10' title="bbox 238 1861 992 1982">
    <p class='ocr_par' dir='ltr' id='par_1_11' title="bbox 238 1861 992 1982">
     <span class='ocr_line' id='line_1_32' title="bbox 238 1861 991 1902; baseline -0.003 -8"><span class='ocrx_word' id='word_1_167' title='bbox 238 1863 379 1894; x_wconf 80' lang='lat' dir='ltr'>Concedit</span> <span class='ocrx_word' id='word_1_168' title='bbox 399 1863 474 1894; x_wconf 89' lang='lat' dir='ltr'>bona</span> <span class='ocrx_word' id='word_1_169' title='bbox 499 1863 548 1901; x_wconf 85' lang='lat' dir='ltr'>(de</span> <span class='ocrx_word' id='word_1_170' title='bbox 570 1861 678 1902; x_wconf 87' lang='lat' dir='ltr'>quibus</span> <span class='ocrx_word' id='word_1_171' title='bbox 701 1861 730 1891; x_wconf 90' lang='lat' dir='ltr'>in</span> <span class='ocrx_word' id='word_1_172' title='bbox 753 1861 888 1899; x_wconf 72' lang='lat' dir='ltr'>rubrica&gt;</span> <span class='ocrx_word' id='word_1_173' title='bbox 901 1862 991 1900; x_wconf 78' lang='lat' dir='ltr'>episc.</span> 
     </span>
     <span class='ocr_line' id='line_1_33' title="bbox 281 1905 992 1946; baseline -0.006 -8"><span class='ocrx_word' id='word_1_174' title='bbox 281 1907 422 1946; x_wconf 74' lang='lat' dir='ltr'>Regineu.</span> <span class='ocrx_word' id='word_1_175' title='bbox 437 1907 493 1936; x_wconf 87' lang='lat' dir='ltr'>snb</span> <span class='ocrx_word' id='word_1_176' title='bbox 512 1915 610 1936; x_wconf 88' lang='lat' dir='ltr'>annuo</span> <span class='ocrx_word' id='word_1_177' title='bbox 625 1914 717 1935; x_wconf 85' lang='lat' dir='ltr'>censu</span> <span class='ocrx_word' id='word_1_178' title='bbox 729 1905 869 1935; x_wconf 89' lang='lat' dir='ltr'>solvendo</span> <span class='ocrx_word' id='word_1_179' title='bbox 888 1905 992 1934; x_wconf 79' lang='lat' dir='ltr'>Roma·</span> 
     </span>
     <span class='ocr_line' id='line_1_34' title="bbox 280 1948 793 1982; baseline -0.008 0"><span class='ocrx_word' id='word_1_180' title='bbox 280 1951 328 1982; x_wconf 86' lang='lat' dir='ltr'>nis</span> <span class='ocrx_word' id='word_1_181' title='bbox 343 1949 548 1980; x_wconf 83' lang='lat' dir='ltr'>Pontificibus.</span> <span class='ocrx_word' id='word_1_182' title='bbox 570 1965 608 1971; x_wconf 86' lang='lat'>—-</span> <span class='ocrx_word' id='word_1_183' title='bbox 625 1948 793 1979; x_wconf 82' lang='lat' dir='ltr'>Clausulae.</span> 
     </span>
    </p>
   </div>
   <div class='ocr_carea' id='block_1_11' title="bbox 239 2017 992 2156">
    <p class='ocr_par' dir='ltr' id='par_1_12' title="bbox 239 2017 992 2156">
     <span class='ocr_line' id='line_1_35' title="bbox 239 2017 992 2056; baseline -0.004 -6"><span class='ocrx_word' id='word_1_184' title='bbox 239 2020 372 2050; x_wconf 72' lang='lat' dir='ltr'>Honorius</span> <span class='ocrx_word' id='word_1_185' title='bbox 392 2020 534 2056; x_wconf 73' lang='lat' dir='ltr'>opiscopus</span> <span class='ocrx_word' id='word_1_186' title='bbox 553 2025 649 2047; x_wconf 77' lang='lat' dir='ltr'>servus</span> <span class='ocrx_word' id='word_1_187' title='bbox 667 2025 807 2048; x_wconf 83' lang='lat' dir='ltr'>set-vorum</span> <span class='ocrx_word' id='word_1_188' title='bbox 825 2017 882 2050; x_wconf 81' lang='lat' dir='ltr'>nei,</span> <span class='ocrx_word' id='word_1_189' title='bbox 913 2025 992 2047; x_wconf 79' lang='lat' dir='ltr'>veno-</span> 
     </span>
     <span class='ocr_line' id='line_1_36' title="bbox 285 2067 992 2105; baseline -0.006 -6"><span class='ocrx_word' id='word_1_190' title='bbox 285 2070 368 2100; x_wconf 72' lang='lat' dir='ltr'>rabili</span> <span class='ocrx_word' id='word_1_191' title='bbox 385 2069 472 2099; x_wconf 76' lang='lat' dir='ltr'>fratri</span> <span class='ocrx_word' id='word_1_192' title='bbox 504 2069 627 2105; x_wconf 75' lang='lat' dir='ltr'>episcopo</span> <span class='ocrx_word' id='word_1_193' title='bbox 645 2067 783 2103; x_wconf 71' lang='lat' dir='ltr'>Regium..</span> <span class='ocrx_word' id='word_1_194' title='bbox 815 2067 931 2096; x_wconf 77' lang='lat' dir='ltr'>satutem</span> <span class='ocrx_word' id='word_1_195' title='bbox 964 2069 992 2096; x_wconf 86' lang='lat' dir='ltr'>et</span> 
     </span>
     <span class='ocr_line' id='line_1_37' title="bbox 285 2117 705 2156; baseline -0.01 -7"><span class='ocrx_word' id='word_1_196' title='bbox 285 2118 465 2156; x_wconf 69' lang='lat' dir='ltr'>apostoticam</span> <span class='ocrx_word' id='word_1_197' title='bbox 483 2117 705 2146; x_wconf 76' lang='lat' dir='ltr'>benedictionem.</span> 
     </span>
    </p>
   </div>
   <div class='ocr_carea' id='block_1_12' title="bbox 243 2191 994 2580">
    <p class='ocr_par' dir='ltr' id='par_1_13' title="bbox 243 2191 994 2580">
     <span class='ocr_line' id='line_1_38' title="bbox 291 2191 991 2232; baseline -0.006 -3"><span class='ocrx_word' id='word_1_198' title='bbox 291 2193 373 2230; x_wconf 84' lang='lat' dir='ltr'>Cum</span> <span class='ocrx_word' id='word_1_199' title='bbox 397 2193 589 2228; x_wconf 85' lang='lat' dir='ltr'>Bundenum</span> <span class='ocrx_word' id='word_1_200' title='bbox 612 2191 650 2226; x_wconf 86' lang='lat' dir='ltr'>de</span> <span class='ocrx_word' id='word_1_201' title='bbox 673 2191 837 2232; x_wconf 74' lang='lat' dir='ltr'>Runcuiis,</span> <span class='ocrx_word' id='word_1_202' title='bbox 859 2199 889 2226; x_wconf 86' lang='lat' dir='ltr'>et</span> <span class='ocrx_word' id='word_1_203' title='bbox 909 2191 991 2226; x_wconf 90' lang='lat' dir='ltr'>Bun-</span> 
     </span>
     <span class='ocr_line' id='line_1_39' title="bbox 243 2240 992 2288; baseline -0.007 -9"><span class='ocrx_word' id='word_1_204' title='bbox 243 2243 360 2279; x_wconf 87' lang='lat' dir='ltr'>denum</span> <span class='ocrx_word' id='word_1_205' title='bbox 394 2244 433 2278; x_wconf 91' lang='lat' dir='ltr'>de</span> <span class='ocrx_word' id='word_1_206' title='bbox 461 2242 614 2286; x_wconf 80' lang='lat' dir='ltr'>Arduino,</span> <span class='ocrx_word' id='word_1_207' title='bbox 641 2253 721 2288; x_wconf 89' lang='lat' dir='ltr'>quae</span> <span class='ocrx_word' id='word_1_208' title='bbox 748 2253 786 2275; x_wconf 82' lang='lat' dir='ltr'>ex</span> <span class='ocrx_word' id='word_1_209' title='bbox 822 2240 992 2275; x_wconf 85' lang='lat' dir='ltr'>donatione</span> 
     </span>
     <span class='ocr_line' id='line_1_40' title="bbox 243 2289 993 2337; baseline -0.005 -9"><span class='ocrx_word' id='word_1_210' title='bbox 243 2293 422 2328; x_wconf 78' lang='lat' dir='ltr'>comitissae</span> <span class='ocrx_word' id='word_1_211' title='bbox 447 2291 608 2327; x_wconf 79' lang='lat' dir='ltr'>Mathildis</span> <span class='ocrx_word' id='word_1_212' title='bbox 641 2291 677 2324; x_wconf 90' lang='lat' dir='ltr'>ad</span> <span class='ocrx_word' id='word_1_213' title='bbox 712 2289 887 2324; x_wconf 81' lang='lat' dir='ltr'>Romanam</span> <span class='ocrx_word' id='word_1_214' title='bbox 920 2302 993 2337; x_wconf 88' lang='lat' dir='ltr'>spe-</span> 
     </span>
     <span class='ocr_line' id='line_1_41' title="bbox 245 2338 992 2384; baseline -0.005 -8"><span class='ocrx_word' id='word_1_215' title='bbox 245 2350 330 2376; x_wconf 89' lang='lat' dir='ltr'>ctant</span> <span class='ocrx_word' id='word_1_216' title='bbox 349 2341 537 2384; x_wconf 79' lang='lat' dir='ltr'>Ecclesiam,</span> <span class='ocrx_word' id='word_1_217' title='bbox 552 2340 582 2374; x_wconf 93' lang='lat' dir='ltr'>in</span> <span class='ocrx_word' id='word_1_218' title='bbox 607 2347 657 2373; x_wconf 86' lang='lat' dir='ltr'>tua</span> <span class='ocrx_word' id='word_1_219' title='bbox 683 2339 745 2373; x_wconf 87' lang='lat' dir='ltr'>sint</span> <span class='ocrx_word' id='word_1_220' title='bbox 767 2338 901 2373; x_wconf 80' lang='lat' dir='ltr'>dioecesi</span> <span class='ocrx_word' id='word_1_221' title='bbox 922 2351 992 2374; x_wconf 87' lang='lat' dir='ltr'>eon-</span> 
     </span>
     <span class='ocr_line' id='line_1_42' title="bbox 245 2389 993 2426; baseline -0.007 0"><span class='ocrx_word' id='word_1_222' title='bbox 245 2392 367 2426; x_wconf 77' lang='lat' dir='ltr'>siituta:</span> <span class='ocrx_word' id='word_1_223' title='bbox 396 2403 453 2426; x_wconf 86' lang='lat' dir='ltr'>nos</span> <span class='ocrx_word' id='word_1_224' title='bbox 478 2390 518 2425; x_wconf 88' lang='lat' dir='ltr'>de</span> <span class='ocrx_word' id='word_1_225' title='bbox 538 2389 698 2424; x_wconf 85' lang='lat' dir='ltr'>communi</span> <span class='ocrx_word' id='word_1_226' title='bbox 724 2389 851 2422; x_wconf 85' lang='lat' dir='ltr'>l&#39;ratrum</span> <span class='ocrx_word' id='word_1_227' title='bbox 873 2396 993 2422; x_wconf 88' lang='lat' dir='ltr'>nostro-</span> 
     </span>
     <span class='ocr_line' id='line_1_43' title="bbox 246 2436 993 2484; baseline -0.004 -10"><span class='ocrx_word' id='word_1_228' title='bbox 246 2453 315 2475; x_wconf 91' lang='lat' dir='ltr'>rum</span> <span class='ocrx_word' id='word_1_229' title='bbox 343 2451 486 2479; x_wconf 80' lang='lat' dir='ltr'>assensu,</span> <span class='ocrx_word' id='word_1_230' title='bbox 507 2450 543 2473; x_wconf 89' lang='lat' dir='ltr'>ea</span> <span class='ocrx_word' id='word_1_231' title='bbox 565 2450 636 2473; x_wconf 85' lang='lat' dir='ltr'>cum</span> <span class='ocrx_word' id='word_1_232' title='bbox 666 2437 864 2484; x_wconf 85' lang='lat' dir='ltr'>pertinentiis</span> <span class='ocrx_word' id='word_1_233' title='bbox 886 2436 940 2471; x_wconf 91' lang='lat' dir='ltr'>tibi</span> <span class='ocrx_word' id='word_1_234' title='bbox 963 2446 993 2472; x_wconf 87' lang='lat' dir='ltr'>et</span> 
     </span>
     <span class='ocr_line' id='line_1_44' title="bbox 245 2485 994 2534; baseline -0.005 -10"><span class='ocrx_word' id='word_1_235' title='bbox 245 2489 482 2524; x_wconf 85' lang='lat' dir='ltr'>successoribus</span> <span class='ocrx_word' id='word_1_236' title='bbox 497 2489 558 2523; x_wconf 90' lang='lat' dir='ltr'>tuis</span> <span class='ocrx_word' id='word_1_237' title='bbox 574 2498 672 2534; x_wconf 80' lang='lat' dir='ltr'>usque</span> <span class='ocrx_word' id='word_1_238' title='bbox 693 2486 730 2520; x_wconf 84' lang='lat' dir='ltr'>ad</span> <span class='ocrx_word' id='word_1_239' title='bbox 754 2485 877 2532; x_wconf 78' lang='lat' dir='ltr'>triginta</span> <span class='ocrx_word' id='word_1_240' title='bbox 893 2498 994 2520; x_wconf 89' lang='lat' dir='ltr'>annos</span> 
     </span>
     <span class='ocr_line' id='line_1_45' title="bbox 247 2535 994 2580; baseline -0.004 -8"><span class='ocrx_word' id='word_1_241' title='bbox 247 2538 382 2574; x_wconf 79' lang='lat' dir='ltr'>tenenda</span> <span class='ocrx_word' id='word_1_242' title='bbox 408 2539 626 2580; x_wconf 72' lang='lat' dir='ltr'>concedimus,</span> <span class='ocrx_word' id='word_1_243' title='bbox 653 2535 712 2570; x_wconf 93' lang='lat' dir='ltr'>sub</span> <span class='ocrx_word' id='word_1_244' title='bbox 739 2535 865 2580; x_wconf 82' lang='lat' dir='ltr'>triginta</span> <span class='ocrx_word' id='word_1_245' title='bbox 898 2535 994 2569; x_wconf 87' lang='lat' dir='ltr'>libra-</span> 
     </span>
    </p>
   </div>
   <div class='ocr_carea' id='block_1_13' title="bbox 282 2607 641 2682">
    <p class='ocr_par' dir='ltr' id='par_1_14' title="bbox 282 2607 641 2682">
     <span class='ocr_line' id='line_1_46' title="bbox 282 2607 600 2643; baseline -0.003 -9"><span class='ocrx_word' id='word_1_246' title='bbox 282 2607 323 2643; x_wconf 85' lang='lat' dir='ltr'>(t)</span> <span class='ocrx_word' id='word_1_247' title='bbox 337 2608 375 2635; x_wconf 82' lang='lat' dir='ltr'>Ex</span> <span class='ocrx_word' id='word_1_248' title='bbox 394 2608 499 2643; x_wconf 65' lang='lat' dir='ltr'>aegest.</span> <span class='ocrx_word' id='word_1_249' title='bbox 518 2607 600 2634; x_wconf 85' lang='lat' dir='ltr'>Vatic.</span> 
     </span>
     <span class='ocr_line' id='line_1_47' title="bbox 326 2650 641 2682; baseline -0.01 -1"><span class='ocrx_word' id='word_1_250' title='bbox 326 2652 400 2682; x_wconf 76' lang='lat' dir='ltr'>Ball.</span> <span class='ocrx_word' id='word_1_251' title='bbox 417 2651 492 2680; x_wconf 77' lang='lat' dir='ltr'>Rom.</span> <span class='ocrx_word' id='word_1_252' title='bbox 520 2651 572 2680; x_wconf 75' lang='lat' dir='ltr'>Vol.</span> <span class='ocrx_word' id='word_1_253' title='bbox 592 2650 641 2679; x_wconf 67' lang='grc' dir='ltr'>ΙΙΙ7</span> 
     </span>
    </p>
   </div>
   <div class='ocr_carea' id='block_1_14' title="bbox 839 2649 871 2677">
    <p class='ocr_par' dir='ltr' id='par_1_15' title="bbox 839 2649 871 2677">
     <span class='ocr_line' id='line_1_48' title="bbox 839 2649 871 2677; baseline 0 0"><span class='ocrx_word' id='word_1_254' title='bbox 839 2649 871 2677; x_wconf 66' lang='lat' dir='ltr'>ol</span> 
     </span>
    </p>
   </div>
   <div class='ocr_carea' id='block_1_15' title="bbox 1034 329 1807 386">
    <p class='ocr_par' dir='ltr' id='par_1_16' title="bbox 1034 329 1807 386">
     <span class='ocr_line' id='line_1_49' title="bbox 1034 329 1807 386; baseline 0.006 -18"><span class='ocrx_word' id='word_1_255' title='bbox 1034 334 1124 374; x_wconf 69' lang='lat' dir='ltr'>utici,</span> <span class='ocrx_word' id='word_1_256' title='bbox 1146 337 1199 382; x_wconf 88' lang='lat' dir='ltr'>qui</span> <span class='ocrx_word' id='word_1_257' title='bbox 1219 348 1274 381; x_wconf 84' lang='lat' dir='ltr'>pro</span> <span class='ocrx_word' id='word_1_258' title='bbox 1298 344 1437 382; x_wconf 83' lang='lat' dir='ltr'>ternpore</span> <span class='ocrx_word' id='word_1_259' title='bbox 1453 338 1556 377; x_wconf 80' lang='lat' dir='ltr'>suerit,</span> <span class='ocrx_word' id='word_1_260' title='bbox 1575 329 1807 386; x_wconf 66' lang='lat' dir='ltr'>persolvendo?</span> 
     </span>
    </p>
   </div>
   <div class='ocr_carea' id='block_1_16' title="bbox 1033 482 1785 1314">
    <p class='ocr_par' dir='ltr' id='par_1_17' title="bbox 1033 482 1784 1204">
     <span class='ocr_line' id='line_1_50' title="bbox 1034 482 1780 532; baseline 0.003 -16"><span class='ocrx_word' id='word_1_261' title='bbox 1034 483 1134 517; x_wconf 79' lang='lat' dir='ltr'>centis</span> <span class='ocrx_word' id='word_1_262' title='bbox 1175 482 1262 517; x_wconf 82' lang='lat' dir='ltr'>libris</span> <span class='ocrx_word' id='word_1_263' title='bbox 1303 486 1559 530; x_wconf 77' lang='lat' dir='ltr'>provenientibus</span> <span class='ocrx_word' id='word_1_264' title='bbox 1603 487 1780 532; x_wconf 82' lang='lat' dir='ltr'>persolutis.</span> 
     </span>
     <span class='ocr_line' id='line_1_51' title="bbox 1034 531 1780 583; baseline 0.003 -18"><span class='ocrx_word' id='word_1_265' title='bbox 1034 531 1183 565; x_wconf 63' lang='lat' dir='ltr'>Tei-mino</span> <span class='ocrx_word' id='word_1_266' title='bbox 1201 540 1303 566; x_wconf 76' lang='lat' dir='ltr'>autem</span> <span class='ocrx_word' id='word_1_267' title='bbox 1329 533 1471 568; x_wconf 71' lang='lat' dir='ltr'>veniente</span> <span class='ocrx_word' id='word_1_268' title='bbox 1499 535 1674 581; x_wconf 68' lang='lat' dir='ltr'>praedicto,</span> <span class='ocrx_word' id='word_1_269' title='bbox 1697 536 1780 583; x_wconf 87' lang='lat' dir='ltr'>quod</span> 
     </span>
     <span class='ocr_line' id='line_1_52' title="bbox 1036 579 1778 631; baseline 0.003 -17"><span class='ocrx_word' id='word_1_270' title='bbox 1036 581 1116 615; x_wconf 86' lang='lat' dir='ltr'>inter</span> <span class='ocrx_word' id='word_1_271' title='bbox 1143 579 1316 615; x_wconf 70' lang='lat' dir='ltr'>Romanam</span> <span class='ocrx_word' id='word_1_272' title='bbox 1340 581 1512 617; x_wconf 54' lang='lat' dir='ltr'>Emtpsiam</span> <span class='ocrx_word' id='word_1_273' title='bbox 1541 596 1636 631; x_wconf 85' lang='lat' dir='ltr'>super</span> <span class='ocrx_word' id='word_1_274' title='bbox 1658 584 1729 624; x_wconf 79' lang='lat' dir='ltr'>hoc,</span> <span class='ocrx_word' id='word_1_275' title='bbox 1754 594 1778 617; x_wconf 70' lang='grc' dir='ltr'>(ἰ</span> 
     </span>
     <span class='ocr_line' id='line_1_53' title="bbox 1036 633 1771 670; baseline 0.004 -7"><span class='ocrx_word' id='word_1_276' title='bbox 1036 638 1075 668; x_wconf 85' lang='lat' dir='ltr'>te,</span> <span class='ocrx_word' id='word_1_277' title='bbox 1098 639 1127 664; x_wconf 91' lang='lat' dir='ltr'>et</span> <span class='ocrx_word' id='word_1_278' title='bbox 1151 642 1351 665; x_wconf 68' lang='lat' dir='ltr'>successores</span> <span class='ocrx_word' id='word_1_279' title='bbox 1375 639 1444 666; x_wconf 74' lang='lat' dir='ltr'>tuos</span> <span class='ocrx_word' id='word_1_280' title='bbox 1466 633 1656 670; x_wconf 74' lang='lat' dir='ltr'>convenerit,</span> <span class='ocrx_word' id='word_1_281' title='bbox 1679 633 1771 668; x_wconf 73' lang='lat' dir='ltr'>obser</span> 
     </span>
     <span class='ocr_line' id='line_1_54' title="bbox 1035 680 1779 726; baseline 0.007 -14"><span class='ocrx_word' id='word_1_282' title='bbox 1035 687 1134 722; x_wconf 77' lang='lat' dir='ltr'>vetur,</span> <span class='ocrx_word' id='word_1_283' title='bbox 1156 680 1238 726; x_wconf 88' lang='lat' dir='ltr'>quod</span> <span class='ocrx_word' id='word_1_284' title='bbox 1270 680 1294 714; x_wconf 94' lang='lat' dir='ltr'>si</span> <span class='ocrx_word' id='word_1_285' title='bbox 1324 680 1400 713; x_wconf 85' lang='lat' dir='ltr'>nibil</span> <span class='ocrx_word' id='word_1_286' title='bbox 1428 682 1620 720; x_wconf 70' lang='lat' dir='ltr'>convenerit,</span> <span class='ocrx_word' id='word_1_287' title='bbox 1649 682 1714 717; x_wconf 88' lang='lat' dir='ltr'>loca</span> <span class='ocrx_word' id='word_1_288' title='bbox 1736 695 1779 717; x_wconf 83' lang='lat' dir='ltr'>ea-</span> 
     </span>
     <span class='ocr_line' id='line_1_55' title="bbox 1034 728 1778 777; baseline 0.005 -17"><span class='ocrx_word' id='word_1_289' title='bbox 1034 728 1117 767; x_wconf 75' lang='lat' dir='ltr'>dem,</span> <span class='ocrx_word' id='word_1_290' title='bbox 1145 729 1257 763; x_wconf 90' lang='lat' dir='ltr'>solutis</span> <span class='ocrx_word' id='word_1_291' title='bbox 1292 729 1391 773; x_wconf 84' lang='lat' dir='ltr'>primo</span> <span class='ocrx_word' id='word_1_292' title='bbox 1430 729 1588 764; x_wconf 71' lang='lat' dir='ltr'>Ecclesiae</span> <span class='ocrx_word' id='word_1_293' title='bbox 1623 730 1778 777; x_wconf 84' lang='lat' dir='ltr'>Reginen.</span> 
     </span>
     <span class='ocr_line' id='line_1_56' title="bbox 1033 777 1782 823; baseline 0.007 -14"><span class='ocrx_word' id='word_1_294' title='bbox 1033 778 1181 823; x_wconf 78' lang='lat' dir='ltr'>expensis</span> <span class='ocrx_word' id='word_1_295' title='bbox 1217 777 1360 820; x_wconf 75' lang='lat' dir='ltr'>utilibus,</span> <span class='ocrx_word' id='word_1_296' title='bbox 1398 786 1429 812; x_wconf 84' lang='lat' dir='ltr'>et</span> <span class='ocrx_word' id='word_1_297' title='bbox 1456 780 1658 820; x_wconf 69' lang='lat' dir='ltr'>necessariis,</span> <span class='ocrx_word' id='word_1_298' title='bbox 1687 779 1782 814; x_wconf 73' lang='lat' dir='ltr'>liber«-</span> 
     </span>
     <span class='ocr_line' id='line_1_57' title="bbox 1033 825 1781 873; baseline 0.003 -14"><span class='ocrx_word' id='word_1_299' title='bbox 1033 826 1068 859; x_wconf 87' lang='lat' dir='ltr'>ad</span> <span class='ocrx_word' id='word_1_300' title='bbox 1092 825 1209 860; x_wconf 84' lang='lat' dir='ltr'>Sedern</span> <span class='ocrx_word' id='word_1_301' title='bbox 1237 827 1450 873; x_wconf 76' lang='lat' dir='ltr'>Apostolicam</span> <span class='ocrx_word' id='word_1_302' title='bbox 1475 837 1677 862; x_wconf 79' lang='lat' dir='ltr'>revertantur.</span> <span class='ocrx_word' id='word_1_303' title='bbox 1698 828 1781 863; x_wconf 84' lang='lat' dir='ltr'>Nulli</span> 
     </span>
     <span class='ocr_line' id='line_1_58' title="bbox 1033 875 1784 924; baseline 0.003 -16"><span class='ocrx_word' id='word_1_304' title='bbox 1033 887 1106 921; x_wconf 79' lang='lat' dir='ltr'>ergo</span> <span class='ocrx_word' id='word_1_305' title='bbox 1129 877 1260 910; x_wconf 87' lang='lat' dir='ltr'>omnino</span> <span class='ocrx_word' id='word_1_306' title='bbox 1282 875 1447 910; x_wconf 86' lang='lat' dir='ltr'>hominum</span> <span class='ocrx_word' id='word_1_307' title='bbox 1476 876 1564 912; x_wconf 88' lang='lat' dir='ltr'>liceat</span> <span class='ocrx_word' id='word_1_308' title='bbox 1593 877 1674 912; x_wconf 82' lang='lat' dir='ltr'>lianc</span> <span class='ocrx_word' id='word_1_309' title='bbox 1701 879 1784 924; x_wconf 82' lang='lat' dir='ltr'>pagi-</span> 
     </span>
     <span class='ocr_line' id='line_1_59' title="bbox 1034 926 1781 973; baseline 0.005 -16"><span class='ocrx_word' id='word_1_310' title='bbox 1034 936 1104 959; x_wconf 87' lang='lat' dir='ltr'>nam</span> <span class='ocrx_word' id='word_1_311' title='bbox 1129 934 1250 959; x_wconf 84' lang='lat' dir='ltr'>uostrac</span> <span class='ocrx_word' id='word_1_312' title='bbox 1277 926 1491 960; x_wconf 80' lang='lat' dir='ltr'>concessionis</span> <span class='ocrx_word' id='word_1_313' title='bbox 1520 926 1704 973; x_wconf 73' lang='lat' dir='ltr'>infringere,</span> <span class='ocrx_word' id='word_1_314' title='bbox 1738 929 1781 961; x_wconf 76' lang='lat' dir='ltr'>vcl</span> 
     </span>
     <span class='ocr_line' id='line_1_60' title="bbox 1033 974 1782 1022; baseline 0.004 -16"><span class='ocrx_word' id='word_1_315' title='bbox 1033 974 1059 1006; x_wconf 76' lang='lat' dir='ltr'>ei</span> <span class='ocrx_word' id='word_1_316' title='bbox 1091 985 1168 1007; x_wconf 76' lang='lat' dir='ltr'>ausu</span> <span class='ocrx_word' id='word_1_317' title='bbox 1193 975 1359 1008; x_wconf 82' lang='lat' dir='ltr'>temerario</span> <span class='ocrx_word' id='word_1_318' title='bbox 1382 975 1546 1010; x_wconf 83' lang='lat' dir='ltr'>contraire.</span> <span class='ocrx_word' id='word_1_319' title='bbox 1575 974 1608 1009; x_wconf 90' lang='lat' dir='ltr'>Si</span> <span class='ocrx_word' id='word_1_320' title='bbox 1632 976 1704 1022; x_wconf 87' lang='lat' dir='ltr'>quis</span> <span class='ocrx_word' id='word_1_321' title='bbox 1725 988 1782 1010; x_wconf 86' lang='lat' dir='ltr'>au-</span> 
     </span>
     <span class='ocr_line' id='line_1_61' title="bbox 1033 1023 1783 1071; baseline 0.003 -15"><span class='ocrx_word' id='word_1_322' title='bbox 1033 1031 1093 1056; x_wconf 84' lang='lat' dir='ltr'>tem</span> <span class='ocrx_word' id='word_1_323' title='bbox 1119 1023 1176 1056; x_wconf 85' lang='lat' dir='ltr'>lioc</span> <span class='ocrx_word' id='word_1_324' title='bbox 1195 1031 1347 1057; x_wconf 83' lang='lat' dir='ltr'>attentare</span> <span class='ocrx_word' id='word_1_325' title='bbox 1370 1025 1627 1071; x_wconf 70' lang='lat' dir='ltr'>praesumpserit,</span> <span class='ocrx_word' id='word_1_326' title='bbox 1642 1025 1783 1071; x_wconf 68' lang='lat' dir='ltr'>indigna-</span> 
     </span>
     <span class='ocr_line' id='line_1_62' title="bbox 1034 1072 1782 1118; baseline 0.004 -14"><span class='ocrx_word' id='word_1_327' title='bbox 1034 1072 1149 1105; x_wconf 78' lang='lat' dir='ltr'>tionem</span> <span class='ocrx_word' id='word_1_328' title='bbox 1186 1073 1409 1118; x_wconf 85' lang='lat' dir='ltr'>omnipotentis</span> <span class='ocrx_word' id='word_1_329' title='bbox 1438 1072 1514 1115; x_wconf 73' lang='lat' dir='ltr'>Dei,</span> <span class='ocrx_word' id='word_1_330' title='bbox 1545 1085 1581 1107; x_wconf 89' lang='lat' dir='ltr'>ac</span> <span class='ocrx_word' id='word_1_331' title='bbox 1617 1073 1782 1108; x_wconf 87' lang='lat' dir='ltr'>beatorum</span> 
     </span>
     <span class='ocr_line' id='line_1_63' title="bbox 1035 1120 1784 1167; baseline 0.005 -14"><span class='ocrx_word' id='word_1_332' title='bbox 1035 1120 1116 1154; x_wconf 76' lang='lat' dir='ltr'>Petri</span> <span class='ocrx_word' id='word_1_333' title='bbox 1147 1129 1177 1154; x_wconf 82' lang='lat' dir='ltr'>et</span> <span class='ocrx_word' id='word_1_334' title='bbox 1206 1121 1292 1154; x_wconf 81' lang='lat' dir='ltr'>l&#39;uuli</span> <span class='ocrx_word' id='word_1_335' title='bbox 1329 1123 1541 1167; x_wconf 80' lang='lat' dir='ltr'>apostolorum</span> <span class='ocrx_word' id='word_1_336' title='bbox 1573 1123 1640 1156; x_wconf 86' lang='lat' dir='ltr'>eius</span> <span class='ocrx_word' id='word_1_337' title='bbox 1671 1135 1704 1156; x_wconf 89' lang='lat' dir='ltr'>se</span> <span class='ocrx_word' id='word_1_338' title='bbox 1733 1136 1784 1156; x_wconf 88' lang='lat' dir='ltr'>nu-</span> 
     </span>
     <span class='ocr_line' id='line_1_64' title="bbox 1035 1178 1352 1204; baseline 0.006 -3"><span class='ocrx_word' id='word_1_339' title='bbox 1035 1178 1109 1202; x_wconf 70' lang='lat' dir='ltr'>ret‘tt</span> <span class='ocrx_word' id='word_1_340' title='bbox 1139 1182 1352 1204; x_wconf 81' lang='lat' dir='ltr'>incursurum.</span> 
     </span>
    </p>

    <p class='ocr_par' dir='ltr' id='par_1_18' title="bbox 1034 1218 1785 1314">
     <span class='ocr_line' id='line_1_65' title="bbox 1083 1218 1785 1265; baseline 0.003 -13"><span class='ocrx_word' id='word_1_341' title='bbox 1083 1218 1194 1252; x_wconf 81' lang='lat' dir='ltr'>Datum</span> <span class='ocrx_word' id='word_1_342' title='bbox 1211 1218 1356 1253; x_wconf 79' lang='lat' dir='ltr'>Laterani</span> <span class='ocrx_word' id='word_1_343' title='bbox 1380 1220 1514 1265; x_wconf 88' lang='lat' dir='ltr'>septimo</span> <span class='ocrx_word' id='word_1_344' title='bbox 1537 1220 1684 1255; x_wconf 85' lang='lat' dir='ltr'>kalendas</span> <span class='ocrx_word' id='word_1_345' title='bbox 1706 1233 1785 1255; x_wconf 85' lang='lat' dir='ltr'>mar·</span> 
     </span>
     <span class='ocr_line' id='line_1_66' title="bbox 1034 1267 1682 1314; baseline 0.005 -15"><span class='ocrx_word' id='word_1_346' title='bbox 1034 1267 1078 1306; x_wconf 82' lang='lat' dir='ltr'>tii,</span> <span class='ocrx_word' id='word_1_347' title='bbox 1103 1267 1302 1314; x_wconf 83' lang='lat' dir='ltr'>pontificatus</span> <span class='ocrx_word' id='word_1_348' title='bbox 1329 1269 1425 1302; x_wconf 84' lang='lat' dir='ltr'>nostri</span> <span class='ocrx_word' id='word_1_349' title='bbox 1454 1281 1536 1303; x_wconf 87' lang='lat' dir='ltr'>anno</span> <span class='ocrx_word' id='word_1_350' title='bbox 1563 1277 1682 1304; x_wconf 88' lang='lat' dir='ltr'>octavo.</span> 
     </span>
    </p>
   </div>
   <div class='ocr_carea' id='block_1_17' title="bbox 1072 1326 1744 1368">
    <p class='ocr_par' dir='ltr' id='par_1_19' title="bbox 1072 1326 1744 1368">
     <span class='ocr_line' id='line_1_67' title="bbox 1072 1326 1744 1368; baseline 0.004 -11"><span class='ocrx_word' id='word_1_351' title='bbox 1072 1326 1132 1358; x_wconf 87' lang='lat' dir='ltr'>Dat.</span> <span class='ocrx_word' id='word_1_352' title='bbox 1157 1329 1203 1358; x_wconf 89' lang='lat' dir='ltr'>die</span> <span class='ocrx_word' id='word_1_353' title='bbox 1218 1328 1256 1358; x_wconf 61' lang='lat'>*24</span> <span class='ocrx_word' id='word_1_354' title='bbox 1280 1329 1333 1358; x_wconf 80' lang='lat' dir='ltr'>feb.</span> <span class='ocrx_word' id='word_1_355' title='bbox 1361 1329 1446 1366; x_wconf 69' lang='lat'><strong>1224,</strong></span> <span class='ocrx_word' id='word_1_356' title='bbox 1466 1329 1567 1368; x_wconf 81' lang='lat' dir='ltr'>pontis.</span> <span class='ocrx_word' id='word_1_357' title='bbox 1587 1339 1664 1360; x_wconf 84' lang='lat' dir='ltr'>anno</span> <span class='ocrx_word' id='word_1_358' title='bbox 1686 1339 1744 1360; x_wconf 85' lang='lat' dir='ltr'>vtu.</span> 
     </span>
    </p>
   </div>
   <div class='ocr_carea' id='block_1_18' title="bbox 1318 1407 1480 1412">
    <p class='ocr_par' dir='ltr' id='par_1_20' title="bbox 1318 1407 1480 1412">
     <span class='ocr_line' id='line_1_68' title="bbox 1318 1407 1480 1412; baseline 0 0"><span class='ocrx_word' id='word_1_359' title='bbox 1318 1407 1480 1412; x_wconf 95' lang='lat' dir='ltr'> </span> 
     </span>
    </p>
   </div>
   <div class='ocr_carea' id='block_1_19' title="bbox 1359 1488 1458 1525">
    <p class='ocr_par' dir='ltr' id='par_1_21' title="bbox 1359 1488 1458 1525">
     <span class='ocr_line' id='line_1_69' title="bbox 1359 1488 1458 1525; baseline -0.01 0"><span class='ocrx_word' id='word_1_360' title='bbox 1359 1488 1458 1525; x_wconf 82' lang='lat' dir='ltr'>Lxx.</span> 
     </span>
    </p>
   </div>
   <div class='ocr_carea' id='block_1_20' title="bbox 1036 1567 1785 1659">
    <p class='ocr_par' dir='ltr' id='par_1_22' title="bbox 1036 1567 1785 1659">
     <span class='ocr_line' id='line_1_70' title="bbox 1036 1567 1785 1613; baseline 0.003 -13"><span class='ocrx_word' id='word_1_361' title='bbox 1036 1567 1236 1613; x_wconf 77' lang='lat' dir='ltr'>Confirmatio</span> <span class='ocrx_word' id='word_1_362' title='bbox 1268 1567 1524 1612; x_wconf 76' lang='lat' dir='ltr'>privileyt&#39;orum,</span> <span class='ocrx_word' id='word_1_363' title='bbox 1570 1569 1719 1602; x_wconf 80' lang='lat' dir='ltr'>bonorum</span> <span class='ocrx_word' id='word_1_364' title='bbox 1759 1576 1785 1602; x_wconf 86' lang='lat' dir='ltr'>et</span> 
     </span>
     <span class='ocr_line' id='line_1_71' title="bbox 1085 1617 1692 1659; baseline 0.002 -10"><span class='ocrx_word' id='word_1_365' title='bbox 1085 1617 1198 1650; x_wconf 58' lang='lat' dir='ltr'>furtum</span> <span class='ocrx_word' id='word_1_366' title='bbox 1227 1617 1380 1650; x_wconf 78' lang='lat' dir='ltr'>Ecclesiae</span> <span class='ocrx_word' id='word_1_367' title='bbox 1405 1617 1613 1651; x_wconf 74' lang='lat' dir='ltr'>Ravennaien.</span> <span class='ocrx_word' id='word_1_368' title='bbox 1637 1620 1692 1659; x_wconf 77' lang='lat' dir='ltr'>(tt.</span> 
     </span>
    </p>
   </div>
   <div class='ocr_carea' id='block_1_21' title="bbox 1300 1689 1514 1721">
    <p class='ocr_par' dir='ltr' id='par_1_23' title="bbox 1300 1689 1514 1721">
     <span class='ocr_line' id='line_1_72' title="bbox 1300 1689 1514 1721; baseline 0 -2"><span class='ocrx_word' id='word_1_369' title='bbox 1300 1689 1514 1721; x_wconf 76' lang='lat' dir='ltr'>SUMMARtUM</span> 
     </span>
    </p>
   </div>
   <div class='ocr_carea' id='block_1_22' title="bbox 1033 1755 1785 2052">
    <p class='ocr_par' dir='ltr' id='par_1_24' title="bbox 1033 1755 1785 2052">
     <span class='ocr_line' id='line_1_73' title="bbox 1033 1755 1782 1787; baseline 0 -1"><span class='ocrx_word' id='word_1_370' title='bbox 1033 1756 1201 1786; x_wconf 79' lang='lat' dir='ltr'>Exordium.</span> <span class='ocrx_word' id='word_1_371' title='bbox 1235 1772 1275 1778; x_wconf 89' lang='lat'>—</span> <span class='ocrx_word' id='word_1_372' title='bbox 1306 1755 1468 1785; x_wconf 84' lang='lat' dir='ltr'>Ecclesiam</span> <span class='ocrx_word' id='word_1_373' title='bbox 1501 1755 1698 1786; x_wconf 73' lang='lat' dir='ltr'>Ravennatem.</span> <span class='ocrx_word' id='word_1_374' title='bbox 1729 1758 1782 1787; x_wconf 82' lang='lat' dir='ltr'>sub</span> 
     </span>
     <span class='ocr_line' id='line_1_74' title="bbox 1072 1799 1783 1841; baseline 0.003 -12"><span class='ocrx_word' id='word_1_375' title='bbox 1072 1800 1233 1839; x_wconf 85' lang='lat' dir='ltr'>apostolica</span> <span class='ocrx_word' id='word_1_376' title='bbox 1245 1799 1371 1838; x_wconf 87' lang='lat' dir='ltr'>suscipit</span> <span class='ocrx_word' id='word_1_377' title='bbox 1389 1801 1582 1838; x_wconf 85' lang='lat' dir='ltr'>protectione:</span> <span class='ocrx_word' id='word_1_378' title='bbox 1597 1817 1634 1823; x_wconf 92' lang='lat'>-—-</span> <span class='ocrx_word' id='word_1_379' title='bbox 1647 1800 1783 1841; x_wconf 85' lang='lat' dir='ltr'>Bonaque</span> 
     </span>
     <span class='ocr_line' id='line_1_75' title="bbox 1073 1843 1783 1885; baseline 0.003 -12"><span class='ocrx_word' id='word_1_380' title='bbox 1073 1845 1168 1874; x_wconf 88' lang='lat' dir='ltr'>omnia</span> <span class='ocrx_word' id='word_1_381' title='bbox 1188 1844 1215 1873; x_wconf 85' lang='lat' dir='ltr'>ei</span> <span class='ocrx_word' id='word_1_382' title='bbox 1234 1844 1449 1873; x_wconf 76' lang='lat' dir='ltr'>confirmatz—</span> <span class='ocrx_word' id='word_1_383' title='bbox 1468 1843 1592 1874; x_wconf 79' lang='lat' dir='ltr'>Pallium</span> <span class='ocrx_word' id='word_1_384' title='bbox 1608 1854 1724 1885; x_wconf 85' lang='lat' dir='ltr'>quoque</span> <span class='ocrx_word' id='word_1_385' title='bbox 1737 1855 1783 1875; x_wconf 82' lang='lat' dir='ltr'>ar-</span> 
     </span>
     <span class='ocr_line' id='line_1_76' title="bbox 1073 1887 1785 1928; baseline 0.001 -11"><span class='ocrx_word' id='word_1_386' title='bbox 1073 1889 1279 1928; x_wconf 77' lang='lat' dir='ltr'>chiepiscopo:</span> <span class='ocrx_word' id='word_1_387' title='bbox 1298 1904 1336 1910; x_wconf 92' lang='lat'><strong>—</strong></span> <span class='ocrx_word' id='word_1_388' title='bbox 1365 1887 1398 1917; x_wconf 89' lang='lat' dir='ltr'>Et</span> <span class='ocrx_word' id='word_1_389' title='bbox 1417 1888 1535 1928; x_wconf 80' lang='lat' dir='ltr'>antiqua</span> <span class='ocrx_word' id='word_1_390' title='bbox 1562 1889 1725 1927; x_wconf 84' lang='lat' dir='ltr'>privilegia.</span> <span class='ocrx_word' id='word_1_391' title='bbox 1747 1906 1785 1912; x_wconf 83' lang='lat'>--</span> 
     </span>
     <span class='ocr_line' id='line_1_77' title="bbox 1072 1932 1784 1965; baseline 0.006 -4"><span class='ocrx_word' id='word_1_392' title='bbox 1072 1932 1178 1963; x_wconf 82' lang='lat' dir='ltr'>Pravas</span> <span class='ocrx_word' id='word_1_393' title='bbox 1201 1932 1299 1962; x_wconf 84' lang='lat' dir='ltr'>abolet</span> <span class='ocrx_word' id='word_1_394' title='bbox 1317 1933 1562 1962; x_wconf 85' lang='lat' dir='ltr'>consuetudines:</span> <span class='ocrx_word' id='word_1_395' title='bbox 1577 1932 1722 1964; x_wconf 82' lang='lat' dir='ltr'>—Bonas</span> <span class='ocrx_word' id='word_1_396' title='bbox 1735 1935 1784 1965; x_wconf 83' lang='lat' dir='ltr'>fir—</span> 
     </span>
     <span class='ocr_line' id='line_1_78' title="bbox 1074 1977 1785 2008; baseline 0.003 -2"><span class='ocrx_word' id='word_1_397' title='bbox 1074 1983 1140 2007; x_wconf 81' lang='lat' dir='ltr'>mat.</span> <span class='ocrx_word' id='word_1_398' title='bbox 1157 1993 1197 1999; x_wconf 92' lang='lat'>—</span> <span class='ocrx_word' id='word_1_399' title='bbox 1214 1977 1386 2007; x_wconf 82' lang='lat' dir='ltr'>Contractus</span> <span class='ocrx_word' id='word_1_400' title='bbox 1405 1978 1470 2007; x_wconf 91' lang='lat' dir='ltr'>sine</span> <span class='ocrx_word' id='word_1_401' title='bbox 1483 1977 1610 2007; x_wconf 89' lang='lat' dir='ltr'>testibus</span> <span class='ocrx_word' id='word_1_402' title='bbox 1633 1977 1725 2008; x_wconf 81' lang='lat' dir='ltr'>factos</span> <span class='ocrx_word' id='word_1_403' title='bbox 1741 1979 1785 2008; x_wconf 89' lang='lat' dir='ltr'>in-</span> 
     </span>
     <span class='ocr_line' id='line_1_79' title="bbox 1073 2020 1431 2052; baseline 0.003 -2"><span class='ocrx_word' id='word_1_404' title='bbox 1073 2021 1189 2052; x_wconf 76' lang='lat' dir='ltr'>validat.</span> <span class='ocrx_word' id='word_1_405' title='bbox 1211 2038 1251 2043; x_wconf 92' lang='lat'>—</span> <span class='ocrx_word' id='word_1_406' title='bbox 1266 2020 1431 2051; x_wconf 73' lang='lat' dir='ltr'>Clausulas.</span> 
     </span>
    </p>
   </div>
   <div class='ocr_carea' id='block_1_23' title="bbox 1032 2088 1785 2312">
    <p class='ocr_par' dir='ltr' id='par_1_25' title="bbox 1032 2088 1785 2312">
     <span class='ocr_line' id='line_1_80' title="bbox 1032 2088 1782 2124; baseline -0.001 -7"><span class='ocrx_word' id='word_1_407' title='bbox 1032 2088 1164 2117; x_wconf 78' lang='lat' dir='ltr'>Honorius</span> <span class='ocrx_word' id='word_1_408' title='bbox 1200 2088 1340 2124; x_wconf 80' lang='lat' dir='ltr'>opiscopus</span> <span class='ocrx_word' id='word_1_409' title='bbox 1359 2094 1454 2117; x_wconf 82' lang='lat' dir='ltr'>servus</span> <span class='ocrx_word' id='word_1_410' title='bbox 1478 2095 1617 2117; x_wconf 78' lang='lat' dir='ltr'>servorum</span> <span class='ocrx_word' id='word_1_411' title='bbox 1650 2088 1705 2122; x_wconf 78' lang='lat' dir='ltr'>Dei,</span> <span class='ocrx_word' id='word_1_412' title='bbox 1740 2096 1782 2118; x_wconf 62' lang='grc' dir='ltr'>νει</span> 
     </span>
     <span class='ocr_line' id='line_1_81' title="bbox 1077 2136 1782 2173; baseline -0.003 -7"><span class='ocrx_word' id='word_1_413' title='bbox 1077 2136 1193 2166; x_wconf 77' lang='lat' dir='ltr'>net-abili</span> <span class='ocrx_word' id='word_1_414' title='bbox 1203 2136 1288 2166; x_wconf 75' lang='lat' dir='ltr'>fratri</span> <span class='ocrx_word' id='word_1_415' title='bbox 1297 2137 1412 2165; x_wconf 87' lang='lat' dir='ltr'>Simeoni</span> <span class='ocrx_word' id='word_1_416' title='bbox 1421 2137 1566 2166; x_wconf 78' lang='lat' dir='ltr'>Ravennati</span> <span class='ocrx_word' id='word_1_417' title='bbox 1574 2138 1782 2173; x_wconf 72' lang='lat' dir='ltr'>archiepiscopo⁵</span> 
     </span>
     <span class='ocr_line' id='line_1_82' title="bbox 1078 2185 1785 2222; baseline 0 -8"><span class='ocrx_word' id='word_1_418' title='bbox 1078 2186 1188 2222; x_wconf 79' lang='lat' dir='ltr'>eiusque</span> <span class='ocrx_word' id='word_1_419' title='bbox 1207 2185 1409 2214; x_wconf 81' lang='lat' dir='ltr'>successoribus</span> <span class='ocrx_word' id='word_1_420' title='bbox 1433 2186 1556 2214; x_wconf 78' lang='lat' dir='ltr'>canonice</span> <span class='ocrx_word' id='word_1_421' title='bbox 1587 2186 1785 2214; x_wconf 77' lang='lat' dir='ltr'>substituendis</span> 
     </span>
     <span class='ocr_line' id='line_1_83' title="bbox 1078 2233 1783 2271; baseline 0 -8"><span class='ocrx_word' id='word_1_422' title='bbox 1078 2236 1105 2263; x_wconf 86' lang='lat' dir='ltr'>in</span> <span class='ocrx_word' id='word_1_423' title='bbox 1122 2236 1295 2271; x_wconf 79' lang='lat' dir='ltr'>perpetuum,</span> <span class='ocrx_word' id='word_1_424' title='bbox 1317 2233 1433 2263; x_wconf 77' lang='lat' dir='ltr'>salutem</span> <span class='ocrx_word' id='word_1_425' title='bbox 1452 2236 1480 2263; x_wconf 80' lang='lat' dir='ltr'>et</span> <span class='ocrx_word' id='word_1_426' title='bbox 1504 2234 1681 2270; x_wconf 70' lang='lat' dir='ltr'>apostoticam</span> <span class='ocrx_word' id='word_1_427' title='bbox 1703 2234 1783 2263; x_wconf 63' lang='grc' dir='ltr'>ῐιιιιιιιἔ</span> 
     </span>
     <span class='ocr_line' id='line_1_84' title="bbox 1078 2284 1233 2312; baseline 0 -1"><span class='ocrx_word' id='word_1_428' title='bbox 1078 2284 1233 2312; x_wconf 77' lang='lat' dir='ltr'>dictionem.</span> 
     </span>
    </p>
   </div>
   <div class='ocr_carea' id='block_1_24' title="bbox 1034 2345 1782 2641">
    <p class='ocr_par' dir='ltr' id='par_1_26' title="bbox 1034 2345 1782 2590">
     <span class='ocr_line' id='line_1_85' title="bbox 1084 2345 1781 2380; baseline -0.001 0"><span class='ocrx_word' id='word_1_429' title='bbox 1084 2345 1151 2380; x_wconf 88' lang='lat' dir='ltr'>Etsi</span> <span class='ocrx_word' id='word_1_430' title='bbox 1184 2345 1339 2380; x_wconf 75' lang='lat' dir='ltr'>universis</span> <span class='ocrx_word' id='word_1_431' title='bbox 1367 2345 1501 2380; x_wconf 69' lang='lat' dir='ltr'>Sanctae</span> <span class='ocrx_word' id='word_1_432' title='bbox 1524 2345 1682 2380; x_wconf 80' lang='lat' dir='ltr'>Ecclesiae</span> <span class='ocrx_word' id='word_1_433' title='bbox 1710 2345 1781 2380; x_wconf 76' lang='lat' dir='ltr'>filiis</span> 
     </span>
     <span class='ocr_line' id='line_1_86' title="bbox 1035 2394 1782 2442; baseline -0.003 -13"><span class='ocrx_word' id='word_1_434' title='bbox 1035 2395 1194 2429; x_wconf 79' lang='lat' dir='ltr'>debitores</span> <span class='ocrx_word' id='word_1_435' title='bbox 1221 2407 1256 2428; x_wconf 75' lang='lat' dir='ltr'>ex</span> <span class='ocrx_word' id='word_1_436' title='bbox 1279 2394 1390 2428; x_wconf 77' lang='lat' dir='ltr'>collato</span> <span class='ocrx_word' id='word_1_437' title='bbox 1419 2395 1508 2429; x_wconf 86' lang='lat' dir='ltr'>nobis</span> <span class='ocrx_word' id='word_1_438' title='bbox 1529 2407 1544 2428; x_wconf 81' lang='lat' dir='ltr'>a</span> <span class='ocrx_word' id='word_1_439' title='bbox 1571 2394 1639 2428; x_wconf 67' lang='lat' dir='ltr'>Duo</span> <span class='ocrx_word' id='word_1_440' title='bbox 1660 2403 1782 2442; x_wconf 89' lang='lat' dir='ltr'>aposto-</span> 
     </span>
     <span class='ocr_line' id='line_1_87' title="bbox 1034 2443 1781 2491; baseline 0 -12"><span class='ocrx_word' id='word_1_441' title='bbox 1034 2444 1116 2479; x_wconf 88' lang='lat' dir='ltr'>latus</span> <span class='ocrx_word' id='word_1_442' title='bbox 1148 2443 1251 2478; x_wconf 84' lang='lat' dir='ltr'>officio</span> <span class='ocrx_word' id='word_1_443' title='bbox 1272 2444 1453 2487; x_wconf 76' lang='lat' dir='ltr'>existamus,</span> <span class='ocrx_word' id='word_1_444' title='bbox 1488 2443 1548 2478; x_wconf 89' lang='lat' dir='ltr'>illis</span> <span class='ocrx_word' id='word_1_445' title='bbox 1574 2452 1675 2478; x_wconf 85' lang='lat' dir='ltr'>tamen</span> <span class='ocrx_word' id='word_1_446' title='bbox 1710 2457 1781 2491; x_wconf 85' lang='lat' dir='ltr'>per-</span> 
     </span>
     <span class='ocr_line' id='line_1_88' title="bbox 1035 2492 1780 2539; baseline -0.003 -11"><span class='ocrx_word' id='word_1_447' title='bbox 1035 2494 1121 2528; x_wconf 88' lang='lat' dir='ltr'>sonis</span> <span class='ocrx_word' id='word_1_448' title='bbox 1157 2501 1187 2527; x_wconf 87' lang='lat' dir='ltr'>et</span> <span class='ocrx_word' id='word_1_449' title='bbox 1226 2492 1302 2526; x_wconf 89' lang='lat' dir='ltr'>locis</span> <span class='ocrx_word' id='word_1_450' title='bbox 1339 2493 1503 2539; x_wconf 74' lang='lat' dir='ltr'>providere</span> <span class='ocrx_word' id='word_1_451' title='bbox 1541 2505 1597 2527; x_wconf 90' lang='lat' dir='ltr'>nos</span> <span class='ocrx_word' id='word_1_452' title='bbox 1635 2494 1780 2528; x_wconf 88' lang='lat' dir='ltr'>convenit</span> 
     </span>
     <span class='ocr_line' id='line_1_89' title="bbox 1035 2541 1780 2590; baseline 0 -13"><span class='ocrx_word' id='word_1_453' title='bbox 1035 2542 1224 2588; x_wconf 83' lang='lat' dir='ltr'>diligentiori</span> <span class='ocrx_word' id='word_1_454' title='bbox 1254 2541 1487 2582; x_wconf 78' lang='lat' dir='ltr'>sollicitudine,</span> <span class='ocrx_word' id='word_1_455' title='bbox 1516 2554 1550 2576; x_wconf 85' lang='lat' dir='ltr'>ac</span> <span class='ocrx_word' id='word_1_456' title='bbox 1585 2543 1780 2590; x_wconf 84' lang='lat' dir='ltr'>propensiori</span> 
     </span>
    </p>

    <p class='ocr_par' dir='ltr' id='par_1_27' title="bbox 1070 2606 1392 2641">
     <span class='ocr_line' id='line_1_90' title="bbox 1070 2606 1392 2641; baseline -0.003 -8"><span class='ocrx_word' id='word_1_457' title='bbox 1070 2607 1109 2641; x_wconf 77' lang='grc' dir='ltr'>(Ι)</span> <span class='ocrx_word' id='word_1_458' title='bbox 1131 2607 1168 2633; x_wconf 69' lang='lat' dir='ltr'>Ex</span> <span class='ocrx_word' id='word_1_459' title='bbox 1188 2606 1292 2641; x_wconf 68' lang='lat' dir='ltr'>Rogest.</span> <span class='ocrx_word' id='word_1_460' title='bbox 1310 2606 1392 2634; x_wconf 83' lang='lat' dir='ltr'>Vatic.</span> 
     </span>
    </p>
   </div>
   <div class='ocr_carea' id='block_1_25' title="bbox 1808 360 1972 385">
    <p class='ocr_par' dir='ltr' id='par_1_28' title="bbox 1808 360 1972 385">
     <span class='ocr_line' id='line_1_91' title="bbox 1808 360 1972 385; baseline 0 -6"><span class='ocrx_word' id='word_1_461' title='bbox 1808 360 1876 380; x_wconf 75' lang='lat' dir='ltr'>ubrici</span> <span class='ocrx_word' id='word_1_462' title='bbox 1915 363 1972 385; x_wconf 64' lang='lat' dir='ltr'>eptei:</span> 
     </span>
    </p>
   </div>
   <div class='ocr_carea' id='block_1_26' title="bbox 1035 385 1982 434">
    <p class='ocr_par' dir='ltr' id='par_1_29' title="bbox 1035 385 1982 434">
     <span class='ocr_line' id='line_1_92' title="bbox 1035 385 1982 434; baseline -0.011 -15"><span class='ocrx_word' id='word_1_463' title='bbox 1035 396 1091 430; x_wconf 81' lang='lat' dir='ltr'>pro</span> <span class='ocrx_word' id='word_1_464' title='bbox 1126 385 1306 420; x_wconf 83' lang='lat' dir='ltr'>investitura</span> <span class='ocrx_word' id='word_1_465' title='bbox 1342 386 1481 421; x_wconf 80' lang='lat' dir='ltr'>lucorum</span> <span class='ocrx_word' id='word_1_466' title='bbox 1523 388 1663 434; x_wconf 57' lang='lat' dir='ltr'>ipqorum</span> <span class='ocrx_word' id='word_1_467' title='bbox 1702 400 1718 423; x_wconf 71' lang='lat' dir='ltr'>a</span> <span class='ocrx_word' id='word_1_468' title='bbox 1753 397 1781 421; x_wconf 76' lang='lat' dir='ltr'>te</span> <span class='ocrx_word' id='word_1_469' title='bbox 1798 390 1982 411; x_wconf 49' lang='lat' dir='ltr'>[lenens-ilian-</span> 
     </span>
    </p>
   </div>
   <div class='ocr_carea' id='block_1_27' title="bbox 1035 421 1981 502">
    <p class='ocr_par' dir='ltr' id='par_1_30' title="bbox 1035 421 1981 502">
     <span class='ocr_line' id='line_1_93' title="bbox 1035 421 1981 476; baseline 0.003 -9"><span class='ocrx_word' id='word_1_470' title='bbox 1035 433 1144 476; x_wconf 76' lang='lat' dir='ltr'>nobis,</span> <span class='ocrx_word' id='word_1_471' title='bbox 1179 441 1208 467; x_wconf 86' lang='lat' dir='ltr'>et</span> <span class='ocrx_word' id='word_1_472' title='bbox 1236 434 1354 469; x_wconf 73' lang='lat' dir='ltr'>eisdem</span> <span class='ocrx_word' id='word_1_473' title='bbox 1392 435 1538 470; x_wconf 76' lang='lat' dir='ltr'>fratribus</span> <span class='ocrx_word' id='word_1_474' title='bbox 1572 438 1687 472; x_wconf 86' lang='lat' dir='ltr'>nostris</span> <span class='ocrx_word' id='word_1_475' title='bbox 1719 445 1783 472; x_wconf 79' lang='lat' dir='ltr'>tre·</span> <span class='ocrx_word' id='word_1_476' title='bbox 1796 421 1981 472; x_wconf 54' lang='lat' dir='ltr'>lssi&#39;ifieil‘dssnssfii}</span> 
     </span>
     <span class='ocr_line' id='line_1_94' title="bbox 1797 481 1941 502; baseline -0.007 -1"><span class='ocrx_word' id='word_1_477' title='bbox 1797 481 1941 502; x_wconf 73' lang='lat' dir='ltr'>Pontificibus.</span> 
     </span>
    </p>
   </div>
   <div class='ocr_carea' id='block_1_28' title="bbox 1827 2347 1945 2369">
    <p class='ocr_par' dir='ltr' id='par_1_31' title="bbox 1827 2347 1945 2369">
     <span class='ocr_line' id='line_1_95' title="bbox 1827 2347 1945 2369; baseline 0.008 -1"><span class='ocrx_word' id='word_1_478' title='bbox 1827 2347 1945 2369; x_wconf 61' lang='lat' dir='ltr'>Exordium.</span> 
     </span>
    </p>
   </div>
  </div>
 </body>
</html>
