2129 3223
141 269 192 293 An.
215 267 243 294 C.
259 268 324 294 1265

138 1203 209 1230 ibique
223 1208 314 1224 commo—

129 1235 186 1254 randi
202 1238 222 1255 et
245 1240 312 1261 quae-

128 1266 209 1284 stuundl

138 1691 249 1712 ‹ieiieratiii
288 1695 308 1712 οι

149 1722 290 1748 provinciales

127 1756 285 1777 ‚riossuutsuosa
275 1752 309 1772 a-b

126 1784 209 1803 mirere
228 1786 248 1803 et
265 1784 308 1803 dis-

126 1820 215 1841 pensare
234 1813 259 1833 nli
278 1815 309 1834 ii·-

125 1846 190 1870 i·c[1ul«
199 1844 303 1865 rttiitdiusv

389 257 458 290 758

339 319 509 366 obsequiis,
536 325 649 352 cuncta
674 316 772 351 libere
797 315 974 350 ministrare
1012 327 1086 362 pos-

337 370 404 404 sitis
436 367 648 402 ecclesiastiea
679 372 894 404 sacramenta,
929 372 960 398 et
987 364 1084 419 ipsos

336 429 435 464 quum
462 415 667 453 decesserint
687 415 717 449 in
741 415 853 449 vestris
889 413 1085 448 coemeteriis

335 466 478 513 sepelire.
501 464 534 500 Si
563 464 690 511 quando
716 472 821 498 autem
848 463 877 497 iu
906 471 1013 502 terras
1053 462 1082 496 in

334 515 451 561 quilius
474 513 627 554 residetis
650 512 698 547 vel
720 524 825 547 earnm
851 523 1000 558 personas
1025 523 1083 545 ex—

334 563 631 598 communicationis
653 574 710 597 seu
733 561 886 596 interdicti
909 561 1083 595 sententias

333 613 501 659 1¹0nti0eiit
525 612 727 658 promulgari,
748 610 836 658 pueri
871 610 982 644 vestris
1015 621 1082 644 ser-

336 662 416 696 vitiis
450 661 604 708 deputati,
638 662 836 707 negotiorum
871 671 1006 714 quoque
1036 670 1081 693 ve-

331 720 465 746 strorum
490 718 707 757 procuratores
728 718 758 744 et
779 709 925 754 operarii
954 708 1007 754 qui
1049 708 1080 741 in

333 761 440 795 ¹¹esti-is
468 761 544 794 locis
570 772 679 794 eoi-um
708 759 857 805 operibns
877 756 1082 804 personaliter

330 809 478 843 tontiiiue
500 809 680 851 institerint
704 806 884 842 huiusmodi
904 806 1079 841 sententiae

330 857 455 893 obnoxii
476 859 605 892 minime
639 857 821 899 habeantur,
860 855 966 902 ibique
1009 867 1080 902 pos-

329 907 390 940 sint
416 907 525 941 audii-e
551 907 668 950 divina⁷
699 906 782 940 iuxta
819 904 962 948 formam,
997 916 1078 951 quae

329 955 405 991 locis
427 956 502 1002 ipsis
525 956 554 989 in
577 967 616 990 eo
637 967 711 991 casu
734 967 750 989 3
777 954 860 989 Sede
897 953 1078 999 Apostolica

327 1012 374 1039 est
395 1016 556 1045 concessa3
579 1004 639 1038 nisi
656 1005 749 1038 iidem
772 1015 897 1038 causam
920 1002 1077 1047 dederint

327 1053 374 1088 vel
413 1053 681 1088 excommunicari
714 1052 894 1100 specialiter
931 1063 986 1086 seu
1022 1052 1078 1086 in—

326 1102 435 1137 terdici
459 1103 584 1137 eosdem
607 1102 781 1148 contigerit.

373 1151 393 1198 S
417 1155 472 1187 to.
495 1151 536 1186 Et
562 1153 637 1198 quia
660 1163 713 1186 vos
742 1158 913 1185 extremam
955 1149 1077 1196 patien-

328 1208 374 1236 tes
403 1212 458 1247 pro
479 1200 598 1236 Christi
625 1200 754 1235 nomine
776 1207 1002 1245 paupertatem,
1027 1211 1077 1233 ex-

328 1249 514 1285 hortationis
542 1251 593 1297 pio
614 1250 732 1289 studio,
755 1248 855 1283 bonos
882 1247 920 1282 ad
956 1247 1075 1294 potiora

326 1298 472 1345 dii—ignis,
493 1307 524 1333 et
541 1307 682 1333 errantes
704 1299 733 1332 in
757 1297 952 1332 rectitudinis
978 1297 1077 1331 semi-

327 1356 387 1382 tarii
427 1348 625 1382 laudabiliter
664 1347 836 1390 revocatis,
871 1347 1076 1380 concedimus

327 1404 359 1430 ut
396 1396 428 1430 in
472 1396 816 1432 excommunicatorum
855 1397 947 1429 terris
978 1394 1076 1429 libere

325 1447 524 1488 commorari,
546 1455 576 1480 et
593 1445 634 1480 ab
659 1446 704 1480 eis
723 1453 798 1478 tunc
812 1452 841 1478 et
862 1445 955 1479 etiam
979 1456 1077 1490 quan-

325 1493 366 1528 do
390 1508 444 1540 per
467 1497 550 1542 ipsas
576 1507 631 1530 vos
659 1494 790 1528 transire
816 1493 996 1539 contigerit,
1025 1505 1076 1527 ne-

325 1546 459 1579 cessaria
487 1545 566 1578 vitae
589 1545 759 1590 deposcere
780 1553 816 1577 ac
844 1543 982 1588 recipere
1017 1553 1075 1575 va—

325 1593 426 1627 leatis

372 1640 392 1688 g
432 1643 485 1675 ti.

325 1689 532 1735 piovinciales
556 1689 700 1728 ministri
723 1698 753 1723 et
774 1700 883 1722 eorum
908 1688 1010 1722 vicarii
1038 1699 1075 1721 ac

323 1738 414 1772 etiaiii
437 1739 621 1793 custodes,
616 1751 645 1772 in
670 1738 807 1784 provinc
804 1739 840 1771 is
861 1745 890 1770 et
922 1736 1074 1771 custodiis

323 1787 380 1821 sibi
408 1788 599 1827 commissis,
622 1787 789 1833 praedictis
816 1786 966 1820 fratribus
995 1797 1076 1820 con-

323 1837 440 1871 stitutis
468 1836 597 1880 ibidem,
622 1848 743 1870 necnon
771 1843 801 1869 et
828 1835 974 1869 fratribus
1006 1833 1074 1868 aliis

323 1886 466 1920 eiusdem
489 1886 611 1920 ordinis
633 1886 790 1919 interdum
814 1884 852 1918 ad
888 1895 942 1918 eos
976 1883 1074 1918 deeli-

324 1935 482 1975 nantibus,
506 1934 727 1980 undecumque
751 1933 948 1968 absolutione
967 1941 996 1967 et
1010 1933 1074 1966 dis-

323 1985 506 2029 pensatione.
530 1983 756 2029 indigentibus,
783 1984 848 2017 sive
889 1982 1072 2029 priusquam

322 2033 505 2067 intraverint
526 2033 682 2072 ordinem,
704 2032 769 2066 sive
791 2039 872 2078 post,
894 2031 923 2065 in
947 2031 1075 2065 casibus

324 2085 354 2119 in
380 2086 495 2132 quibus
535 2085 738 2124 excesserint,
781 2096 837 2130 pro
867 2084 985 2131 quibus
1019 2096 1074 2118 ex-

323 2139 624 2173 communicationis
647 2138 692 2172 vel
709 2138 864 2172 interdicti
879 2146 930 2172 aut
945 2149 1075 2184 suspen-

323 2193 421 2226 sionis
448 2193 640 2226 incurrerint
662 2192 836 2226 sententias
857 2202 874 2225 a
897 2191 963 2225 iure
991 2192 1037 2225 vel
1057 2202 1074 2225 a

323 2245 426 2279 iudice
453 2246 640 2291 generaliter
663 2244 889 2291 promulgataS,
910 2252 940 2277 et
968 2244 1075 2278 liuius-

324 2298 407 2332 modi
442 2299 610 2333 sententiis
654 2297 806 2338 innodati,
833 2306 886 2331 aut
924 2298 955 2331 in
997 2297 1075 2331 locis¹

323 2352 368 2385 sic
390 2354 563 2398 suppositis
590 2353 803 2388 ecclesiastico
831 2350 996 2385 interdicto
1018 2351 1074 2384 di-

324 2406 392 2439 vina
415 2405 515 2440 officia
550 2405 747 2440 celebrantes
779 2404 825 2439 vel
864 2405 1074 2451 suscipientes

325 2460 461 2498 ordines,
484 2461 528 2494 sic
557 2459 653 2505 ligati,
693 2468 796 2493 notam
839 2458 1075 2504 irregularitatis

327 2514 500 2556 incurrunt,
529 2513 737 2547 absolutionis
770 2520 799 2546 et
831 2512 1075 2558 dispensationis

327 2564 513 2600 beneficium
543 2567 663 2600 valeant
700 2565 862 2611 impartiri⁷
898 2566 957 2599 nisi
995 2563 1073 2598 adeo

326 2620 428 2662 gravis
451 2618 541 2652 suerit
563 2627 593 2652 et
610 2619 749 2653 enormis
789 2630 948 2659 excessus,
989 2617 1074 2664 quod

525 1639 692 1676 Generalis
727 1650 854 1686 quoque
892 1647 923 1673 et
950 1638 1072 1684 'singuli

932 260 1120 284 BULLARtUM
1141 259 1305 284 ROMANUM

1127 314 1189 349 sint
1214 313 1252 349 ad
1287 313 1430 351 eamdem
1460 313 1576 350 Sedem
1620 314 1732 350 merito
1768 313 1873 349 desti-

1127 363 1232 397 nandi.

1174 412 1194 459 g
1218 414 1273 446 12
1297 412 1422 449 Fratres
1443 413 1535 447 etiam
1564 413 1679 456 vestri
1707 424 1789 460 quos
1817 425 1874 460 pro

1125 469 1266 517 tempore
1307 474 1362 497 vos
1402 462 1558 516 generalis
1600 469 1632 496 et
1666 461 1874 509 provinciales

1126 510 1271 555 ministri,
1299 523 1422 547 necnon
1446 519 1478 546 et
1501 511 1583 546 vices
1612 519 1730 546 vestras
1759 522 1874 558 geren-

1125 567 1182 600 tes,
1210 572 1244 594 ac
1271 560 1364 595 etiam
1403 559 1550 595 custodes
1576 559 1606 594 in
1643 560 1787 606 proprios
1817 559 1873 595 lia-

1124 608 1256 643 bueritis
1281 609 1489 651 consessores,
1516 608 1725 644 absolutionis
1755 617 1786 644 et
1812 608 1874 644 dis-

1122 659 1333 704 speiisationis
1355 658 1543 693 beneficium
1567 657 1671 701 vobis,
1693 670 1790 704 quum
1817 670 1873 693 ex-

1124 707 1266 753 pedierit,
1290 707 1410 742 valeant
1433 707 1595 754 impertiri,
1624 707 1707 742 iuxta
1739 708 1870 743 formam

1121 757 1336 791 concessionis
1358 768 1454 804 super
1474 756 1671 791 absolutione
1692 763 1723 790 et
1748 756 1872 803 dispen-

1120 805 1240 840 satione
1262 805 1391 840 sratrum
1427 805 1568 841 eiusdem
1608 805 1730 841 ordinis
1772 817 1871 852 supe—

1122 855 1185 888 rius
1213 854 1302 889 vobis
1323 854 1431 889 sactae.

1168 903 1188 949 S
1213 907 1267 938 15.
1296 903 1344 938 Ad
1373 903 1461 946 liaeo,
1488 902 1666 938 volentibus
1684 911 1786 938 vestro
1814 915 1870 959 ag-

1119 952 1240 998 gregari
1262 953 1408 998 collegio,
1430 953 1484 1000 qui
1503 952 1721 1007 suspensionis
1741 959 1795 989 aut
1820 952 1870 987 in-

1120 1002 1241 1036 terdicti
1267 1001 1312 1036 vel
1332 1001 1666 1036 excommunicationis
1703 1001 1870 1037 sententiis

1118 1061 1133 1083 a
1158 1051 1225 1085 iure
1253 1051 1299 1085 vel
1323 1063 1337 1085 3
1363 1050 1466 1085 iudice
1489 1050 1695 1097 promulgatis
1734 1062 1868 1096 genera-

1118 1097 1189 1133 liter
1210 1108 1283 1134 suut
1310 1099 1406 1145 ligati,
1433 1099 1640 1134 absolutionis
1666 1098 1868 1141 beneficium,

1118 1147 1278 1183 observata
1292 1148 1389 1183 forma
1404 1149 1565 1203 canonica,
1583 1148 1752 1195 impertiri,
1765 1149 1870 1196 ipsos-

1117 1208 1180 1244 que
1202 1198 1232 1232 in
1253 1197 1362 1232 fratres
1385 1198 1535 1244 recipere,
1557 1209 1593 1232 ac
1614 1210 1692 1237 eos
1714 1210 1769 1244 qui
1799 1206 1868 1245 post

1117 1255 1315 1300 assumptum
1363 1246 1505 1282 habitum
1554 1248 1600 1281 vel
1638 1246 1867 1293 professionem

1117 1307 1265 1331 emissam
1293 1296 1483 1331 recoluerint
1503 1307 1537 1330 se
1558 1295 1701 1334 talibus,
1695 1308 1724 1330 iu
1742 1297 1867 1331 saeculo

1118 1343 1213 1379 fuisse
1247 1345 1414 1380 sententiis
1460 1344 1650 1389 innodatos,
1690 1345 1867 1383 secuudum

1116 1393 1247 1428 sormam
1272 1395 1370 1439 ipsam
1395 1406 1460 1437 vos⁷
1481 1394 1637 1440 generalis
1674 1402 1704 1428 et
1737 1394 1868 1441 provin-

1116 1442 1212 1477 ciales
1246 1443 1381 1478 ministri
1419 1451 1450 1477 et
1482 1442 1609 1490 praefati
1647 1444 1795 1479 custodes
1830 1454 1867 1480 ac

1118 1493 1201 1527 vices
1230 1501 1347 1526 vestras
1372 1500 1519 1538 agentes,
1548 1491 1677 1527 valeatis
1694 1493 1866 1536 absolvere,

1115 1549 1146 1574 et
1167 1553 1239 1575 cum
1262 1541 1485 1587 irregularibus
1511 1540 1705 1587 dispensare⁷
1738 1542 1764 1575 si
1799 1540 1866 1576 for-

1115 1601 1172 1624 san
1191 1589 1303 1624 talibus
1318 1590 1456 1624 innodati
1480 1590 1657 1630 sententiis,
1675 1589 1722 1624 vel
1742 1590 1773 1624 iu
1787 1589 1866 1625 locis

1117 1638 1284 1672 interdicto
1306 1639 1490 1685 suppositiS‚
1517 1638 1620 1673 divina
1643 1650 1866 1686 praesumpse-

1117 1688 1177 1721 riiit
1212 1687 1310 1721 ollicia
1344 1688 1503 1722 celebrare
1536 1688 1582 1722 vel
1613 1687 1740 1722 ordines
1777 1699 1865 1723 rece-

1117 1737 1228 1782 perint.
1258 1735 1301 1770 lta
1328 1743 1443 1779 tamen,
1471 1736 1555 1783 quod
1578 1736 1604 1770 si
1630 1735 1727 1783 aliqui
1750 1748 1792 1774 ex
1810 1737 1864 1771 liu-

1117 1785 1251 1819 iusniodi
1279 1784 1397 1819 eisdem
1421 1786 1585 1819 sententiis
1616 1794 1743 1832 propter
1773 1784 1865 1821 debi-

1117 1843 1182 1868 tum
1202 1842 1275 1868 sunt
1295 1835 1424 1874 astricti,
1440 1833 1642 1875 satisfaciant,
1659 1844 1691 1868 ut
1706 1842 1861 1869 tenentur.

1118 1883 1271 1918 Volumus
1297 1891 1400 1918 autem
1430 1883 1636 1917 iiiliiloininus
1656 1884 1739 1930 quod
1775 1891 1864 1929 post-

1115 1945 1210 1979 quam
1232 1932 1348 1967 fuerint
1366 1931 1512 1976 absoluti,
1527 1932 1709 1967 huiusmodi
1724 1933 1864 1967 volentes

1115 1981 1274 2027 aggregari
1302 1981 1484 2027 supradicto
1506 1980 1639 2027 collegio
1657 2007 1666 2024 ‚
1701 1981 1760 2016 nisi
1791 1993 1864 2021 mox

1115 2032 1257 2065 ordinem
1281 2041 1419 2065 vestrum
1448 2031 1629 2065 iutraverint
1654 2030 1801 2072 <etiamsi
1815 2042 1865 2065 su-

1117 2092 1171 2126 per
1193 2079 1252 2113 hoc
1278 2079 1325 2114 eis
1347 2079 1491 2113 induciae
1511 2092 1529 2113 a
1557 2078 1701 2134 praelatis
1721 2079 1862 2119 eiusdem

1115 2128 1236 2163 ordinis
1262 2128 1499 2173 concedimur),
1513 2139 1552 2162 eo
1579 2130 1652 2174 ipso
1670 2128 1704 2162 in
1717 2128 1864 2176 pristinas

1115 2177 1297 2220 sententias,
1319 2189 1335 2212 a
1364 2177 1480 2224 quibus
1520 2188 1575 2211 eos
1609 2176 1709 2211 taliter
1744 2175 1863 2212 absolvi

1116 2227 1293 2272 (Ὓοιιιὶἓρνίι
1334 2226 1522 2260 relabantur
1562 2225 1728 2260 Caeterum
1763 2234 1863 2266 vestra

1115 2275 1263 2310 disci-etio
1290 2284 1380 2309 caute
1408 2274 1577 2321 provideat,
1601 2282 1633 2308 ut
1663 2274 1863 2321 Apostolicae

1115 2324 1220 2364 Sedis,
1242 2324 1414 2369 legatorum
1439 2324 1538 2370 ipsius
1565 2331 1595 2357 et
1630 2323 1861 2359 ordinariorum

1116 2374 1254 2407 locorum
1309 2373 1339 2406 in
1392 2372 1645 2410 absolutionibus
1680 2371 1861 2409 huiusmodi

1115 2421 1218 2456 scaiid
1215 2423 1297 2455 alum
1320 2421 1463 2455 evitetur.

1163 2471 1262 2517 gili.
1286 2470 1383 2505 Porio
1413 2470 1510 2516 quieti
1551 2478 1668 2505 vestiae
1701 2469 1863 2516 providere

1117 2520 1268 2561 volentes,
1311 2518 1395 2566 quod
1438 2531 1492 2565 per
1527 2518 1649 2552 litteras
1675 2518 1864 2565 apostolicas

1116 2568 1217 2603 dictae
1239 2567 1344 2611 Sedis,
1367 2576 1419 2602 aut
1445 2569 1616 2613 legatorum
1644 2579 1698 2602 seu
1735 2567 1862 2614 delega-

1115 2625 1217 2652 torum
1244 2618 1355 2663 ipsius,
1377 2615 1536 2651 conveniri
1563 2627 1579 2649 a
1606 2627 1766 2662 quoquam
1801 2617 1865 2651 mi-

1889 262 1941 293 An-
1958 260 1988 293 G.
2003 261 2074 293 ¹255

1900 422 1943 450 Ipsi
1962 430 2013 447 vero
2032 425 2072 446 nli-

1887 454 1941 476 solvt
1956 458 2044 482 possunt
2059 462 2068 475 a

1887 486 1930 506 suis
1945 485 2051 506 tratribus

1891 913 1947 936 ldsm
1956 919 1979 934 ec
1987 916 2006 935 in
2014 913 2054 941 θη

1891 2481 1953 2502 Multa
1971 2486 2058 2503 enume-

1877 2515 1950 2533 rantur
1962 2518 1973 2532 a
1985 2513 2058 2539 quibu!

1877 2543 1995 2564 eximuntur
2015 2542 2056 2562 trai-

1877 2576 1928 2594 tren.
