2129 3223
117 274 170 301 An.
182 274 210 303 C.
232 276 299 302 ¹252

364 267 434 300 559.

314 332 504 374 reticorum,
544 329 877 365 excommunicationis
921 327 1057 362 innodati

315 380 450 423 vinculo,
474 380 519 415 rel
534 380 710 414 denunciati
727 377 989 414 excommunicati
1005 390 1059 424 pu-

315 429 394 464 blice
417 430 543 469 fuerint,
571 429 660 464 bonis
698 429 874 464 confiscatis
906 428 1057 474 ipsorum,

315 480 417 514 banno
445 479 570 526 publico
593 479 767 526 exponatis,
782 478 858 513 alias
878 485 984 512 contra
1005 488 1059 511 eos

314 529 539 576 temporaliter,
568 536 659 575 prout
681 528 827 574 expedire
851 526 1000 566 videritis,
1027 525 1056 559 iu

313 578 530 614 fulcimentum
565 578 733 613 catholicae
772 578 864 617 sinlei,
908 582 1058 623 potestate

314 627 402 663 vobis
424 628 534 663 tradita
563 628 750 674 processuri.
775 626 921 672 Alioquin
963 637 1059 660 nove—

313 678 380 713 ritis
415 690 471 713 nos
507 677 626 712 eisdem
670 675 909 724 inquisitoribus
943 675 1058 709 nostris

313 727 421 764 litteris
445 727 632 770 iniunxisse,
660 735 692 762 ut
720 739 773 761 vos
795 726 831 760 ad
861 725 888 759 id
914 737 968 771 per
988 736 1058 758 cen-

311 789 417 812 suram
440 776 682 812 ecclesiasticam
705 776 913 823 appellatione
941 781 1056 808 remota

312 826 512 873 compellant.

360 875 473 911 Datum
498 876 619 912 Perusii
642 876 754 923 quinto
781 874 851 909 idus
874 874 956 914 maii,
985 885 1060 920 pon-

312 925 446 960 tificatus
470 926 564 960 nostri
592 937 675 960 anno
702 937 795 960 nono.

352 988 410 1017 Dat.
430 988 477 1017 die
500 988 532 1017 -11
559 987 629 1017 maii
652 987 738 1024 1252,
761 986 864 1026 pontis.
882 996 958 1015 anno
977 994 1013 1014 ix.

888 272 1072 296 BULLARIUM

630 1146 756 1182 XXVll.

313 1221 526 1265 Promulyatt‘o
554 1221 654 1264 leyum
681 1227 706 1253 et
728 1220 975 1252 constitutionum
994 1231 1059 1252 con-

360 1278 409 1303 tra
446 1270 620 1306 haereticos,
653 1280 815 1314 eorumque
851 1269 1006 1313 complices
1034 1276 1060 1302 ee

359 1320 506 1363 fautores,
528 1331 547 1353 a
567 1319 798 1363 magistratibus
824 1325 850 1351 et
876 1318 1060 1364 officialibus

359 1369 569 1403 saecularibus
592 1369 863 1402 observandarum.

579 1445 793 1476 SUMMARIUM

312 1510 503 1540 Innocentius
518 1507 572 1538 PP.
590 1508 670 1546 leges
690 1517 704 1537 a
718 1517 749 1537 se
764 1507 891 1537 sancitas
907 1507 947 1537 ait
961 1512 1060 1538 contra

353 1554 526 1584 haereticos
544 1569 583 1574 —
596 1553 621 1582 1.
634 1551 693 1582 Hae
711 1552 935 1582 constitutiones
957 1552 1060 1582 civita-

353 1603 412 1628 tum
436 1597 650 1637 capitularibus
673 1596 890 1626 inscribendae.
913 1613 953 1619 -
969 1596 996 1625 2.
1011 1596 1061 1626 lu-

352 1647 418 1673 rent
435 1647 593 1682 potestates
612 1650 728 1671 servare
741 1641 821 1679 teges
835 1646 933 1671 contra
961 1641 1064 1671 haere-

354 1688 437 1717 ticos.
466 1703 503 1708 —
529 1685 643 1716 Poenae
666 1686 695 1715 in
719 1685 874 1715 violatores
897 1685 1004 1723 legum.
1026 1702 1065 1708 —

353 1731 380 1761 3.
394 1730 539 1761 Haeretici
556 1730 654 1760 banno
677 1729 871 1768 supponendi.
894 1747 933 1752 —
953 1730 976 1759 4.
1005 1730 1062 1759 Fa-

354 1776 446 1806 cultas
477 1775 605 1814 eligendi
628 1774 778 1804 ministros
800 1773 829 1803 S.
852 1773 1064 1813 Inquisitionis.

355 1837 394 1843 —
407 1820 435 1850 5.
455 1819 599 1850 Haeretici
616 1828 674 1859 quo
691 1819 827 1848 ducendi.
842 1835 881 1840 —
895 1819 921 1847 ὓ.
934 1818 1065 1848 Ducendi

355 1874 422 1895 vero
449 1864 584 1904 expensis
603 1863 783 1893 Communis.
801 1880 840 1885 —
864 1863 888 1892 7.
912 1863 939 1892 S.
958 1862 1063 1902 lnqui-

356 1909 473 1940 sitionis
485 1909 628 1938 ministris
638 1908 710 1938 fides
722 1907 914 1937 habenda-
929 1908 955 1936 8.
970 1907 1068 1942 Quod-

357 1963 424 1984 nam
453 1953 658 1987 iusiurandum
699 1952 796 1981 iurare
824 1950 958 1980 debeant.
980 1968 1019 1973 -
1040 1952 1067 1982 9.

356 1998 492 2029 Facultas
511 1997 682 2028 eorumdem
701 1996 807 2035 qualis.
828 2013 866 2018 —-
883 1995 927 2024 to.
948 1995 1066 2026 illorum

358 2046 513 2082 praecepta
524 2046 583 2071 rata
601 2041 720 2071 etfirina
734 2040 800 2069 sint.
821 2056 861 2061 ——
883 2040 928 2068 11.
952 2039 995 2068 12.
1022 2039 1069 2069 ln-

359 2087 480 2117 demnes
499 2089 665 2116 serventur.
687 2101 726 2107 —-
745 2084 791 2114 13.
813 2083 921 2113 Eorum
940 2083 1067 2113 officium

360 2140 410 2161 sex
424 2130 576 2162 mensibus
592 2129 750 2170 expleatur.
763 2129 858 2158 —14.
871 2128 917 2157 15.
935 2127 1067 2167 Ipsorum

361 2185 473 2207 merces
485 2175 562 2205 unde
574 2174 707 2214 petenda.
719 2191 756 2196 —
767 2174 813 2203 16.
836 2173 882 2203 17.
894 2172 934 2201 Ad
954 2173 1067 2201 nullum

361 2221 440 2251 aliud
451 2220 578 2251 officium
593 2218 816 2258 compellantur.
830 2234 869 2239 -
881 2217 926 2246 18.
936 2216 1070 2252 Quando-

361 2269 473 2302 nam,et
483 2274 497 2294 a
509 2263 618 2304 quibus
631 2263 690 2293 sint
702 2260 1071 2296 amovendi.—19.Quali-

363 2315 415 2346 ter,
434 2310 458 2339 si
475 2309 660 2348 deliquerint,
681 2304 1071 2346 puniendi.—-20.Faveant

363 2363 464 2384 omnes
491 2352 728 2393 inquisitoribus.
758 2368 795 2373 —
825 2349 939 2379 Poenae
962 2349 991 2379 in
1014 2358 1070 2378 non

364 2398 537 2438 praebentes
556 2406 674 2427 manum
695 2396 876 2426 auxiliarem:
894 2411 933 2415 —
950 2393 996 2423 21.
1020 2392 1070 2422 Vei

366 2443 554 2482 prohibentes
572 2451 608 2472 ne
629 2442 783 2481 capiantur
799 2439 948 2469 baeretici.
963 2454 1002 2459 —
1025 2437 1071 2466 2⁶2.

364 2487 551 2526 Magistratus
570 2491 670 2526 captos
692 2484 838 2515 custodiat
860 2483 910 2513 ubi
929 2482 1073 2511 voluerint

367 2532 545 2571 episcopus⁷
575 2530 618 2560 vel
647 2529 813 2569 inquisitor.
839 2544 877 2550 —
907 2527 954 2556 23.
987 2525 1072 2555 Assi-

368 2581 489 2614 gnantes
505 2585 562 2605 non
579 2575 742 2604 haereticos
761 2582 811 2612 pro
831 2571 985 2602 haereticis
1001 2579 1074 2609 quo-

371 2620 456 2649 modo
486 2619 638 2658 puniendi.
675 2635 713 2640 —
744 2617 790 2647 24.
823 2616 903 2655 Capti
931 2615 1004 2644 infra
1038 2614 1075 2643 15

370 2663 432 2693 dies
451 2663 658 2701 inquisitorum
683 2661 806 2692 subeant
826 2669 955 2690 examen.
972 2675 1010 2681 -
1028 2657 1074 2688 25.

1102 270 1261 293 ttOMANUM

1139 323 1294 353 Damnatos
1314 323 1435 362 recipiat
1453 321 1650 360 magistratus,
1668 323 1700 349 ut
1716 318 1847 358 plectan-

1139 367 1300 398 μιῇ-96.
1325 366 1471 406 Cogantur
1488 365 1626 395 haeretici
1646 363 1721 394 alios
1738 363 1845 394 haere—

1140 413 1212 443 ticos
1236 417 1265 442 et
1285 413 1393 443 erroris
1411 412 1546 442 conscios
1575 410 1715 440 indicare.
1742 425 1783 432 ——
1798 408 1845 439 27.

1138 457 1258 494 Domus,
1281 457 1330 487 nbi
1353 457 1462 487 suerint
1489 456 1597 486 inventi
1625 453 1787 484 diruendae
1818 457 1847 484 et

1140 502 1251 532 domini
1275 501 1392 531 illarum
1411 500 1564 540 puniendi.
1593 516 1631 521 —
1647 499 1694 529 28.
1716 499 1790 534 Quid
1811 499 1847 528 de

1140 546 1304 576 fautoribus
1333 546 1558 575 haereticorum.
1581 561 1619 566 —
1642 544 1690 573 29.
1710 543 1845 574 Haereti-

1140 600 1239 620 corum
1261 591 1376 620 nomina
1405 590 1597 620 describenda
1616 594 1645 618 et
1662 588 1846 627 publicanda.

1140 635 1186 666 30.
1205 635 1311 665 Eorum
1335 635 1386 665 filii
1401 635 1435 664 ad
1449 634 1542 677 officia
1562 633 1718 662 inhabiles.
1739 649 1778 654 —-
1799 631 1846 662 31.

1139 680 1323 718 Magistratus
1342 680 1390 710 det
1410 678 1634 718 inquisitoribus
1666 686 1846 707 assessorem

1139 724 1168 754 in
1191 724 1342 754 auxilium.
1364 740 1402 746 —
1421 722 1467 753 32.
1480 721 1556 752 lnfra
1567 722 1667 750 decem
1690 720 1753 750 dies
1783 725 1848 760 post

1139 769 1357 798 accusationem
1374 776 1485 807 poenae
1503 770 1602 796 contra
1620 774 1686 795 reos
1704 774 1848 804 exequen-

1139 813 1202 843 dae.
1221 830 1260 835 —
1278 813 1324 843 33.
1342 812 1456 842 Poenae
1476 811 1641 850 praedictae
1663 809 1743 840 nullo
1763 810 1848 840 modo

1139 858 1312 887 relaxentur.
1334 873 1373 879 —
1399 857 1445 886 34.
1467 855 1543 892 Quid
1566 856 1601 886 de
1623 854 1708 884 bonis
1741 854 1847 884 haere-

1138 903 1273 933 ticorum.
1289 919 1328 924 --
1342 902 1388 931 35.
1404 901 1490 930 Cavet
1509 910 1545 930 ne
1565 899 1772 930 rescindantur
1789 903 1849 928 sta-

1138 951 1204 977 tuta.
1225 963 1263 969 —
1275 947 1321 977 35.
1334 946 1381 976 37.
1396 945 1434 975 De
1450 946 1559 975 eisdem
1577 943 1767 974 observandis
1783 951 1850 981 pro-

1139 992 1225 1022 videt.
1246 1008 1285 1014 -
1302 991 1347 1020 38.
1371 989 1482 1020 Statuta
1508 989 1553 1019 his
1576 987 1721 1018 contraria
1745 987 1848 1018 irritat.

1137 1053 1177 1059 -
1194 1036 1240 1066 39.
1259 1034 1336 1066 Haec
1355 1039 1452 1065 autem
1474 1038 1601 1074 quatuor
1623 1033 1653 1062 in
1685 1031 1771 1062 libris
1792 1031 1848 1062 de-

1139 1080 1305 1111 scribenda.

1099 1151 1269 1180 Innocentius
1283 1151 1424 1187 opiscopus
1441 1157 1537 1179 servus
1552 1155 1692 1178 servorum
1708 1147 1764 1182 Dei,
1781 1147 1850 1176 dilc-

1144 1200 1199 1228 ctis
1205 1199 1270 1228 filiis
1278 1199 1477 1236 potestatibus.
1487 1198 1712 1242 sirei-actoribus,
1718 1197 1848 1230 consiliis.

1144 1251 1175 1278 et
1190 1249 1432 1277 communitatibus
1447 1248 1603 1281 civitatum.
1625 1247 1794 1283 aliorumque
1808 1240 1868 1274 lo-'

1145 1306 1237 1328 corum
1252 1306 1301 1334 per
1319 1298 1513 1328 Lamban-uiam.
1532 1296 1723 1328 Romaniotam.
1740 1296 1768 1324 et
1778 1293 1852 1324 Uar-

1146 1348 1233 1377 chiam
1250 1347 1416 1376 'tervisinam
1435 1345 1605 1378 constituti&
1617 1344 1734 1374 satutem
1747 1345 1776 1373 ct
1787 1350 1849 1380 apo-

1146 1397 1272 1426 stolicam
1290 1396 1512 1425 benedictionem.

1153 1462 1199 1495 Ad
1222 1459 1402 1507 extirpanda
1425 1458 1463 1493 de
1489 1458 1594 1493 medio
1622 1457 1726 1504 populi
1760 1456 1852 1491 chri-

1103 1511 1192 1545 stiani
1221 1510 1392 1544 haereticae
1416 1509 1575 1555 pravitatis
1604 1508 1732 1545 zizania,
1769 1518 1850 1553 quae

1103 1559 1314 1594 abundantius
1337 1559 1428 1592 solito
1448 1564 1683 1599 succreverunt,
1702 1567 1847 1602 superse-

1105 1610 1241 1643 minante
1270 1608 1319 1642 illa
1343 1607 1489 1642 licentius
1512 1607 1559 1640 liis
1581 1605 1695 1640 diebus
1713 1605 1851 1640 bominis

1107 1659 1244 1698 inimico,
1267 1666 1352 1691 tanto
1374 1657 1558 1695 studiosius,
1579 1657 1663 1689 iuxta
1694 1654 1852 1689 commis-

1106 1721 1171 1742 sam
1197 1708 1285 1741 nobis
1308 1706 1552 1741 sollicitudinem
1594 1704 1740 1739 insudare
1774 1715 1852 1750 pro-

1109 1758 1265 1805 ponimus,
1287 1765 1403 1803 quanto
1427 1755 1637 1802 perniciosius
1676 1753 1853 1801 negligere-

1109 1819 1179 1841 mus
1205 1806 1313 1841 eadem
1338 1806 1367 1839 in
1404 1817 1512 1840 necem
1543 1803 1686 1839 catholici
1721 1803 1850 1837 seminis

1862 259 1913 286 An.
1930 257 1959 286 C.
1972 257 2041 284 ¹252

1110 1857 1278 1903 pervagari.
1301 1855 1450 1890 Volentes
1479 1862 1596 1894 autem,
1637 1860 1669 1886 ut
1702 1852 1852 1887 adversus
1865 1856 2048 1879 ¹uu⁰cen²iu⁵PR

1110 1905 1289 1940 huiusmodi
1306 1905 1463 1951 nequitiae
1478 1904 1638 1951 operarios
1651 1909 1851 1948 consurgant,

1108 1963 1252 2001 stentque
1275 1954 1437 1988 nobiscum
1460 1953 1617 1988 Ecclesiae
1645 1952 1713 1994 filii,
1734 1962 1770 1986 ac
1801 1963 1854 1985 or-

1111 2004 1263 2039 thodoxae
1304 2003 1374 2037 [idei
1419 2003 1579 2042 zelatores,
1614 2001 1854 2036 constitutiones

1110 2054 1260 2101 quasdam
1288 2052 1326 2088 ad
1346 2052 1584 2099 extirpationem
1609 2050 1780 2085 haereticae
1804 2062 1854 2097 pe-

1110 2103 1166 2138 stis
1187 2103 1358 2142 edidimus,
1385 2114 1401 2136 a
1425 2102 1511 2137 vobis
1534 2109 1566 2136 ut
1593 2099 1737 2134 fidelibus
1770 2099 1855 2133 eius-

1111 2153 1181 2187 dem
1211 2152 1281 2187 sidei
1305 2151 1524 2187 defensoribus
1551 2159 1654 2186 exacta
1693 2148 1852 2193 diligentia

1111 2202 1331 2242 observandas,
1354 2213 1434 2248 quae
1454 2200 1591 2235 seriatim
1608 2198 1738 2233 iuferius
1751 2198 1853 2232 conti—

1113 2259 1234 2286 nentur.

1160 2301 1180 2348 ἓ
1203 2304 1233 2335 1.
1253 2300 1406 2342 Quocirca
1433 2299 1536 2334 uniw.
1558 2298 1626 2331 Citati
1652 2305 1768 2332 restrae
1799 2307 1854 2342 per

1112 2350 1281 2397 apostolica
1314 2350 1426 2395 scripta
1469 2349 1663 2391 mandamus,
1700 2353 1854 2392 quatenus

1113 2401 1229 2446 singuli
1257 2399 1500 2435 constitutiones
1539 2396 1664 2432 easdem
1699 2393 1852 2430 conscribi

1115 2451 1226 2485 vestris
1247 2448 1470 2495 capitularibus
1491 2447 1647 2488 facientes,
1671 2443 1764 2479 nullis
1783 2443 1854 2477 ind«¹

1115 2499 1308 2547 temporibus
1330 2497 1510 2540 abolendas,
1525 2494 1697 2531 secundum
1715 2505 1767 2528 eas
1785 2505 1854 2527 con-

1115 2557 1160 2584 tra
1187 2561 1312 2583 omnem
1341 2547 1506 2587 haeresim,
1529 2557 1562 2580 se
1596 2544 1747 2578 adversus
1777 2542 1856 2577 lianc

1115 2605 1253 2634 sanctam
1275 2597 1448 2632 Ecclesiam
1461 2593 1745 2636 extollenteni‚sine
1760 2592 1857 2627 omis-

1116 2649 1204 2683 sione
1232 2648 1333 2695 aliqua
1357 2644 1540 2692 procedatis.
1564 2642 1712 2690 Alioquin
1735 2641 1858 2676 dilectis

1866 1890 1926 1917 leges
1940 1894 1983 1910 nso
1998 1894 2049 1909 snu-

1867 1923 1920 1942 citns
1935 1921 1964 1942 uit
1976 1923 2050 1942 contra

1868 1952 1995 1973 haereticos.

1882 2297 1924 2318 the
1946 2298 2052 2318 constitu-

1869 2330 1938 2350 tiones
1976 2329 2053 2349 civita-

1870 2364 1911 2381 tum
1930 2359 2054 2387 capitulari-

1870 2391 1907 2411 bus
1931 2390 2053 2412 inscriben-

1870 2423 1915 2443 dae.
