2129 3223
54 269 103 297 A‘n.
121 269 151 297 C.
171 269 238 296 ¹¹90

248 373 318 407 ‹lem
345 371 520 407 catholicus
541 371 644 415 fuerit,
667 380 697 406 et
732 371 863 416 gratiam
898 378 993 417 atque

247 421 501 457 communionem
516 421 716 468 Apostolicae
729 419 821 457 Sedis
837 419 991 464 babuerit,

246 471 325 506 sicut
351 478 398 505 est
424 471 575 506 hactenus
605 470 818 505 observatum.

293 519 501 556 Decernimus
531 532 618 567 ergo,
646 527 677 554 ut
734 519 810 554 nulli
861 519 990 553 omnino

246 569 409 605 bominum
437 569 528 605 liceat
556 569 729 617 praefatum
763 568 987 603 monasterium

245 626 363 655 temere
391 619 584 667 perturbare,
603 627 657 654 aut
678 619 749 652 eius
770 618 988 665 possessiones

242 667 374 711 auferre,
413 669 459 704 vel
495 668 614 704 ablatas
651 669 798 708 retinere,
831 667 986 707 minuere,

241 731 295 753 seu
322 718 515 766 quibuslibet
536 718 754 754 vexationibus
777 717 916 763 fatigare.
930 716 985 751 sed

242 767 356 803 illibata
391 768 493 803 omnia
532 777 562 803 et
604 769 723 815 integra
758 774 986 801 conserventur

63 576 146 598 verret.
157 579 230 599 liumu-

50 609 122 629 niti-tls
144 615 156 629 a
179 614 230 636 qun-

49 644 136 666 rumque
162 640 230 660 uiole-

48 669 95 692 stlu.
111 670 138 694 vl,
155 673 195 691 etc.

239 828 367 863 eorum,
412 830 466 865 pro
506 830 640 865 quorum
681 817 914 864 gubernatione
954 817 1006 850 et*

239 869 469 903 sustentatione
490 879 640 903 concessa
667 875 740 902 sunt
760 866 870 901 usibus
885 866 985 901 omni-

239 916 341 952 modis
369 918 554 965 profutura,
593 918 675 952 salva
714 915 809 951 Sedis
847 916 1004 971 Aposto-

238 967 315 1002 licae
330 967 525 1012 auctoritate,
540 975 567 1001 et
583 966 786 1002 Cossinensis
800 966 981 1000 monasterii
1003 1011 1004 1024 ἵ

236 1015 341 1051 debita
393 1017 507 1052 iustitia
540 1025 570 1052 et
610 1015 795 1051 reverentia.
837 1015 872 1049 Si
921 1027 981 1062 qua

237 1065 333 1112 igitur
366 1066 396 1100 in
431 1066 572 1101 futurum
605 1066 830 1106 ecclesiastica,
864 1076 982 1099 saecu—

236 1115 347 1163 larisve
384 1127 529 1163 persona.
561 1116 641 1152 hanc
675 1123 800 1149 nostrae
827 1114 982 1149 constitu-

236 1164 330 1199 tionis
358 1166 502 1212 paginam
518 1166 635 1210 sciens,
653 1172 763 1199 contra
779 1176 847 1199 eam
863 1172 1003 1208 temeiffe

236 1218 341 1252 venire
358 1220 531 1260 tentaverit,
558 1219 711 1262 secundo,
738 1218 867 1253 tertiove
898 1229 982 1252 com-

236 1264 366 1316 monita,
389 1273 446 1308 nisi
476 1272 763 1320 praesumptionem
777 1283 865 1306 suam
885 1271 979 1317 digna

234 1324 444 1361 satisfactione
470 1327 652 1366 correxerit,
680 1326 843 1373 potestatis
879 1325 980 1361 liono-

233 1378 339 1426 risque
357 1381 405 1414 sui
426 1380 581 1426 dignitate
603 1388 719 1424 careat,
758 1378 925 1426 reamque
946 1391 979 1414 se

231 1432 340 1468 divino
376 1434 493 1469 iudicio
543 1434 678 1469 existere
725 1433 764 1468 de
801 1440 977 1480 perpetrata

231 1485 395 1533 iniquitate
427 1496 607 1533 cognoscat,
629 1495 659 1521 et
704 1499 721 1521 a
763 1486 977 1521 sacratissimo

229 1539 370 1588 Corpore
405 1554 440 1576 ac
487 1542 649 1588 Sanguine
690 1540 748 1576 Dei
785 1549 814 1576 et
847 1539 974 1575 Domini

228 1593 449 1643 Redemptoris
476 1597 573 1631 nostri
611 1596 681 1631 lesu
717 1595 835 1630 Christi
874 1594 975 1630 aliena

227 1649 290 1689 liat,
303 1656 397 1696 atque
426 1650 456 1684 in
484 1658 624 1685 extremo
647 1649 793 1684 examine
814 1649 974 1683 districtae

227 1702 335 1738 ultioni
362 1703 533 1739 subiaceat.
560 1703 694 1739 Cunctis
732 1711 835 1738 autem
869 1703 972 1738 eidem

226 1755 294 1791 loco
313 1769 370 1792 sua
392 1757 458 1792 iura
480 1758 675 1793 servantibus
693 1758 730 1792 sit
758 1769 813 1804 pax
843 1757 972 1791 Domini

225 1810 322 1846 nostri
337 1810 407 1846 Iesu
419 1810 550 1856 Christi,
560 1820 713 1859 quatenus
727 1819 757 1846 et
772 1811 823 1845 bic
837 1812 971 1846 fructum

224 1864 324 1900 bonae
345 1865 478 1900 actionis
501 1865 686 1913 percipiant,
708 1873 738 1899 et
756 1864 840 1912 apud
860 1865 972 1899 distri·
992 1889 994 1893 ψ

223 1927 309 1954 ctum
331 1917 472 1954 Iudicem
496 1919 632 1966 praemia
655 1927 798 1954 aeternae
822 1919 906 1966 pacis
923 1920 972 1954 in·
991 1902 994 1929 ⁸

225 1972 360 2008 veniant.
382 1972 496 2009 Amen.
520 1973 632 2008 Amen.
656 1973 768 2008 Amen.

38 2034 132 2056 clement
156 2034 193 2056 PP.

222 2092 338 2128 scopus
360 2080 540 2128 subscripsi.

68 2331 160 2358 Sigillum

829 2528 838 2542 N

33 2589 54 2606 et
68 2584 88 2606 ⁸.
105 2583 127 2606 ll.
148 2584 204 2607 Ecet.

51 2616 187 2637 cardinalium

26 2646 201 2674 nubseritst‘vfleff-
221 2641 402 2689 subscripsi.

891 267 1035 290 CLEMENS
1054 267 1089 289 111
1114 267 1164 292 ΡΡ.

249 322 378 358 alterius
403 321 543 358 Ecclesia
569 322 655 357 licite
672 320 867 365 celebrante,
889 320 995 368 siqui-

272 2026 344 2062 Eoo
370 2026 523 2063 Cmmnns
544 2027 714 2063 catholicae
727 2027 886 2064 Ecclesiae
904 2031 971 2077 epi·
991 2014 993 2056 i

269 2587 337 2634 Ego
383 2589 518 2624 Albinus
564 2588 752 2623 Albanensis
800 2590 969 2639 episcopus

1688 259 1725 290 71

1085 321 1152 368 Ego
1173 320 1363 356 Octavianus
1386 321 1525 357 Hostien.
1552 330 1582 358 et
1611 320 1779 357 Velletren.

1034 371 1203 418 episcopus
1223 370 1408 418 subscripsi.

1084 420 1151 463 Ego
1172 420 1307 455 loannes
1336 420 1496 467 presbyter
1535 421 1701 456 cardinalis
1732 422 1776 455 tit.

1031 468 1064 503 S.
1094 470 1188 505 Marci
1212 469 1394 516 subscripsi.

1081 519 1147 565 Ego
1175 519 1383 566 pandulphus
1419 519 1578 567 presbyter
1612 519 1778 555 cardinalis

1031 568 1176 605 basilicae
1198 568 1256 603 Xll
1283 567 1508 616 Apostolorum
1530 569 1712 616 subscripsi.

1079 618 1146 665 Ego
1168 618 1281 653 Petrus
1304 617 1464 665 presbyter
1495 618 1660 653 cardinalis
1695 620 1773 654 tituli

1027 667 1062 701 S.
1085 668 1222 704 Ceciliae
1244 667 1426 713 subscripsi.

1078 717 1145 764 Ego
1168 717 1279 752 Petrus
1301 717 1347 751 tit.
1366 716 1400 752 S.
1418 717 1578 752 Laurentii
1594 718 1624 752 in
1640 717 1774 753 Damaso

1028 767 1187 814 presbyter
1209 767 1375 802 cardinalis
1396 766 1577 814 subscripsi.

1074 816 1141 863 Ego
1170 817 1282 852 Petrus
1325 816 1485 864 presbyter
1525 816 1692 852 cardinalis
1738 817 1771 851 S.

1028 866 1108 900 Petri
1135 867 1172 902 ad
1196 866 1329 901 Vincula
1344 866 1388 900 tit.
1404 865 1564 901 Eudoxiae
1585 866 1772 912 subscripsi.

1074 915 1141 962 Ego
1164 915 1319 951 Iordanus
1344 915 1617 950 &pudentianae
1641 916 1686 950 tit.
1710 916 1772 951 Pa-

1024 965 1118 1000 storis
1140 965 1251 1014 presb)
1257 973 1302 1001 ter
1323 964 1490 1000 cardinalis
1516 965 1701 1013 subscripsi

1073 1015 1141 1061 Ego
1166 1015 1300 1050 loannes
1322 1015 1367 1049 tit
1391 1014 1425 1049 S.
1454 1013 1628 1050 Clementis
1663 1015 1771 1050 carili-

1024 1042 1119 1099 nalisD
1123 1064 1289 1100 Tuscanus
1309 1064 1480 1111 episcopus
1501 1063 1686 1112 subscripsi.

1072 1114 1140 1156 Eoo
1158 1114 1291 1149 Ioannes
1313 1113 1399 1147 Felix
1420 1113 1583 1161 presbyter
1604 1114 1771 1150 cardinalis

1002 1160 1069 1197 tit.
1101 1150 1133 1198 S.
1153 1162 1316 1198 Susannac
1339 1162 1524 1218 subscripsi.

1071 1212 1139 1259 Ego
1166 1212 1298 1247 lacobus
1332 1212 1484 1248 diaconus
1522 1211 1688 1248 cardinalis
1733 1213 1767 1247 S.

1022 1261 1165 1297 Mariae
1159 1274 1189 1296 in
1211 1261 1383 1297 Cosmedin
1400 1261 1585 1309 subscripsi.

1070 1311 1139 1358 Ego
1160 1310 1333 1357 Gregorius
1354 1310 1388 1345 S.
1417 1310 1532 1346 Mariae
1575 1312 1603 1346 in
1639 1311 1766 1347 Porticu

998 1359 1173 1406 ,diaconus
1199 1360 1367 1396 cardinalis
1392 1360 1579 1407 subscripsi.

997 1421 1000 1464 f
1068 1409 1135 1456 Ego
1170 1409 1304 1445 Ioannes
1339 1409 1372 1444 S.
1415 1409 1574 1445 Theodori
1617 1410 1768 1446 diaconus

1019 1458 1185 1493 cardinalis
1206 1458 1389 1506 subscripsi.

1066 1507 1134 1554 Ego
1155 1507 1329 1555 Gregorius
1357 1507 1391 1543 S.
1425 1507 1541 1544 Mariae
1580 1509 1609 1544 in
1645 1509 1766 1558 Aquiro

1016 1556 1170 1592 diaconus
1195 1558 1362 1593 cardinalis
1387 1558 1573 1606 subscripsi.

1064 1607 1181 1642 Datum
1225 1607 1368 1643 Laterani
1400 1619 1455 1656 per
1493 1620 1620 1643 manum
1648 1608 1763 1656 Moysis

1016 1656 1175 1692 Romanae
1215 1657 1375 1693 Ecclesiae
1415 1657 1600 1694 subdiaconi
1649 1659 1764 1694 vicem-

1014 1707 1152 1751 gerentis
1177 1707 1367 1748 cancellarii,
1391 1719 1415 1742 11
1439 1719 1537 1743 nonas
1560 1709 1650 1748 iunii
1673 1709 1762 1744 indi-

1014 1756 1118 1791 ctione
1141 1768 1320 1797 v111‚anno
1341 1756 1520 1792 dominicae
1540 1758 1762 1793 incarnationis

992 1793 995 1832 i
1013 1816 1112 1846 ucxc,
1152 1806 1350 1851 pontificatus
1393 1806 1512 1842 domini
1547 1808 1646 1843 nostri
1687 1807 1760 1843 Cle-

1014 1856 1127 1890 mentis
1148 1854 1277 1890 PP.111
1303 1868 1384 1891 anno
1406 1857 1510 1892 tertio

1088 1912 1147 1942 Dat.
1166 1913 1213 1942 die
1236 1914 1253 1941 ὅ
1273 1914 1346 1943 iunii
1366 1923 1441 1943 anno
1460 1913 1573 1945 Domini
1595 1916 1689 1952 two,

1256 1958 1356 1997 pontis.
1379 1968 1455 1988 anno
1475 1968 1512 1989 111.

1353 2074 1419 2109 XV.

991 2150 1024 2178 t
1030 2146 1213 2191 onfirmatio
1234 2149 1412 2182 concordiae
1426 2156 1520 2183 mnae
1532 2151 1611 2184 ime]
1622 2153 1757 2196 capitula

1060 2196 1169 2230 Sancti
1204 2198 1380 2231 wlleoeandri
1408 2206 1433 2231 et
1461 2199 1571 2233 Sancti
1610 2200 1758 2234 Vawncemu

1063 2245 1241 2290 Beiqomen.
1263 2248 1410 2281 ciuitati&
1439 2260 1500 2293 qua
1523 2250 1689 2289 stabilitur,
1723 2259 1755 2284 ut

1060 2307 1156 2329 unum
1177 2296 1354 2341 capitulum,
1376 2310 1469 2331 unum
1491 2299 1660 2343 collegium,
1680 2311 1755 2333 una-

1060 2356 1116 2389 que
1141 2347 1179 2378 sit
1207 2346 1384 2390 Berqomen.
1422 2348 1558 2382 Ecclesia
1591 2349 1755 2384 cathedra—

1061 2396 1097 2427 lis
1126 2399 1186 2437 (11).

1275 2459 1486 2493 SUMMARwM

1011 2513 1195 2552 Apostolicae
1213 2513 1297 2544 Sedis
1320 2524 1387 2545 cura
1412 2526 1441 2545 in
1467 2518 1678 2557 componendis
1697 2519 1753 2549 Ec-

1049 2557 1206 2588 etesiarum
1230 2562 1257 2588 et
1283 2559 1352 2589 cleri
1372 2559 1538 2592 discordiis
1561 2579 1599 2585 —
1623 2561 1753 2594 Concor—

1046 2619 1139 2653 (l)Ex
1168 2620 1368 2649 Bartholomaeo
1398 2623 1506 2651 Zeccbio
1534 2624 1613 2651 edidit
1642 2626 1752 2661 Ugliell„

1012 2658 1065 2685 ltal
1086 2659 1154 2686 Sar..
1173 2660 1216 2687 ubi
1233 2661 1266 2688 de
1285 2662 1420 2689 Mediolan
1444 2664 1655 2701 archiepiscopis.

1798 268 1893 294 An.C.
1914 269 1982 295 ¹¹90
