2129 3223
896 234 996 256 limax
1026 234 1140 257 netum
1673 229 1744 261 805

247 288 479 323 Anniversaria.
496 288 558 322 Pro
573 287 633 322 illis
649 287 859 334 adimplendis
875 289 903 322 in
926 288 1158 323 cathedralibus
1180 298 1208 323 et
1229 292 1492 326 conventualibus
1509 292 1662 327 Ecclesiis
1684 294 1796 328 diebus

346 338 444 378 sestis,
466 345 497 371 et
523 337 604 381 attis,
639 337 696 371 alia
734 337 829 373 missa
857 338 1052 373 decantanda
1088 340 1293 386 praetermitti
1324 353 1384 374 non
1419 342 1530 381 debet,
1555 345 1626 377 5⁰25
1649 345 1676 376 b.

246 387 376 423 Antonii
404 386 509 422 Sancti
530 386 622 421 falsas
645 386 791 433 reliquias
813 387 1025 434 praeferentes
1047 397 1077 423 et
1105 389 1232 423 nomine
1255 390 1323 424 eius
1345 390 1564 439 eleemosynas
1592 405 1606 426 a
1648 392 1796 428 fidelibus

345 444 572 483 extorquentes
598 436 861 477 condemnantur,
890 439 961 472 589
984 450 1013 471 α.

246 486 404 521 Antonius
425 485 484 530 (Β.)
506 485 545 520 de
569 484 674 520 Padua
703 486 872 521 virtutihus
898 495 928 520 et
951 487 1111 522 miraculis
1133 488 1249 531 clarus,
1279 491 1344 522 461
1376 491 1403 523 b.
1428 489 1570 524 l'aduani
1595 492 1708 525 instant
1740 504 1796 538 pro

344 536 414 571 eius
434 535 684 580 canonizatione,
709 537 778 570 465
801 549 831 569 a.
858 536 956 571 Datur
981 537 1166 571 commissio
1190 550 1245 584 pro
1268 539 1500 573 examinatione
1540 541 1678 581 testium,
1718 542 1791 575 ibid.

344 584 518 632 Cathalogo
544 584 734 619 Sanctorum
763 585 963 627 adscribitur,
985 587 1060 620 ibid.
1083 589 1110 620 b.

245 635 469 682 Apostatarum
495 646 627 682 poenae,
655 636 725 669 507
753 636 781 668 b.

246 684 402 731 Apostoli,
428 696 564 732 qnorum
589 683 710 730 primus
733 683 768 718 Β.
794 683 917 724 Petrus,
940 685 1079 719 secunda
1102 685 1265 721 Ecclesiae
1300 686 1515 727 fundamenta,
1544 691 1614 723 469
1638 691 1655 723 b
1678 696 1707 723 et
1734 702 1795 735 seq.

246 734 426 782 Appellatio
448 733 485 768 ad
515 732 693 768 subsidium
719 733 856 777 inventa,
885 735 930 768 48
952 736 980 768 b.
1015 733 1164 769 Innovata
1199 735 1420 782 appellationis
1456 745 1596 784 tempore
1629 738 1658 772 in
1690 739 1797 785 pristi-

347 796 422 818 num
445 790 559 818 statum
584 782 789 823 restituenda,
811 784 886 817 ibid.
917 792 947 817 et
972 785 1016 818 49
1044 796 1074 818 a.
1098 784 1176 818 Eius
1197 785 1326 830 gradus,
1357 788 1403 820 55
1440 799 1459 820 α
1486 795 1589 833 etseq.
1615 787 1751 830 Quando
1769 790 1796 822 ei

344 832 564 871 deferendum,
580 834 649 867 110
664 834 723 867 bet
733 845 794 877 seq.
809 832 973 867 Deindice
986 843 1135 880 suspecto
1150 836 1213 868 111
1229 846 1259 868 a.
1273 833 1320 869 De
1342 835 1418 869 cella
1442 848 1457 869 a
1477 836 1675 871 subiectione
1698 838 1793 872 eximi

345 882 480 925 volente,
490 882 564 915 ibid.
574 883 601 916 b.
611 880 832 929 Appellatione
847 882 884 916 ad
898 881 1015 917 Sedem
1036 882 1250 930 Apostolicam
1267 884 1449 932 interposita
1471 898 1532 919 non
1554 885 1713 931 obstante,
1728 888 1797 934 epi-

342 932 429 979 scopi
445 931 614 978 procedere
636 931 753 966 debent
781 931 818 965 ad
849 932 996 966 ulteriora
1032 932 1062 966 in
1097 933 1292 968 correctione
1328 935 1615 970 ecclesiasticorum
1653 936 1795 971 fornica-

342 982 421 1016 tioni
445 981 663 1019 addictorum,
704 981 761 1015 nisi
792 981 823 1015 in
861 981 958 1016 literis
992 981 1134 1016 eiusdem
1178 982 1248 1017 sacti
1283 984 1381 1018 series
1417 984 1594 1031 specialiter
1627 985 1797 1030 habeatur,

343 1032 414 1066 428
441 1043 470 1065 α.
499 1030 577 1064 Eius
600 1029 752 1065 beneficio
775 1030 925 1065 haeretici
949 1043 1011 1066 non
1035 1031 1186 1077 gaudent,
1215 1034 1287 1066 504
1311 1034 1338 1065 b.

243 1081 424 1128 Aquanigra
448 1079 508 1124 (de)
531 1079 699 1119 haeretici;
727 1092 836 1114 eorum
861 1093 994 1128 poenae,
1019 1082 1089 1115 506
1112 1082 1129 1115 b
1151 1089 1181 1115 et
1208 1094 1267 1127 seq.

243 1130 375 1177 Aquilae
395 1138 497 1164 terrae
518 1129 715 1169 encomium,
731 1130 800 1163 647
825 1143 855 1164 α.
879 1130 1002 1165 Causae
1025 1129 1214 1177 episcopalis
1233 1130 1396 1177 diguitatis
1420 1132 1447 1166 ei
1471 1132 1706 1174 concedendae,
1721 1136 1797 1168 ibid.

338 1178 434 1214 Terra
463 1178 572 1213 eadem
601 1178 631 1212 in
655 1178 812 1213 civitatem
836 1178 980 1226 erigitur,
1007 1181 1082 1213 ibid.
1102 1181 1131 1213 b.
1159 1179 1353 1227 Episcopatu
1377 1180 1528 1221 donatur,
1548 1183 1622 1216 ibid.

241 1228 423 1275 Aragonum
447 1240 502 1263 rex
524 1226 646 1262 Romae
668 1227 698 1261 in
724 1229 916 1262 monasterio
938 1227 971 1263 S.
996 1228 1151 1263 Pancratii
1169 1237 1349 1271 coronatur,
1377 1232 1444 1264 197
1467 1232 1494 1264 b.
1511 1230 1638 1277 Regalia
1664 1233 1795 1279 insignia

340 1278 368 1313 ei
397 1277 511 1312 dantur
533 1276 572 1311 ab
594 1276 779 1311 Innocentio
804 1277 845 1311 ΙΙΙ
868 1277 944 1317 PR,
966 1279 1041 1312 ibid.
1065 1278 1218 1313 Annunm
1242 1291 1374 1313 censum
1400 1281 1551 1326 promittit
1577 1281 1652 1315 Setli
1673 1281 1796 1328 Apost.‚

341 1329 416 1361 ibid.
440 1325 546 1373 Reges
572 1333 603 1360 et
625 1326 752 1372 reginae
779 1339 982 1362 successores
1009 1327 1048 1361 ab
1075 1327 1214 1375 archiep.
1238 1328 1450 1363 Tarraconen.
1491 1331 1680 1374 coronandi,
1720 1333 1795 1366 ibid.

342 1376 421 1411 Eius
442 1376 542 1411 cessio
577 1388 634 1423 pro
652 1375 793 1410 libertate
820 1376 1011 1410 electionum
1035 1378 1264 1423 episcopalium
1293 1378 1511 1422 confirmatur,
1547 1382 1617 1413 204
1653 1383 1680 1414 b.
1720 1381 1798 1415 Eius

344 1437 476 1472 regnum
505 1424 564 1460 sub
586 1425 646 1471 Ap.
670 1424 765 1460 Sedis
787 1426 985 1472 protectione
1006 1426 1191 1473 suscipitur,
1219 1429 1290 1461 285
1314 1441 1343 1461 ιι.

244 1474 436 1509 Arborensis
456 1474 600 1509 Ecclesia
623 1474 746 1508 Pisanis
768 1474 908 1521 archiep.
931 1474 1086 1515 subiecta,
1114 1478 1180 1509 117
1208 1489 1227 1510 α
1251 1484 1280 1510 et
1307 1490 1366 1522 seq.

243 1523 482 1571 Archiepiscopi
504 1532 535 1559 et
561 1523 701 1570 episcopi
724 1523 848 1558 visitare
871 1524 988 1559 debent
1016 1524 1123 1559 limina
1149 1525 1388 1572 Apostolorum,
1412 1529 1484 1562 652
1506 1541 1536 1561 α.

243 1572 372 1608 Arducii
395 1573 535 1620 episcopi
558 1572 782 1607 Gebennensis
805 1582 835 1608 et
873 1573 1027 1608 Willelmi
1056 1575 1181 1609 comitis
1221 1577 1433 1611 controversia
1478 1577 1652 1617 delinitur.
1695 1582 1739 1613 55
1779 1581 1796 1613 b

343 1630 372 1657 et
399 1635 459 1667 seq.

243 1672 333 1719 Aqua
357 1672 387 1706 in
415 1671 581 1706 Sacrificio
603 1670 718 1705 Missae
741 1671 942 1718 apponenda,
967 1673 1031 1707 581
1062 1674 1089 1706 b.

246 1721 468 1755 Armachanns
495 1720 635 1766 archiep.
658 1719 843 1754 Provinciae
865 1720 1043 1756 Thuamen.
1074 1723 1203 1769 primas,
1232 1725 1301 1757 624
1330 1738 1359 1758 α.

246 1769 415 1804 Armeniae
437 1782 502 1804 rex.
532 1771 566 1802 V.
590 1768 655 1802 Leo
682 1768 852 1803 Armeniae
876 1782 927 1804 rex
954 1778 1007 1804 etc.

245 1818 445 1854 Arnaldistae
471 1818 642 1862 (haeretici)
665 1818 930 1861 condemnantur,
953 1821 1000 1854 20
1022 1822 1049 1854 b.
1079 1820 1197 1855 Eorum
1223 1834 1353 1867 poenae,
1384 1827 1454 1859 506
1478 1826 1505 1858 b.

244 1868 405 1904 Arnaldus
432 1868 471 1904 de
497 1868 614 1903 Metios
635 1866 733 1903 abbas
759 1877 864 1904 orator
886 1869 1040 1904 Wilielmi
1064 1871 1147 1916 regis
1168 1870 1294 1906 Scotiae
1318 1873 1354 1907 ad
1384 1873 1416 1908 S.
1440 1874 1570 1913 Sedem,
1597 1878 1613 1908 7
1638 1877 1665 1909 b.

245 1918 450 1954 Atheniensis
470 1918 614 1954 Ecclesia
640 1918 808 1962 laudatur,
837 1922 907 1954 228
936 1934 966 1955 α.
995 1921 1064 1956 Sub
1095 1922 1292 1968 protectione
1320 1923 1522 1970 Apostolieae
1560 1924 1657 1959 Sedis
1700 1926 1800 1959 susci-

343 1970 440 2016 pitur,
463 1970 538 2003 ibid.
562 1968 651 2004 Bona
672 1969 701 2004 ei
724 1970 965 2011 confirmantur,
994 1973 1068 2006 ibid.
1103 1974 1130 2005 b.
1155 1972 1323 2019 privilegia
1343 1973 1495 2008 nonnulla
1520 1974 1547 2007 ei
1565 1974 1799 2019 conceduntur,

342 2020 413 2054 229
439 2031 470 2053 a.
494 2018 580 2054 luter
606 2030 686 2065 quae
708 2019 777 2055 eius
804 2020 1053 2068 archiepiscopis
1076 2021 1225 2069 pallium,
1249 2025 1325 2057 ibid.

245 2068 389 2103 Audoisa
416 2068 574 2103 abbatissa
602 2070 784 2104 monasterii
812 2069 846 2105 S.
872 2070 1007 2105 Cosmae
1030 2071 1069 2105 de
1090 2071 1288 2107 Talliacotio.
1319 2074 1351 2106 V.
1376 2073 1512 2108 Cosmae
1534 2072 1593 2117 (S.)
1616 2073 1656 2108 de
1682 2073 1799 2108 Tallia-

343 2125 427 2153 cotio
449 2125 502 2152 etc.

244 2167 415 2215 Augustini
435 2166 493 2210 (S.)
521 2166 652 2202 fratrum
669 2168 790 2204 ordinis
804 2169 1015 2204 Eremitarum
1035 2170 1191 2205 Ecclesias
1214 2172 1474 2206 christifidelibus
1498 2172 1699 2207 visitantibus
1719 2184 1799 2205 non-

344 2216 440 2252 nullis
461 2217 588 2252 statutis
625 2218 714 2252 festis
739 2219 813 2253 anni
848 2218 962 2254 diebus
990 2220 1206 2266 indulgentiae
1233 2222 1473 2261 conceduntur,
1502 2224 1571 2256 507
1603 2224 1631 2255 b.
1668 2221 1797 2255 Eisdem

345 2266 496 2302 Eremitis
523 2266 622 2302 forma
644 2267 780 2313 eligendi
805 2270 952 2316 priorem,
977 2271 1047 2304 566
1070 2283 1100 2304 a.
1125 2270 1161 2304 Et
1192 2270 1313 2305 diversa
1339 2272 1470 2305 vestium
1498 2272 1594 2304 forma
1620 2283 1676 2318 pro
1695 2271 1799 2304 din-i·-

343 2317 436 2351 sitate
457 2316 576 2364 gradus
598 2317 628 2351 in
652 2316 765 2353 ordine
788 2319 977 2365 assignatur,
1005 2321 1077 2353 6116
1104 2333 1134 2353 α.
1164 2320 1253 2354 Aliae
1276 2320 1400 2366 regulae
1428 2320 1546 2354 eisdem
1570 2320 1660 2354 datae
1689 2322 1719 2354 in
1748 2334 1800 2354 ca-

342 2375 443 2422 pitulo
470 2374 609 2422 generali
636 2375 875 2417 confirmantur,
900 2379 971 2412 ibid.
996 2380 1024 2412 b.
1049 2377 1096 2412 Ex
1124 2378 1255 2412 (liversis
1284 2378 1411 2412 familiis
1435 2391 1517 2412 nnus
1540 2378 1695 2412 conflatur
1710 2379 1799 2418 orde,

345 2434 416 2468 655
437 2445 467 2469 a.
496 2432 600 2480 Leges
621 2445 718 2481 super
735 2433 797 2470 hoc
824 2434 950 2476 dantur,
975 2438 1049 2469 ibid.
1077 2437 1094 2470 b
1116 2444 1144 2470 et
1172 2449 1230 2480 seq.

245 2490 488 2528 Aurelianensis
511 2491 664 2527 Ecclesia.
695 2493 729 2527 V.
752 2492 867 2528 Auiani
895 2493 952 2538 (S.)
975 2494 1138 2528 Aurelian.
1163 2494 1248 2528 Eccl.

245 2550 424 2586 Auximana
450 2551 558 2587 civitas
585 2551 755 2599 episcopali
784 2551 900 2598 privata
922 2553 1073 2600 dignitate
1095 2552 1386 2587 Humanatensibus
1424 2552 1593 2587 subiicitur
1627 2553 1800 2600 episcopis,

347 2610 420 2644 556
441 2621 473 2646 a.
