2129 3223
395 221 464 253 742

344 285 524 332 cooperiant
537 284 734 319 uniformiter
749 293 780 319 et
794 285 934 324 honeste,
954 286 992 320 ita
1005 285 1090 333 quod

344 334 447 374 frons,
481 345 580 379 genae
615 342 644 368 et
667 333 783 369 collum
811 344 841 370 et
862 335 934 381 gula
956 336 1017 370 sint
1040 338 1090 378 (ut

342 394 447 418 earum
486 382 639 418 honestati
676 392 706 418 et
742 383 886 430 religioni
923 385 1090 426 convenit)

341 441 498 479 cooperta,
526 444 584 467 nec
611 432 699 467 aliter
720 444 825 468 coram
853 434 1009 468 extraneis
1023 445 1090 480 per-

340 482 426 516 sonis
444 481 579 516 audeant
594 494 755 529 apparere.
774 482 917 517 Habeant
937 491 967 517 et
987 483 1088 517 velum

341 542 482 577 nigrum,
517 542 575 565 nec
610 543 786 578 preciosum
815 544 873 566 nec
910 544 1088 571 curiosum

339 590 503 615 extensum
529 591 626 627 super
652 581 773 628 capita,
808 581 848 616 ita
883 581 1022 627 amplum
1059 589 1089 615 et

338 629 478 676 longum,
502 630 586 677 quod
606 642 643 665 ex
665 639 800 677 utraque
817 638 903 677 parte
918 629 1088 665 descendat

338 690 439 726 usque
460 678 498 713 ad
526 679 684 726 scapulas,
714 688 744 714 et
767 689 851 714 retro
874 692 982 726 parum
1008 679 1087 714 ultra

338 730 463 763 tunicae
495 729 660 783 caputium
700 728 913 776 protendatur
953 728 1088 764 Sorores

338 789 410 813 vero
431 777 565 812 novitiae
586 777 690 812 album
715 778 818 812 velum
838 777 981 813 eiusdem
1000 790 1086 812 men-

335 839 429 862 surae
463 834 493 861 et
542 825 701 874 qualitatis
734 826 871 862 debeant
908 827 1083 874 deportare.

334 875 514 911 Servitiales
535 884 640 910 autem
664 887 790 911 sorores
815 888 955 923 pannum
979 876 1084 910 albuin

335 937 396 960 non
426 925 605 972 preciosum
628 933 681 960 aut
696 926 867 968 curiosum,
895 925 933 960 ad
953 925 1083 960 modum

335 973 391 1008 veli
427 985 524 1021 super
555 974 656 1021 capita
689 985 746 1009 sua
781 973 942 1015 deserant,
980 983 1083 1009 tantae

333 1022 538 1070 longitudinis
560 1031 591 1058 et
616 1022 843 1070 amplitudinis,
871 1023 955 1071 quod
971 1035 1083 1071 scapu-

331 1073 376 1106 las
398 1080 427 1107 et
455 1079 576 1119 pectus,
599 1073 766 1120 praecipue
792 1084 864 1107 cum
887 1081 1014 1116 exeunt,
1034 1085 1081 1107 va-

330 1121 412 1156 leant
439 1122 571 1168 operire.

149 229 199 255 Αη.
214 229 242 256 C.
265 231 330 258 t26u

629 1195 711 1231 Cap,
745 1198 776 1231 5.

378 1266 500 1302 Omnes
526 1279 650 1302 sorores
680 1279 792 1311 sanae,
833 1275 894 1302 tam
924 1267 1079 1303 abbatissa

159 1322 186 1342 De
201 1322 232 1342 ¹2
227 1321 315 1342 ω’·εθῑ
329 1328 423 1363 quarn
443 1317 533 1356 aliae,
558 1317 684 1351 vestitae
698 1325 727 1351 et
749 1318 870 1351 cinctae
904 1319 1026 1353 iaceant
1048 1318 1077 1352 in

132 1354 156 1373 ‘¹
161 1354 262 1373 “mmm
329 1366 490 1400 communi
517 1366 714 1409 dormitorio,
737 1374 767 1400 et
789 1366 946 1413 quaelibet
969 1379 1025 1414 per
1046 1379 1079 1402 se

330 1413 443 1449 lectum
465 1414 577 1449 babeat
599 1414 667 1449 ab
660 1415 793 1449 invicem
816 1425 1012 1462 separatum;
1035 1416 1080 1451 le-

329 1471 398 1498 ctus
414 1472 517 1499 tamen
541 1463 746 1498 abbatissae
740 1476 769 1497 in
798 1464 849 1498 tali
869 1464 938 1499 loco
960 1465 1075 1499 dormi-

330 1512 398 1546 torii
425 1513 620 1560 disponatur,
642 1512 726 1559 quod
750 1512 822 1546 inde
848 1522 987 1548 caeteros
1003 1514 1079 1548 dor-

329 1561 443 1596 mitorii
467 1562 564 1596 lectos
585 1562 653 1596 sine
671 1561 845 1603 obstaculo,
868 1563 892 1596 si
911 1563 1078 1597 commode

329 1611 393 1644 sieri
418 1611 550 1666 poterit,
583 1611 682 1645 valeat
705 1611 832 1645 intueri.
860 1612 887 1646 A
914 1611 992 1646 sesto
1014 1612 1079 1646 Re-

328 1660 530 1694 surrectionis
564 1659 748 1694 Dominicae
782 1672 882 1707 usque
904 1661 940 1694 ad
963 1660 1077 1695 festum

327 1707 502 1744 Nativitatis
530 1708 568 1742 B.
596 1708 734 1755 Virginis
774 1721 899 1744 sorores
922 1710 1079 1744 dormiant

328 1765 397 1803 post
419 1748 584 1805 prandium
608 1770 707 1804 usque
725 1758 761 1793 ad
784 1770 913 1803 nonam,
935 1771 1014 1805 quae
1030 1771 1080 1794 v-o

328 1806 454 1841 luerint.
494 1806 584 1848 Quae
616 1818 689 1842 vero
722 1807 891 1852 noluerint⁷
925 1809 1078 1863 oratione,

327 1867 382 1890 seu
418 1855 621 1891 meditatione
661 1855 784 1901 divina,
818 1869 873 1892 seu
914 1856 983 1892 aliis
1017 1858 1078 1904 piis

328 1904 442 1951 quietis
464 1904 620 1940 laboribus
642 1884 849 1953 occuperitur.
881 1905 987 1941 Liceat
1014 1918 1078 1941 au-

328 1961 391 1988 tem
414 1954 585 2001 unicuique
607 1953 723 1989 habere
742 1967 907 1990 sacconem
925 1955 964 1990 de
986 1954 1078 1990 foeno

329 2002 376 2037 vel
398 2003 437 2038 de
465 2003 563 2050 palea,
589 2011 620 2038 et
641 2003 773 2038 cervical
793 2003 831 2038 de
853 2005 940 2051 palea
968 2013 1020 2039 aut
1038 2004 1078 2039 la-

328 2063 382 2093 na,
410 2053 435 2086 si
459 2052 605 2087 culcitras
635 2052 798 2098 religiosas
824 2065 895 2088 cum
929 2053 999 2088 lana
1022 2054 1078 2088 ba-

328 2100 401 2136 bere
445 2101 641 2148 nequiverint
683 2111 902 2148 congruenter.
943 2101 1078 2149 Lampas

328 2150 458 2197 insuper
482 2150 521 2184 de
548 2158 640 2185 nocte
660 2162 788 2185 accensa
813 2162 939 2197 semper
962 2151 991 2185 in
1016 2164 1079 2185 me-

328 2198 380 2234 dio
407 2199 581 2234 dormitorii
608 2199 770 2234 habeatur.

634 2272 714 2308 Cap.
738 2275 771 2308 6.

377 2344 424 2379 De
445 2345 550 2380 divino
571 2343 683 2379 Officio
702 2353 762 2379 tarn
786 2345 816 2378 in
839 2344 905 2388 die,
928 2357 1020 2391 quain
1045 2345 1076 2379 in

146 2396 200 2447 ‘fg
189 2399 254 2418 *²0¹¹
258 2399 314 2419 ¹⁰⁹·
330 2402 420 2429 nocte
442 2393 578 2429 Domino
600 2394 820 2440 persolvendo,
842 2393 944 2428 taliter
965 2394 1077 2428 obser-

132 2429 149 2448 υ
175 2433 210 2448 ⁶¹
329 2450 430 2482 vetur,
457 2444 539 2490 quod
566 2443 638 2486 liae,
664 2455 745 2490 quae
777 2444 880 2489 legere
912 2450 942 2477 et
967 2455 1077 2477 canere

330 2492 488 2532 noverint
511 2492 686 2527 secundum
721 2492 985 2527 consuetudinem
1023 2504 1076 2525 or-

330 2538 412 2573 dinis
449 2540 577 2575 fratrum
613 2541 770 2576 Minorum
824 2553 894 2576 cuin
916 2540 1070 2590 oravitate

331 2595 435 2621 tamen
463 2597 493 2623 et
514 2589 678 2631 modestia,
692 2590 836 2625 divinum
859 2575 1005 2625 Officium
1021 2590 1078 2623 dc-

918 231 1106 254 BULLARNJM
1133 232 1296 255 ROMANUM

1895 230 1944 256 An.
1962 229 1989 256 C⁴
2008 229 2078 256 ‘tatu

1134 285 1225 320 beant
1256 286 1425 322 celebrare.
1458 287 1636 322 Illitteratae
1670 298 1743 321 vero
1775 286 1880 322 dicant

1133 335 1378 383 vigintiquatuor
1399 337 1492 371 Pater
1511 344 1612 371 noster
1634 348 1689 384 pro
1711 335 1880 379 Matutino,

1134 396 1189 431 pro
1211 384 1374 420 Laudibus
1394 386 1551 433 quinque,
1574 398 1631 433 pro
1652 385 1768 426 Prima,
1794 385 1880 421 Ter-

1133 434 1190 474 tia,
1211 433 1305 470 Sexta
1326 443 1357 470 et
1382 435 1482 477 Nona,
1510 447 1565 482 pro
1587 434 1726 482 qualibet
1748 435 1878 470 istarum

1133 483 1279 518 horarum
1316 493 1462 532 septem,
1502 497 1558 532 pro
1594 484 1742 531 Vesperis
1774 491 1879 519 autem

1131 532 1317 575 duodecim
1341 546 1396 579 pro
1417 533 1633 580 Completorio
1654 540 1788 581 septem.
1815 532 1878 588 Qui

1131 582 1276 617 modus
1269 595 1299 617 ιιι
1322 582 1434 618 Officio
1462 582 1499 617 B.
1530 582 1668 629 Virginis
1689 594 1746 630 per
1773 582 1878 617 omnia

1129 630 1323 666 observetur.
1351 632 1413 667 Pro
1435 631 1602 667 Defunctis
1623 632 1728 666 dicant
1752 631 1782 666 in
1808 631 1878 667 Ve-

1128 681 1227 727 speris
1253 690 1375 728 septem
1407 683 1500 716 Pater
1515 689 1615 716 noster
1635 693 1707 716 curn
1731 681 1877 726 Requiem

1129 738 1294 774 aeternam,
1323 743 1378 777 pro
1400 729 1555 766 Matutino
1581 730 1762 774 duodecim,
1789 738 1877 765 tem-

1129 790 1203 825 pore
1231 791 1294 826 quo
1316 792 1439 815 sorores
1470 780 1622 815 litteratae
1653 778 1772 814 faciunt
1793 778 1876 814 Offi-

1127 827 1210 862 cium
1238 828 1449 864 Mortuorum.
1488 828 1578 871 Quae
1604 841 1679 864 vero
1711 828 1877 864 occasione

1126 877 1301 912 rationabili
1323 890 1384 913 non
1402 886 1529 925 possent
1549 877 1719 925 aliquando
1742 877 1877 925 legendo

1125 925 1228 961 dicere
1250 926 1352 962 Horas
1373 940 1463 969 suas,
1485 928 1576 963 liceat
1596 927 1641 963 eis
1662 928 1744 963 sicut
1767 926 1876 963 illitte-

1125 975 1200 1024 ratis
1221 975 1329 1012 dicere
1352 978 1446 1012 Pater
1470 985 1581 1011 noster.

1428 1047 1507 1082 CAP.
1533 1050 1565 1081 7.

1171 1116 1232 1152 Ubi
1269 1118 1416 1165 proprius
1448 1117 1542 1153 suerit
1576 1117 1779 1164 cappellanus
1813 1128 1869 1164 pro

1891 1127 1920 1149 De
1932 1129 2070 1150 sacramentis

1123 1165 1287 1202 missarum
1315 1167 1478 1202 solemniis
1505 1175 1534 1202 et
1556 1166 1667 1201 divinis
1689 1166 1800 1202 officiis
1820 1178 1870 1201 ce·
1883 1159 2070 1210 ζῗξξξὲθζῖῑᾞζ

1121 1214 1291 1256 lebrandis
1326 1216 1433 1251 habitu
1461 1224 1492 1251 et
1526 1217 1585 1251 vita
1621 1216 1785 1262 religiosus
1817 1216 1870 1262 sit,
1883 1224 1944 1247 ΡΜ·

1120 1276 1156 1299 ac
1184 1264 1283 1300 bonae
1311 1265 1422 1311 famae,
1450 1278 1508 1301 nec
1531 1265 1688 1307 iuvenilis,
1716 1265 1770 1300 sed
1801 1277 1871 1301 ma-

1122 1321 1208 1349 turae
1230 1323 1260 1349 et
1290 1314 1412 1350 idoneae
1446 1315 1485 1349 sit
1512 1316 1634 1350 aetatis.
1667 1313 1728 1349 Ubi
1762 1323 1869 1349 autem

1120 1375 1183 1397 non
1211 1363 1306 1398 fuerit
1335 1364 1482 1411 proprius
1504 1363 1721 1411 cappellanus,
1744 1376 1761 1399 a
1787 1376 1870 1410 quo-

1121 1412 1196 1446 libet
1218 1413 1319 1448 bonae
1340 1413 1441 1448 l'amae
1462 1422 1493 1448 et
1508 1413 1659 1448 honestae
1682 1413 1762 1448 vitae
1784 1425 1870 1459 pres·

1121 1461 1239 1507 byn-rc,
1271 1475 1397 1497 sorores
1428 1463 1554 1497 missam
1582 1462 1690 1496 audire
1723 1471 1867 1509 possunt.

1119 1509 1348 1546 poenitentiam
1367 1524 1440 1546 vero
1462 1520 1492 1546 et
1514 1512 1573 1546 alia
1598 1520 1790 1545 sacramenta
1815 1523 1868 1546 ec-

1119 1560 1292 1595 clesiastica
1324 1572 1341 1594 a
1378 1561 1525 1595 fratribus
1551 1560 1670 1595 ordinis
1707 1559 1867 1595 Minorum

1120 1609 1278 1644 dumtaxat
1301 1610 1462 1657 recipiant,
1490 1610 1536 1644 vel
1564 1609 1602 1644 ab
1631 1610 1675 1643 eis
1703 1610 1867 1656 recipiant,

1120 1659 1172 1704 qui
1195 1658 1234 1693 de
1257 1659 1405 1693 mandato
1440 1671 1494 1694 seu
1518 1659 1699 1693 anctoritate
1725 1658 1869 1693 cardina·

1120 1707 1169 1747 tis,
1195 1707 1244 1742 cui
1267 1708 1456 1754 generaliter
1479 1707 1570 1743 fuerit
1592 1708 1649 1742 iste
1676 1707 1754 1742 ordo
1777 1720 1867 1742 com-

1120 1757 1248 1795 missus,
1272 1769 1306 1792 ea
1338 1757 1508 1792 exhibendi
1536 1764 1718 1803 potestatem
1747 1756 1867 1792 habue-

1122 1806 1199 1845 rint,
1236 1806 1294 1841 nisi
1329 1806 1408 1841 forte
1435 1806 1464 1840 in
1502 1806 1698 1840 necessitatis
1733 1805 1866 1841 articulo

1121 1854 1211 1889 fuerit
1233 1855 1336 1902 aliqua
1358 1855 1538 1896 constituta,
1557 1863 1586 1889 et
1605 1855 1727 1901 copiam
1750 1853 1866 1889 habere

1120 1904 1250 1938 fratrum
1290 1904 1465 1951 nequiverit
1505 1904 1749 1951 praedictorum.
1784 1903 1865 1938 Cum

1119 1954 1221 2000 aliqua
1248 1954 1401 1988 sacerdoti
1424 1954 1462 1988 de
1488 1953 1686 1988 confessione
1707 1952 1792 1999 loqui
1815 1965 1866 1988 vo-

1121 2003 1223 2044 luerit,
1257 2015 1311 2047 per
1337 2002 1524 2037 locutorium
1554 2002 1619 2037 sola
1653 2001 1710 2037 soli
1739 2001 1866 2036 confes-

1119 2052 1238 2086 sionem
1255 2051 1345 2086 faciat
1362 2051 1528 2094 sacerdoti,
1543 2059 1573 2086 et
1590 2064 1644 2098 per
1661 2051 1738 2085 illud
1759 2050 1863 2085 eidem

1119 2101 1157 2135 de
1177 2101 1236 2139 liis,
1264 2113 1344 2146 qnae
1371 2101 1409 2135 ad
1432 2100 1663 2135 confessionem
1692 2099 1864 2146 pertinent,

1120 2157 1193 2183 tunc
1217 2150 1374 2196 loquatur.
1401 2149 1640 2184 Confessionem
1675 2157 1778 2183 autem
1814 2160 1865 2183 re·

1118 2199 1209 2244 gulae
1240 2211 1350 2234 omnes
1377 2198 1490 2233 faciant
1520 2198 1559 2232 ad
1593 2199 1699 2232 minus
1731 2197 1865 2243 singulis

1120 2247 1292 2291 mensibus,
1319 2256 1348 2282 et
1384 2248 1429 2283 sic
1465 2247 1662 2282 confessione
1694 2247 1864 2294 praeniissa

1120 2297 1150 2330 in
1178 2297 1385 2343 sequentibus
1417 2295 1680 2339 solemnitatibus,
1719 2295 1863 2329 videlicet

1120 2345 1150 2378 in
1185 2345 1353 2380 Nativitate
1388 2345 1535 2388 Domini,
1565 2345 1788 2380 purificatione
1825 2343 1862 2378 B.

1119 2393 1245 2436 Maiiae
1273 2395 1302 2429 in
1328 2395 1416 2429 initio
1440 2394 1721 2439 Quadragesimae.
1744 2392 1865 2426 Resur-

1119 2422 1266 2477 rectionis
1292 2444 1432 2487 Domini,
1466 2444 1683 2482 pentecostes,
1718 2442 1748 2475 in
1778 2441 1864 2476 sestis

1118 2491 1305 2527 Sani-torum
1330 2493 1412 2527 Petri
1436 2501 1465 2526 et
1499 2491 1600 2532 Pauli,
1630 2490 1663 2525 S.
1687 2489 1809 2529 Clarae,
1828 2489 1864 2524 S.

1119 2540 1275 2575 Francisci
1311 2550 1340 2576 et
1372 2541 1523 2576 Omnium
1551 2540 1760 2580 Sanctorum,
1783 2538 1864 2574 reci-

1118 2590 1204 2635 piant
1236 2590 1394 2625 Dominici
1427 2590 1577 2636 Corporis
1607 2588 1862 2624 Sacramentum.
