2129 3223
147 263 197 288 Αη.
215 261 243 288 c.
262 260 326 288 ¹217
392 253 461 285 354

342 317 417 350 dixit
441 315 613 363 Apostolus
628 314 697 350 dies
712 315 900 350 novissimos
919 314 1092 350 sentiamus

342 366 467 406 instare,
494 377 530 399 ac
564 372 689 412 tempus
723 363 859 409 advenit,
893 364 924 399 in
952 376 1016 411 quo
1038 364 1089 410 qui

341 414 431 449 amici
459 422 533 450 sunt
567 414 695 462 sponsi⁷
726 426 861 461 sponsae
897 413 1091 448 ulciscuntur

340 463 484 506 iniurias,
524 471 556 498 ut
593 464 703 510 iugum
741 463 868 499 tollatur
903 463 1091 510 captivitatis

340 521 477 555 nostrae,
504 525 539 548 ac
560 513 701 560 captivae
736 512 818 548 filiae
851 512 936 560 Syon
965 512 1088 546 vincula

157 569 213 590 ’Μ’
237 569 325 589 rma·
340 563 570 610 dirumpantur.
594 562 687 598 Unde
712 575 784 598 cum
811 574 866 597 vos
889 561 926 596 ad
954 561 1089 596 invicem

143 605 163 620 υ
209 599 325 620 lanuenses

266 634 324 652 sum
340 612 462 648 dudum
483 612 689 648 commoverit
711 611 853 647 fremitus
880 611 1089 657 tempestatis,

144 636 215 657 parem

142 660 246 682 ⁸⁰⁰⁰¹f¹³⁵
340 662 470 697 utamini
493 662 553 696 iarn
585 661 739 697 beneficio
761 661 846 708 pacis
872 661 945 707 quia
970 660 1088 694 homini

340 712 469 758 pacifico
491 719 564 746 sunt
587 711 747 758 reliquiae,
765 718 795 745 et
810 710 930 757 pacifici
955 709 1012 744 Dei
1036 709 1088 743 filii

340 760 553 800 vocabuntur,
592 769 717 795 etcum
750 759 831 794 inter
862 759 938 794 alios
972 758 1088 793 Christi

338 810 448 845 atletas
485 810 651 845 necessarii
689 809 758 844 sitis
784 808 945 844 succursui
974 807 1090 842 Terrae

338 859 472 895 Sanctae
488 867 630 907 potenter
643 858 842 904 accingimini
857 865 965 893 contra
976 857 1091 892 Crucis

339 908 557 957 blasphemos,
592 920 666 944 cum
699 908 758 943 iam
791 908 831 942 sit
859 907 1007 942 revelatio
1030 907 1090 941 im-

337 958 558 1006 properiorum
582 965 761 992 nostrorum
785 957 814 990 in
838 956 951 1000 ianuis,
975 964 1006 990 ut
1021 969 1087 1003 spe-

139 1012 256 1066 hggsgffi
276 1034 277 1037 ,
297 1016 322 1036 ad
338 1020 455 1043 ramus.
479 1007 562 1042 Sane
583 1019 651 1047 nos,
666 1006 719 1053 qui
742 1005 820 1040 Eius
838 1006 869 1040 in
885 1005 976 1040 terris
990 1006 1088 1040 vicem

336 1058 486 1104 gerimus,
509 1056 563 1104 qui
591 1068 698 1103 pacem
727 1055 792 1089 suis
819 1054 982 1102 discipulis
1005 1067 1090 1089 nun-

337 1107 439 1146 ciavit,
461 1114 492 1141 et
513 1118 580 1141 eam
609 1104 729 1140 mundo
758 1104 900 1151 reliquit,
928 1104 964 1138 ad
988 1103 1089 1138 refor-

337 1155 483 1191 mandam
507 1155 587 1190 inter
609 1167 664 1190 vos
683 1165 790 1202 pacem
814 1153 1037 1196 laboravimus,
1060 1161 1090 1187 et

336 1205 508 1240 institimus
524 1204 603 1239 bona
620 1204 693 1248 fide,
716 1210 826 1250 utpote
841 1202 893 1249 qui
912 1202 1087 1237 animarum

336 1254 468 1289 salutem
502 1262 533 1289 et
554 1254 714 1289 civitatum
738 1260 911 1287 vestrarum
935 1251 1088 1287 honorem

337 1303 498 1349 diligimus
528 1311 558 1339 et
599 1312 760 1350 optamus:
789 1301 825 1336 ad
857 1300 942 1348 quod
978 1301 1089 1336 melius

338 1352 550 1400 peragendum
574 1352 647 1387 olim
675 1351 714 1386 de
741 1351 835 1385 latere
864 1359 972 1385 nostro
993 1363 1089 1386 vene-

338 1401 468 1436 rabilem
501 1401 625 1437 fratrem
657 1409 801 1436 nostrum
824 1399 990 1445 Hugonem
1015 1401 1089 1447 epi—

338 1463 470 1498 scopum
498 1451 641 1486 Hostien.
667 1450 705 1486 ad
728 1461 782 1483 vos
809 1448 959 1483 duximus
986 1448 1089 1484 desti-

339 1500 497 1536 nandum.
529 1500 582 1547 qui
614 1512 630 1534 a
667 1499 771 1538 vobis,
807 1498 891 1544 quod
913 1510 1009 1545 super
1030 1498 1090 1533 l10c

339 1548 496 1584 mandatis
524 1549 638 1585 nostris
660 1548 873 1593 omnibusque
902 1546 1089 1592 faceremus,

307 1628 315 1635 ,
340 1610 396 1646 per
419 1610 477 1633 nos
504 1610 558 1634 seu
582 1598 716 1633 nuncios
743 1597 789 1632 vel
817 1596 922 1631 literas
944 1597 1089 1644 pareatis,

340 1649 516 1683 iuramento
554 1656 692 1695 recepto,
731 1655 762 1682 et
797 1646 962 1693 utriusque
995 1647 1091 1692 partis

342 1697 498 1732 voluntate
518 1696 819 1743 pleniusintellecta‚
836 1694 923 1730 vobis
943 1695 1091 1737 iniunxit,

340 1754 373 1780 ut
396 1747 531 1781 nuncios
564 1754 595 1781 et
617 1752 836 1794 procuratores
862 1744 1011 1786 idoneos,
1039 1745 1090 1791 qui

339 1795 484 1830 mandata
512 1804 616 1830 nostra
652 1795 847 1842 reciperent,
874 1793 913 1828 ad
952 1802 1090 1829 nostram

340 1845 549 1891 praesentiam
583 1845 758 1883 mitteretis,
793 1851 824 1879 et
856 1842 923 1890 ipse
951 1851 1094 1890 postmo-

339 1894 414 1928 dum
435 1893 475 1929 ad
499 1894 711 1941 Apostolicam
734 1892 851 1928 Sedem
866 1891 1004 1933 rediens,
1032 1904 1092 1927 no-

341 1943 389 1978 bis
410 1951 441 1978 et
463 1943 612 1978 fratribus
633 1943 751 1978 nostris
773 1941 920 1988 exposuit
948 1941 1040 1989 plene
1057 1954 1093 1977 ac

143 1992 327 2046 Πῖζοξξζῗῗῗμ
343 1992 476 2027 fideliter
498 1992 652 2027 universa.
678 1992 743 2027 Nos
765 1992 860 2039 igitur
881 2003 937 2038 per
959 1991 1027 2025 eius
1056 1991 1093 2025 fi-

144 2031 444 2077 unti-‚amminidelem
488 2041 670 2076 relationem
706 2041 861 2080 instructi,
897 2040 1036 2079 nunciis,
1064 2048 1095 2074 et

344 2090 600 2138 procuratoribus
616 2091 744 2130 vestris,
759 2089 908 2124 videlicet
934 2089 1095 2124 nobilibus

343 2140 418 2175 viris
439 2139 586 2175 Gisberto
609 2139 735 2186 Albigo,
760 2147 791 2173 et
816 2138 903 2173 Leon
928 2150 983 2186 pro
1006 2138 1095 2173 vobis

343 2189 484 2229 Pisanis,
511 2198 541 2224 et
576 2189 720 2224 Huberto
754 2188 924 2235 Spinulae‚
962 2186 1093 2222 Fulconi

343 2238 483 2278 Castelli,
510 2238 641 2273 Daniele
656 2237 783 2278 Doriae,
805 2245 836 2272 et
858 2237 990 2282 Hugone
1013 2249 1095 2271 can-

343 2288 471 2323 cellario
509 2300 565 2335 pro
595 2287 684 2322 vobis
717 2286 927 2322 lanuensibus
961 2285 998 2320 ad
1039 2299 1096 2321 nos

345 2349 443 2384 super
470 2337 507 2371 iis
528 2349 565 2371 ex
594 2344 681 2383 parte
696 2345 796 2371 vestra
831 2335 1035 2375 transmissis,
1064 2336 1094 2369 in

346 2394 448 2421 nostra
478 2386 654 2433 praesentia
678 2385 880 2425 constitutis,
914 2384 1003 2419 vobis
1037 2384 1096 2419 sub

346 2435 452 2470 ‹lebito
487 2435 652 2470 iuramenti
691 2434 730 2469 de
766 2434 927 2469 communi
968 2433 1095 2468 fratrum

348 2491 526 2518 nostrorum
549 2483 682 2519 consilio
704 2483 929 2531 praecipimus,
950 2494 1029 2528 quae
1051 2494 1098 2517 se-

150 2536 223 2587 522¹:
238 2538 333 2586 assfflsij
348 2541 495 2578 quuntur.
513 2532 576 2568 Vos
591 2534 707 2580 itaque,
723 2532 909 2576 lanuenses‚
932 2540 1096 2579 postquam

151 2574 190 2618 ⁶¹52
205 2600 325 2624 promise
349 2582 453 2616 nuncii
478 2583 569 2616 vestri
599 2582 636 2616 ad
660 2581 784 2629 propria
810 2581 997 2616 remeabunt
1020 2581 1098 2616 infra

349 2642 489 2664 mensem
512 2631 688 2666 custodiam
703 2630 804 2666 Castri
823 2630 970 2665 Bonifatii
996 2630 1097 2673 nobis,

916 260 1103 284 BFLLARH'M
1131 259 1293 282 ROMANUM

1130 320 1161 347 et
1186 312 1348 347 Romanae
1369 312 1529 347 Ecclesiae
1549 309 1729 357 assignetiS,
1751 309 1880 344 tenendi

1132 374 1232 408 usque
1254 360 1292 396 ad
1321 361 1550 408 beneplacitum
1575 368 1716 395 nostrum
1740 371 1797 406 per
1813 371 1879 398 eos.

1130 423 1209 458 quos
1232 410 1268 446 ad
1298 411 1358 446 boc
1379 410 1564 446 duxerimus
1586 409 1805 458 deputandos,
1838 409 1880 444 ita

1132 468 1163 494 ut
1202 472 1258 507 per
1284 460 1346 495 hoc
1373 460 1494 495 nullum
1521 459 1683 495 Romanae
1716 458 1880 494 Ecclesiae

1131 509 1360 557 praeiudicium
1389 516 1557 556 generetur
1579 511 1634 554 (1),
1655 517 1686 544 et
1711 521 1768 544 vos
1790 507 1881 543 Pisa-

1131 571 1242 594 norum
1266 558 1375 593 nuncii
1397 559 1501 593 statim
1523 559 1652 594 nomine
1670 558 1813 594 omnium
1832 557 1882 592 Pi-

1131 620 1277 643 sanorum
1315 607 1480 655 praedietis
1516 607 1641 643 nunciis
1670 607 1801 643 lanuen.
1823 620 1881 655 pro

1130 657 1276 692 Ianuensi
1299 657 1434 697 civitate,
1456 664 1487 692 et
1515 657 1662 693 omnibus
1683 656 1804 692 civibus
1830 657 1882 692 la-

1131 706 1323 743 nuensibus.
1346 714 1377 741 et
1400 718 1455 753 pro
1478 706 1649 751 universis,
1671 705 1724 754 qui
1746 713 1821 741 sunt
1842 706 1881 741 de

1130 768 1240 791 eorum
1264 756 1406 791 districtu
1429 755 1461 790 in
1483 764 1564 790 terra
1592 764 1622 792 et
1644 756 1742 796 mari,
1769 762 1801 790 et
1826 767 1882 790 vos

1130 805 1236 840 Pisani
1254 817 1310 853 pro
1341 805 1430 840 vobis
1452 813 1483 839 et
1505 806 1616 840 vestris
1637 804 1785 841 omnibus
1798 812 1883 852 post-

1130 867 1225 901 quam
1265 855 1372 889 nuncii
1411 853 1503 889 vestri
1534 853 1695 897 redierint,
1717 854 1882 889 Ianuensi-

1130 904 1199 945 bus,
1229 911 1258 938 et
1285 904 1350 938 suis
1373 903 1522 939 omnibus
1544 916 1669 946 veram,
1691 903 1817 952 plenam
1851 911 1882 938 et

1130 953 1251 988 firmam
1289 965 1397 1000 pacem
1438 952 1573 988 reddatis
1612 963 1642 989 et
1675 955 1882 1001 imposterum

1129 1003 1337 1046 conservetis,
1375 1010 1405 1038 et
1428 1002 1490 1037 hoc
1523 1004 1756 1051 praecipimus,
1790 1002 1884 1038 salvis

1130 1051 1280 1087 omnibus
1306 1052 1374 1087 aliis
1395 1051 1553 1087 mandatis
1575 1053 1692 1088 nostris
1714 1064 1811 1100 super
1832 1052 1882 1092 iis,

1129 1113 1211 1148 quae
1237 1100 1275 1136 ad
1311 1113 1419 1148 pacem
1448 1101 1550 1137 facere
1574 1102 1824 1149 dignoscuntur,
1848 1110 1883 1136 ut

1129 1163 1186 1197 per
1208 1163 1266 1185 nos
1289 1151 1443 1186 universis
1465 1150 1592 1187 demum
1612 1151 1779 1187 discordiis
1801 1150 1882 1185 infra

1130 1207 1257 1247 tempus
1296 1200 1533 1247 praesigendum
1569 1214 1586 1236 a
1621 1201 1712 1236 nobis
1745 1199 1881 1235 Domino

1129 1257 1319 1296 cooperante
1340 1249 1462 1297 sopitis,
1477 1261 1534 1296 pax
1551 1250 1632 1285 inter
1652 1262 1708 1285 vos
1729 1257 1880 1298 perpetua

1130 1298 1229 1334 valeat
1255 1299 1451 1339 conservari,
1478 1307 1508 1333 et
1534 1312 1590 1335 vos
1626 1299 1732 1335 Pisani
1770 1310 1880 1346 pacem

1129 1348 1272 1382 eamdem
1300 1348 1449 1383 omnibus
1483 1349 1594 1384 vestris
1620 1349 1736 1384 curetis
1762 1348 1882 1396 absque

1129 1409 1234 1432 morae
1247 1397 1417 1444 dispendio
1431 1398 1594 1443 nuntiare,
1615 1411 1732 1445 vosque
1752 1397 1881 1433 Ianuen-

1129 1458 1180 1481 ses
1207 1446 1316 1481 nuncii
1345 1446 1475 1482 nomine
1503 1448 1645 1483 omnium
1676 1448 1881 1483 Ianuensium

1130 1495 1221 1530 dictis
1247 1495 1433 1531 Pisanorum
1457 1498 1583 1532 nunciis
1604 1509 1661 1544 pro
1682 1497 1807 1532 civitate
1827 1496 1882 1531 Pi-

1129 1557 1204 1580 sana
1231 1544 1366 1585 Pisanis,
1409 1553 1440 1580 et
1473 1546 1622 1582 omnibus
1648 1547 1736 1587 suis,
1771 1554 1802 1581 et
1828 1558 1883 1581 vos

1130 1594 1302 1629 lanuenses
1324 1607 1380 1640 pro
1408 1594 1511 1636 vobis,
1534 1604 1564 1630 et
1589 1596 1700 1631 vestris
1721 1594 1882 1641 omnibus,

1130 1643 1211 1678 sicut
1243 1643 1272 1677 in
1312 1644 1437 1679 Pisanis
1463 1651 1511 1678 est
1536 1645 1667 1685 dictum,
1694 1644 1805 1680 eadem
1829 1657 1884 1691 per

1130 1692 1235 1726 omnia
1259 1692 1389 1728 faciatis.
1418 1692 1466 1727 Ad
1489 1693 1568 1729 haec
1595 1694 1808 1742 praecipimus
1829 1706 1884 1729 vo—

1133 1741 1180 1776 bis
1194 1741 1330 1783 Pisanis,
1354 1750 1388 1776 ut
1410 1742 1507 1777 nobili
1523 1744 1588 1779 viro
1602 1743 1702 1779 ludici
1724 1743 1883 1787 Turitan.,

1131 1791 1252 1825 eteius
1281 1792 1344 1826 silio
1370 1791 1528 1838 rebusque
1565 1794 1706 1840 ipsorum
1739 1794 1768 1827 in
1802 1800 1884 1827 terra

1132 1848 1163 1875 et
1185 1841 1274 1881 mari,
1291 1853 1406 1884 veram,
1426 1841 1562 1887 firmam⁷
1586 1850 1617 1877 et
1631 1842 1755 1890 plenam
1773 1854 1883 1890 pacem

1133 1889 1290 1934 reddatis,
1330 1897 1423 1936 atque
1457 1892 1598 1927 servetis.
1635 1891 1754 1927 Omnia
1794 1903 1884 1932 vero,

1133 1951 1213 1986 quae
1234 1951 1251 1974 a
1278 1947 1421 1986 tempore
1443 1940 1535 1976 nobis
1562 1941 1701 1989 praestiti
1717 1941 1884 1976 iuramenti

1133 1997 1209 2023 sunt
1231 1988 1305 2022 hinc
1333 1988 1406 2023 inde
1432 1988 1552 2035 ablata,
1578 1990 1625 2026 vel
1648 1990 1800 2037 deinceps
1822 2002 1885 2025 au-

1135 2037 1206 2072 ferri
1239 2038 1424 2084 contigerit,
1451 2040 1619 2075 restituere
1645 2052 1700 2075 vos
1720 2039 1826 2075 Pisani
1854 2047 1885 2073 et

1133 2086 1305 2121 lanuenses
1331 2088 1482 2122 damnum
1509 2089 1609 2135 passis
1640 2097 1671 2124 et
1693 2088 1886 2136 patientibus

1134 2137 1321 2183 procuretis,
1342 2144 1373 2171 et
1394 2136 1432 2171 ad
1456 2137 1486 2172 id
1510 2138 1636 2185 plenius
1661 2137 1883 2185 exequendum

1135 2193 1206 2232 post
1227 2186 1459 2232 susceptionem
1477 2188 1689 2233 praesentium
1705 2187 1784 2223 infra
1799 2199 1885 2222 men-

1135 2246 1199 2268 sem
1228 2247 1283 2268 vos
1306 2234 1411 2269 Pisani
1435 2235 1516 2271 duos
1538 2237 1621 2271 cives
1641 2236 1831 2277 lanuenses‚
1854 2244 1885 2271 et
1936 2239 1941 2243 '

1137 2295 1189 2317 vos
1211 2283 1383 2318 lauuenses
1404 2285 1533 2320 totidem
1549 2285 1680 2320 Pisanos
1698 2285 1783 2332 pacis
1803 2298 1886 2321 ama-

1136 2342 1219 2367 tores
1241 2333 1395 2368 discretos
1429 2341 1460 2368 et
1482 2334 1630 2381 providos
1650 2334 1783 2381 eligatis,
1804 2347 1885 2382 quos

1137 2390 1206 2428 post
1238 2393 1347 2416 corum
1384 2383 1571 2418 electionem
1611 2383 1689 2418 infra
1724 2384 1863 2419 triduum
1877 2412 1884 2425 ,

1136 2429 1221 2477 quod
1245 2430 1283 2466 de
1311 2431 1484 2467 manifestis
1506 2432 1584 2467 iufra
1606 2432 1828 2480 quadraginta,
1855 2441 1886 2468 et

1136 2480 1176 2514 de
1197 2479 1304 2515 dubiis
1326 2492 1398 2516 vero
1418 2489 1488 2528 post
1505 2481 1664 2528 querelam
1689 2482 1884 2528 propositam

1172 2536 1212 2571 (1)
1228 2537 1378 2573 Legendum
1395 2538 1570 2566 tradiderim:
1588 2543 1611 2564 et
1628 2547 1671 2565 ros
1683 2539 1794 2565 sannen.
1816 2548 1886 2566 nun-

1136 2575 1169 2598 cii
1199 2576 1291 2599 statim
1321 2577 1427 2600 nomine
1456 2576 1573 2600 onmium
1600 2574 1710 2600 lunum.
1742 2577 1886 2606 praedictis

1137 2611 1241 2634 nunriis
1259 2610 1421 2635 pisanorum
1435 2617 1486 2641 pro
1506 2610 1603 2636 Pisana
1621 2612 1723 2635 civitate
1747 2614 1771 2635 et
1798 2612 1886 2637 onnu—

1139 2645 1185 2670 bus
1201 2650 1294 2670 <intans
1313 2647 1426 2671 Pisanis.

1893 251 1943 278 An.
1961 250 1989 278 C.
2010 250 2076 278 ¹2¹7
