2129 3223
37 262 81 290 λη.
101 266 129 292 C.
147 265 212 291 ¹¹8st

45 364 177 390 Prohibetur,
187 371 213 386 ne

32 397 77 421 qut-
99 397 143 416 sinc
163 401 213 422 per-

31 427 132 447 missione
154 425 214 446 Sedis

46 456 180 483 apostoticae
188 472 193 480 .

31 487 64 507 vet
73 488 173 508 ordinarii
185 487 215 507 lo-

32 519 50 537 ri
67 519 181 544 praedicet.

46 852 217 874 Anthemun-

35 885 63 904 tio
105 883 216 904 haeresum

34 917 108 935 contr-t
140 912 217 934 Sacra-

35 946 114 968 menta.

50 1143 71 1165 Et
97 1144 219 1165 baeretico-

37 1181 80 1196 rum
127 1174 218 1195 omnium

36 1205 114 1232 ubique
123 1204 218 1226 locorum

37 1234 179 1257 damnatorum
187 1242 191 1255 :

51 1532 103 1556 hem
121 1534 221 1556 defemo-

39 1571 91 1588 mm.
109 1563 220 1587 tantorum.

39 1598 80 1614 οΙΓ,

55 1923 180 1952 vestarario
191 1931 225 1946 ec-

43 1956 208 1978 elesiasticorum
219 1973 224 1981 ,

43 1988 77 2013 qui
91 1987 113 2008 iu
123 1986 225 2008 haereses

43 2018 167 2039 inciderint:

874 262 982 284 [FCH'S
1005 261 1040 283 ΙΙΙ
1065 262 1110 283 ΡΡ.

277 318 297 364 g
325 321 357 351 5.
383 316 423 351 Et
445 315 592 361 quoniam
620 314 762 350 nonnulli
791 314 849 350 sub
871 315 973 360 specie

230 365 364 412 pietatis,
399 365 545 399 virtutem
581 364 662 407 eius,
697 364 781 398 iuxta
816 363 900 410 quod
935 363 974 398 ait

230 413 418 462 Apostolus,
444 413 647 459 denegantes.
674 412 892 448 authoritatem
916 411 973 446 sibi

230 463 386 498 vindicant
408 461 619 509 praedicandi,
641 473 712 496 cum
736 461 816 496 idem
840 463 975 508 Aposto-

229 511 279 546 lus
305 511 402 546 dicat:
443 509 612 552 Quomodo
645 509 888 557 praedicabunt,
917 510 973 544 uisi

230 560 414 596 mittantur?
429 562 473 603 (1)
500 570 610 594 omnes
628 559 681 606 qui
698 559 744 594 vel
756 559 913 606 prohibiti.
931 557 975 593 rel

231 621 292 644 non
316 608 416 649 missi,
436 615 558 656 praeter
584 608 803 643 authoritatem
823 608 861 643 ab
892 610 976 654 Apo-

230 657 338 693 stolica
358 657 454 701 Sede,
481 657 528 692 vel
546 656 695 704 episcopo
710 657 768 691 loci
785 664 976 703 susceptam,

231 706 354 753 publice
381 706 427 741 vel
451 705 593 753 privatim
617 705 795 752 praedicare
815 718 977 752 praesum-

231 756 360 802 pserint.

279 804 300 851 g
327 807 359 838 lt.
384 803 422 837 Et
444 803 619 848 universos,
646 804 699 850 qui
719 803 757 838 de
784 811 978 838 sacramento

231 852 384 899 Corporis
405 860 435 887 et
451 852 622 898 Sanguinis
645 852 769 887 Domini
789 852 884 887 nostri
908 852 976 887 lesu

230 901 361 946 Christi,
389 901 435 936 vel
462 901 501 936 de
523 901 721 949 baptismate,
756 913 810 936 seu
834 910 979 948 peccato-

233 962 302 985 rum
325 949 523 991 remissione,
550 958 603 985 aut
629 951 668 985 de
692 951 904 993 matrimonio,
932 951 977 985 vel

231 998 271 1034 de
293 999 420 1046 reliquis
440 999 661 1034 ecclesiasticis
686 1000 899 1034 sacramentis,
928 999 979 1034 ali-

234 1055 279 1083 ter
299 1048 416 1083 sentire
431 1056 483 1082 aut
501 1047 613 1083 docere
629 1061 689 1084 non
714 1057 869 1087 metuunt,
885 1061 978 1094 quam

232 1104 429 1131 sacrosancta
466 1097 608 1132 Romana
642 1097 781 1133 Ecclesia
823 1097 979 1143 praedicat

233 1153 264 1179 et
289 1145 448 1180 observat:
485 1154 515 1180 et
551 1147 738 1192 generaliter
764 1157 979 1193 quoscumque

233 1193 342 1229 eadem
365 1193 509 1229 Romana
536 1194 689 1234 Ecclesia,
712 1195 760 1229 vel
783 1195 896 1240 singuli
912 1196 981 1241 epi-

231 1243 320 1289 scopi
356 1255 412 1290 per
436 1242 597 1278 dioeceses
623 1256 706 1288 suas,
742 1255 813 1278 cum
849 1244 981 1279 consilio

233 1290 432 1331 clericorum,
455 1292 501 1326 vel
524 1292 629 1327 clerici
651 1293 808 1340 ipsi,sede
835 1300 981 1337 vacante,

233 1351 306 1374 cum
329 1339 472 1379 consilio,
507 1341 531 1375 si
565 1343 759 1388 oportuerit,
796 1341 980 1376 viciniorum

234 1388 467 1436 episcoporum,
490 1389 662 1424 haereticos
686 1390 901 1432 iudicaverint,
917 1391 980 1437 pari

234 1437 362 1472 vinculo
385 1438 526 1484 perpetui
550 1438 756 1474 anathematis
781 1438 979 1474 innodamus.

283 1485 304 1532 S
326 1487 358 1520 5.
380 1485 573 1533 Receptores
595 1495 623 1522 et
648 1487 829 1523 defensores
856 1499 981 1533 eorum,

235 1541 427 1581 cunctosque
463 1536 576 1582 pariter
610 1537 664 1583 qui
701 1535 867 1583 praedictis
907 1537 983 1572 hae-

236 1583 340 1618 reticis
360 1583 399 1617 ad
427 1583 592 1619 fovendam
615 1586 645 1619 in
674 1585 719 1620 eis
740 1584 878 1620 haeresis
910 1598 983 1633 pra-

236 1630 374 1676 vitatem,
394 1633 600 1678 patrocinium
618 1634 828 1681 praestiterint
845 1634 982 1681 aliquod,

236 1679 284 1714 vel
306 1679 441 1715 favorem
469 1682 535 1716 sive
556 1682 725 1722 consolati,
753 1683 816 1717 sive
844 1684 982 1718 creden-

236 1735 303 1770 tes,
327 1730 393 1763 sive
417 1730 556 1775 perfecti,
579 1743 634 1766 seu
661 1731 914 1778 quibuscumque
930 1745 984 1767 su-

237 1777 425 1824 perstitiosis
451 1779 632 1814 nominibus
671 1789 905 1827 nuncupentur,
942 1781 984 1816 si-

237 1825 303 1860 mili
326 1825 526 1862 decernimus
551 1828 713 1864 subiacere
740 1829 922 1865 sententiae.

286 1873 365 1921 56.
401 1874 482 1916 Quia
515 1889 588 1912 vero
622 1877 757 1924 peccatis
788 1878 985 1925 exigentibus

238 1923 428 1970 quandoque
449 1926 614 1972 contingit,
637 1934 667 1960 ut
695 1927 924 1962 ecclesiasticae
940 1941 986 1962 se-

242 1972 352 2007 veritas
377 1973 574 2020 disciplinae,
607 1975 646 2010 ab
680 1976 718 2010 iis
750 1976 802 2022 qui
840 1976 983 2012 virtutem

240 2020 308 2055 eius
328 2033 392 2055 non
416 2021 606 2070 intelligunt,
628 2024 872 2060 condemnetur:
904 2038 984 2072 prae·

239 2070 319 2104 senti
349 2069 552 2106 nihilominus
586 2073 782 2108 ordinatione
809 2075 984 2115 sancimus,

241 2127 273 2152 ut
299 2119 352 2165 qui
387 2120 550 2156 manifeste
583 2121 698 2157 fuerint
733 2123 762 2157 in
796 2123 986 2170 supradictis

240 2166 400 2202 erroribus
421 2169 619 2215 deprehensi,
652 2173 677 2205 si
699 2171 832 2206 clericus
854 2180 910 2212 est,
939 2173 985 2207 vel

240 2215 408 2251 cuiuslibet
423 2218 581 2263 religionis
596 2219 833 2256 obumbratione
853 2221 985 2256 fucatus.

242 2264 337 2299 totius
378 2267 580 2302 ecclesiastici
619 2269 739 2303 ordinis
776 2271 986 2316 praerogativa

242 2313 393 2349 nudetur:
435 2324 465 2350 et
491 2317 535 2350 sic
569 2318 653 2350 ouini
689 2318 804 2364 pariter
830 2319 931 2354 officio
958 2327 988 2354 et

242 2361 395 2398 beneficio
421 2366 630 2399 ecclesiastico
651 2366 812 2412 spoliatus,
848 2368 988 2403 saccula-

244 2411 286 2445 ris
324 2412 520 2459 relinquatur
554 2413 681 2448 arbitrio
717 2417 893 2462 potestatis.
921 2417 989 2451 ani-

244 2460 460 2496 madversione
481 2461 584 2496 debita
606 2462 796 2508 puniendus,
821 2465 879 2499 nisi
911 2477 989 2500 cou-

244 2508 331 2544 tinuo
358 2520 427 2557 post
448 2510 732 2558 deprehensionem
754 2514 867 2549 erroris
894 2514 933 2549 ad
953 2515 989 2548 fi-

245 2557 295 2592 dei
322 2559 492 2595 catholicae
515 2560 664 2595 unitatem
688 2569 798 2608 sponte
817 2574 988 2602 recurrere,

281 2614 320 2648 (¹)
336 2613 412 2642 Rom.
435 2617 522 2647 x,15.
545 2618 582 2651 (n.
601 2617 640 2651 τ.)

1665 251 1703 283 2¹

1015 322 1045 349 et
1071 325 1207 349 errorem
1236 327 1340 357 suum,
1367 315 1404 350 ad
1433 314 1595 350 arbitrium
1618 315 1761 362 episcopi

1016 363 1164 409 regionis,
1187 363 1311 409 publice
1333 363 1531 398 consenserit
1552 363 1705 403 abiurare,
1732 373 1761 398 et

1015 411 1257 446 satisfactionem
1281 423 1451 458 congruam
1467 411 1625 448 exhibere.
1648 412 1762 447 Laicus

1015 467 1132 500 autem,
1151 472 1244 507 quem
1262 461 1366 507 aliqua
1385 460 1612 507 praedictarum
1627 461 1760 507 pestium

1018 509 1135 543 notoria
1160 509 1204 544 vel
1229 509 1344 556 privata
1358 509 1450 555 culpa
1470 510 1663 556 resperserit,
1691 510 1762 547 nisi,

1018 566 1108 605 prout
1137 558 1254 593 dictum
1288 566 1346 600 est,
1384 558 1524 592 abiurata
1557 558 1699 602 haeresi,
1734 566 1764 593 et

1017 606 1230 641 satisfactione
1257 606 1405 647 exhibita,
1428 606 1593 641 confestim
1610 607 1647 642 ad
1671 607 1763 642 fidem

1017 655 1193 701 confugerit
1215 655 1434 698 orthodoxam,
1461 655 1631 690 saecularis
1653 655 1766 690 iudicis

1018 704 1145 739 arbitrio
1179 704 1382 751 relinquatur,
1416 704 1553 738 debitam
1583 712 1766 752 recepturus

1019 765 1075 799 pro
1102 753 1251 799 qualitate
1280 753 1426 788 facinoris
1458 753 1618 787 ultionem.

1068 803 1087 846 ξ
1111 806 1140 835 7.
1164 802 1226 843 Qui
1249 814 1320 836 vero
1345 802 1460 836 inventi
1490 801 1602 836 fuerint
1624 802 1688 836 sola
1705 802 1766 836 Ec-

1019 847 1132 885 clesiae
1161 850 1339 896 suspicione
1373 850 1540 894 notabiles,
1567 850 1624 885 nisi
1652 850 1690 885 ad
1718 862 1768 885 ar-

1021 898 1149 933 bitrium
1177 899 1329 946 episcopi,
1365 900 1446 934 iuxta
1482 898 1767 934 considerationem

1020 948 1209 994 suspicionis
1230 948 1476 995 qualitatemque
1500 959 1664 995 personae,
1696 960 1769 994 pro-

1022 1008 1117 1042 priam
1159 997 1369 1031 innocentiam
1407 1008 1545 1043 congrua
1585 997 1770 1043 purgatione

1021 1046 1274 1082 monstraverint,
1306 1046 1399 1080 simili
1423 1045 1597 1080 sententiae
1618 1045 1771 1080 subiace-

1022 1093 1110 1128 bunt.
1134 1094 1207 1129 Illos
1229 1103 1345 1134 autem,
1372 1095 1425 1141 qui
1453 1102 1521 1141 post
1542 1093 1770 1129 abiurationem

1021 1142 1146 1186 erroris,
1156 1143 1202 1177 vel
1214 1151 1377 1190 postquam
1390 1155 1435 1185 se,
1450 1150 1482 1178 ut
1493 1142 1641 1183 diximus,
1654 1143 1771 1190 proprii

1022 1191 1168 1226 antistitis
1207 1192 1437 1226 examinatione
1473 1191 1687 1239 purgaverint,
1713 1191 1771 1226 de-

1023 1239 1168 1285 prehensi
1203 1241 1316 1275 fuerint
1349 1241 1379 1274 in
1412 1240 1582 1275 abiuratam
1617 1240 1770 1275 haeresim

1023 1288 1190 1326 recidisse,
1218 1289 1369 1324 saeculari
1393 1289 1510 1324 iudicio
1532 1289 1599 1323 sine
1622 1289 1683 1323 ulla
1713 1300 1772 1335 pe-

1024 1337 1107 1371 nitus
1128 1337 1286 1372 audientia
1309 1338 1508 1373 decernimus
1535 1337 1771 1384 relinquendos,

1024 1384 1114 1420 bonis
1133 1386 1364 1430 damnatorum,
1392 1386 1554 1426 Ecclesiis,
1578 1386 1692 1432 quihus
1716 1386 1772 1420 de—

1023 1434 1214 1477 serviebant,
1230 1435 1404 1470 secundum
1420 1435 1602 1470 sanctiones
1617 1435 1772 1481 legitimas

1023 1483 1230 1530 applicandis.

1072 1531 1091 1576 g
1119 1536 1150 1566 8.
1179 1532 1262 1568 Sane
1294 1532 1484 1579 praedictam
1516 1532 1773 1567 excommunica-

1025 1580 1159 1621 tionem,
1196 1581 1246 1616 cui
1281 1593 1392 1617 omnes
1417 1582 1564 1628 cupimus
1599 1581 1772 1616 haereticos

1024 1628 1198 1670 subiacere,
1225 1630 1264 1665 ab
1284 1630 1433 1665 omnibus
1452 1630 1647 1678 patriarchis,
1675 1630 1774 1665 archi·

1024 1678 1135 1724 episc,
1162 1679 1260 1726 episc.
1284 1679 1316 1714 in
1337 1679 1515 1727 praecipuis
1541 1679 1772 1715 festivitatibus.

1025 1734 1054 1760 et
1093 1728 1216 1773 quoties
1251 1728 1466 1763 solemnitates
1503 1728 1686 1765 habuerint,
1727 1729 1772 1762 vel

1025 1775 1162 1821 qualibet
1191 1777 1368 1820 occasione,
1401 1776 1439 1812 ad
1467 1776 1598 1823 gloriam
1631 1776 1708 1813 Dei,
1743 1786 1772 1810 et

1026 1825 1303 1870 reprehensionem
1326 1826 1501 1861 haereticae
1526 1827 1697 1872 pravitatis,
1724 1825 1775 1859 dc-

1026 1874 1185 1908 cernimus
1206 1875 1363 1910 innovari:
1391 1874 1580 1910 authoritate
1602 1876 1773 1921 apostolica

1026 1929 1207 1967 statuentes,
1236 1932 1269 1958 ut
1296 1924 1321 1958 si
1344 1924 1415 1970 quis
1441 1923 1480 1958 de
1512 1922 1621 1958 ordine
1652 1923 1775 1970 episco-

1028 1982 1139 2017 porum
1162 1972 1326 2019 negligens
1361 1974 1391 2007 in
1426 1973 1475 2008 his
1502 1972 1592 2007 suerit
1617 1972 1662 2006 vel
1691 1973 1774 2007 desi·

1027 2019 1136 2054 diosus
1158 2021 1314 2062 inventus,
1337 2033 1391 2068 per
1409 2021 1562 2057 triennale
1584 2023 1719 2068 spatium
1735 2021 1774 2056 ab

1027 2068 1198 2117 episcopali
1233 2070 1383 2106 habeatur
1411 2071 1563 2118 dignitate
1588 2078 1617 2104 et
1639 2070 1774 2104 admini-

1027 2118 1177 2154 stratione
1202 2131 1387 2165 suspensus.

1076 2167 1149 2213 §9-
1178 2167 1226 2203 Ad
1258 2169 1335 2204 haec
1369 2168 1407 2203 de
1434 2167 1603 2215 episcopali
1631 2168 1773 2203 consilio.

1028 2222 1057 2249 et
1072 2218 1271 2263 suggestione
1293 2218 1439 2252 culminis
1455 2217 1625 2264 imperialis
1646 2226 1676 2250 et
1694 2218 1774 2262 prin-

1028 2264 1132 2311 cipum
1154 2266 1233 2306 eius,
1272 2266 1462 2310 adiecimus,
1501 2274 1531 2300 ut
1559 2266 1688 2312 quilibet
1723 2278 1774 2299 ar-

1029 2313 1252 2362 chiepiscopus
1285 2315 1331 2350 vel
1363 2316 1548 2361 episcopus,
1586 2326 1640 2361 per
1666 2326 1699 2347 se
1729 2317 1776 2348 vel

1029 2362 1282 2398 archidiaconum
1319 2376 1423 2407 suum,
1455 2372 1507 2398 aut
1535 2374 1590 2410 per
1615 2364 1692 2397 alias
1720 2366 1776 2397 ho-

1030 2419 1134 2446 nestas
1156 2412 1348 2458 idoneasque
1371 2424 1530 2459 personas,
1554 2411 1601 2446 bis
1620 2414 1665 2446 vel
1679 2413 1776 2446 semel

1030 2459 1059 2493 in
1086 2473 1182 2501 anuo,
1219 2461 1397 2507 parochiam
1427 2461 1455 2494 in
1483 2472 1544 2507 qua
1578 2462 1657 2495 fama
1686 2462 1776 2495 fuerit

1031 2508 1204 2545 haereticos
1226 2509 1375 2549 habitare,
1397 2510 1583 2549 circumeat,
1605 2518 1635 2544 et
1659 2510 1699 2544 ibi
1715 2520 1777 2544 tres

1032 2559 1077 2593 vel
1101 2559 1208 2605 plures
1222 2558 1296 2593 boui
1314 2558 1482 2594 testimonii
1503 2559 1598 2599 viros,
1622 2560 1667 2594 rel
1683 2561 1775 2593 etiam

1031 2610 1055 2641 si
1083 2608 1228 2655 expedire
1250 2607 1420 2648 videbitur,
1444 2617 1538 2643 totam
1558 2609 1698 2643 viciniam
1727 2609 1778 2642 iua

1776 262 1826 287 An.
1844 261 1871 287 C.
1887 261 1953 288 ¹¹8st

1790 469 1811 489 Et
1823 475 1902 496 poenae
1911 476 1960 489 rant

1777 504 1807 520 tra
1831 501 1897 520 laicos
1917 507 1935 519 w
1948 507 1957 518 n

1777 532 1927 558 resipiscente-

1795 818 1822 839 De
1830 822 1934 845 suspectis
1943 822 1964 838 et

1782 849 1871 876 relapsis

1800 1558 1892 1580 Huiusm.
1932 1563 1970 1577 ex<

1800 1592 1962 1609 communi-satin

1787 1620 1807 1639 in
1823 1619 1943 1639 haeretica<
1960 1625 1970 1637 a

1787 1649 1920 1676 patriarchis.
1939 1656 1969 1667 ar-

1788 1678 1929 1706 chiepiscopis
1949 1683 1970 1697 ct

1788 1710 1894 1735 episcopis
1910 1715 1974 1735 prae-

1787 1741 1854 1766 cipuis
1868 1740 1971 1760 solemni-

1788 1774 1793 1790 t
1811 1770 1864 1790 titius
1906 1771 1970 1790 innn—

1789 1802 1854 1821 tanda
1865 1802 1958 1821 statuitur

1803 2182 1829 2202 De.
1846 2187 1973 2209 perquirat<

1789 2214 1827 2234 dis,
1847 2214 1971 2232 examinans

1789 2245 1820 2264 d'15
1831 2246 1849 2263 et
1860 2243 1971 2270 puniendis

1790 2274 1912 2294 haereticis.
