2129 3223
156 266 205 291 Αο.
228 265 255 292 C.
272 265 339 292 ¹2¹3

158 819 190 840 ἣν·
201 820 320 840 testemini-

151 853 187 871 nut·
199 850 334 877 spostolicae

260 885 334 908 prute-

147 922 152 932 ι
179 918 219 932 un
237 913 333 939 suscipit.

151 881 210 901 Sedis

162 1216 252 1243 Eiusque
277 1215 333 1236 bona

149 1248 219 1267 omniu
254 1247 332 1267 contir-

167 2046 254 2065 Pfllltum
271 2043 339 2064 archi-

154 2081 255 2104 episcopo
285 2080 339 2095 con-

155 2107 217 2128 cedit.

404 256 475 288 264

355 331 489 360 reversa,
501 318 540 354 de
554 326 678 353 caetero
700 323 870 360 avertatur,
888 328 1010 351 memor
1024 328 1106 350 sem-

356 381 410 415 per
437 367 520 403 illius
546 367 663 414 gratiae
690 365 835 413 specialis
857 378 950 413 quam
975 365 1029 399 tibi
1053 365 1106 399 di-

353 426 486 462 gnanter
507 416 737 464 impendimus,
760 427 832 450 cum
855 427 871 449 a
894 414 1102 449 Nazorocensi

354 466 493 502 Ecclesia
521 476 551 500 te
576 466 795 501 transtulimus
827 465 864 499 ad
903 463 1102 511 metropolim

351 516 611 563 Philippensem,
647 524 740 562 teque
780 514 916 561 propriis
956 513 1104 548 manibus

351 566 606 601 consecravimus
642 565 671 599 in
707 563 909 602 Pontificem,
948 571 977 596 et
1001 561 1103 609 palleo

351 615 590 662 insignivimus,
619 612 806 661 pontificalis
833 612 976 647 videlicet
1010 611 1101 646 officii

351 664 558 711 plenitudine,
587 671 620 698 ut
647 663 725 698 nihil
748 662 804 697 tibi
825 673 864 696 ex
885 661 987 708 aliqua
1017 668 1102 707 parte

350 714 440 754 desit,
474 713 558 762 quod
587 713 624 747 ad
660 710 921 760 metropoliticam
950 711 1102 757 pertineat

350 762 547 810 dignitatem.
570 762 654 805 Quia
683 774 767 803 vero,
793 759 980 796 venerabilis
1007 759 1102 794 frater

324 826 334 838 .-
350 813 380 847 in
409 811 548 853 Christo,
581 825 638 847 nos
660 811 849 858 suppliciter
875 808 1032 849 exorasti,
1069 816 1101 843 ut

349 863 481 897 eandem
498 861 736 909 Philippensem
755 859 942 899 Ecclesiam,
965 858 1014 893 cui
1036 857 1101 892 Deo

349 920 475 947 auctore
505 923 639 958 praeesse
661 909 870 956 dignosceris,
897 907 1102 953 dignaremur

349 961 509 1008 apostolici
544 959 699 1008 privilegii
736 957 911 993 munimine
940 956 1100 996 roborare,

349 1022 406 1045 nos
428 1011 490 1045 tuis
507 1010 599 1044 iustis
622 1006 886 1055 postulationibus
908 1013 1100 1049 annuentes,

348 1072 416 1094 eam
456 1059 516 1095 sub
552 1058 634 1093 beati
661 1057 746 1092 Petri
789 1065 821 1091 et
855 1064 960 1090 nostra
992 1062 1099 1101 prote-

348 1109 451 1144 ctione
466 1108 673 1155 suscipimus,
695 1114 726 1141 et
753 1105 908 1154 praesenti
934 1103 1100 1151 privilegio

347 1158 596 1199 communimus,
622 1164 808 1199 statuentes,
832 1162 866 1188 ut
892 1165 1100 1200 quascunque

349 1208 576 1254 possessiones,
600 1216 630 1241 et
653 1215 862 1252 quaecunque
885 1202 965 1238 bona
988 1202 1099 1237 eadem

348 1256 488 1292 Ecclesia
509 1265 576 1296 etc„
600 1268 694 1301 usque
728 1254 843 1288 illibata
883 1260 1098 1299 permaneant.

349 1306 383 1340 ln
414 1306 531 1353 quibus
563 1306 641 1340 haec
688 1313 758 1342 etc„
801 1314 892 1348 usque
926 1300 1098 1336 vocabulis.

348 1355 468 1390 Locum
484 1356 586 1402 ipsum
605 1362 672 1393 etc„
696 1365 789 1398 usque
809 1351 1006 1399 pertinentiis
1020 1352 1098 1385 suis.

347 1403 459 1440 Casale
485 1403 571 1452 quod
606 1403 722 1438 dicitur
751 1400 899 1436 candaca
928 1411 998 1434 cum
1029 1411 1100 1434 om-

348 1453 442 1489 nibus
470 1452 668 1501 pertinentiis
689 1452 767 1495 suis,
788 1449 940 1488 abbatias,
960 1449 1100 1495 piscatu-

349 1515 414 1542 ras,
443 1511 541 1537 terras
578 1510 609 1536 et
637 1501 740 1536 vineas
774 1511 853 1546 quas
889 1497 981 1532 habet
1015 1498 1098 1544 apud

347 1551 576 1599 Chrisopolim,
598 1550 702 1585 casale
728 1548 812 1596 quod
840 1547 957 1582 dicitur
975 1546 1099 1589 Stravo,

348 1601 450 1636 casale
471 1600 556 1648 quod
583 1599 700 1634 dicitur
729 1597 964 1635 Pravicaresta,
998 1596 1099 1630 casale

348 1650 431 1698 quod
441 1650 619 1693 dicitur....,
629 1648 744 1683 domus
754 1658 833 1694 quae
847 1645 964 1680 dicitur
977 1644 1099 1688 Platon,

349 1700 451 1735 casale
472 1698 558 1746 quod
580 1698 698 1733 dicitur
718 1696 868 1737 Cat-esta,
900 1706 971 1729 cum
994 1695 1100 1728 omui-

349 1749 410 1784 bus
432 1747 633 1796 pertinentiis
654 1747 733 1786 suis,
765 1745 914 1780 ecclesias
936 1755 1014 1791 quas
1044 1743 1100 1777 ha-

351 1800 402 1833 bet
419 1798 450 1833 in
473 1806 575 1833 castro
591 1794 797 1843 Christopoli,
814 1794 1015 1840 episcopatus
1028 1804 1100 1839 quo-

350 1860 411 1895 que
444 1847 574 1882 inferius
609 1844 805 1881 annotandos
836 1842 995 1878 Ecclesiae
1031 1850 1101 1876 tuae

352 1897 586 1944 metropolitico
613 1896 682 1930 iure
714 1893 874 1928 subiectos
896 1891 952 1926 tibi
975 1891 1100 1937 tuisque

351 1945 590 1981 successoribus
613 1943 821 1978 nihilominus
857 1941 1100 1980 confirmamus,

352 1994 495 2030 videlicet
534 1992 829 2039 Eleutheropolim,
873 1989 1101 2036 Casiropolim,

353 2044 529 2085 Polistrios,
562 2042 694 2077 Vilikios
715 2041 873 2075 Morenos.
901 2039 1007 2073 Palleo
1030 2049 1102 2072 vero

353 2094 440 2141 quod
463 2093 516 2128 tibi
544 2105 583 2127 ex
609 2090 780 2138 apostolica
802 2089 995 2134 benignitate
1024 2099 1103 2122 con-

354 2143 495 2184 tulimus,
522 2142 600 2177 inl'ra
614 2150 699 2176 tuam
722 2138 894 2174 Ecclesiam
919 2137 955 2171 ad
986 2136 1103 2170 missa-

355 2205 423 2228 rum
448 2192 600 2228 solemnia
629 2191 671 2225 uti
695 2188 896 2230 memineris,
920 2186 968 2220 his
990 2185 1104 2219 diebus

355 2241 500 2277 videlicet
512 2239 680 2276 Nativitate
693 2238 833 2276 Domini,
857 2236 1021 2270 festivitate
1035 2246 1104 2281 pro-

354 2293 534 2339 tomartyris
568 2289 733 2337 Stephani,
760 2285 1009 2322 Circumcisioue
1044 2282 1102 2318 Do-

354 2341 445 2381 mini,
484 2339 673 2388 Epiphania,
712 2335 911 2384 Hypapanti,
938 2333 1104 2368 Dominica

356 2392 386 2425 in
396 2390 505 2426 Ramis
527 2388 720 2428 Palmarum,
743 2385 851 2421 Coena
872 2383 1013 2423 Domini,
1028 2381 1106 2417 Sal)-

357 2440 452 2475 batho
472 2439 603 2483 Sancto,
624 2436 758 2476 Pascha,
781 2435 855 2470 feria
878 2432 1016 2468 secunda
1036 2439 1106 2478 post

357 2488 491 2529 Pascha,
524 2486 739 2530 Ascensione,
773 2484 972 2527 Pentecoste,
1007 2480 1107 2515 tribus

359 2537 578 2573 festivitatibus
603 2536 719 2572 Beatae
741 2534 868 2574 Mariae,
904 2530 996 2567 natali
1024 2529 1105 2565 beati

359 2587 484 2622 loannis
501 2586 673 2634 Baptistae,
696 2581 946 2619 solemnitatibus
965 2580 1107 2614 omnium

361 2636 603 2683 Apostolorum,
632 2631 931 2669 commemoratione
966 2629 1108 2664 omnium

937 262 1037 285 ΒΗΜΛ
1043 262 1124 285 ntum
1147 261 1310 283 nonnum]

1146 314 1358 355 Sanctorum,
1387 313 1640 350 dedicationibus
1667 314 1896 356 Ecclesiarum,

1146 363 1437 399 consecrationibus
1458 364 1692 411 episcoporum,
1719 363 1898 400 ordinatio—

1147 413 1239 448 nibus
1272 413 1475 456 clericorum,
1508 412 1670 448 Ecclesiae
1691 421 1763 448 tuae
1786 414 1898 460 princi-

1147 463 1270 508 palibus
1308 462 1548 501 festivitatibus,
1585 472 1615 497 et
1649 463 1896 498 consecrationis

1146 521 1215 546 tuae
1229 512 1440 546 anniversario
1453 511 1516 555 die,
1538 511 1604 546 iura
1620 523 1746 559 quoque
1764 524 1800 547 ac
1813 511 1895 547 bona

1144 562 1223 600 eius,
1245 562 1424 607 dignitates,
1447 569 1476 596 et
1505 560 1664 595 libertates
1687 562 1797 608 ipsius,
1820 573 1896 596 ncc-

1145 622 1206 645 non
1229 612 1374 657 antiquas
1408 618 1438 645 et
1462 610 1664 645 rationabiles
1685 611 1896 646 consuetudi-

1145 672 1213 702 nes,
1233 660 1417 695 auctoritate
1453 659 1625 706 apostolica
1651 660 1894 701 confirmamus,

1143 717 1173 743 et
1195 716 1257 744 tam
1282 709 1348 750 tibi,
1372 721 1467 756 quam
1488 709 1591 743 eidem
1616 708 1777 745 Ecclesiae
1806 709 1895 746 firma

1143 771 1173 797 et
1211 763 1324 798 illibata
1362 775 1490 798 manere
1529 763 1706 804 sancimus;
1742 763 1893 800 cimiteria

1143 829 1270 864 quoque
1292 817 1511 860 ecclesiarum,
1546 829 1719 864 earumque
1744 817 1894 855 beneficia

1142 880 1208 915 etc„
1244 884 1338 916 usque
1371 883 1504 906 censura
1532 871 1682 906 canonica
1705 883 1896 919 compesca-

1143 932 1202 958 tur.
1237 924 1449 960 Prohibemus
1486 926 1618 972 insuper
1641 937 1680 960 ne
1709 924 1895 973 presbyteri,

1142 978 1296 1025 capellani
1319 979 1526 1014 ecclesiarum
1553 987 1620 1017 etc„
1647 992 1741 1024 usque
1774 979 1894 1014 irritum

1143 1031 1306 1067 habeatur.
1335 1032 1548 1067 Prohibernus
1579 1033 1709 1080 insuper
1734 1045 1772 1068 ne
1797 1033 1896 1068 inter-

1142 1086 1245 1121 dictos
1280 1087 1326 1121 vel
1349 1087 1638 1122 excommunicatos
1661 1096 1731 1122 tuos
1751 1095 1819 1129 etc„
1842 1101 1896 1123 us-

1141 1153 1198 1185 que
1223 1148 1365 1187 oporteat
1387 1141 1514 1187 ligatum
1543 1141 1676 1175 absolvi.

1192 1195 1403 1230 Det-eruimus
1425 1207 1501 1241 ergo
1529 1203 1562 1229 ut
1588 1195 1666 1228 nulli
1690 1196 1820 1230 omnino
1843 1196 1895 1230 ho-

1143 1249 1262 1283 minum
1308 1257 1378 1287 eta,
1421 1261 1514 1294 usque
1553 1248 1663 1283 usibus
1703 1249 1895 1284 omnimodis

1143 1302 1315 1349 profutura.
1358 1302 1450 1337 Salva
1485 1302 1579 1338 Sedis
1618 1303 1819 1349 Apostolicae
1841 1315 1895 1339 au-

1142 1357 1294 1391 ctoritate.
1323 1356 1357 1392 Si
1381 1369 1441 1404 qua
1470 1357 1563 1403 igitur
1597 1357 1627 1392 in
1655 1356 1796 1392 futurum
1825 1365 1893 1401 etan,

1142 1424 1234 1456 usqne
1259 1410 1418 1446 districtae
1439 1411 1599 1447 subiaceat
1622 1411 1744 1446 ultioni.
1761 1410 1894 1447 Cunctis

1141 1473 1244 1499 autem
1281 1464 1384 1499 eidem
1413 1465 1482 1500 loco
1515 1473 1588 1505 etc„
1625 1479 1718 1512 usque
1757 1466 1893 1513 praemia

1141 1526 1287 1552 aeternae
1311 1518 1397 1564 pacis
1418 1518 1590 1553 inveniant.
1615 1519 1729 1554 Amen.

1190 1571 1305 1606 Datum
1328 1571 1485 1613 Laterani,
1509 1584 1565 1619 per
1592 1584 1720 1607 manum
1745 1572 1894 1608 [ohannis

1141 1625 1276 1660 Sanctae
1293 1624 1410 1661 Mariae
1436 1626 1467 1660 in
1496 1625 1668 1661 Cosmedin
1689 1625 1814 1661 diaconi
1830 1638 1895 1661 car-

1142 1679 1270 1724 dinalis,
1291 1688 1415 1715 sanctae
1437 1679 1580 1715 Romane
1596 1680 1757 1715 Ecclesiae
1775 1680 1895 1716 cancel·
1938 1687 1942 1689 ’

1143 1734 1223 1776 larii,
1259 1745 1293 1767 x1
1327 1732 1476 1769 kalendas
1502 1734 1602 1778 iunii,
1630 1734 1802 1769 indictione
1837 1746 1894 1773 xv,

1143 1788 1368 1823 incarnationis
1410 1787 1588 1829 dominicae
1624 1800 1707 1823 anno
1741 1800 1895 1832 uccxnt,

1143 1840 1344 1888 pontificatus
1367 1853 1439 1876 vero
1461 1841 1579 1877 domini
1602 1841 1777 1877 Innocentii
1792 1842 1895 1890 Papae

1144 1895 1223 1929 tertii
1247 1906 1331 1929 anno
1353 1894 1602 1943 decimoquinto.

1184 1955 1243 1986 Dat.
1263 1956 1310 1986 die
1328 1955 1367 1987 20
1386 1956 1455 1986 maii
1480 1955 1565 1993 1213,
1590 1957 1692 1996 pontif.
1717 1966 1794 1987 anno
1811 1965 1855 1988 xv.

1440 2107 1598 2142 LXXXV.

1145 2184 1302 2228 Deteqans
1323 2185 1499 2228 apostolicis
1524 2185 1666 2223 mandat,
1693 2192 1726 2217 ul
1747 2186 1894 2218 constitit-

1194 2240 1303 2271 ti'onem
1335 2240 1491 2282 quandam
1528 2238 1657 2271 Henrici
1679 2238 1895 2272 Constantino-

1193 2292 1327 2335 politani
1352 2293 1562 2337 imperatoris,
1589 2298 1696 2325 contra
1729 2292 1896 2325 libertatem

1195 2346 1421 2379 ecclesiasticam
1463 2346 1596 2384 editam,
1646 2345 1898 2389 elarqitionesque

1195 2411 1268 2443 crya
1293 2400 1444 2433 Ecclesias
1467 2400 1674 2444 impedientem
1699 2399 1824 2432 irritam
1845 2399 1896 2431 de-

1195 2454 1319 2486 clarem.

1417 2499 1628 2553 summatum

1148 2590 1226 2625 Quae
1247 2591 1333 2620 tuerit
1351 2589 1468 2620 llenrici
1485 2588 1662 2618 constitutio
1679 2587 1895 2618 —Mandatum

1189 2635 1223 2663 (le
1246 2635 1309 2664 eius
1330 2635 1500 2664 irritatione.

1913 262 1964 288 Au.
1984 260 2015 288 C.
2029 261 2096 290 ¹213

1940 1208 2059 1230 clausulae.
