2129 3223
131 262 181 287 An.
203 261 231 287 C.
246 261 312 287 ίῖζίιδ

139 718 219 738 citumn
257 720 307 739 line*

126 751 179 769 rests
199 751 252 770 inter
269 756 307 776 pu-

126 780 179 800 blicu
221 782 308 801 crimina

125 813 282 832 numerandum:

136 1556 164 1575 De
189 1560 213 1575 ea
237 1558 307 1580 itaque

124 1586 217 1605 ntus-itti
249 1590 308 1604 [om-

124 1619 222 1638 [iurantur

378 251 447 285 506

329 330 423 364 prope
451 317 624 351 Romanam
648 315 837 355 Ecclesiam,
872 328 951 363 quae
978 323 1070 362 caput

328 367 537 402 Ecclesiarum
566 366 708 400 omnium
729 365 896 409 iudicatur,
917 366 1069 412 supersti-

328 418 420 451 tionis
455 428 528 450 suae
565 416 680 450 scelera
716 415 807 450 latius
839 427 984 450 exercere
1018 427 1071 449 no·

325 475 475 506 scuntur3
488 465 566 500 adeo
582 464 714 512 quodab
726 464 829 500 ltaliae
845 465 970 503 linibus,
987 477 1068 511 prae-

324 516 430 550 sertim
452 527 467 549 a
493 515 631 562 partibus
660 514 876 552 Lombardiae,
900 515 930 548 in
953 514 1069 561 quibus

325 578 381 612 pro
415 573 501 600 certo
530 564 754 612 perpendimus
786 564 924 609 ipsorum
959 564 1069 611 nequi—

325 615 396 650 tiam
424 614 518 650 latius
545 614 722 651 abundare,
751 614 875 661 iamque.
905 625 1003 660 usque
1029 614 1066 647 ad

326 677 456 711 regnum
487 673 629 699 nostrum
652 663 796 707 Siciliae,
823 675 898 698 suae
922 662 1068 709 perfidiae

326 714 442 749 rivulos
475 714 666 748 derivarunt.
702 712 793 755 Quod
830 712 1066 747 acerbissimum

326 771 517 811 reputantes,
544 764 710 799 statuimus
737 763 765 797 in
795 762 918 809 primis,
947 770 978 795 ut
1006 762 1067 796 cri-

325 826 394 848 men
418 814 583 848 haereseos
604 821 634 848 et
655 814 819 847 damnatae
845 819 947 846 sectae
962 812 1068 846 cuius-

323 863 408 904 libet,
430 875 633 912 quocumque
657 862 782 897 nomine
801 869 986 896 censeantur
1003 874 1069 896 sec·
1087 890 1089 900 ,

323 921 436 948 latores
458 916 559 960 (prout
581 912 740 947 veteribus
766 910 889 957 legibus
910 920 955 945 est
985 911 1067 945 indi·
1087 915 1089 963 l

321 967 431 1007 ctum),
451 964 532 997 iuter
564 962 687 1009 publica
710 961 839 995 crimina
871 970 1062 995 numeretur.
1087 966 1090 1027 Ι

323 1012 387 1047 lmo
421 1013 555 1047 crimine
592 1011 692 1046 laesae
732 1010 902 1045 maiestatis
941 1018 1066 1045 nostrae

321 1062 413 1097 debet
447 1061 486 1097 ab
524 1062 670 1096 omnibus
705 1059 887 1094 horribilius
921 1059 1066 1100 iudicari,

320 1111 403 1158 quod
432 1112 461 1145 in
485 1111 609 1146 divinae
630 1109 800 1144 maiestatis
828 1109 972 1143 iniuriam
1009 1122 1068 1144 no-

321 1163 418 1196 scitur
444 1168 640 1204 attentatum,
670 1159 813 1207 quamvis
843 1158 948 1193 iudicii
978 1168 1089 1212 pote-¹

320 1220 414 1249 state,
448 1210 579 1245 alterum
614 1210 701 1244 alteri
730 1221 792 1243 non
819 1208 960 1243 excellat.
987 1208 1090 1257 Nam]

320 1262 408 1296 sicuti
441 1259 664 1308 perduellionis
685 1260 803 1293 crimen
833 1269 983 1304 personas
1014 1259 1089 1293 aid-1

321 1311 414 1345 mittit
452 1310 671 1345 damnatorum
706 1318 733 1341 et
768 1307 862 1347 bona,
888 1315 918 1341 et
941 1307 1089 1352 damnat,

323 1369 391 1406 post
413 1359 534 1394 obitum
561 1358 742 1393 memoriam
765 1357 1002 1392 detunctorum:
1023 1358 1067 1391 sic
1088 1359 1089 1368 ¹

322 1419 352 1443 et
390 1410 421 1444 in
454 1408 612 1456 praedicto
647 1407 793 1447 crimine,
827 1418 889 1453 quo
924 1394 1090 1455 Patarenil

324 1467 487 1500 notantur,
515 1470 570 1505 per
591 1457 694 1492 omnia
726 1457 870 1491 volumus
899 1456 1090 1491 observarim'

371 1508 390 1556 S
408 1510 441 1542 Ξ.
462 1507 501 1542 Et
523 1516 556 1542 ut
580 1507 718 1554 ipsorum
743 1506 891 1552 nequitia,
913 1506 965 1552 qui
985 1506 1067 1551 (quia
1088 1522 1089 1526 =

322 1557 494 1592 Dominum
536 1569 597 1591 non
634 1559 822 1603 sequuntur)
865 1556 894 1589 in
932 1555 1069 1590 tenebris

322 1607 500 1647 ambulant,
527 1607 704 1652 detegatur:
736 1605 862 1640 nemine
888 1605 981 1639 etiam
1013 1604 1069 1639 de-

323 1656 460 1697 ferente,
497 1655 676 1702 investigari
716 1655 863 1689 volumus
904 1654 1069 1700 diligenter

324 1706 501 1741 huiusmodi
523 1705 677 1740 scelerum
706 1712 887 1752 patratores⁷
901 1712 929 1738 et
955 1716 1008 1750 per
1022 1703 1070 1738 of-

323 1755 439 1791 ficiales
461 1763 597 1799 nostros⁷
615 1755 697 1789 sicut
713 1762 742 1788 et
756 1754 833 1789 alios
855 1752 1070 1788 malefactores

908 261 1093 285 Bou-Auium
1121 262 1282 284 ROMANUM

1871 266 1922 294 An.
1939 267 1968 294 C.
1982 268 2050 296 ίΞΙιό

1160 316 1180 362 S
1208 318 1239 350 5.
1263 316 1355 363 Apud
1379 329 1436 352 nos
1469 331 1524 365 pro
1552 318 1666 354 talibus
1689 332 1782 354 nemo
1809 321 1856 354 in-

1111 365 1266 400 tervenire
1301 376 1496 413 praesumat,
1522 368 1608 415 quod
1640 369 1692 416 qui
1725 369 1854 414 fecerit,

1111 416 1140 450 in
1178 416 1278 462 ipsum
1314 425 1435 452 nostrae
1471 418 1696 465 indignationis
1728 419 1854 454 aculeos

1110 478 1171 500 non
1201 474 1356 501 immerito
1382 475 1615 503 convertemus.

1158 514 1271 550 Datum
1300 515 1446 559 Paduae,
1469 519 1515 551 22
1542 517 1704 560 februarii,
1732 517 1854 554 decima

1109 564 1246 600 secunda
1269 566 1451 601 indictione.

1111 660 1279 704 Imperator
1302 661 1475 694 Fridericus
1489 672 1602 705 semper
1615 663 1782 706 Auyustus,
1798 670 1851 697 etc.

1156 736 1381 771 Patarenorum
1407 745 1617 784 receptatores
1651 746 1680 773 et
1712 739 1853 786 compli-
1879 748 2030 770 murenarum

1108 798 1160 820 ces
1181 793 1211 820 et
1232 798 1433 833 quocumque
1455 787 1550 821 modo
1573 787 1720 829 fautores,
1743 790 1796 835 qui
1818 778 1961 836 ut‘g‘¹„¹:‚²(‘1³‚res
1995 780 2050 800 ‘⁰¹⁰'

1108 847 1124 870 a
1161 847 1259 881 poena
1295 836 1372 870 alios
1410 838 1531 883 possint
1557 837 1714 880 eximere,
1745 838 1786 872 de
1819 850 1852 872 se

1109 884 1191 919 velut
1208 885 1373 932 improvidi
1394 897 1456 920 non
1479 886 1660 930 formidant,
1686 886 1852 933 publicatis

1110 934 1199 968 bonis
1226 934 1386 978 omnibus,
1408 935 1594 982 relegandos
1617 937 1647 970 in
1665 944 1851 984 perpetuum

1108 996 1176 1019 esse
1198 995 1375 1019 censemus.

1157 1033 1176 1080 ἓ
1201 1036 1231 1067 l.
1256 1033 1293 1067 Et
1320 1034 1458 1081 ipsorum
1484 1034 1535 1069 filii
1562 1035 1600 1070 ad
1632 1035 1768 1070 honores
1793 1035 1852 1069 ali·
1881 1038 1897 1059 ¹1
1926 1044 1984 1064 *01⁰1
2014 1040 2048 1066 ‘¹¹¹‘

1108 1095 1187 1130 quos
1220 1083 1398 1118 nullatenus
1429 1083 1641 1119 admittantur.
1678 1084 1711 1119 Si
1749 1093 1852 1120 tamen
1868 1069 2050 1127 3222233‘222'2‘0

1088 1146 1089 1154 ¹
1109 1133 1221 1180 aliquis
1239 1131 1393 1167 fautorum
1417 1132 1598 1169 huiusmodi
1621 1134 1772 1169 detexerit
1792 1133 1854 1169 ali-
1867 1131 2000 1152 ''⁰⁵²³¹¹¹⁰¹¹‘¹²·

1108 1195 1201 1230 quem
1229 1181 1431 1223 Panaenum,
1454 1182 1493 1218 de
1519 1183 1608 1218 cuius
1630 1183 1760 1230 perfidia
1792 1196 1855 1218 ma-

1111 1232 1223 1267 nifeste
1241 1232 1400 1279 probatur,
1423 1233 1453 1266 in
1472 1232 1542 1267 fidei
1559 1233 1745 1279 praemium⁷
1760 1244 1852 1280 quam

1109 1281 1246 1328 agnovit,
1269 1281 1368 1316 famae
1391 1282 1540 1329 pristinae
1561 1281 1600 1316 de
1622 1282 1773 1329 imperiali
1795 1283 1855 1317 cle-

1109 1332 1222 1366 mentia
1259 1331 1464 1366 restitutionis
1490 1331 1677 1366 beneficium
1715 1333 1746 1366 in
1774 1332 1854 1367 inte-

1109 1394 1199 1423 grum
1222 1389 1442 1429 consequatur.

1109 1417 1122 1426 ι

1088 1506 1089 1516 ,
1110 1476 1266 1520 Incipiunt
1281 1476 1416 1519 capitula
1434 1476 1658 1509 constitutionis
1674 1482 1782 1510 contra
1795 1476 1855 1510 Pa-

1158 1532 1289 1567 tarenos,
1311 1525 1448 1569 aliosque
1479 1525 1642 1558 haereticos
1673 1525 1770 1559 editae
1799 1537 1855 1570 per

1158 1575 1292 1607 eumdem
1319 1574 1511 1607 Fridert'cum
1549 1574 1697 1608 illustrem
1730 1575 1853 1613 virum,

1160 1624 1370 1657 Romanorum
1400 1624 1612 1668 imperatorem
1637 1635 1752 1668 semper
1785 1625 1854 1658 Au—

1157 1681 1290 1716 gustum,
1313 1673 1504 1706 Hierusalem
1536 1680 1562 1706 et
1587 1673 1713 1707 Siciliae
1743 1684 1852 1718 reqem.

1158 1750 1322 1791 Catliaros,
1344 1751 1527 1795 patarenos,
1544 1751 1757 1799 Speronistas,
1780 1751 1855 1786 Leo·
1878 1762 2051 1788 Eorumeoenn·

324 1806 449 1853 inquiri.
472 1805 518 1840 Ac
540 1803 742 1852 inquisitione
766 1811 901 1843 notatos,
924 1802 980 1836 etsi
1024 1802 1070 1837 le·
1089 1821 1091 1846 i
1111 1802 1220 1839 nistas,
1244 1800 1456 1838 Arnaldistas,
1483 1801 1712 1841 Circumcisus,
1736 1801 1854 1836 Passa-

324 1856 370 1889 vis
390 1855 624 1902 superstitionis
644 1860 830 1900 argumento
852 1861 1031 1899 tangantur,
1053 1864 1069 1886 a
1110 1850 1416 1897 ginosdosephinos,
1435 1849 1635 1891 Garatenses,
1650 1850 1854 1890 Albanenses,

325 1905 395 1939 viris
425 1904 644 1939 ecclesiasticis
664 1911 695 1937 et
723 1901 866 1949 praelatis
898 1901 1068 1936 examinari
1090 1937 1091 1944 χ
1111 1900 1307 1944 Franciscos,
1322 1899 1526 1946 Bagnarolos,
1548 1899 1856 1945 Commixtos,Wal·

325 1953 480 1994 iubemus;
510 1965 564 2000 per
590 1965 670 2000 quos
695 1952 720 1987 si
756 1952 871 1986 inventi
906 1951 1020 1986 fuerint
1053 1964 1069 1985 a
1090 1952 1091 1993 l
1111 1950 1236 1989 denses,
1265 1949 1470 1989 Roncarotos,
1501 1949 1750 1990 Communellos,
1777 1948 1855 1984 Wa-

326 2003 386 2038 lide
413 2003 562 2038 catliolica
585 2002 695 2038 saltem
719 2002 750 2035 in
777 2001 907 2036 articulo
934 2001 1070 2044 deviare,
1111 2000 1196 2034 rinos
1210 2009 1239 2033 et
1257 1998 1438 2040 Ortolenos,
1460 2011 1530 2033 cum
1547 1999 1607 2034 illis
1621 1998 1659 2033 de
1673 1999 1854 2046 Aquanigra

324 2065 360 2088 ac
390 2065 443 2099 per
475 2054 560 2099 ipsos
583 2050 726 2099 pastorali
759 2063 845 2086 more
874 2050 1070 2094 commoniti,
1090 2058 1092 2091 ξ
1111 2059 1141 2083 et
1163 2061 1273 2083 omnes
1292 2048 1464 2084 haereticos
1487 2048 1649 2096 utriusque
1663 2061 1756 2084 sexus
1776 2061 1856 2096 quo-

324 2101 479 2137 tenebrosi
515 2101 629 2136 diaboli
657 2100 772 2136 relictis
794 2100 928 2140 insidiis,
960 2099 1247 2144 nolite-ficumque
1288 2098 1415 2133 nomine
1456 2107 1661 2137 censeantur,
1705 2107 1854 2146 perpetua

325 2152 386 2187 rint
407 2164 577 2198 agnoscere
598 2151 700 2186 Deum
719 2149 812 2189 lucis,
835 2150 889 2184 sed
907 2151 937 2184 in
956 2149 1071 2184 erroris

326 2210 475 2248 concepta
499 2201 643 2236 instantia
663 2207 874 2247 perseverent,
897 2198 1071 2246 praesentis

1090 2227 1092 2235 l

1111 2149 1297 2183 damnamus
1312 2147 1449 2187 infamia,
1464 2148 1664 2195 dissipamus,
1680 2157 1771 2195 atque
1784 2147 1853 2183 ban-

1113 2198 1227 2232 nimus.
1251 2197 1425 2232 Censentes
1454 2205 1487 2232 ut
1516 2197 1595 2232 bona
1618 2197 1725 2232 talium
1753 2196 1856 2232 confi-

327 2260 449 2286 nostrae
486 2250 565 2298 legis
598 2250 701 2286 edicto
741 2249 904 2284 damnatos
940 2256 1069 2283 mortem
1090 2254 1093 2289 ι
1113 2255 1251 2290 scentur,
1279 2259 1335 2281 nec
1356 2247 1393 2281 ad
1416 2259 1470 2281 eos
1493 2247 1620 2282 ulterius
1642 2254 1852 2281 revertantur:

328 2301 406 2347 pati,
429 2300 611 2345 Patarenos,
632 2299 773 2346 aliosque
797 2299 969 2334 haereticos
990 2310 1071 2344 quo-

326 2362 463 2398 cumque
486 2351 614 2385 nomine
635 2357 838 2393 censeantur,
860 2348 1070 2387 decernimus,

326 2412 419 2447 quam
443 2401 603 2442 affectant,
631 2408 664 2435 ut
687 2399 742 2434 vivi
772 2399 801 2433 in
824 2406 993 2446 conspectu
1014 2396 1071 2431 lio-

329 2450 447 2484 minum
475 2450 716 2488 comburantur,
751 2448 946 2483 flammarum
978 2459 1072 2482 com-

330 2499 414 2534 missi
437 2499 563 2534 iudicio.
586 2498 652 2534 Nec
673 2498 830 2538 dolemus,
852 2497 936 2545 quod
960 2497 989 2531 in
1013 2496 1072 2531 lioc

329 2548 468 2594 ipsorum
501 2549 710 2584 satisfacimus
745 2548 913 2591 voluntati,
940 2559 977 2582 ex
1010 2558 1072 2593 quo

330 2609 461 2643 poenam
489 2597 706 2642 solummodo,
728 2610 786 2633 nec
813 2597 946 2632 fructum
977 2595 1071 2630 alium

331 2657 565 2693 consequuntur
587 2649 713 2684 erroris.

1113 2297 1152 2332 ita
1192 2295 1275 2343 quod
1313 2296 1365 2331 filii
1404 2308 1512 2331 eorum
1549 2297 1586 2331 ad
1622 2297 1854 2331 successionem

1114 2347 1277 2393 pervenire
1314 2358 1374 2380 non
1418 2346 1560 2393 possint,
1596 2358 1667 2381 cum
1702 2346 1795 2392 longe
1815 2347 1854 2380 sit

1113 2397 1236 2442 gravius
1266 2404 1434 2435 aeternam,
1456 2407 1550 2442 quam
1579 2394 1779 2442 temporalem
1808 2394 1856 2428 os-

1114 2445 1240 2480 fendere
1263 2445 1465 2480 maiestatem.

1162 2494 1181 2540 g
1213 2499 1239 2528 Ι.
1271 2493 1333 2536 Qui
1361 2503 1464 2529 autem
1499 2494 1616 2529 inventi
1644 2493 1757 2528 fuerint
1790 2493 1854 2528 sola
1883 2499 2052 2536 saspteiopeno-

1114 2545 1293 2591 suspicione
1320 2544 1487 2582 notabiles,
1516 2543 1575 2578 nisi
1602 2542 1640 2578 ad
1673 2531 2051 2589 mandatiim²⁸¹ss¹ssssssss⁵s¹5nt⁵⁰

1114 2593 1285 2634 Ecclesiae,
1315 2594 1396 2629 iuxta
1430 2592 1711 2628 considerationem
1745 2593 1939 2640 suspi-bfflo
1984 2592 2051 2615 'ubst‘

1115 2644 1224 2685 cionis,
1246 2643 1491 2691 qualitatemque
1513 2654 1676 2690 personae⁷
1698 2653 1856 2690 promam
1870 2627 1953 2646 οιωιω,
