2129 3223
67 256 117 282 ιιι.
134 252 164 280 C.
179 253 245 284 ¹¹98

851 253 1058 277 {NNoOENTtUs
1079 255 1114 277 111
1138 255 1184 278 Pl>

1663 245 1731 279 129

259 320 375 346 rectum
419 310 529 354 suerit)
567 317 598 345 et
649 308 831 357 propulsare
876 310 997 346 violen-
1035 318 1169 357 agentis,
1190 319 1278 346 sexto
1298 311 1444 347 kalendas
1458 312 1593 359 augusti
1609 312 1778 347 indictione

258 360 344 399 tiam,
355 367 395 394 et
416 359 564 394 iustitiam
591 358 764 394 vendicare.
788 359 996 396 prohibemus

256 420 382 457 quoque
415 420 455 443 ne
494 407 623 444 cuilibet
663 408 911 451 ecclesiasticae,
947 408 994 444 vel

255 457 406 493 saeculari
441 470 593 505 personae
625 456 672 494 sas
708 459 749 493 sit
782 458 814 493 in
844 458 995 494 Ecclesiis

256 507 366 542 vestris
390 515 497 542 contra
531 515 644 543 statuta
682 506 868 543 Lateranen.
918 520 995 544 con-

253 556 317 592 cilii
337 556 436 592 tallias
457 569 614 613 exercere,
647 556 694 592 vel
732 557 886 605 quaslibet
918 557 995 594 alias

252 606 341 641 vobis
362 606 483 654 ineptas
508 615 539 642 et
559 606 682 654 iniquas
720 607 898 642 exactiones
932 607 994 643 im-

85 659 219 682 ¹⁰¹⁶¹³¹⁶¹¹=³r
254 667 380 704 ponere.
415 655 634 692 interdicimus
678 656 770 692 etiam
814 657 912 698 vobis,
955 669 994 693 ne

58 692 351 746 :1¹¹¹0'2'31'32l’l52lderas
389 717 477 747 aves,
514 717 629 746 canes,
672 717 761 747 sues,
805 713 835 741 et
872 714 992 742 caetera

27 765 31 767 “
58 752 154 773 “·““··““·
167 753 240 774 ‘⁶⁰¹²‘
252 753 432 790 huiusmodi
459 755 650 790 curiositatis
670 754 815 790 animalia
841 767 857 790 a
904 768 992 804 quo-

58 783 168 804 mmm
251 803 327 840 libet
348 803 386 839 ad
422 805 623 840 nutriendum
646 805 711 839 sive
749 805 990 840 custodiendum

251 853 284 889 in
305 853 527 890 detractionem
550 854 644 890 vestri
682 853 800 889 ordinis
830 855 991 903 suscipere

251 903 468 951 praesumatis
510 902 621 944 Porro
659 911 693 938 ut
737 904 875 951 quietius
925 903 992 940 Deo

250 953 368 989 servire
389 953 528 1001 possitis,
549 961 580 989 et
612 952 809 988 discurrendi
851 966 868 989 a
902 953 991 989 vohis

249 1002 422 1038 necessitas
463 1002 631 1046 auferatur,
674 1003 826 1058 praesenti
875 1003 991 1051 scripto

249 1051 398 1088 duximus
431 1051 670 1099 indulgendum,
708 1060 742 1086 ut
771 1053 796 1087 si
835 1053 992 1100 episcopis

249 1102 372 1142 vestris,
404 1109 457 1137 aut
495 1101 647 1136 malitiose
681 1101 908 1146 differentibus,
943 1103 989 1138 vel

249 1162 307 1199 pro
339 1150 421 1187 iusto
450 1150 677 1199 impedimento
720 1163 781 1186 non
818 1151 992 1186 valentibus

248 1199 464 1236 ordinationes
496 1208 527 1235 et
547 1209 666 1235 caetera
688 1200 898 1236 ecclesiastica
931 1201 992 1236 mi-

249 1250 377 1286 nisteria
399 1249 488 1285 vobis
513 1249 667 1294 conferre,
701 1248 835 1297 aliquem
869 1250 992 1298 episco-

249 1311 396 1355 scopum?
419 1298 458 1335 de
483 1300 573 1334 cuius
599 1299 794 1334 ordinatIone
820 1308 850 1334 et
887 1299 991 1335 officio

271 1347 341 1384 lena
367 1349 409 1385 sit
443 1347 534 1384 nobis
575 1348 696 1393 notitia,
739 1348 894 1404 hospitem
938 1362 992 1384 vos

249 1360 366 1434 liabere
386 1398 563 1444 contigerit,
585 1397 716 1433 liberum
754 1398 793 1433 sit
832 1398 919 1433 vobis
953 1398 992 1434 ab

249 1458 288 1483 eo
312 1455 344 1483 et
364 1447 588 1487 ordinationes,
610 1455 640 1482 et
657 1454 777 1482 caetera
799 1457 990 1483 sacramenta

249 1497 420 1545 suscipere:
442 1497 517 1532 dum
535 1506 640 1532 tamen
663 1497 892 1544 praeiudicium
908 1498 992 1532 dioe-

248 1558 362 1582 cesano
398 1547 548 1595 episcopo
582 1558 643 1582 non
681 1545 792 1581 debeat
831 1559 990 1594 generare.

250 1595 411 1633 Praeterea
435 1595 639 1644 postulatione
676 1604 773 1631 vestra
807 1597 992 1632 clementius

249 1645 401 1688 inclinati.
422 1646 578 1694 praesenti
600 1646 710 1693 pagina
738 1645 887 1681 duximus
915 1647 992 1681 inhi-

66 1589 126 1612 Rnlln
134 1589 237 1612 ecclesis-

55 1622 108 1642 ntea
144 1625 236 1648 person·

54 1650 131 1674 batres
145 1651 236 1673 interdi-

54 1687 104 1704 θὲη
131 1685 168 1704 tul
186 1687 235 1703 ΙΕΞ-
527 1696 532 1700 .
651 1697 656 1702 .
704 1696 709 1701 .
969 1697 974 1702 .

54 1714 148 1742 μειιιιοη
195 1718 236 1741 ρο-
250 1695 399 1737 bendum,
422 1708 460 1731 ne
481 1707 553 1743 quis
573 1695 828 1742 archiepiscopus
858 1696 903 1731 vel
926 1708 993 1743 ept-

54 1746 104 1766 un.

249 1757 377 1793 scopus,
409 1753 462 1780 aut
495 1757 602 1780 eorum
641 1744 800 1789 officiales,
835 1745 993 1781 Ecclesias

249 1802 378 1840 vestras,
411 1807 465 1830 seu
502 1794 661 1841 regulares
694 1806 844 1841 personas
871 1807 992 1833 eorum.

249 1843 370 1892 absque
412 1843 576 1879 manifesta
612 1852 642 1878 et
683 1844 856 1879 rationabili
900 1857 993 1880 causa

251 1893 436 1929 interdicere
467 1905 523 1928 seu
557 1892 751 1940 suspendere
792 1902 992 1941 praesumat:

250 1942 306 1979 sed
325 1942 428 1990 siquid
456 1943 486 1977 in
513 1942 558 1977 eis
579 1941 670 1978 fuerit
691 1942 926 1989 corrigendum,
954 1943 991 1979 ad

250 1992 443 2028 audientiam
469 1991 622 2039 generalis
655 1992 781 2039 capituli
821 1991 995 2028 praemon-

250 2049 381 2078 straten.
404 2040 564 2086 rel'eratur‚
585 2040 670 2076 etibi
698 2050 788 2088 prout
805 2042 951 2083 iustitiae
965 2050 996 2078 et

251 2091 406 2128 honestati
423 2090 611 2138 congruerit,
632 2091 827 2126 emendetur.
849 2090 948 2127 Porro
970 2092 994 2127 si

250 2141 306 2190 qui
331 2141 470 2188 episcopi
496 2148 548 2175 aut
576 2151 683 2175 eorum
707 2139 853 2176 officiales
876 2143 906 2176 in
933 2153 997 2188 per-

251 2199 472 2227 sonasvestras
492 2197 546 2224 aut
567 2188 725 2224 Ecclesias
745 2191 931 2226 sententiam
946 2190 996 2226 ali·

251 2251 346 2288 quam
357 2249 464 2276 contra
477 2239 649 2274 libertatem
661 2238 779 2274 eisdem
792 2251 807 2274 a
818 2240 998 2287 praedeces-

251 2289 376 2326 soribus
392 2290 520 2329 nostris,
538 2287 585 2323 vel
600 2300 616 2323 a
638 2287 730 2322 nobis
751 2288 915 2331 indultam,
930 2301 999 2337 pro-

252 2339 471 2387 mulgaverint,
505 2336 634 2373 eandem
675 2340 872 2379 sententiam
911 2347 1020 2374 tam-.

253 2400 346 2437 quam
377 2397 484 2423 contra
519 2385 719 2434 Apostolicae
754 2386 845 2422 Sedis
879 2389 997 2424 indulta

255 2438 417 2486 prolatam.
450 2438 617 2473 statuimus
655 2437 846 2472 irritandam.
881 2437 997 2474 Decer-

255 2489 358 2523 nimus
383 2499 457 2534 ergo
489 2495 556 2527 etc„
577 2493 659 2521 salva
681 2484 774 2520 Sedis
801 2487 998 2534 Apostslicae

254 2537 447 2573 auctoritate.
470 2536 503 2571 Si
526 2548 586 2584 qua
615 2536 710 2581 igitur
730 2542 781 2569 etc

302 2586 419 2621 Datum
460 2585 549 2620 Reat.
586 2597 642 2639 per
676 2596 802 2618 manum
846 2581 1021 2640 Raynaldil

257 2634 375 2670 domini
403 2635 504 2682 Papae
534 2635 656 2674 notarii,
685 2633 859 2668 cauce-ilarii
898 2647 997 2671 vicem

335 2692 408 2722 Bau.
433 2691 508 2721 Ram.
537 2691 590 2720 iol
610 2691 657 2720 III.
823 2693 853 2720 l?

1037 360 1148 407 prima
1169 372 1253 396 anno
1274 362 1448 398 dominicae
1473 363 1591 398 incarn.
1614 373 1777 402 mcxcvm,

1036 409 1235 454 pontificatus
1258 422 1331 446 vero
1352 411 1470 447 domini
1493 411 1666 448 innocentii
1701 410 1776 459 Pap.

1034 458 1078 495 ΙΙΙ
1103 472 1185 495 anno
1208 461 1320 508 primo.

1103 515 1164 548 Dat.
1181 517 1228 549 die
1249 517 1286 548 27
1309 517 1373 549 iulii
1392 527 1467 548 anno
1489 517 1604 550 Domini
1626 519 1711 556 1198,

1287 563 1389 602 pontis.
1408 573 1483 594 anuo
1505 572 1524 595 1.

1359 740 1429 776 xll.

1035 818 1202 864 Confirmat
1211 818 1377 863 privileyt'a
1395 818 1562 852 Perusinae
1574 819 1704 852 civitatis
1717 820 1773 862 (1).

1299 890 1513 922 SUMMARIUM

1031 962 1199 994 Exordium.
1234 979 1274 985 —
1307 962 1461 994 Perusium
1495 963 1530 993 ad
1569 963 1774 1003 proprietatem

1073 1007 1101 1039 S.
1115 1009 1149 1037 A.
1171 1009 1330 1047 pertinens.
1356 1024 1395 1031 ——
1419 1007 1593 1038 Consulatus
1624 1008 1650 1038 ei
1671 1013 1699 1037 et
1725 1017 1776 1037 an-

1071 1052 1149 1092 tiqua
1169 1052 1318 1092 privilegia
1336 1053 1555 1084 confirmantur.

1031 1123 1199 1154 Innocentius
1217 1124 1359 1162 opiscopus
1376 1131 1471 1155 servus
1489 1131 1630 1155 servorum
1651 1122 1707 1158 Dei.
1735 1123 1774 1155 to·

1075 1174 1138 1204 aaut
1155 1175 1300 1212 potestati.
1320 1175 1350 1205 et
1367 1174 1464 1212 populo
1483 1174 1618 1205 Perustae.

1080 1242 1262 1290 Apostolica
1299 1243 1419 1285 Sedes,
1458 1255 1538 1291 quae
1568 1244 1775 1292 (disponente

1031 1291 1189 1350 Domino)
1215 1301 1399 1329 cunctorum
1431 1293 1570 1329 fidelium
1599 1302 1696 1329 mater
1729 1302 1776 1330 est

1031 1350 1062 1377 et
1089 1344 1248 1390 magistra,
1269 1343 1422 1391 speciales
1440 1343 1520 1379 filios
1541 1344 1683 1391 ampliori
1706 1356 1776 1379 cou-

1031 1394 1134 1429 suevit
1155 1393 1252 1440 gratia
1273 1393 1443 1434 honorare;
1467 1401 1499 1428 ut
1521 1405 1585 1433 eos,
1612 1401 1643 1428 et
1668 1393 1705 1428 ad
1719 1394 1777 1429 de-

1033 1443 1190 1478 votionem
1212 1455 1301 1478 suam
1328 1442 1484 1479 ferventer
1504 1442 1664 1482 accendat.
1687 1451 1717 1479 et
1738 1443 1775 1478 ad

1032 1492 1219 1541 obsequium
1242 1505 1335 1528 suum
1370 1492 1536 1540 diligenter
1566 1493 1685 1528 invitet.
1714 1492 1778 1528 Nos

1032 1553 1122 1589 ergo,
1152 1543 1205 1589 qui
1232 1543 1433 1578 miseratione
1459 1542 1563 1577 divina
1591 1543 1663 1578 huic
1695 1543 1778 1577 San-

1033 1600 1100 1627 ctae
1121 1591 1196 1627 Sedi
1233 1591 1327 1636 (licet
1356 1592 1524 1637 immeriti)
1552 1592 1777 1640 praesidemus,

1033 1642 1219 1681 devotionis,
1241 1650 1270 1676 et
1290 1641 1361 1676 fidei
1386 1643 1565 1689 puritatem,
1591 1655 1682 1690 quam
1705 1655 1778 1689 erga

1035 1700 1162 1726 matrem
1190 1700 1221 1726 et
1254 1692 1412 1726 dominam
1442 1701 1573 1727 vestram
1599 1704 1779 1728 sancrosan-

1034 1750 1114 1776 ctam
1143 1740 1314 1776 Romanam
1345 1741 1516 1777 Ecclesiam
1543 1743 1651 1788 geritis
1672 1751 1780 1777 atten—

1034 1790 1156 1835 dentes,
1181 1791 1287 1826 vestris
1309 1803 1435 1838 quoque
1459 1793 1602 1837 precibus
1629 1793 1779 1835 inclinati,

1034 1852 1115 1886 quos
1141 1841 1221 1875 inter
1254 1840 1333 1875 alios
1360 1840 1468 1876 fideles
1500 1851 1622 1876 nostros
1652 1842 1777 1888 speciali

1035 1889 1184 1925 charitate
1210 1890 1385 1936 diligimus,
1421 1891 1577 1926 civitatem
1612 1891 1779 1932 Perusia,

1035 1951 1114 1994 quae
1135 1938 1175 1974 ad
1198 1940 1246 1974 ius
1279 1949 1308 1975 et
1343 1941 1562 1987 proprietatem
1587 1941 1686 1996 ipsius
1708 1953 1780 1988 per-

1036 1990 1134 2024 tinere
1160 1989 1364 2036 dignoscitur,
1391 2001 1462 2025 cum
1487 1991 1682 2037 pertinentiis
1703 1991 1779 2034 suis,

1036 2046 1067 2072 et
1088 2051 1172 2073 nunc
1195 2039 1318 2077 habitis
1346 2047 1376 2074 et
1399 2039 1429 2074 in
1457 2050 1546 2075 antea
1575 2040 1712 2087 legitime
1728 2052 1781 2075 ac-

1036 2088 1211 2135 quirendis,
1237 2088 1298 2123 sub
1320 2086 1400 2123 beati
1427 2089 1507 2124 Petri
1540 2097 1570 2124 et
1593 2099 1694 2124 nostra
1715 2101 1783 2137 pro-

1036 2138 1173 2172 tectione
1193 2139 1397 2193 suscipimus,
1424 2148 1454 2174 et
1481 2139 1653 2186 praesentis
1673 2139 1780 2185 scripti

1038 2187 1197 2234 privilegio
1223 2188 1466 2223 communimus.
1496 2188 1570 2222 Eam
1599 2200 1671 2223 vero
1694 2200 1782 2222 nuu-

1037 2249 1129 2284 quam
1148 2236 1368 2278 alienabimus,
1390 2237 1444 2272 sed
1467 2249 1593 2285 semper
1614 2237 1651 2272 ad
1671 2249 1783 2273 manus

1038 2294 1160 2321 nostras
1194 2287 1376 2322 curabimus
1403 2288 1546 2322 retinere.
1574 2285 1780 2322 Consulatum

1016 2333 1019 2346 ¹
1037 2344 1140 2370 autem
1163 2347 1233 2370 cum
1257 2335 1471 2370 iurisdictione
1491 2347 1547 2371 sua
1575 2336 1660 2371 vobis
1681 2344 1783 2371 aucto-

1016 2388 1020 2442 ἶ
1039 2385 1127 2421 ritate
1149 2385 1317 2432 apostolica
1339 2386 1582 2420 confirmamus:
1604 2386 1815 2420 conceden-m

1016 2442 1096 2478 mes,
1120 2442 1152 2468 ut
1179 2435 1240 2477 liis,
1276 2435 1329 2481 qui
1353 2443 1425 2470 sunt
1451 2435 1552 2482 ipsius
1574 2436 1781 2471 iurisdiction'·

1017 2484 1185 2528 isubiaeu,
1212 2483 1345 2519 liberum
1374 2488 1413 2520 sit
1439 2485 1477 2519 ad
1504 2493 1703 2531 potestatem,
1736 2488 1781 2520 vel

1017 2532 1214 2577 'consulem
1242 2537 1295 2581 qui
1326 2547 1380 2581 pro
1403 2543 1543 2581 tempore
1560 2534 1684 2575 fuerint
1707 2535 1784 2582 legi-

1039 2591 1115 2618 tzme
1154 2596 1232 2630 appe
1237 2584 1319 2619 llare.
1365 2584 1620 2620 Consuetudines
1657 2596 1783 2633 quoquc

1017 2639 1021 2682 i
1075 2653 1167 2689 (l)Ex
1187 2653 1285 2687 Baluz.l
1307 2654 1388 2687 Epist.
1407 2656 1466 2682 513.

1799 252 1847 278 Λιι.
1861 251 1890 279 C.
1910 251 1976 279 ¹¹08

1820 1258 1938 1284 tinorum.

1807 1908 1915 1930 Perusiurn
1950 1908 1974 1928 at

1808 1943 1956 1967 pr·)pr1et=tem

1795 1971 1814 1993 S.
1822 1972 1845 1992 A.
1857 1972 1965 1998 pertinens

1808 2296 1933 2318 Consulatus
1957 2299 1976 2320 nt

1797 2329 1916 2355 etantiqua
1933 2331 1964 2356 pri

1799 2358 1874 2383 rttegm
1899 2361 1978 2380 contir-

1832 2393 1867 2409 nut
1856 2395 1878 2410 ur
