2129 3223
69 220 118 249 An.
137 218 164 245 C.
187 219 251 246 twa

79 718 184 745 natea-tus
199 725 250 746 upo—

66 751 147 771 itolieis
189 757 248 771 coni-

66 782 160 807 mittitur,
172 784 193 802 ut
201 787 249 802 sen-

66 812 143 833 tentius
160 816 248 832 excom-

65 842 212 862 municationis
227 843 248 863 in

65 880 110 893 eum
121 875 141 893 et
154 872 248 894 fautore!

65 904 118 924 turns
131 902 246 929 publicent,

64 938 85 955 et
112 936 192 954 servari

64 967 126 987 ciunt,

888 222 1072 245 GREGORws
1096 223 1128 244 lx
1154 223 1201 244 ΙΨ.

267 275 345 311 liunt
372 277 401 311 iu
429 288 552 311 causam
577 287 700 317 comes,
728 285 757 311 et
785 276 901 311 baillivi
930 277 1012 321 eius,

266 327 334 373 capi
362 326 490 366 faciunt,
509 334 538 359 et
565 338 581 360 a
596 325 732 360 subditis
758 326 826 361 eius
848 327 916 373 capi
939 338 1014 373 per-

267 375 405 416 mittunt,
439 383 558 409 ettam
594 374 647 408 diu
683 374 815 410 detineri
852 376 1011 422 captivos,

265 425 366 459 donec
388 424 567 458 renuntient
595 424 788 471 quaestioni:
809 424 885 459 alias
900 425 1012 459 Eccle—

265 473 328 508 sias
355 473 488 508 breviter
524 472 773 508 intolerabilibus
795 474 911 508 cruciat
934 474 1012 508 iniu-

265 522 319 556 riis
342 531 371 557 et
395 522 534 565 iacturis,
561 522 643 556 sicut
666 521 756 556 nobis
779 523 1009 568 praedictorum

263 571 486 618 episcoporum
516 571 686 618 lacrymosa
713 572 852 618 querela,
875 581 904 605 et
926 572 1010 606 alio-

263 632 332 655 rum
357 620 566 667 praelatorum
590 619 651 655 fide
673 619 840 666 dignorum
860 621 1010 656 solemnis

264 670 434 704 insinuatio
472 668 628 716 patefecit.
668 668 749 703 Cum
793 670 889 715 igitur
927 678 1009 704 tanta

263 719 389 753 saevitia
417 718 463 753 vel
487 717 615 765 perfidia
642 730 706 753 non
733 719 773 753 sit
800 719 930 753 ulterius
962 727 1008 753 to-

263 767 405 811 leranda,
432 779 501 802 cum
531 767 587 802 etsi
610 779 647 802 ex
674 779 707 802 se
730 767 835 802 minus
857 768 895 802 sit
916 780 1009 802 enor-

264 817 335 857 mis,
358 816 456 851 multo
479 825 581 851 tamen
611 825 739 863 propter
754 817 887 863 exempli
908 817 1010 863 perni-

263 866 342 900 ciem
365 866 504 900 existens
528 865 705 909 enormior,
740 865 828 900 facile
851 874 955 911 posset
977 866 1006 900 in

262 914 498 950 subversionem
522 913 614 956 fidei,
642 923 673 949 et
706 914 935 949 ecclesiasticae
967 915 1007 949 li—

262 963 391 1000 bertatis
411 963 633 999 exterminium
668 963 860 998 redundare:
889 963 1008 998 discre-

262 1013 338 1048 tioni
361 1023 480 1048 vestrae
503 1025 557 1060 per
582 1013 754 1059 apostolica
777 1013 892 1059 scripta
915 1026 1006 1047 man-

261 1061 373 1097 damus
406 1070 562 1109 quatenus
590 1062 764 1108 praedictas
790 1063 1008 1096 excommuni-

260 1112 404 1151 cationis,
423 1120 452 1146 et
466 1111 623 1146 interdicti
641 1111 815 1145 sententias
827 1111 1007 1146 solemniter

260 1160 475 1207 publicantes,
510 1169 541 1195 et
568 1160 718 1195 facientes
745 1172 800 1207 per
823 1168 925 1207 partes
948 1173 1007 1206 pu-

261 1209 367 1245 blicari
391 1210 508 1244 vicinas
534 1209 694 1244 renovetis
720 1209 845 1244 easdem
873 1209 1007 1255 singulis

259 1258 428 1294 dominicis
462 1258 574 1293 diebus
605 1267 634 1292 et
665 1259 800 1299 festivis,
835 1266 865 1292 et
888 1258 1006 1292 faciatis

259 1309 443 1344 auctoritate
474 1316 591 1348 nostra,
614 1307 761 1342 submoto
787 1307 1007 1353 appellationis

258 1356 439 1398 obstaculo,
468 1368 566 1404 usque
593 1356 629 1390 ad
654 1356 899 1390 satisfactionem
928 1368 1006 1390 con-

258 1405 386 1453 dignam
410 1405 631 1440 inviolabiliter
652 1405 823 1445 observari,
846 1413 1006 1451 totamque

258 1463 371 1490 terram
399 1456 478 1496 eius,
507 1466 628 1489 necnon
666 1454 731 1488 loca
760 1454 798 1488 ad
822 1466 901 1500 quae
924 1454 1004 1488 idem

257 1516 365 1540 comes
405 1504 581 1552 pervenerit
623 1511 873 1549 superponentes
909 1503 1005 1538 eccle-

258 1554 384 1589 siastico
415 1552 598 1593 interdicto,
635 1553 674 1586 ita
706 1552 791 1599 quod
819 1552 858 1586 ibi
884 1551 1005 1587 nullum

258 1603 400 1638 divinum
428 1602 566 1638 officium
591 1600 771 1637 celebretur
793 1609 916 1648 praeter
936 1613 1008 1648 poe-

257 1652 422 1688 nitentiam
445 1651 648 1686 morientium
677 1659 707 1685 et
728 1650 915 1698 baptismata
943 1663 1005 1696 par·

258 1702 425 1743 vulorum,
448 1701 549 1736 donec
573 1700 654 1734 idem
677 1712 784 1735 comes
806 1712 902 1746 super
924 1712 1005 1746 prae-

258 1752 365 1786 missis
398 1750 547 1785 omnihus
577 1749 745 1784 satisfaciat
778 1757 1005 1795 competenter.

259 1799 479 1835 Praenotatum
494 1806 599 1833 autem
620 1799 829 1832 iuramentum
849 1797 929 1843 apud
946 1797 1008 1831 Ro-

259 1848 415 1884 thonense
436 1847 664 1883 monasterium
695 1845 886 1881 celebratum
921 1846 1005 1892 quod

258 1906 495 1946 praesumptum
527 1895 633 1930 illicite
655 1895 771 1930 servari
800 1907 860 1929 non
884 1903 1005 1942 potest,

258 1954 417 1982 mutantes
442 1947 608 1989 iuratores,
623 1953 657 1979 ut
679 1945 707 1978 id
730 1944 886 1984 abiurent,
901 1943 1008 1991 appel-

258 1996 375 2032 latione
402 2002 530 2037 remota,
547 2006 601 2041 per
623 2006 787 2028 censuram
815 1992 1007 2027 ecclesiasti-

259 2057 326 2081 cam
346 2044 553 2090 compellatis.
578 2041 719 2077 Clericos
737 2054 862 2089 quoque
887 2043 915 2076 iu
939 2042 1007 2076 eius

259 2094 386 2130 servitio
412 2092 603 2128 familiariter
629 2099 880 2135 commorantes,
909 2099 941 2125 ut
969 2091 1006 2125 ab

259 2144 328 2191 ipso
351 2143 513 2182 recedant,
542 2141 714 2175 monitione
736 2141 923 2187 praemissa,
952 2152 1007 2187 per

259 2192 503 2228 subtractionem
522 2189 758 2227 beneficiorum,
775 2198 805 2224 et
820 2202 1007 2224 excommu-

260 2241 429 2278 nicationis
451 2239 637 2275 sententiam
661 2238 869 2285 appellatione
887 2246 1005 2272 remota

260 2292 389 2338 cogatis.
413 2290 499 2324 Alios
521 2300 645 2335 quoque
672 2287 844 2334 complices
878 2296 907 2321 et
934 2288 1007 2321 fau-

261 2349 361 2381 tores,
388 2339 448 2374 nisi
483 2338 594 2373 moniti
627 2337 828 2383 resipuerint,
850 2337 1007 2371 sententia

260 2390 354 2425 simili
390 2387 577 2436 percellatis.
613 2386 705 2428 Quod
738 2385 764 2420 si
801 2385 879 2420 forte
905 2385 1008 2420 dictus

260 2451 385 2482 comes,
412 2449 470 2472 nec
491 2437 536 2471 sic
557 2435 595 2470 ad
621 2447 675 2469 cor
697 2434 835 2475 redierit,
867 2442 901 2469 ut
923 2434 1006 2479 Deo,

261 2495 291 2524 et
322 2487 503 2527 Ecclesiae,
539 2494 569 2520 et
606 2484 749 2519 iniuriam
783 2483 880 2530 passis
911 2496 1008 2530 super

263 2536 443 2583 praemissis
465 2534 614 2569 omnibus
641 2534 720 2568 intra
755 2539 889 2579 quatuor
916 2545 1006 2566 men-

261 2596 332 2629 ses,
367 2593 528 2631 postquam
554 2595 568 2616 a
605 2582 692 2615 vobis
724 2581 862 2614 monitus
897 2581 1005 2621 fuerit,

338 2641 413 2671 Ruit.
431 2640 508 2670 Hom.
533 2639 585 2668 t'ot.
607 2638 658 2667 III.
851 2637 888 2667 55

1690 217 1751 232 Ι--

1692 225 1754 247 1.»st

1053 277 1295 312 satisfactionem
1311 279 1456 313 exhibeat
1470 288 1716 326 competentem,
1740 293 1805 318 vas-

1053 327 1147 361 sallus
1169 335 1199 360 et
1220 327 1436 363 confederatos
1454 329 1523 364 eius
1546 342 1560 363 a
1584 329 1742 366 fidelitatis
1771 342 1800 367 et

1053 376 1318 411 confederationis
1340 377 1439 423 ipsius
1462 379 1643 414 iuramentis
1677 381 1802 426 penitus

1052 425 1230 460 absolvatis.
1266 425 1357 467 Quod
1375 427 1399 461 si
1429 440 1489 462 non
1522 441 1633 463 omncs
1666 429 1704 465 iis
1726 442 1800 466 exe-

1052 474 1185 521 quendis
1214 475 1343 522 potestis
1370 476 1536 511 interesse:
1567 486 1596 512 tu
1631 492 1678 523 ea,
1707 479 1800 516 frater

1052 525 1214 569 episcope,
1238 537 1309 558 cuni
1333 537 1441 559 eornm
1469 526 1565 560 altero
1592 527 1799 564 nihilominus

1052 573 1225 619 exequaris.
1254 573 1371 608 Verum
1391 575 1461 620 quia
1483 576 1698 612 medicinalem
1715 578 1796 613 Petri

1050 622 1186 667 gladium
1212 635 1273 657 non
1305 623 1524 665 formidantes,
1547 627 1697 661 saeculari
1725 639 1798 663 suut

1050 670 1154 717 gladio
1181 672 1429 719 contin-intendi,
1467 686 1504 707 ne
1536 674 1574 708 tle
1601 687 1655 710 sna
1680 677 1796 712 malitia

1050 720 1241 766 glorientur,
1267 721 1465 756 serenitatem
1491 724 1606 769 regiam
1630 737 1797 772 rogamus,

1051 781 1228 811 monemus,
1254 778 1284 804 et
1305 770 1507 806 exhortamur
1529 781 1656 813 attente,
1688 785 1798 822 quate-

1050 830 1108 852 nus
1131 818 1303 865 prudenter
1324 820 1500 861 attendens,
1527 821 1611 868 quod
1635 823 1692 857 nisi
1713 837 1798 871 prae-

1050 866 1129 901 fatus
1153 880 1259 902 comes
1288 869 1317 902 in
1342 869 1523 904 huiusmodi
1548 874 1700 917 protervia
1718 886 1798 909 con-

1050 916 1214 958 fundatur,
1247 918 1350 959 gravia
1385 919 1458 953 inde
1495 921 1630 966 pericula
1667 933 1796 969 possent

1050 965 1220 1006 formidari,
1243 966 1314 1001 fidei
1338 967 1405 1002 zelo
1426 980 1609 1013 succensus,
1637 980 1665 1005 et
1689 985 1796 1018 paren-

1049 1022 1113 1048 tum
1137 1027 1266 1049 suorum
1291 1017 1442 1063 exemplis
1473 1018 1655 1058 inhaerens,
1690 1021 1794 1064 illum,

1049 1072 1079 1097 nt
1115 1063 1152 1098 ad
1180 1064 1338 1100 Ecclesiae
1366 1066 1470 1101 redeat
1494 1068 1657 1111 unitatem,
1685 1071 1794 1105 tradita

1049 1112 1101 1145 tibi
1129 1113 1259 1147 caelitus
1282 1122 1432 1159 potestate
1455 1117 1635 1162 compellas,
1661 1119 1699 1153 ita
1724 1132 1795 1164 pro-

1047 1171 1215 1196 secuturus
1237 1164 1327 1197 Com.
1353 1191 1359 1196 .
1385 1191 1391 1198 .
1415 1164 1544 1209 Christi,
1566 1167 1650 1212 quod
1681 1168 1796 1203 exinde

1049 1211 1302 1258 propitiationem
1326 1213 1464 1248 divinam
1488 1214 1616 1250 uberius
1633 1218 1795 1262 merearis,

1047 1269 1076 1294 et
1099 1272 1156 1294 nos
1182 1261 1395 1297 sinceritatem
1424 1271 1507 1297 tuam
1532 1264 1703 1300 debeamus
1732 1279 1796 1302 me-

1049 1309 1106 1343 rito
1129 1310 1363 1345 commendare.

1097 1357 1211 1393 Datum
1247 1359 1375 1401 Assisii‚
1407 1370 1518 1408 quarto
1547 1361 1670 1398 kalend.
1701 1365 1795 1408 iunii⁷

1048 1407 1245 1453 pontificatus
1268 1410 1364 1443 nostri
1392 1422 1475 1444 anno
1496 1411 1647 1446 secundo.

1107 1463 1166 1493 nat.
1191 1464 1236 1493 die
1260 1465 1297 1494 229
1313 1467 1380 1495 maii
1406 1466 1489 1500 1228,
1514 1468 1614 1506 pontis.
1639 1478 1684 1498 nn.
1707 1479 1736 1499 ti.

1371 1543 1472 1551 -——..

1398 1638 1451 1672 xt.

1048 1718 1240 1760 Approbutio
1283 1724 1466 1751 statutorum
1502 1720 1646 1753 abbatum
1679 1722 1797 1755 ordinis

1097 1767 1208 1799 Sancti
1224 1767 1379 1799 Benedicti
1390 1768 1423 1800 in
1434 1769 1597 1813 provincia
1616 1769 1795 1804 Narbonen.

1097 1817 1138 1847 ad
1171 1817 1408 1849 restaurandam
1447 1818 1619 1860 -reyutarem
1653 1819 1796 1863 discipti—

1097 1876 1169 1896 nam
1198 1868 1253 1898 tl‘i.

1315 1938 1527 1968 stntMAtttUM

1047 2005 1086 2037 De
1099 2008 1236 2047 capitulis
1248 2008 1477 2047 provincialibus
1489 2019 1503 2039 a
1517 2010 1703 2048 regularibus
1715 2020 1785 2052 quot
1794 2029 1801 2034 ·

1086 2052 1172 2082 annis
1186 2053 1334 2090 cogendis.
1350 2069 1389 2075 —
1399 2052 1510 2083 Statuta
1522 2063 1536 2083 a
1553 2054 1693 2093 delegatis
1707 2063 1799 2095 apost.

1087 2095 1143 2125 lata
1168 2105 1217 2135 pro
1240 2097 1341 2126 ordine
1357 2096 1524 2127 Cistercien.
1548 2099 1714 2137 provinciae
1728 2099 1801 2129 Nar-

1088 2138 1193 2170 bonen.
1211 2157 1250 2162 —
1265 2140 1404 2178 Gregorio
1424 2142 1622 2180 supplicatum
1643 2148 1673 2172 ut
1692 2152 1724 2173 ea
1745 2153 1799 2182 ap-

1088 2184 1231 2222 probaret,
1270 2185 1348 2223 quod
1384 2190 1519 2224 praestat:
1554 2202 1592 2208 -
1634 2186 1801 2227 Eorumque

1088 2228 1231 2267 praecipit
1249 2228 1474 2259 observantiam.
1491 2245 1529 2251 —
1545 2229 1665 2259 Statuta.
1683 2246 1721 2254 —=
1744 2230 1786 2260 Ab

1088 2271 1180 2308 bates,
1200 2273 1312 2311 priores
1331 2278 1380 2302 etc.
1400 2274 1523 2303 reddant
1557 2275 1699 2304 rationem
1730 2285 1800 2305 suae

1088 2316 1354 2346 administrationis
1371 2318 1400 2347 in
1413 2317 1540 2355 capitulo
1556 2318 1686 2356 generali
1703 2319 1799 2349 cuius*

1088 2369 1144 2399 que
1169 2362 1349 2391 monasterii.
1370 2378 1409 2383 —
1439 2361 1547 2396 Quales
1570 2362 1639 2400 eligi
1676 2363 1800 2393 debeant

1090 2405 1203 2442 priores
1226 2405 1410 2435 claustrales.
1432 2422 1470 2428 —
1504 2405 1600 2436 Lectio
1619 2407 1739 2445 regulae
1770 2409 1800 2438 in

1089 2449 1226 2487 capitulo.
1239 2465 1276 2471 —
1294 2449 1448 2480 Silentium
1468 2449 1574 2489 quibus
1593 2451 1622 2480 in
1633 2450 1706 2482 locis
1718 2461 1800 2491 prae÷

1089 2493 1189 2522 sertim
1224 2493 1392 2523 tenendum.
1416 2510 1453 2515 —-
1486 2493 1543 2523 lter
1565 2493 1705 2525 facientes
1730 2494 1800 2526 Broc

1090 2536 1213 2566 riarium
1231 2537 1365 2567 habeant.
1390 2555 1426 2561 --
1446 2538 1514 2569 Sine
1535 2539 1652 2569 licentia
1669 2540 1801 2579 superio*

1085 2598 1124 2632 (t)
1142 2598 1180 2625 Ex
1197 2598 1318 2625 Dacherii
1335 2598 1468 2634 Spicileg.,
1487 2603 1551 2626 tom.
1572 2607 1609 2632 vi,
1628 2609 1687 2635 pag.
1706 2601 1747 2626 30.

1818 225 1866 249 An.
1887 224 1999 250 012ἳὸ
