2129 3223
155 303 197 328 λη,
217 303 244 327 (ἶ.
267 302 332 327 1255

399 289 468 321 598

348 365 416 388 rum
444 350 527 385 Petri
555 356 585 383 et
607 347 695 382 Pauli
729 346 941 394 apostolorum
968 345 1035 380 eius
1063 356 1095 378 se

347 400 467 436 noverit
494 398 708 434 incursurum.

393 448 510 484 Datum
532 446 664 494 Neapoli
686 445 827 481 secundo
860 456 958 479 nonas
982 441 1094 485 martii,

344 511 429 534 anno
457 497 568 545 primo.

400 559 461 589 Dat.
478 559 525 589 die
543 558 561 588 6
581 557 676 588 martii
696 557 779 593 1255,
802 555 904 596 pontis.
923 563 998 584 anno
1021 562 1039 582 1.

694 715 745 749 Vl.

349 800 441 841 Quod
461 799 496 833 de
521 806 637 832 caetero
659 797 691 830 in
713 795 937 830 cathedralibus
976 800 1001 826 et
1025 792 1094 824 aliis

397 848 537 883 Ecclesiis
559 848 659 880 nullus
680 847 712 879 in
732 845 914 879 canonicum
928 841 1095 886 recipiatur

392 899 477 931 ultra
497 907 658 930 numerum
679 895 896 929 canonicorum
911 897 1094 929 consuetum,

391 946 653 991 expectativarum
684 944 790 978 litteris
819 942 942 975 nzinime
977 939 1096 985 suffra-

391 995 539 1040 9antibus
560 995 616 1037 (1).

608 1069 821 1101 SUMMARIUM

342 1141 454 1171 Causae
470 1139 609 1169 serendae
624 1137 708 1176 legis.
727 1152 766 1159 —
783 1135 947 1165 Decretum.
968 1149 1005 1154 —
1019 1130 1095 1166 Quid

381 1184 527 1223 agendum
558 1183 593 1213 de
626 1181 778 1211 canonicis
808 1188 895 1219 supra
929 1188 1095 1209 numerum.

381 1244 420 1251 —
441 1227 481 1258 De
505 1236 563 1257 non
587 1225 766 1265 recipiendis
789 1224 823 1253 ad
851 1223 993 1253 beneficia
1017 1227 1096 1252 ante-

382 1280 470 1311 quam
491 1275 601 1300 vacent.

342 1347 494 1376 Alexander
508 1345 650 1382 episcopus
668 1350 764 1373 servus
780 1349 921 1372 servorum
942 1341 999 1374 Dei,
1019 1347 1096 1370 vene·

388 1394 522 1423 rabilibus
541 1393 683 1422 fratribus
705 1391 840 1421 universis
859 1389 1039 1426 patriarchis.
1052 1396 1096 1418 ar-

388 1442 578 1479 chiepiscopis.
598 1442 743 1478 episcopis,
763 1442 793 1469 et
810 1439 923 1468 dilectis
939 1438 1005 1467 filiis
1023 1438 1097 1474 prio-

389 1493 475 1526 ribus,
495 1491 614 1524 decanis.
633 1489 830 1519 archidiaconis
844 1490 873 1517 et
892 1488 954 1517 aliis
964 1488 1098 1516 Ecclesia-

389 1548 450 1570 rum
468 1540 615 1577 praetatis.
635 1545 736 1568 necnon
755 1537 897 1573 capitulis.
911 1537 1096 1568 conventibus,

390 1592 418 1619 ot
432 1590 557 1626 collegiis
569 1589 732 1620 eorumdem.
745 1587 863 1616 salutem
875 1586 905 1614 et
919 1586 1097 1621 apostolicam

389 1639 614 1669 benedictionem.

395 1710 593 1746 Execrabilis
620 1708 828 1756 quorumdam
852 1707 994 1747 ambitio,
1017 1718 1098 1753 quae

161 1775 241 1792 caum
258 1769 332 1789 fer-n-
346 1772 474 1807 semper
497 1759 566 1807 plus
587 1758 740 1801 ambiens,
761 1766 791 1792 et
815 1757 847 1791 fit
878 1757 977 1802 magis
1010 1767 1098 1789 msa-

150 1804 186 1822 iae
203 1801 255 1827 tegis

347 1809 475 1850 tiabilis,
497 1821 561 1856 quo
583 1807 644 1843 sibi
666 1807 803 1853 amplius
839 1805 1032 1851 indulgetur,
1070 1812 1100 1838 et

347 1859 528 1906 importuna
554 1856 751 1905 improbitas,
767 1867 892 1890 causam
908 1853 1033 1889 dedisse
1048 1865 1101 1888 uo-

347 1914 490 1948 seuntur,
512 1906 596 1954 quod
624 1906 655 1940 in
678 1904 841 1940 nonnullis
864 1903 1016 1939 Ecclesiis
1037 1902 1099 1937 de—

347 1969 428 1998 cem,
456 1957 488 1991 in
510 1955 670 2003 aliquibus
696 1954 817 2001 viginti,
856 1953 885 1986 in
920 1952 991 1987 aliis
1027 1964 1100 1986 vero

348 2007 514 2053 pauciores
537 2013 590 2040 aut
609 2004 728 2051 plures,
750 2004 813 2037 sive
829 2002 922 2037 Sedis
956 2002 1100 2048 Aposto—

348 2055 438 2093 licae,
461 2054 508 2089 vel
531 2054 703 2100 legatorum
727 2053 796 2087 eius
822 2050 1022 2094 auctoritate,
1048 2057 1102 2084 aut

350 2104 477 2151 proprio
500 2110 587 2138 motu
614 2101 826 2149 capitulorum
853 2100 1003 2147 ipsarum,
1043 2111 1098 2133 seu

349 2165 405 2200 per
425 2153 514 2196 alios,
537 2152 573 2186 ad
593 2163 673 2198 quos
690 2149 874 2185 eorumdem
898 2155 1018 2195 spectat
1052 2159 1095 2182 re-

349 2202 454 2249 ceptio
489 2201 519 2235 in
556 2200 737 2239 canonicos,
768 2206 843 2233 sunt
881 2197 1009 2244 recepti,
1046 2197 1097 2243 qui

351 2251 490 2286 nondum
513 2249 617 2296 adepti
640 2257 713 2284 sunt
738 2246 886 2282 beneficia
910 2247 941 2280 in
968 2245 1101 2287 eisdem,

351 2302 460 2346 sicque
475 2299 552 2334 tales
575 2298 635 2333 sub
661 2298 796 2340 diutina,
823 2308 895 2331 cum
915 2295 1004 2330 multi
1028 2295 1101 2336 sint,

351 2348 569 2396 expectatione
593 2355 754 2381 manentes
766 2344 904 2380 frustrati
926 2356 993 2391 spe,
1007 2355 1100 2391 quam

352 2398 391 2433 de
413 2410 467 2432 sua
492 2397 670 2444 provisione
697 2402 920 2442 conceperant,
947 2393 998 2428 vix
1028 2404 1100 2439 pos-

352 2454 425 2482 sunt
447 2446 586 2493 assequi,
622 2444 707 2491 quod
743 2443 922 2483 intendunt,
962 2450 992 2477 et
1031 2441 1102 2486 illis,

352 2495 390 2530 ad
413 2507 494 2542 quos
515 2493 756 2537 beneficiorum,
775 2504 828 2528 seu
852 2491 1102 2539 praebendarum

353 2544 383 2578 in
405 2543 524 2579 eisdem
541 2542 696 2578 Ecclesiis
717 2542 842 2577 collatio
868 2549 1010 2588 spectare
1049 2539 1104 2574 di-

353 2593 528 2639 gnoscitur,
545 2592 677 2627 facultas
698 2591 859 2631 adimitur,
882 2590 1007 2631 eadem,
1031 2600 1102 2623 cum

390 2660 429 2695 (¹)
446 2661 482 2687 Ex
501 2661 605 2696 aegest.
626 2660 711 2687 vatic.

926 291 1049 314 BULLAR
1055 291 1062 312 l
1068 290 1112 312 ΗΜ
1142 289 1253 311 ΚΟΜΑΝ
1260 289 1302 311 [Ἤ

1137 342 1323 382 vacaverint,
1357 342 1500 388 personis
1533 340 1656 376 idoneis
1688 340 1881 376 conferendi.

1136 391 1216 426 Cum
1241 391 1333 437 igitur
1355 390 1555 437 Apostolicae
1579 390 1672 426 Sedis
1696 389 1883 437 benignitas,

1135 441 1187 475 illo
1209 440 1321 475 affectu
1345 439 1436 486 dirigi
1459 439 1571 475 debeat
1593 440 1622 474 in
1652 439 1883 486 provisionibus

1134 490 1332 529 clericorum,
1360 489 1442 536 quod
1465 489 1512 524 eis
1538 488 1713 524 consolatio
1739 488 1785 523 sic
1815 501 1881 536 pro-

1135 539 1249 582 veniat,
1273 548 1305 574 ut
1335 537 1485 573 Ecclesiis
1511 537 1645 572 turbatio
1679 537 1726 572 vel
1753 537 1882 584 dispen-

1134 587 1220 622 dium
1244 599 1305 623 non
1337 587 1525 628 incumbat3
1570 599 1627 622 nos
1659 586 1881 625 attendentes,

1134 637 1220 683 quod
1243 637 1371 671 istorum
1401 636 1623 676 numerositas,
1645 648 1726 683 quae
1755 644 1883 684 propter

1136 686 1402 732 importunitatem
1428 685 1601 730 petentium
1625 684 1655 719 in
1692 685 1882 721 immensum

1135 735 1281 775 excrevit,
1309 733 1472 769 nonnullis
1508 733 1586 780 parit
1620 733 1803 768 scandalum
1854 742 1883 768 et

1135 784 1296 819 horrorem
1314 811 1321 824 ,
1364 795 1436 818 cum
1474 783 1503 817 in
1549 783 1706 829 plerisque
1734 782 1885 818 Ecclesiis

1136 841 1217 867 tanta
1241 833 1279 868 sit
1302 832 1510 879 expectationi
1529 831 1708 872 multitudo,
1723 831 1808 878 quod
1830 844 1885 866 ex-

1135 882 1224 917 cedat
1247 893 1411 916 numerum
1436 880 1700 927 praebendarum,
1742 882 1886 927 cogimur

1135 931 1310 977 excogitare
1334 930 1520 971 remedium,
1549 942 1604 977 per
1627 930 1710 977 quod
1733 929 1888 965 Ecclesia-

1137 993 1203 1014 rum
1231 980 1374 1014 obvietur
1397 978 1583 1026 dispendiis,
1602 987 1633 1013 et
1663 991 1771 1013 earum
1809 991 1887 1026 per—

1135 1029 1222 1063 sonis
1243 1029 1334 1075 quies
1377 1037 1406 1062 et
1446 1027 1653 1075 tranquillitas
1689 1036 1885 1075 procuretur.

1135 1078 1202 1113 Hac
1224 1078 1328 1124 itaque
1351 1078 1601 1112 consideratione
1618 1077 1750 1116 inducti,
1770 1076 1809 1111 de
1830 1076 1889 1112 fra-

1137 1135 1217 1161 trum
1264 1135 1441 1161 uostrorum
1482 1126 1614 1161 consilio
1653 1127 1699 1161 sic
1738 1125 1888 1161 duximus

1136 1175 1360 1219 ordinandum,
1389 1183 1420 1210 ut
1450 1175 1480 1209 in
1514 1175 1666 1210 Ecclesiis
1701 1175 1731 1209 in
1772 1175 1888 1222 quibus

1138 1225 1265 1272 plures,
1293 1236 1387 1271 quam
1431 1232 1565 1270 quatuor
1599 1224 1713 1270 recepti
1750 1223 1887 1262 fuerim,

1137 1275 1201 1309 sive
1224 1274 1395 1309 litterarum
1412 1273 1513 1308 dictae
1527 1273 1631 1316 Sedis,
1652 1273 1697 1307 vel
1714 1273 1886 1318 legatorum

1138 1324 1236 1370 ipsius
1257 1322 1455 1365 auctoritate,
1477 1331 1528 1357 aut
1557 1322 1681 1368 proprio
1720 1331 1804 1356 motu
1835 1334 1888 1357 ca-

1138 1372 1307 1419 pitulorum
1331 1371 1484 1418 ipsorum,
1514 1372 1558 1404 vel
1586 1371 1720 1405 aliorum
1744 1370 1780 1405 ad
1809 1383 1889 1418 quos

1138 1420 1275 1468 receptio
1288 1420 1422 1467 pertinet
1445 1419 1641 1459 eorumdem,
1655 1429 1788 1466 quatuor
1802 1420 1888 1454 dum-

1137 1478 1220 1504 taxat
1247 1470 1277 1504 in
1317 1469 1397 1516 ipsis
1419 1469 1573 1503 Ecclesiis
1595 1468 1655 1502 iam
1684 1468 1813 1503 admissi
1839 1481 1889 1504 re-

1138 1526 1295 1558 maneant,
1323 1526 1353 1552 et
1375 1518 1438 1552 sint
1459 1518 1600 1552 canonici
1625 1517 1654 1551 in
1675 1517 1806 1559 eisdem,
1838 1529 1888 1552 re-

1137 1568 1300 1614 ceptiones
1322 1566 1417 1601 factas
1444 1566 1482 1600 de
1506 1566 1634 1612 reliquis
1658 1566 1687 1600 in
1711 1566 1804 1601 dictis
1830 1566 1889 1601 Eo-

1137 1616 1242 1651 clesiis
1264 1616 1302 1650 de
1324 1615 1452 1649 fratrum
1482 1623 1659 1650 nostrorum
1682 1615 1814 1650 consilio
1833 1627 1890 1662 pe-

1139 1665 1224 1699 nitus
1248 1664 1406 1699 irritantes
1433 1676 1468 1699 ac
1494 1663 1701 1699 decernentes
1727 1676 1780 1699 eos
1800 1692 1808 1705 ,
1850 1664 1888 1699 ad

1138 1726 1220 1761 quos
1249 1714 1280 1747 in
1320 1714 1398 1760 ipsis
1436 1712 1587 1747 Ecclesiis
1627 1712 1888 1759 praebendarum.

1139 1775 1194 1797 seu
1217 1762 1444 1796 beneficiorum
1472 1770 1592 1808 spectat
1613 1761 1750 1807 collatio,
1764 1762 1800 1796 ad
1817 1774 1889 1809 pro-

1142 1812 1294 1847 visionem
1316 1811 1514 1858 reliquorum
1531 1811 1728 1858 aliquatenus
1755 1823 1816 1845 non
1839 1820 1887 1846 te-

1143 1861 1220 1896 neri.
1244 1860 1450 1895 Declaramus
1465 1872 1592 1907 quoque
1608 1860 1791 1895 auctoritate
1807 1872 1891 1908 prae-

1140 1910 1290 1946 sentium.
1312 1909 1349 1944 ad
1374 1921 1501 1944 omnem
1526 1909 1698 1956 iurgiorum
1729 1909 1888 1944 materiam

1140 1958 1376 2006 amputandam,
1405 1967 1436 1993 ut
1463 1959 1494 1998 ii,
1516 1959 1570 2005 qui
1598 1970 1655 2005 per
1676 1958 1781 1993 literas
1811 1970 1890 2005 apo-

1140 2009 1265 2043 stolicas
1292 2007 1322 2041 in
1348 2008 1427 2054 ipsis
1453 2007 1604 2042 Ecclesiis
1625 2008 1741 2054 recepti
1765 2007 1890 2047 fuerint,

1140 2057 1282 2092 canonici
1306 2064 1490 2091 remaneant
1513 2056 1544 2090 in
1566 2056 1697 2096 eisdem,
1721 2068 1821 2104 usque
1851 2055 1888 2091 ad

1141 2105 1374 2153 quaternarium
1428 2117 1597 2140 numerum
1644 2105 1862 2152 supradictum
1881 2132 1889 2145 ,

1141 2156 1233 2190 etiam
1258 2162 1328 2202 post
1349 2154 1678 2201 receptoslegatorum
1692 2154 1889 2197 auctoritate,

1142 2204 1187 2238 vel
1202 2216 1256 2250 per
1270 2204 1348 2238 alios
1363 2215 1581 2251 quoscumque
1594 2203 1624 2237 in
1643 2202 1719 2250 ipsis
1738 2201 1890 2238 Ecclesiis

1142 2262 1216 2288 sunt
1239 2253 1363 2299 recepti.
1386 2251 1540 2287 Volumus
1561 2259 1678 2295 autem,
1702 2259 1734 2285 ut
1759 2252 1784 2286 si
1811 2251 1888 2286 ultra

1142 2311 1287 2349 quatuor,
1301 2301 1486 2337 auctoritate
1507 2301 1680 2336 litterarum
1695 2299 1788 2335 Sedis
1806 2299 1890 2347 Apo-

1142 2352 1282 2390 stolicae,
1321 2351 1352 2384 in
1391 2350 1550 2398 aliquibus
1586 2349 1738 2384 Ecclesiis
1773 2350 1889 2394 recepti

1144 2400 1272 2444 fuerint,
1293 2412 1332 2434 ex
1359 2398 1434 2446 ipsis
1460 2406 1580 2434 tantum
1617 2406 1751 2446 quatuor
1787 2398 1890 2444 primo

1144 2450 1260 2496 recepti
1283 2456 1476 2492 remaneant,
1505 2446 1711 2495 praebendas,
1745 2457 1801 2481 seu
1835 2445 1890 2482 be-

1144 2499 1263 2538 neficia,
1286 2497 1370 2532 iuxta
1408 2496 1598 2544 receptionis
1636 2507 1710 2530 suae
1744 2494 1889 2530 ordinem

1144 2548 1331 2594 percepturi,
1353 2546 1409 2581 nisi
1432 2546 1528 2592 aliqui
1550 2557 1589 2580 ex
1616 2543 1782 2592 praedictis
1810 2556 1888 2592 qua-

1142 2603 1214 2631 tuor
1236 2595 1346 2631 eadem
1364 2595 1547 2630 auctoritate
1562 2594 1676 2642 recepti
1691 2593 1808 2628 fuerint
1823 2594 1889 2628 iure

1144 2645 1249 2692 aliquo
1269 2645 1416 2692 potiores.
1441 2642 1533 2687 Quod
1572 2643 1598 2678 si
1632 2642 1794 2691 pauciores
1827 2641 1888 2678 sim

1899 285 1947 312 An.
1967 287 1994 312 C.
2012 284 2079 312 ¹25⁸

1933 1084 2051 1106 Decretum,

1916 1867 1970 1894 Quid
1984 1867 2086 1892 agendum

1904 1898 1929 1919 de
1939 1898 2048 1918 canonicis
2054 1903 2087 1918 sn-

1903 1933 1941 1954 pra
1955 1932 2073 1949 numerum.
