2129 3223
51 235 100 262 Αιι.
119 234 148 261 C.
166 235 232 261 12¹8

78 488 187 509 Clausulne

61 2483 159 2506 Decernit
170 2484 227 2506 Pon-

48 2514 97 2536 itte:

78 2575 184 2602 molestet,

852 228 1060 253 lNNOCENTlUS
1087 229 1123 251 lll
1148 229 1196 251 ΡΙ).

248 288 357 323 redum
380 295 524 330 tuorum,
558 284 605 320 vel
632 284 726 318 etiam
751 283 921 339 praefatum
949 295 995 318 re-

245 349 342 382 rnum
364 343 482 370 temere
505 333 705 381 perturbare,
733 341 786 367 aut
820 333 889 368 eius
919 344 994 380 pos-

245 386 402 420 sessiones
431 383 571 423 atiserre‚
606 383 655 417 vel
693 381 810 416 ablatas
837 382 991 421 retinere,

245 434 398 473 minuere
432 441 485 468 aut
522 431 679 479 aliquibus
707 431 921 465 vexationibus
947 431 994 465 sa-

245 483 354 529 tigare.
389 482 424 518 Si
450 493 511 529 qua
539 481 636 528 igitur
668 481 698 515 in
729 480 867 515 l'uturum
893 479 994 515 eccle—

243 532 367 566 siastica
385 531 594 567 saecularisve
609 541 753 578 persona,
773 529 852 564 lianc
871 538 995 564 nostrae

242 580 476 616 constitutionis
498 579 642 627 paginam
661 579 776 619 sciens,
795 586 903 613 contra
925 590 993 613 eam

243 638 360 665 temere
381 630 488 665 venire
505 628 679 673 tentaverit,
693 627 847 672 secundo,
865 627 995 662 tertiove

242 679 447 720 commonita,
475 678 534 713 nisi
562 686 684 713 reatum
725 689 819 711 suum
854 688 993 723 congrua

242 728 452 764 satisfactione
473 727 654 768 correxerit,
671 726 831 774 potestatis
853 725 996 760 honoris-

241 789 303 824 que
328 777 376 812 sui
400 776 552 824 dignitate
573 784 691 820 careat,
719 786 866 822 reamque
888 786 922 809 se
942 774 994 808 di-

241 827 314 862 vino
341 825 460 861 iudicio
492 825 627 860 existere
653 825 693 860 de
727 831 901 871 perpetrata
931 824 992 857 ini-

239 876 358 923 quitate
380 883 567 922 cognoscat,
597 882 628 909 et
649 887 664 909 a
688 873 899 909 sacratissimo
921 872 994 907 Coi-

241 937 316 972 pore
337 933 369 960 et
390 924 551 979 Sanguine
571 923 629 958 Dei
652 935 687 958 ac
704 922 831 957 Domini
852 921 994 956 Redem-

239 974 339 1021 psoris
354 974 453 1009 nostri
474 973 543 1009 lesu
562 972 680 1008 Christi
696 972 795 1007 aliena
814 972 877 1016 fiat,
899 979 993 1018 atque

238 1023 270 1058 in
285 1031 426 1058 extremo
447 1023 590 1058 examine
611 1022 770 1057 districtae
793 1020 902 1055 ultioni
922 1020 994 1054 sub-

239 1072 347 1108 iaceat.
370 1071 503 1108 Cunctis
517 1080 620 1107 antem
637 1071 741 1106 eidem
768 1070 831 1116 regi
848 1077 878 1104 et
895 1081 992 1116 regno

238 1134 294 1157 sua
322 1122 387 1157 iura
410 1121 609 1157 servantibus
642 1121 684 1155 sit
710 1132 769 1168 pax
792 1118 919 1153 Domini
940 1131 993 1153 no-

237 1171 293 1206 stri
315 1170 387 1207 Iesu
409 1171 539 1215 Christi,
559 1178 716 1218 quatenus
736 1177 767 1203 et
785 1168 836 1203 hic
855 1168 989 1203 fructum

237 1219 338 1256 bonae
358 1220 492 1256 actionis
514 1220 702 1267 percipiant
725 1226 756 1253 et
777 1217 861 1265 apud
893 1217 991 1252 distri-

236 1276 324 1305 ctum
346 1269 483 1305 Iudicem
508 1281 646 1317 praemia
673 1276 816 1303 aeternae
838 1266 924 1314 pacis
947 1266 992 1301 in-

237 1319 374 1354 veniant.
399 1318 515 1354 Amen.

286 1367 402 1403 Datum
429 1367 594 1411 Laterani,
621 1366 711 1402 tertio
742 1365 814 1401 idus
847 1364 989 1405 ianuarii,

237 1417 441 1464 pontificatus
464 1416 561 1452 nostri
582 1427 666 1451 anno
692 1414 846 1450 secundo.

255 1474 318 1508 nai.
336 1477 383 1508 die
403 1478 436 1508 11
458 1478 587 1508 ianuarii
610 1477 696 1513 1218,
715 1475 817 1517 po'ntis.
841 1485 916 1505 anno
942 1484 968 1504 11.

577 1635 648 1670 XX.

239 1714 331 1754 Quod
356 1713 468 1758 fratres
493 1713 613 1747 ordinis
642 1711 831 1745 Carthust'en.
866 1712 904 1744 ab
936 1723 989 1743 eo-

284 1774 355 1797 rum
380 1763 545 1797 solitudine
562 1773 617 1807 per
638 1761 787 1794 neminem
813 1760 990 1794 distrahan-

287 1819 349 1854 tur,
363 1813 408 1845 vel
427 1812 631 1845 testimonium
645 1811 733 1855 serre,
748 1811 989 1843 iuramentumve

286 1861 458 1896 calumniae
485 1861 587 1894 subire
607 1859 840 1904 compellantur.

503 1940 718 1971 SUMMARIUM

238 2009 375 2040 Decernit
394 2007 528 2038 Pontifex
545 2016 581 2037 ne
603 2007 670 2046 quis
693 2005 905 2036 Carthusianos
927 2014 988 2035 mo-

277 2052 375 2091 lestet,
392 2069 431 2075 -
448 2051 506 2082 Nec
525 2060 575 2081 eos
597 2051 633 2081 ad
655 2050 820 2080 calumniae
840 2050 988 2079 iuramen-

279 2102 340 2129 tum
352 2095 510 2137 compellat
520 2100 549 2125 et
561 2095 596 2125 ad
610 2095 809 2125 testimonium
824 2094 987 2124 ferendum.

238 2169 371 2199 Honorius
389 2167 530 2204 opiscopus
545 2172 641 2194 servus
664 2172 803 2194 servorum
821 2165 877 2198 Dei,
910 2171 989 2193 vene-

283 2217 416 2247 rabilibus
439 2215 576 2244 fratribus
604 2213 815 2249 archiepiscopis
838 2215 867 2241 et
886 2214 989 2249 opisco-

283 2266 327 2304 pls
345 2268 374 2296 in
396 2272 511 2302 quorum
533 2263 701 2293 dioecesibus
724 2264 790 2291 sunt
809 2263 902 2292 domus
925 2263 988 2291 Car·

284 2315 406 2346 thusien.
430 2314 535 2343 ordinis
553 2312 737 2345 constitutae.
757 2312 914 2341 salutemet
926 2318 988 2347 apo·

284 2365 412 2395 staucatii
429 2363 652 2393 benedictionem.

290 2435 373 2472 Cum
391 2435 497 2471 dilecti
517 2433 573 2468 filii
589 2432 699 2467 fratres
719 2431 919 2466 Carthusien.
937 2442 989 2465 or·

242 2485 338 2531 dinis,
359 2485 497 2533 acceptis
517 2483 630 2531 pennis
648 2479 835 2516 columbae
829 2493 859 2515 in
876 2480 989 2515 mentis

64 2516 442 2571 «matildae-'solitudinem
476 2532 642 2573 evolarint‚
678 2529 804 2576 illicque
831 2541 887 2576 pro
923 2529 989 2564 suis

243 2592 274 2619 et
295 2583 425 2618 aliorum
454 2581 588 2629 peccatis
610 2578 801 2626 gemendis
795 2590 826 2612 in
849 2590 899 2612 ara
925 2589 990 2613 cor-

322 2639 396 2670 Butt.
415 2639 491 2669 Rom.
520 2639 573 2667 Vol.
593 2637 643 2667 III.
806 2634 843 2663 43

1670 222 1737 254 357

1033 282 1098 322 dis
1126 284 1269 317 mactatis
1291 285 1469 320 carnalibus
1491 285 1668 327 desideriis,
1696 286 1787 321 holo-

1033 340 1178 366 caustum
1206 332 1375 368 offerentes
1409 334 1546 370 Domino
1574 335 1785 382 semetipsos,

1036 393 1074 416 ne
1095 381 1202 437 pedes,
1224 394 1304 428 quos
1326 382 1475 428 laver,ant
1498 393 1650 430 cogantur
1671 385 1783 420 iterum

1035 430 1222 477 inquinare,
1257 431 1438 467 fraternitati
1472 441 1591 468 vestrae
1627 446 1682 481 per
1708 446 1784 480 apo-

1034 480 1141 515 stolica
1168 480 1285 527 scripta
1308 481 1506 524 mandamus,
1529 491 1684 529 quatenus
1711 484 1784 530 qui-

1035 528 1110 564 libet
1131 536 1268 564 vestrum
1292 531 1500 577 parochianos
1527 544 1611 573 suos,
1645 533 1698 580 qui
1730 544 1784 567 eos

1037 579 1307 626 praesumpserint
1330 587 1447 614 temere
1470 580 1648 622 molestare,
1677 589 1709 616 ut
1728 593 1783 615 su-

1037 639 1092 675 per
1118 628 1178 662 hoc
1204 629 1250 663 eis
1281 628 1419 664 debitam
1443 629 1686 666 satisfactionem
1721 632 1784 664 im—

1037 676 1189 723 pendant,
1225 678 1398 713 monitione
1426 680 1595 726 praemissa
1627 692 1682 726 per
1708 691 1783 714 cen-

1035 738 1141 761 suram
1164 726 1407 763 ecclesiasticam
1433 728 1643 775 appellatione
1665 736 1783 764 remota

1034 774 1212 821 compellat.

1084 823 1125 858 Et
1160 825 1309 871 quoniam
1346 825 1454 867 iidem,
1482 834 1515 860 ut
1540 825 1711 881 credimus,
1745 826 1781 860 ad

1034 872 1224 909 calumniam
1249 874 1459 920 proiecerunt,
1486 875 1668 910 auctoritate
1692 887 1783 922 prae-

1034 922 1168 957 sentium
1192 923 1384 966 inhibemus,
1412 937 1451 959 ne
1477 924 1548 972 quis
1583 925 1704 972 priores
1727 937 1781 959 seu

1034 972 1144 1006 fratres
1165 972 1287 1007 ordinis
1308 974 1470 1009 memorati
1490 974 1598 1009 subire
1616 973 1806 1020 compellat

1033 1021 1207 1056 calumniae
1230 1023 1453 1067 iuramentum,
1481 1035 1538 1058 nec
1560 1023 1652 1058 iidem
1676 1023 1712 1058 ad
1737 1022 1782 1056 ft-

1033 1070 1167 1105 rendum
1190 1072 1408 1107 testimonium
1436 1081 1588 1119 cogantur
1610 1072 1706 1106 inviti.

1080 1119 1151 1154 Dat.
1175 1120 1333 1161 Lateran.,
1371 1122 1482 1169 quinto
1509 1122 1581 1157 idus
1615 1121 1782 1157 februarii.

1034 1170 1234 1217 pontificatus
1256 1172 1355 1206 nostri
1382 1183 1465 1206 anno
1487 1171 1638 1206 secundo.

1066 1231 1125 1261 Dat.
1145 1231 1191 1261 die
1207 1232 1225 1261 9
1242 1231 1384 1262 februarii
1405 1232 1490 1268 1218,
1506 1232 1608 1271 pontif.
1628 1241 1702 1262 anno
1719 1240 1748 1261 ιι.

1364 1389 1450 1424 XXI.

1032 1467 1258 1501 Interamnensi
1290 1466 1464 1501 cathedrali
1495 1466 1671 1504 Ecclesiae,
1706 1477 1783 1511 quae

1076 1528 1133 1561 per
1159 1516 1315 1550 Romanos
1338 1517 1500 1561 Pontifices
1523 1516 1707 1560 Spoletanae
1721 1516 1783 1559 sue-

1079 1573 1129 1600 rat
1155 1567 1255 1604 unita,
1285 1566 1463 1610 episcopalis
1491 1565 1626 1609 dignitas
1647 1566 1782 1599 restitui-

1079 1624 1129 1650 tur
1155 1617 1211 1658 (l).

1298 1682 1513 1713 SUMMARlUM

1030 1752 1155 1792 Capituli
1175 1751 1372 1781 Interamnen.
1399 1758 1501 1789 preces
1520 1749 1555 1778 ad
1579 1749 1780 1779 Innocentium

1070 1795 1124 1826 PP.
1142 1805 1194 1835 pro
1212 1795 1399 1825 restitutione
1418 1793 1568 1832 dignitatis
1593 1792 1781 1832 episcopalis.

1069 1857 1107 1862 —
1125 1839 1265 1869 Rationes
1283 1849 1297 1869 a
1323 1838 1480 1878 Spoletano
1503 1838 1643 1877 episcopo
1665 1838 1695 1867 in
1714 1845 1782 1866 con-

1071 1885 1191 1914 trarium
1211 1884 1350 1923 prolatae.
1376 1900 1415 1905 —
1432 1882 1531 1913 Series
1555 1882 1780 1921 responsionum

1070 1928 1344 1958 Interamnensium.
1377 1944 1416 1950 -
1449 1926 1601 1965 Spoletani
1632 1925 1780 1965 praescri-

1070 1973 1161 2011 ptioni
1183 1971 1412 2002 immemorabili
1435 1973 1578 2001 nituntur.
1603 1985 1641 1992 -—
1658 1968 1780 1999 Iteratae

1069 2015 1335 2046 Interamnensium
1359 2015 1577 2054 responsiones.
1606 2030 1644 2036 —
1669 2013 1779 2043 Mortuo

1069 2060 1249 2097 Innocentio,
1261 2070 1308 2090 res
1322 2066 1383 2090 acta
1401 2069 1498 2089 coram
1519 2058 1656 2089 Honorio:
1675 2057 1777 2093 —Qni

1068 2105 1266 2144 episcopalem
1299 2105 1468 2142 dignitatem
1505 2101 1777 2132 lnteramnensihus

1068 2150 1203 2179 restituit.

1029 2219 1160 2248 Honorius
1175 2220 1317 2255 episcopus
1337 2226 1432 2248 servus
1451 2224 1590 2247 servorum
1602 2216 1658 2249 Dei.
1671 2216 1779 2245 diteotts

1074 2268 1138 2296 tiliis
1156 2268 1236 2297 Petro
1254 2268 1351 2302 priori.
1364 2270 1394 2296 et
1403 2267 1510 2296 clericis
1521 2265 1778 2297 interamnensibus.

1075 2318 1193 2346 salutem
1212 2318 1243 2345 ot
1261 2315 1439 2352 apostolicam
1461 2314 1683 2344 benedictionem.

1078 2384 1156 2419 Ven.
1180 2383 1264 2417 fiatri
1293 2390 1399 2417 nostro
1430 2381 1601 2416 Benedicto
1627 2380 1777 2427 episcopo

1030 2445 1101 2467 cum
1131 2432 1321 2479 quibusdam
1343 2431 1502 2466 canonicis
1528 2430 1727 2476 Spoletanis‚

1802 233 1850 256 Ani
1869 230 1897 256 C.
1919 231 1983 258 ¹2⁴8

1810 844 1853 865 Nec
1866 850 1902 865 eos
1912 845 1936 865 ad
1947 851 1981 865 ca-

1798 875 1831 896 luu
1834 877 1888 896 miae
1922 877 1980 896 iura-

1798 910 1889 927 mentum
1921 912 1980 926 con:-

1798 937 1862 964 pettit
1877 941 1897 957 et
1911 937 1935 957 ad
1950 940 1980 956 te-

1798 970 1831 988 siit
1833 969 1916 988 nonium
1945 967 1965 988 le

1796 1005 1833 1019 ren
1822 1000 1890 1019 ndumv

1804 2393 1893 2421 Capituli
1914 2392 1936 2415 ln
1940 2398 1974 2415 te-

1747 2437 1777 2464 et
1789 2431 1832 2446 ram
1815 2430 1884 2446 m.nen
1897 2431 1945 2452 pret
1938 2430 1974 2446 ces

1789 2456 1814 2476 ad
1827 2455 1848 2476 lu
1842 2462 1919 2476 innoce
1924 2458 1951 2476 tiu

1030 2482 1099 2527 tibi,
1121 2481 1163 2515 fili
1188 2483 1285 2528 prior
1314 2492 1385 2514 cum
1409 2479 1532 2514 clericis
1552 2478 1686 2514 Sanctae
1709 2479 1775 2514 Ma·
1789 2485 1827 2507 ΡΡ
1850 2493 1887 2513 rr
1908 2489 1971 2507 restiv

1065 2556 1104 2590 (t)
1120 2555 1159 2581 Ex
1176 2553 1279 2589 Regest
1298 2554 1317 2578 V
1319 2560 1380 2580 iiic.
1398 2552 1478 2580 edidit
1497 2552 1608 2587 Ughess,
1626 2552 1682 2578 lta!
1701 2553 1775 2584 Sac

1030 2599 1083 2621 tom
1114 2602 1130 2619 1.
1150 2601 1207 2628 pag
1228 2594 1287 2619 75stv
