2129 3223
45 265 94 292 Au.
112 263 142 291 (ἰᾷ
160 265 226 292 1186

80 320 191 342 linbornio

44 355 163 380 pruni—ntis
181 354 226 380 prl-

45 384 121 410 vitanti.

73 2130 190 2154 hominm.

849 257 994 282 nunnus
1014 256 1051 279 ΙΙΙ
1074 255 1120 278 Pr.

241 321 320 355 lianc
341 318 483 366 paginam
507 324 629 351 nostrae
650 314 896 351 confirmationis
932 313 978 347 in-

240 368 385 415 fringere,
407 365 455 402 vel
477 367 504 401 ei
526 378 603 400 ausu
629 364 792 400 temerario
814 362 976 398 contraire.

238 417 272 454 Si
294 418 364 465 quis
397 423 500 451 autem
536 415 595 450 boc
626 422 775 449 attentare
811 424 979 460 praesum-

239 468 346 514 pserit,
389 464 630 511 indignationem
665 463 887 509 omnipotentis
920 461 977 495 Dei

236 525 267 551 et
287 516 449 551 beatorum
473 513 555 549 Petri
578 522 607 548 et
644 512 731 548 Pauli
765 511 976 559 apostolorum

235 567 304 601 eius
330 577 363 599 se
391 565 510 599 noverit
532 563 740 598 incursurum.

285 613 397 650 Datum
420 612 561 648 Veronae
585 625 614 647 iv
635 623 734 646 nonas
756 610 868 645 martii.

294 671 352 701 Dat.
375 670 422 700 die
439 670 458 700 4
480 670 575 699 martii
598 678 675 699 anno
697 668 811 698 Domini
831 667 916 698 1186.

491 714 591 753 pontif.
609 722 685 743 anno
704 722 721 742 ι.

550 775 676 784 ...—

575 853 627 889 Vl.

237 928 435 974 Confirmatio
455 927 613 972 dignitatis
627 925 858 971 patriarchalis,
880 924 977 957 bono—

281 988 351 1011 rum
391 977 526 1010 omnium
569 983 595 1009 et
634 974 853 1009 iurisdictionis
888 983 977 1017 super

283 1027 472 1060 [adertinum
500 1025 807 1070 archiepiscopatum,
829 1023 976 1067 huiusque

281 1075 493 1158 catznffiayaneos
509 1075 671 1120 episcopos,
686 1072 881 1118 patriarchae
898 1071 977 1104 Gra-

341 1125 368 1157 si
391 1126 447 1166 (l).

502 1195 716 1228 SUMMAfflUM

235 1262 400 1294 Exordium.
415 1263 643 1293 —Gradeusem
663 1261 821 1291 Ecclesiam
839 1260 894 1290 sub
913 1269 975 1300 pro-

275 1309 399 1339 tectione
422 1307 506 1338 Sedis
537 1306 720 1346 Apostolicae
754 1305 910 1344 recipiens,
939 1321 977 1326 —

274 1350 375 1382 Eidem
390 1352 466 1381 iuxta
485 1355 591 1381 statuta
611 1350 830 1389 praedecessor.
846 1347 976 1378 Pontitlc.

273 1395 497 1435 patriarchalem
529 1395 699 1433 dignitatem
739 1393 899 1423 confirmat.
940 1409 977 1414 —

273 1439 457 1470 Patriarchae
475 1440 572 1469 crucis
590 1438 810 1478 praelationem,
831 1453 869 1459 —
892 1435 974 1466 Pallii

273 1493 358 1514 usum
377 1483 520 1514 concedit.
538 1500 577 1505 —
592 1482 750 1512 Henricum
773 1486 845 1520 patr.
864 1481 898 1510 ad
929 1480 975 1510 di-

272 1529 337 1568 gnis
355 1528 484 1568 episcopi
510 1527 642 1567 partibus
661 1526 841 1565 fungendum
866 1525 975 1555 adhor-

273 1577 358 1603 tatur.
385 1589 424 1594 —
455 1571 503 1601 lus
535 1580 770 1611 quoque.super
799 1569 975 1599 ladertinum

271 1616 399 1656 archiep.
430 1616 554 1655 eiusque
577 1615 734 1653 suffragan.
757 1614 918 1644 confirmat.
940 1631 978 1637 —

272 1659 447 1690 Donationes
473 1668 576 1690 omnes
602 1659 821 1694 Ecclesiarum‚
844 1658 976 1698 bonaque

271 1705 308 1735 ad
334 1703 458 1735 Graden.
480 1703 592 1734 Eccles.
612 1704 772 1743 spectantia
797 1707 857 1732 rata
881 1703 976 1733 habet.

271 1765 311 1773 —-
326 1748 435 1779 Urbani
457 1747 511 1778 PP.
529 1754 556 1779 et
579 1748 607 1778 S.
629 1749 660 1777 R.
679 1748 755 1778 Eccl.
784 1748 976 1778 cardinalium

274 1792 517 1832 subscriptiones.

234 1863 354 1893 urbanus
381 1863 521 1899 opiscopus
545 1869 641 1891 servus
662 1869 802 1892 servorum
825 1862 881 1895 Dei.
900 1868 976 1891 vene·

279 1911 359 1940 rabili
380 1910 465 1940 uati-i
492 1910 602 1940 Eeurico
636 1911 763 1940 credensi
792 1912 976 1948 patriarchae.

279 1960 390 1997 eiusque
407 1959 606 1990 succentoribus
626 1960 748 1990 canonice
769 1960 976 1994 substituendis.

280 2009 309 2038 tu
325 2010 495 2045 perpetuum.

286 2077 485 2124 Apostolicae
504 2077 638 2112 officium
662 2078 832 2124 dignitatis,
854 2088 883 2113 et
909 2090 977 2113 cre-

238 2125 321 2162 ditae
334 2125 426 2161 nobis
446 2125 688 2172 dispensationis
705 2127 847 2162 debitum
865 2127 978 2162 utiliter

237 2176 348 2224 exequi
370 2175 620 2223 comprobamur,
638 2188 709 2211 cum
731 2176 874 2211 collatam
909 2178 978 2212 uni-

237 2225 351 2272 cuique
372 2225 552 2271 dignitatem
574 2224 731 2261 Ecclesiae
753 2226 879 2273 provida
897 2227 979 2261 solli-

237 2273 376 2310 citudine
401 2273 607 2315 custodimus,
628 2282 659 2309 et
678 2275 810 2321 singulis
828 2274 979 2310 Ecclesiis

238 2324 306 2359 iura
345 2335 400 2359 sua
433 2323 548 2358 illibata
582 2324 755 2368 studemus,
793 2333 822 2359 et
860 2325 978 2371 integra

238 2384 432 2408 conservare.
459 2372 548 2408 Sicut
580 2373 662 2407 enim
698 2386 758 2408 non
785 2383 831 2408 est
866 2386 979 2409 conce-

238 2422 376 2459 dendum
398 2421 501 2462 alicui,
523 2421 607 2469 quod
630 2423 742 2458 iniuste
772 2424 910 2470 requirit,
939 2425 979 2458 ita

238 2472 367 2514 nemini,
385 2471 470 2520 quod
496 2473 543 2506 sui
572 2472 648 2506 iuris
669 2480 725 2512 est,
752 2484 768 2507 a
794 2472 884 2507 nobis
901 2485 980 2508 con-

240 2521 323 2558 venit
340 2521 506 2569 denegari;
528 2530 708 2568 eapropter,
724 2533 792 2556 ven.
809 2522 839 2556 in
853 2520 980 2556 Christo

275 2590 315 2627 (1)
330 2589 419 2618 Edidit
434 2590 558 2617 Nicolaus
577 2589 692 2620 Colems,
715 2591 809 2617 minor.
829 2591 891 2616 edit.
922 2590 978 2616 Ital.

240 2630 311 2663 Suc„
328 2634 392 2658 tom.
410 2638 439 2663 v,
458 2630 508 2657 col.
527 2630 603 2656 1¹5¹.

320 2673 393 2704 Ball.
411 2673 488 2704 Rom.
510 2673 564 2703 Vol.
586 2673 635 2703 III.
797 2674 814 2702 5

1667 245 1706 277 41
1778 256 1824 281 Au.
1843 254 1872 281 c.
1889 255 1954 281 tiso

1020 310 1112 345 frater
1138 309 1272 345 Hemice
1295 310 1479 356 patriarcha,
1506 309 1568 345 tuis
1590 308 1680 344 iustis
1702 320 1760 356 po·
1799 315 1927 336 Gradensen·

1018 359 1240 394 stulzitionibus
1261 368 1347 404 grato
1378 367 1600 394 concurrentes
1613 369 1757 396 assensu.
1773 346 1953 406 ,ffijssffissess'ff'

1018 408 1211 444 Gradensem
1235 407 1421 451 Ecclesiam,
1459 409 1508 443 cui
1539 416 1665 443 auctore
1692 405 1950 445 Deodiyauosiouvw

1020 469 1152 505 praeesse
1179 457 1384 503 dignosceris,
1414 457 1472 491 sub
1495 457 1573 492 beati
1605 456 1690 493 Petri
1728 466 1756 491 et
1773 446 1885 467 '⁰⁰¹⁹'⁶¹¹''

1018 516 1121 543 nostra
1150 507 1341 554 protectione
1368 507 1568 553 suscipimus,
1603 515 1633 541 et
1669 517 1758 552 prae-

1017 557 1116 592 sentis
1149 556 1255 603 scripti
1304 555 1466 602 privilegio
1512 556 1755 591 communimus.

1018 605 1114 652 Igitur
1144 604 1416 652 praedecessor-nin
1450 614 1626 639 nostrorum
1661 604 1757 639 felicis
1786 612 1855 633 Eidem
1896 614 1952 631 inm

1019 667 1149 690 memor.
1197 654 1326 700 Pelagii,
1364 654 1545 697 Alexandri,
1575 653 1690 688 Urbani
1718 653 1756 693 ll,
1772 646 1952 695 3¹.»'32'0‘ss'f1‘23211'2

1772 706 1804 725 sse.
1822 703 1952 731 patriarcha-

1772 737 1812 757 lem
1831 735 1951 760 dignitatem

1772 765 1889 787 confirmat.

1017 704 1158 744 Adriani,
1185 712 1215 738 et
1241 703 1408 738 Alexandri
1437 702 1490 743 Ill,
1512 711 1542 737 et
1582 702 1671 737 Lucii
1705 714 1757 738 ve-

1017 753 1117 800 stigiis
1139 752 1347 796 inhaerentes,
1374 751 1458 787 illius
1484 752 1650 799 praecipue
1681 763 1757 787 con-

1017 802 1188 837 stitutionis
1215 810 1353 837 tenorem
1381 808 1552 845 servantes,
1574 812 1666 847 quam
1684 812 1758 848 prae·

1017 850 1163 886 decessor
1184 859 1289 886 noster
1309 850 1374 885 Leo
1395 849 1438 884 lx
1459 849 1543 897 Papa
1564 851 1705 888 sancivit,
1729 858 1757 885 et

1016 900 1156 948 synodali
1178 900 1294 935 iudicio
1311 909 1342 935 et
1365 899 1516 946 privilegii
1547 899 1657 946 pagina
1681 910 1759 933 con-

1017 949 1160 990 firmavit,
1193 948 1261 993 tibi,
1303 949 1427 995 tuisque
1448 948 1684 983 successoribus
1705 960 1759 982 ca-

1017 999 1128 1033 nonice
1155 997 1384 1033 substituendis
1406 997 1642 1045 patriarchalem
1681 1009 1758 1031 con-

1017 1047 1159 1083 cedimus
1172 1047 1353 1094 dignitatem
1380 1057 1410 1082 et
1433 1047 1646 1092 magisterium
1678 1045 1759 1081 Gra-

1017 1096 1088 1131 den.
1113 1096 1271 1132 Ecclesiae
1293 1095 1464 1142 gerendum
1491 1096 1520 1129 in
1561 1096 1608 1129 his
1639 1103 1757 1129 tantum

1018 1145 1132 1181 finibus
1153 1145 1385 1184 confirmamus,
1408 1145 1461 1192 qui
1485 1156 1538 1191 per
1564 1144 1759 1192 supradictos

1018 1194 1273 1240 praedecessores
1293 1201 1417 1228 nostros
1451 1194 1551 1228 eidem
1588 1202 1759 1229 noscuntur

1016 1243 1176 1279 Ecclesiae
1197 1243 1369 1279 constituti.
1391 1242 1526 1278 Crucem
1546 1254 1672 1290 quoque
1685 1250 1757 1277 aute

1018 1301 1046 1327 te
1069 1292 1224 1328 ferendam
1252 1304 1320 1327 esse
1341 1291 1556 1336 concedimus,
1591 1293 1651 1328 nisi
1686 1304 1758 1327 cum

1016 1341 1137 1377 Romae
1158 1342 1264 1382 fueris,
1293 1341 1389 1376 autin
1406 1341 1578 1387 praesentia
1598 1342 1643 1376 vel
1664 1342 1759 1377 comi-

1019 1399 1082 1426 tatu
1111 1390 1245 1425 Romani
1279 1389 1448 1424 Pontificis.
1486 1389 1619 1425 Pallium
1654 1390 1758 1425 etiam.
1788 1401 1845 1422 eiiii.
1896 1409 1931 1421 ii

1019 1439 1248 1486 plenitudinem
1277 1438 1419 1474 videlicet
1446 1438 1633 1486 pontificalis
1654 1439 1758 1479 officii,
1774 1434 1868 1453 “me‘'

1019 1488 1197 1524 fraternitati
1217 1497 1286 1523 tuae
1308 1500 1345 1523 ex
1372 1488 1571 1535 Apostolicae
1599 1488 1693 1524 Sedis
1720 1488 1759 1523 li-

1019 1538 1178 1574 beralitate
1205 1538 1368 1585 largimur‚
1391 1550 1452 1584 quo
1476 1538 1552 1572 intra
1587 1537 1760 1573 Ecclesiam

1018 1596 1102 1623 tuam
1123 1588 1159 1623 ad
1186 1588 1352 1622 missarum
1389 1587 1537 1621 solemnia
1575 1587 1760 1623 celebranda

1018 1638 1062 1671 uti
1085 1638 1277 1681 memineris,
1299 1637 1344 1671 eis
1365 1635 1477 1671 diebus
1515 1636 1630 1683 quibus
1672 1649 1761 1684 prae-

1018 1687 1200 1722 decessores
1221 1694 1292 1721 tuos
1330 1697 1405 1721 usos
1442 1685 1537 1720 fuisse
1583 1687 1758 1732 cognoscis,

1020 1737 1079 1770 vid.
1124 1737 1154 1770 in
1193 1736 1356 1771 Nativitate
1395 1734 1535 1775 Domini,
1574 1735 1758 1782 Epiphania,

1019 1785 1184 1832 Ypopanti,
1227 1784 1328 1820 tribus
1363 1785 1580 1819 festivitatibus
1627 1785 1759 1820 Sanctae

1018 1834 1144 1874 Mariae,
1166 1834 1271 1869 Coena
1294 1833 1431 1874 Domini,
1453 1834 1612 1869 Subballio
1633 1833 1759 1873 Sancto,

1021 1885 1261 1919 Resurrectione
1282 1883 1420 1923 Domini,
1443 1883 1650 1927 Ascensione,
1678 1883 1760 1918 Pen-

1019 1941 1163 1977 tecostes,
1186 1933 1215 1967 in
1243 1932 1388 1967 Natalitio
1411 1932 1443 1966 S.
1463 1932 1589 1967 Ioannis
1605 1932 1761 1979 Baptistae

1018 1991 1048 2017 et
1069 1983 1210 2018 omnium
1233 1981 1468 2028 Apostolorum,
1491 1982 1521 2016 in
1542 1981 1761 2016 festivitatibus

1018 2044 1142 2080 quoque
1156 2031 1264 2066 Sancti
1277 2031 1384 2072 Marci,
1400 2030 1433 2065 S.
1449 2031 1683 2078 protomartyris
1695 2030 1760 2065 Ste-

1020 2082 1125 2128 phani‚
1146 2080 1180 2116 S.
1197 2080 1368 2120 Laurentii,
1391 2079 1422 2114 S.
1439 2079 1574 2117 Martini,
1598 2080 1628 2114 in
1652 2079 1762 2114 solein-

1019 2131 1115 2166 nitate
1139 2129 1292 2165 Omnium
1326 2129 1512 2165 Sanctorum
1547 2137 1577 2164 et
1606 2129 1762 2176 priucipa-

1020 2179 1101 2214 libus
1122 2178 1278 2214 Ecclesiae
1300 2187 1368 2213 tuae
1391 2178 1618 2219 festivitatibu53
1641 2188 1760 2212 necnon

1019 2229 1238 2273 ecclesiarum,
1260 2229 1481 2276 episcoporum
1510 2236 1539 2262 et
1566 2235 1760 2262 caeterorum

1019 2278 1204 2313 clericorum
1226 2277 1527 2317 consecrationibus,
1564 2284 1595 2311 et
1615 2275 1763 2310 anniver-

1019 2329 1099 2362 sario
1126 2327 1371 2362 consecrationis
1394 2335 1464 2361 tuae
1486 2326 1547 2360 die.
1575 2325 1675 2360 Cuius
1700 2325 1762 2359 uti-
1803 2336 1914 2357 neuin-iv.

1020 2389 1080 2424 que
1098 2377 1280 2423 dignitatem
1309 2376 1337 2409 in
1374 2376 1464 2410 honis
1503 2387 1558 2422 per
1595 2374 1700 2409 omnia
1733 2383 1762 2408 te
1777 2369 1870 2426 {2¹{e0‘}¹,
1891 2368 1956 2424 ζξρζζῗ

1021 2426 1164 2461 volumus
1187 2425 1361 2468 vendicare,
1384 2433 1416 2459 iit
1433 2424 1494 2458 vid.
1518 2425 1548 2458 in
1568 2422 1763 2470 corrigendis
1776 2430 1813 2451 bus
1833 2429 1955 2456 fungemur

1020 2475 1153 2509 subditis
1176 2475 1246 2522 plus
1266 2473 1347 2521 apud
1370 2483 1399 2509 te
1424 2473 1519 2520 possit
1543 2473 1631 2516 ratio,
1666 2485 1760 2520 quam
1777 2461 1904 2481 “⁶¹¹⁰‘¹²‘¹¹¹‘

1021 2532 1168 2570 potestaS,
1190 2532 1282 2569 atque
1305 2533 1333 2557 te
1353 2523 1424 2557 boni
1448 2523 1584 2562 dulcem,
1600 2523 1670 2558 mali
1690 2535 1761 2557 vero

1023 2574 1108 2618 pium
1135 2575 1271 2608 sentiant
1289 2581 1511 2612 correctorem,
1539 2584 1688 2618 personas
1711 2571 1761 2605 di-

1023 2622 1109 2668 ligas,
1137 2630 1167 2656 et
1198 2622 1409 2657 subiectorum
1447 2622 1518 2656 vitia
1552 2621 1760 2668 persequaris,

1799 1254 1931 1276 patriarchae

1774 1288 1841 1307 crucis
1870 1287 1950 1313 praela·

1774 1319 1858 1342 tionem,
