2129 3223
47 229 96 260 Ru.
109 231 220 289 21261

65 533 195 557 proemium.

859 230 1002 256 nutemus
1021 231 1056 256 tv
1076 231 1125 256 PP-

1646 222 1718 257 685
1750 212 1751 215 ’

280 290 364 323 conis.
383 290 558 327 praepostus.
589 289 832 326 archipresbyteris
861 292 891 320 et
921 291 984 321 aliis
1024 286 1209 334 participent
1230 295 1258 322 et
1276 287 1293 322 f
1297 296 1347 323 ant
1370 286 1486 323 Christi
1510 288 1635 323 Domini
1658 289 1764 325 coliae·

279 334 459 365 BGGlG-‘ssfll'um
470 335 613 371 Ρῐὸθῑὸῐῐὸ
632 335 666 364 ³⁴1
684 343 749 372 ‘1⁰⁰8
773 337 888 366 Ιῑῖῒθῐθθ
910 337 982 366 ¹⁵12ss
1023 337 1120 372 tedes.
1139 337 1409 384 Ι)Ι33(13111111(]30
1426 339 1580 379 inanibus,
1598 339 1765 375 exultatio-

279 380 465 417 pervenerint.
486 379 605 410 ealutem
627 381 657 409 et
675 381 852 417 apostolicam
875 382 979 412 benedi-

278 425 403 455 ctionem.

283 483 412 519 Exultet
429 484 568 531 angelica
591 483 679 519 turba
701 484 874 526 coelorum,
896 486 980 520 exul·

234 541 299 569 tent
330 533 434 568 divina
478 534 642 582 mysteria;
675 533 798 569 Summi
842 547 979 583 namque

234 582 330 631 Regis
351 582 479 619 victoria
501 590 531 619 et
551 583 696 619 salutaris
717 595 792 619 suae
817 583 978 620 Passionis

233 631 392 668 effeetus·
384 645 415 668 111
442 633 571 668 1131113111
594 633 735 668 relucent
749 634 874 679 generis
890 646 978 668 crea-

232 688 312 717 tura.
337 681 517 718 Exultent
511 695 541 717 111
563 682 661 729 gloria
677 682 783 718 Sancti
805 691 835 717 et
857 683 887 718 in
910 684 977 719 suis

234 732 388 768 laetemur
420 731 592 777 cubilibus,
625 731 664 767 de
685 744 766 767 novo
787 731 876 767 Coeli
899 745 976 768 con-

231 782 310 827 cive,
344 782 397 829 qui
419 781 574 817 habitator
599 781 719 816 dudum
743 781 857 817 domus
883 782 976 818 luteae

232 839 392 867 terrenum
431 831 668 866 fundamentum
706 831 867 875 habentis,
906 840 976 879 post

230 892 357 917 carnem
379 893 451 916 curn
474 881 569 924 vitiis,
592 880 744 916 mundum
767 893 837 916 cum
859 881 974 917 delitiis

229 937 406 978 superatos,
428 939 497 978 post
516 930 655 966 habitum
674 930 713 965 de
733 931 823 966 hoste
845 932 974 979 antiquo

228 980 437 1028 triumphum,
468 981 609 1027 corporis
641 980 798 1026 ergastulo
825 982 972 1024 resoluto,

227 1029 328 1065 faetus
364 1030 568 1086 compatriota
604 1030 804 1070 coelestium,
847 1030 971 1066 coelesti

228 1079 363 1127 quiescit
388 1079 418 1113 in
447 1080 556 1127 patria,
583 1078 729 1127 sydereas
750 1079 858 1114 incolit
884 1092 973 1115 man-

228 1129 344 1165 siones
385 1128 513 1164 Exultet
553 1128 652 1164 Mater
691 1127 832 1164 Ecclesia
874 1141 972 1165 novae

227 1178 327 1227 prolis
352 1177 563 1214 foecunditate
585 1178 734 1221 iucunda,
761 1179 851 1213 cuius
877 1180 972 1214 meri-

228 1229 268 1263 tis
282 1227 375 1263 fidem
394 1227 577 1263 catholicam
597 1240 724 1274 suprai
707 1227 827 1262 firmam
848 1236 969 1284 petram

227 1276 329 1313 stabili
363 1277 508 1313 firmitate
531 1277 696 1317 firmatam,
729 1276 820 1312 claris
848 1278 972 1325 inspicit

227 1327 345 1363 clarere
365 1326 532 1375 prodigiis,
552 1334 583 1362 et
603 1326 699 1373 signis
725 1326 929 1372 insignibus
922 1340 971 1362 111-

226 1377 348 1424 signiri,
369 1376 487 1425 quibus
508 1375 632 1411 fallaces
648 1376 876 1411 haereticorum
898 1389 971 1411 con-

225 1425 365 1461 futantur
385 1425 535 1469 fallaciae,
559 1425 744 1460 iudaeorum
767 1425 971 1461 confunditur

224 1475 378 1511 obstinata
397 1476 561 1523 protervia,
583 1474 829 1510 inexcusabilis
823 1487 971 1522 ignoran-

223 1526 266 1561 tia
283 1537 487 1574 paganorum,
507 1524 592 1559 omni
613 1536 742 1572 prorsus
761 1525 970 1560 excusationis

223 1575 399 1611 velamento
419 1577 461 1620 (1)
475 1574 635 1621 frangitur
654 1573 765 1621 Anglia
786 1583 970 1623 prorumpat

222 1631 254 1660 et
274 1624 443 1669 iubilum,
436 1637 466 1659 111
484 1623 599 1659 celebri
624 1624 772 1659 memoria
808 1636 842 1660 se
868 1637 968 1659 virum

221 1674 410 1723 produxisse
431 1673 601 1709 meditetur
623 1674 812 1721 angelicum,
839 1686 969 1709 consor-

221 1731 285 1759 tem
311 1724 429 1771 gloriae
459 1722 652 1770 angelorum.
681 1723 807 1758 Exultet
828 1732 858 1758 et
883 1735 970 1770 gau-

222 1772 294 1809 deat
326 1773 501 1809 Cicestreu.
542 1772 692 1811 Ecclesia,
729 1784 809 1820 quae
848 1781 967 1807 tantum

223 1823 339 1859 meruit
364 1822 479 1857 habere
503 1830 672 1869 pastorem,
695 1824 749 1869 qui
778 1834 846 1857 eam
882 1822 969 1857 vivus

222 1872 413 1908 salutaribus
435 1871 568 1907 instituit
591 1872 727 1916 monitis,
756 1870 967 1907 laudabilibus

222 1922 369 1958 instruxit
394 1921 558 1969 exemplis;
578 1921 718 1956 moriens
739 1920 843 1956 favore
865 1923 968 1957 munit

222 1971 306 2020 apud
334 1972 492 2013 homines,
520 1970 800 2006 intercessionibus
835 1972 967 2019 protegit

222 2022 306 2069 apud
327 2021 443 2057 Deum.
470 2020 622 2056 Gaudens
649 2021 743 2067 igitur
768 2028 798 2056 et
824 2021 968 2057 exultans

223 2083 296 2108 cum
322 2071 533 2112 iucunditate,
560 2078 786 2106 commemoret
812 2082 845 2106 se
878 2070 966 2106 illum

223 2121 256 2156 in
284 2121 373 2157 terris
408 2120 557 2156 babuisse
597 2128 776 2167 patronum,
809 2120 901 2156 cuius
936 2121 966 2155 in

222 2171 312 2207 coelo
333 2171 506 2219 patrocinio
523 2170 745 2205 communitur.
766 2169 921 2205 Plaudant
937 2178 967 2205 et

223 2220 357 2256 iubilent
379 2220 513 2267 profusis
547 2220 651 2254 cuncti
672 2219 866 2255 christicolae
887 2232 966 2266 gau—

223 2269 294 2311 diis,
333 2269 408 2305 dum
449 2271 612 2317 passiones
649 2268 746 2303 huius
775 2269 888 2304 saeculi
928 2270 965 2304 ad

223 2328 380 2355 aeternam
402 2319 602 2354 considerant
627 2317 757 2363 gloriam
787 2318 966 2375 profecisse,

225 2376 259 2404 ut
290 2368 518 2417 temporalibus
546 2367 657 2416 poenis
688 2367 800 2409 affecti,
832 2370 966 2403 aeternis

223 2419 347 2466 gaudiis
380 2420 549 2466 potiantur,
576 2417 651 2452 dum
680 2416 801 2457 mundi,
830 2417 967 2453 munda-

223 2479 400 2516 norumque
421 2475 651 2524 contemptum,
669 2466 705 2502 ad
725 2474 868 2502 aeternae
890 2467 967 2502 liae-

225 2518 365 2553 reditatis
412 2518 611 2566 participium
653 2516 870 2552 convalescere
911 2518 966 2552 in—

1022 387 1070 420 nis
1088 399 1162 421 voce
1179 387 1324 427 iubilent,
1346 388 1471 433 plausus
1488 389 1605 424 exultet
1620 400 1764 435 operum,

1020 435 1130 471 iubilet
1168 449 1226 471 vox
1268 437 1476 485 psalmorum,
1515 438 1576 484 piis
1616 437 1765 484 plaudant

1020 498 1131 520 manus
1155 486 1316 534 operibus,
1341 487 1516 522 orationum
1541 487 1649 522 devota
1667 489 1764 535 tripu·

1018 535 1068 570 dia
1091 547 1183 571 voces
1198 543 1328 576 sonent,
1355 545 1501 571 resonent
1524 536 1664 585 cymbala
1682 537 1761 573 bene

1017 585 1170 626 sonantia,
1204 585 1283 620 labia
1310 585 1395 620 cordi
1422 586 1585 622 concinna.
1620 586 1761 622 Concors

1017 643 1184 682 concrepet
1218 634 1394 675 harmonia,
1431 647 1483 670 cor
1520 643 1618 679 amet,
1654 637 1759 682 lingna

1016 684 1140 728 clamet,
1168 696 1280 719 manus
1309 691 1454 730 operetur
1481 685 1643 719 instanter.
1673 685 1759 721 Laeti

1015 733 1098 768 diem
1125 742 1217 780 agant
1243 734 1377 769 laetitiae
1409 733 1497 781 plebs
1523 742 1553 768 et
1584 734 1697 774 clerus,
1721 747 1759 771 ex

1017 783 1224 818 immensitate
1252 784 1369 830 gratiae
1397 795 1574 818 mensuram
1603 784 1706 819 laudis
1729 792 1759 820 et

1015 832 1149 868 laetitiae
1176 833 1355 867 metiantur.
1390 832 1536 868 Laudent
1566 833 1659 881 igitur
1692 833 1759 869 Do-

1015 882 1133 917 minum
1156 882 1331 917 secundum
1359 882 1592 918 multitudinem
1620 883 1758 919 infinitae

1014 944 1088 967 suae
1110 932 1335 978 magnitudinis
1355 932 1424 967 sine
1447 932 1518 968 fine.

1061 985 1077 1025 ἓ
1101 984 1130 1015 t.
1160 981 1302 1016 Laudent
1323 994 1395 1016 eum
1418 982 1447 1016 in
1468 981 1661 1016 venerandae
1683 994 1755 1018 me-

1013 1031 1129 1065 moriae
1158 1030 1385 1066 B.Ricl1ardo
1415 1043 1508 1079 quon
1504 1035 1572 1066 lam
1605 1033 1756 1080 episcopo

1013 1079 1184 1115 Cicestren.
1224 1080 1417 1121 mirabilem,
1457 1092 1551 1128 quem
1594 1083 1661 1128 ipse
1699 1095 1754 1117 sua

1014 1130 1164 1164 immensa
1201 1130 1357 1171 bonitate,
1390 1131 1540 1165 virtutum
1576 1131 1755 1186 operatione

1012 1178 1194 1217 mirificans,
1216 1186 1246 1214 et
1261 1180 1356 1225 gratia
1374 1180 1552 1223 sanitatum,
1567 1181 1611 1214 sic
1627 1181 1757 1216 immen-

1011 1228 1055 1263 sis
1082 1228 1247 1263 illustravit
1268 1228 1439 1284 miraculis,
1471 1230 1556 1277 quod
1587 1230 1617 1264 in
1646 1231 1755 1265 diver-—

1011 1278 1099 1313 sitate
1131 1278 1286 1325 graduum
1313 1278 1360 1313 sui
1388 1287 1504 1323 status,
1537 1279 1567 1313 in
1595 1280 1693 1326 gratia
1726 1288 1755 1315 et

1010 1327 1107 1373 gloria
1143 1327 1297 1381 gradatim
1329 1328 1480 1362 ascendit.
1511 1327 1544 1363 ln
1578 1329 1756 1364 subiectio-

1011 1377 1061 1411 nis
1093 1389 1227 1432 namque
1253 1384 1346 1417 statu,
1368 1378 1456 1425 quasi
1489 1378 1577 1412 stella
1605 1379 1755 1414 matutina

1011 1426 1179 1473 promicuit
1201 1426 1231 1461 in
1248 1427 1352 1461 medio
1376 1426 1520 1468 nebulae,
1539 1427 1644 1462 dum
1638 1440 1667 1463 13
1689 1428 1754 1483 ipsa

1012 1477 1158 1511 iuvenilis
1189 1477 1297 1511 aetatis
1333 1476 1529 1533 ignorantia,
1559 1477 1755 1513 innocentiae

1011 1525 1131 1562 firmato
1158 1526 1300 1572 vestigio,
1323 1526 1475 1561 imitando
1502 1527 1579 1562 vixit
1599 1528 1753 1573 exemplo.

1011 1574 1044 1609 ln
1068 1575 1265 1632 praelationis
1290 1576 1401 1623 gradu,
1426 1576 1514 1623 quasi
1539 1576 1632 1612 luna
1627 1590 1656 1612 111
1680 1578 1755 1612 die-

1011 1624 1069 1659 bus
1090 1626 1158 1660 suis
1176 1625 1265 1672 plena
1284 1625 1491 1680 resplenduit,
1511 1627 1615 1673 potius
1636 1627 1675 1661 (le
1697 1628 1754 1661 vir-

1011 1681 1110 1708 tutum
1151 1675 1358 1709 crescentium
1400 1675 1520 1710 meritis
1562 1675 1753 1711 incrementa

1009 1723 1197 1779 suscipiens,
1220 1736 1314 1771 qnam
1336 1724 1374 1759 de
1393 1734 1502 1759 auctae
1530 1725 1626 1780 gloria
1650 1725 1754 1773 ‹ligni-

1010 1774 1089 1808 tatis.
1124 1773 1199 1808 Post
1234 1773 1355 1809 felicem
1401 1786 1473 1808 vero
1513 1774 1677 1810 transitum
1712 1774 1752 1810 de

1009 1823 1065 1858 1110
1100 1822 1172 1864 ν113,
1198 1824 1287 1870 quasi
1326 1823 1370 1858 sol
1399 1823 1574 1870 refulgens,
1605 1825 1651 1859 510
1685 1824 1754 1872 ipse

1009 1873 1038 1906 in
1063 1873 1179 1920 templo
1212 1873 1269 1908 Dei
1301 1873 1433 1917 refulsit,
1462 1873 1536 1908 (lum
1566 1873 1664 1920 signis
1685 1875 1752 1909 evi—

1008 1922 1175 1966 dentibus,
1208 1922 1296 1971 quasi
1329 1900 1521 1958 radiaritibus
1554 1924 1630 1959 50115
1659 1924 1752 1959 radiis

1008 1972 1194 2007 coruscavit.
1235 1971 1320 2007 Felix
1366 1973 1576 2020 principium,
1620 1973 1750 2008 feliciori

1008 2022 1224 2056 continuatum
1262 2021 1385 2067 medio,
1419 2021 1602 2057 felicissimo
1636 2025 1750 2058 meruit

1008 2070 1069 2106 line
1101 2071 1264 2116 concludi,
1303 2071 1393 2107 cuius
1432 2072 1508 2107 vitae
1544 2073 1614 2107 talis
1647 2073 1750 2108 exitus

1007 2120 1191 2156 debebatur.
1207 2120 1259 2157 Sic
1273 2120 1383 2156 debuit
1398 2122 1425 2156 ei
1439 2121 1582 2168 Largitor
1595 2121 1748 2157 bonorum

1007 2171 1147 2205 omnium
1185 2173 1357 2218 praesentis
1389 2172 1541 2206 curricula
1579 2172 1660 2206 vitae
1693 2172 1750 2206 ‹le-

1007 2232 1145 2264 currere,
1166 2229 1201 2254 ut
1227 2220 1346 2255 mundo
1369 2221 1505 2255 moriens
1526 2221 1585 2267 ipsi
1609 2220 1686 2262 Deo,
1703 2221 1749 2256 fe-

1007 2270 1098 2305 licius
1120 2270 1220 2304 vivere
1243 2278 1424 2305 mereretur.
1446 2269 1547 2305 Cuius
1573 2271 1679 2315 vitam,
1695 2283 1749 2317 per

1007 2331 1099 2366 quam
1130 2330 1221 2354 verae
1253 2319 1323 2353 vitis
1351 2321 1469 2366 palmes
1501 2319 1642 2363 effectus,
1678 2321 1748 2354 vivit

1007 2376 1130 2403 aeterna
1157 2368 1314 2415 plantatus
1341 2369 1372 2403 in
1403 2370 1474 2404 vita
1497 2367 1599 2403 Cuius
1621 2380 1749 2415 proces—

1006 2430 1089 2457 sum,
1116 2430 1172 2464 per
1190 2429 1284 2464 quem
1306 2418 1363 2452 sibi
1384 2417 1422 2453 ad
1441 2417 1574 2453 coeleste
1602 2418 1747 2464 palatium

1007 2466 1290 2503 misericordiarum
1315 2466 1405 2502 Pater
1431 2468 1549 2515 paravit
1574 2479 1747 2513 accessum,

1006 2529 1097 2552 cutus
1121 2517 1258 2552 miranda
1285 2517 1444 2558 miracula,
1470 2516 1588 2565 quibus
1609 2517 1746 2553 miracu—

225 2573 363 2612 tuentur,
395 2576 430 2602 ut
456 2575 578 2602 terrena
604 2574 799 2614 spernentes,
830 2579 965 2614 superna
1007 2567 1071 2602 lose
1094 2579 1148 2614 per
1174 2567 1275 2614 ipsius
1296 2567 1405 2602 merita
1427 2567 1658 2602 dominantium
1681 2567 1747 2603 Do-

259 2628 299 2664 (1)
314 2628 392 2657 Deest
402 2628 510 2657 forsitan
520 2630 633 2656 sublato.

1006 2628 1110 2651 minus
1144 2628 1231 2651 suam
1273 2615 1447 2652 mirificavit
1479 2615 1669 2663 Ecclesiam,
1708 2618 1745 2653 ad

1781 233 1831 262 An.
1847 233 1876 261 C.
1894 234 1957 262 126!

1779 987 1799 1010 Β
1810 987 1907 1011 metra-di
1917 995 1954 1011 en-

1770 1021 1867 1043 comtum.
