2129 3223
395 268 465 302 842
919 272 1107 297 nummum
1134 271 1297 295 Romnum

344 333 418 367 ΧΠ,
441 329 647 365 Confirmatio
672 327 1002 364 bonorumomnium
1027 337 1092 359 mo·
1221 324 1337 357 Terrae
1371 323 1504 357 Sanctae
1534 323 1734 367 principibus
1764 323 1884 356 Pisanis

433 379 560 413 nasterii
593 377 783 411 monialium
816 376 847 410 S.
888 376 1020 410 Cosmae
1054 376 1092 409 de
1222 373 1392 413 factarum,
1415 371 1467 406 86.

432 427 615 462 Talliacotio
625 425 994 465 Maisicanaedioeeesis;
1006 425 1092 469 quod
1112 433 1115 464 ι
1133 422 1183 455 xl.
1203 421 1406 455 Canonizatio
1422 421 1528 454 Sancti
1543 420 1726 453 Bernwardi
1743 420 1883 464 episcopi

432 478 470 510 ab
480 476 633 510 ordinarii
650 475 869 514 iurisdictione
881 475 975 508 etiam
987 474 1092 518 quoad
1221 469 1546 504 Hildenesheimensis
1567 469 1599 501 in
1618 469 1765 509 Saxonia,
1788 468 1840 503 86.

431 532 705 560 sacramentorum
722 524 1029 557 administrationem
1045 534 1093 556 ex-
1134 519 1197 553 ΧΠ.
1220 519 1265 552 Ad
1282 519 1450 563 episcopos
1464 518 1596 560 Angliae
1617 518 1807 551 monitoria:
1832 530 1886 562 po-

432 582 575 620 emptum
597 575 790 612 declaratur,
813 573 865 607 69.
1223 569 1336 611 pulum
1362 568 1585 607 adhortentur,
1612 572 1647 599 ut
1669 566 1789 600 relictis
1809 578 1883 610 pec-

344 626 405 659 XV.
435 624 641 659 Confirmatio
671 622 862 656 concordiae
889 621 985 655 initae
1012 621 1094 653 inter
1223 617 1312 657 catis,
1340 617 1468 661 privatis
1492 615 1678 659 compositis
1697 616 1882 652 discordiis,

433 675 571 718 capitula
599 672 706 707 Sancti
732 671 902 705 Alexandri
929 676 959 703 et
988 669 1093 703 Sancti
1222 676 1240 698 a
1255 665 1483 698 torneamentis
1499 670 1599 697 cesset
1615 670 1644 697 et
1660 665 1699 698 ad
1712 665 1883 698 Dominum

431 723 587 756 vincentii
619 722 808 764 Bergomen.
854 719 1003 753 civitatis:
1031 729 1094 762 qua
1224 719 1442 747 convertatur:
1470 723 1601 756 eosque,
1623 713 1679 756 qui
1699 723 1791 746 secus
1806 713 1886 747 fece.-

433 772 602 811 stabilitur,
616 777 651 804 ut
666 780 766 803 unum
783 769 973 813 capitulum,
991 778 1093 801 unum
1225 763 1299 803 rint,
1323 762 1616 796 excommunicatos
1635 762 1808 801 declarent,
1830 762 1882 796 87.

434 821 623 863 collegium,
659 829 787 862 unaque
812 818 850 851 sit
873 816 1095 860 Bergomensis
1135 812 1212 845 XIII.
1243 812 1449 845 Confirmatio
1478 812 1638 845 bonorum
1663 812 1821 853 omnium,
1849 823 1885 846 ac

432 870 573 904 Ecclesia
602 867 805 907 cathedralis,
829 867 880 901 71.
1224 862 1463 905 privilegiorum
1498 861 1661 894 concessio
1692 861 1885 894 monasterio

344 920 418 953 xvt.
442 918 644 953 Canonizatio
673 916 773 950 sancti
794 915 965 949 Malachiae
986 914 1095 947 Hiber·
1224 910 1255 943 S.
1278 911 1392 943 Mariae
1413 910 1451 943 de
1467 909 1613 942 Ferraria
1633 910 1754 943 ordinis
1774 910 1886 944 Cister-

434 968 505 1001 niae
525 966 679 1012 episcopi,
702 966 754 999 75.
1225 959 1306 992 cien.
1329 960 1490 992 Theanen.
1514 958 1680 999 dioecesis,
1703 958 1755 992 89.

346 1017 433 1050 xvll.
463 1016 639 1060 Responsio
673 1014 711 1047 ad
738 1012 989 1046 consultationes
1027 1010 1094 1055 epi·
1136 1008 1211 1041 xlv.
1241 1007 1448 1041 Confirmatio
1471 1007 1632 1040 bonorum
1661 1008 1818 1047 omnium,
1848 1008 1885 1040 ti-

434 1065 521 1109 scopi
541 1063 724 1108 Saguntini,
748 1063 799 1097 75.
1225 1056 1334 1096 nium,
1370 1067 1406 1089 ac
1433 1055 1673 1099 privilegiorum
1692 1056 1887 1089 Theanensis

1225 1105 1396 1145 Ecclesiae,
1432 1115 1468 1137 ac
1502 1105 1675 1149 praecipue
1706 1104 1887 1148 diplomatis

1226 1154 1369 1188 eiusdem
1390 1155 1494 1187 favore
1519 1153 1595 1186 editi
1619 1165 1636 1187 a
1655 1154 1794 1197 quodam
1815 1154 1887 1188 Gui-

1227 1204 1348 1237 mundo
1369 1203 1407 1236 de
1427 1203 1531 1236 Rocca
1550 1203 1705 1243 Romana,
1726 1202 1779 1236 91.

1139 1252 1198 1285 XV.
1222 1252 1424 1286 Canonizatio
1449 1251 1479 1285 S.
1503 1251 1630 1284 Ioannis
1654 1251 1817 1284 Gualberti
1836 1251 1888 1283 ab·

1225 1301 1306 1334 batis
1345 1306 1374 1334 et
1407 1300 1596 1333 institutoris
1630 1299 1887 1343 congregationis

1226 1350 1321 1382 Vallis
1348 1349 1522 1382 ljmbrosae
1543 1349 1776 1382 monachorum
1806 1348 1889 1381 ordi-

1227 1399 1275 1431 nis
1294 1398 1325 1432 S.
1349 1397 1528 1437 Benedicti,
1550 1397 1602 1432 95.

1138 1447 1212 1481 ΧΠ.
1243 1447 1447 1491 Privilegium
1480 1447 1622 1479 Eborum
1649 1446 1808 1479 Ecclesiae
1845 1446 1889 1478 in-

1227 1496 1352 1530 dultum
1387 1506 1485 1539 super
1508 1495 1653 1535 iuribus,
1688 1495 1889 1528 libertatibus

1227 1550 1286 1578 etc.
1310 1545 1453 1578 eiusdem
1474 1544 1646 1584 Ecclesiae,
1669 1543 1721 1576 97.

1139 1595 1227 1629 XVII.
1250 1594 1384 1628 Castella
1412 1593 1475 1626 duo
1500 1592 1633 1625 Puliano
1658 1597 1687 1625 et
1712 1592 1798 1625 Colle
1819 1592 1887 1623 Alto

1227 1642 1385 1677 Pennensi
1418 1641 1577 1674 Ecclesiae
1615 1640 1654 1674 ab
1680 1639 1788 1674 Odone
1820 1639 1887 1683 epi-

1228 1703 1325 1736 scopo
1355 1690 1526 1734 acquisita,
1563 1689 1665 1723 eidem
1699 1688 1889 1721 confirman-

1228 1747 1292 1781 tur,
1314 1740 1366 1774 99.

1141 1790 1242 1824 xvtu.
1269 1788 1478 1822 Eboracensis
1505 1787 1783 1830 archiepiscopus,
1820 1796 1889 1828 pro-

1229 1844 1300 1883 pter
1315 1837 1549 1872 contumaciam
1570 1836 1603 1868 in
1618 1835 1806 1875 sceleribus,
1823 1845 1889 1867 sus-

1230 1898 1347 1932 pensus
1366 1887 1548 1920 declaratur
1567 1885 1606 1918 ab
1626 1884 1730 1918 officio
1746 1883 1889 1916 muneris

1229 1935 1524 1980 archiepiscopalis,
1547 1934 1639 1967 cuius
1658 1931 1889 1966 administratio

1229 1985 1350 2019 decano
1383 1983 1575 2018 cathedralis
1613 1982 1698 2015 illius
1730 1980 1890 2014 Ecclesiae

1230 2034 1452 2072 demandatur,
1475 2032 1528 2066 99.

1143 2084 1218 2118 XIX.
1242 2083 1283 2116 De
1308 2082 1419 2116 eadem
1446 2092 1480 2114 re
1501 2082 1538 2114 ad
1564 2081 1685 2113 clerum
1714 2077 1891 2112 Eboracen-

1232 2138 1310 2166 sem,
1334 2127 1407 2160 lot).

1144 2174 1206 2207 XX.
1237 2171 1387 2214 Sequitur
1415 2171 1453 2204 ad
1482 2169 1738 2204 Lincolniensem
1765 2167 1888 2211 episco-

1233 2227 1321 2260 pum,
1349 2216 1491 2258 aliosque
1517 2215 1677 2256 delegatos
1701 2211 1891 2256 apostolicos

1234 2272 1290 2304 pro
1315 2260 1501 2294 executione
1532 2258 1799 2302 supet-allatarum
1826 2255 1891 2288 lite-

1233 2316 1355 2345 rarum,
1378 2305 1452 2339 110-2.

1146 2352 1221 2385 XXl.
1245 2350 1426 2383 Mandatum
1453 2347 1696 2390 archiepiscopo
1722 2345 1892 2378 Rothoma-

1233 2395 1334 2437 gensi,
1356 2394 1394 2427 de
1410 2393 1537 2437 publice
1558 2392 1595 2424 iis
1614 2388 1892 2424 excommunican-

557 1186 816 1223 COELESTINUS
836 1187 886 1220 ΙΙΙ.

349 1303 370 1335 l.
397 1302 585 1340 Cassantur,
615 1309 697 1342 quae
721 1296 958 1331 Cantuariensis
990 1294 1096 1328 archi-

436 1349 607 1393 episcopus
632 1350 840 1380 attentaverat
868 1350 979 1378 contra
1005 1344 1097 1388 privi-

437 1398 518 1441 legia
544 1397 778 1430 monachorum
805 1393 1095 1431 Cantuariensium,

434 1459 509 1492 pay.
533 1447 585 1481 76.

349 1499 385 1531 ll.
430 1495 636 1530 Confirmatio
676 1493 914 1538 privilegiorum
952 1493 1096 1539 omnium

437 1544 620 1578 monasterii
642 1543 672 1576 S.
700 1541 863 1575 Ramberti
884 1542 989 1574 luren.
1014 1540 1098 1573 dioe-

438 1595 530 1635 cesis,
552 1594 604 1628 77.

350 1645 399 1678 ΙΙΙ.
439 1643 645 1677 Confirmatio
688 1640 858 1674 erectionis
895 1640 1099 1684 episcopatus

437 1692 644 1731 Zverinensis,
669 1691 721 1724 79.

350 1743 397 1775 IV.
433 1741 568 1775 irritatio
595 1738 769 1773 sententiae
795 1739 826 1770 in
852 1738 1098 1771 Dunelmensem

439 1791 625 1835 episcopum
650 1799 708 1832 per
735 1787 969 1820 Eboracensem
997 1786 1100 1819 archi-

439 1840 625 1884 episcopum
646 1838 826 1871 inconsulto
853 1837 1014 1881 prolatae,
1043 1835 1095 1869 811.

350 1892 383 1923 V.
407 1888 613 1924 Confirmatio
629 1887 840 1921 donationum
855 1886 895 1919 ab
910 1885 1052 1928 Eugenio
1062 1886 1100 1918 ΙΙΙ

439 1944 468 1971 et
487 1938 649 1971 Clemente
664 1937 702 1970 Ill
723 1936 872 1969 basilicae
892 1934 1026 1968 Sanctae
1042 1935 1101 1967 Ma-

439 1988 504 2020 riae
530 1985 656 2019 Maioris
679 1985 718 2019 de
738 1985 822 2019 Urbe
845 1984 1015 2023 factarum,
1044 1982 1096 2016 Sl.

351 2037 398 2070 w.
433 2035 636 2070 Canonizatio
670 2034 776 2068 Sancti
809 2032 923 2066 Ubaldi
960 2032 1101 2075 episcopi

441 2084 614 2128 Eugubini,
636 2083 688 2117 821.

352 2135 412 2168 VII.
436 2133 612 2177 Descriptio
639 2143 675 2165 ac
695 2131 870 2174 designatio
891 2129 1004 2163 finium
1025 2130 1100 2163 Sca-

441 2183 538 2216 lensis
557 2182 772 2225 episcopatus,
795 2179 847 2214 83.

352 2232 427 2265 vllt.
451 2230 657 2265 Confirmatio
684 2228 925 2273 privilegiorum
955 2238 990 2260 ac
1010 2227 1103 2260 liber-

441 2285 541 2314 tatum
569 2279 728 2312 Ecclesiae
755 2278 941 2316 Scotorum,
969 2286 1065 2320 quam
1086 2286 1102 2308 a

442 2329 584 2362 Romana
607 2327 760 2367 Ecclesia,
781 2327 915 2369 eiusque
943 2326 980 2359 de
1006 2326 1103 2359 latere

442 2380 544 2421 legato
554 2376 825 2411 excommunicari
838 2375 1034 2415 decernitur,
1048 2374 1100 2408 84.

358 2429 404 2460 tx.
428 2427 631 2470 privilegium
660 2424 864 2459 Fiscannensi
891 2423 1102 2463 monasterio,
1234 2439 1293 2479 dis,
1321 2439 1376 2482 qui
1406 2436 1698 2471 excommunicatos
1721 2433 1759 2466 ad
1785 2433 1892 2465 Eccle-

444 2487 494 2509 cui
512 2481 638 2519 praeter
653 2479 794 2507 caeteras
806 2478 1024 2527 immunitates
1036 2482 1106 2504 eius
1233 2484 1296 2516 5533
1308 2482 1569 2516 communionem
1581 2478 1799 2517 admittebant,
1812 2476 1888 2510 ‚105—

446 2527 619 2559 mssssasshOS
635 2524 760 2558 nonnisi
776 2524 815 2557 ab
829 2522 1010 2566 APOS¹01102¹
1025 2521 1105 2555 sede
1125 2554 1127 2564 Α
1147 2529 1236 2562 xxll.
1260 2528 1360 2561 Priori
1380 2532 1409 2560 et
1430 2525 1596 2559 monachis
1610 2522 1716 2556 Sancti
1736 2521 1892 2554 Pancratii

446 2574 716 2608 excommunicari
733 2583 825 2616 posse
836 2571 1035 2607 conceditur,
1049 2569 1101 2604 85.
1125 2576 1128 2605 ζ
1235 2574 1273 2606 de
1292 2573 1411 2612 Len-es,
1442 2571 1480 2604 de
1504 2580 1568 2603 non
1592 2566 1814 2612 promittendis
1835 2565 1893 2598 Ec-

360 2623 394 2655 X.
419 2622 623 2656 Confirmatio
651 2622 859 2655 donationum
889 2620 1034 2653 ninnium
1067 2610 1128 2662 ab}
1235 2617 1338 2651 clesiis
1364 2621 1535 2658 antequam
1560 2616 1682 2651 vacent,
1704 2621 1762 2654 pro
1789 2610 1891 2652 iisque

448 2670 740 2714 Hierosolymitanis
783 2669 910 2712 regibus
923 2696 930 2707 ,
973 2667 1105 2710 aliisqu(¹
1125 2666 1128 2706 1
1235 2661 1443 2705 pensionibus
1462 2669 1526 2692 non
1546 2656 1717 2695 solvendis,
1740 2654 1813 2688 106.
