2129 3223
152 265 203 291 An.
221 265 251 293 C.
265 265 332 292 191511

396 254 465 293 586

918 263 1105 287 BULLAntUM
1131 263 1290 286 ROMANUM

347 319 560 362 dioecesanos,
584 319 630 354 vel
652 319 761 354 saltem
782 318 978 367 presbyteros
996 330 1088 366 paro·
1107 324 1109 349 t
1130 318 1246 354 hellum
1269 318 1363 366 gerit:
1398 331 1459 360 non
1482 321 1564 359 enim
1588 320 1689 376 solum
1713 320 1795 361 ferali
1819 321 1872 359 110-

347 368 464 404 chiales
491 369 671 411 locorum,
666 381 695 403 in
722 368 837 417 quibus
858 368 998 407 videritis
1032 380 1089 402 ex-

348 419 471 469 pedire,
504 431 564 453 non
599 418 801 474 apparuerint
830 418 942 465 aliqui
974 417 1090 465 quibus

346 479 454 503 ectum
475 469 629 503 restitutio
647 467 816 510 debeatur;
840 467 1037 502 dummodo
1032 479 1088 515 ipsi

347 526 445 552 totum
472 517 557 566 quod
592 517 631 552 de
662 517 763 553 taliter
790 517 903 558 habitis
925 517 1090 551 restituere

345 567 473 612 debent,
496 568 540 602 vel
569 567 651 616 quod
676 575 818 615 possunt,
838 566 1012 607 secundum
1037 579 1090 600 ve—

336 618 426 652 'strae
459 595 656 653 discretionis
687 617 891 661 arbitrium,
885 630 914 650 in
939 615 1009 650 fidei
1034 628 1090 650 ne-

345 667 421 713 gotii
437 667 688 723 prosecutionem
700 674 892 711 convertant
904 665 1090 700 auctoritate

345 716 434 751 vobis
453 717 661 764 praesentium
681 716 886 751 concedimus
900 715 1088 750 facultatem.

393 765 508 801 Datum
528 766 669 801 Laterani
693 765 815 801 decimo
837 764 986 800 kalendas
1005 765 1090 812 apri-

344 815 393 855 lis,
421 815 619 863 pontificatus
647 815 744 850 nostri
773 827 855 850 anno
882 814 1061 849 undecimo.

383 876 443 908 Dat.
465 877 511 907 die
530 877 567 907 23
582 878 676 908 martii
695 877 780 914 1254,
799 876 900 915 pontif.
919 885 994 906 anno
1011 884 1047 905 xi.

639 1040 789 1076 XXXIX.

465 1118 622 1158 Sententia
643 1116 966 1156 excommunicationis

562 1169 596 1201 in
623 1167 784 1201 Ezeli‘num
807 1167 868 1209 (l).

610 1244 823 1281 SUMMARtUM

340 1309 449 1345 Ezelini
468 1308 650 1349 tyrannidem
666 1312 694 1338 et
709 1307 839 1338 facinora
855 1306 980 1346 exponit.
998 1322 1036 1328 -
1050 1305 1089 1336 De

380 1353 451 1389 Fide
469 1357 636 1393 suspectus.
653 1369 693 1380 «ι-
714 1351 894 1384 Sacramenti
911 1350 1089 1385 matrimonii

381 1397 512 1432 violator.
533 1413 573 1425 -,-
603 1396 777 1437 inquisitum
801 1405 815 1428 a
839 1395 892 1426 Pr.
921 1404 1011 1434 super
1032 1394 1089 1424 his.

381 1459 420 1465 -—
434 1441 563 1477 Nuncios
583 1451 653 1476 suos
671 1441 766 1471 eidem
785 1440 873 1471 mittit
896 1439 1040 1474 Ezelinus.
1053 1455 1091 1461 —

382 1486 448 1517 Dies
468 1487 494 1517 ei
513 1487 632 1523 indicta,
655 1491 686 1516 ut
703 1485 811 1516 Romae
834 1484 1027 1525 personaliter
1045 1484 1089 1513 si-

383 1536 481 1568 steret.
500 1547 539 1558 ·-.-
570 1530 632 1562 Non
655 1539 838 1569 comparens,
860 1528 993 1562 censuris
1016 1528 1091 1558 irre-

384 1577 461 1611 titur.
483 1593 522 1600 -·—
552 1575 659 1606 lterum
683 1576 800 1606 citatus.
826 1591 863 1597 -
893 1573 969 1604 Latis
991 1577 1089 1604 contra

383 1621 546 1657 haereticos
566 1620 770 1657 sanctionibus
789 1619 954 1649 subiicitur.
973 1635 1011 1640 —
1035 1617 1089 1648 Se-

383 1666 429 1702 dis
447 1667 546 1706 Apost.
565 1666 594 1695 in
611 1675 676 1695 eum
704 1665 810 1694 lenitas
827 1680 865 1686 -—
882 1662 964 1693 Cadit
982 1663 1009 1692 in
1027 1672 1091 1692 cas-

383 1719 458 1741 sum.
489 1726 524 1736 —
552 1708 829 1739 Excommunicatur
856 1708 883 1737 iu
907 1708 953 1737 die
979 1707 1091 1736 Coenae

383 1753 497 1790 Domini
521 1758 668 1793 tamquam
699 1753 878 1783 haereticus.

344 1831 517 1862 Innocentius
534 1831 676 1866 episcopus
695 1835 791 1857 servus
809 1834 948 1859 servorum
966 1826 1022 1859 Dei,
1060 1826 1093 1854 ad

1130 368 1250 403 minum
1278 368 1403 403 excidio
1433 369 1672 410 debacchatur'
1666 383 1695 405 in
1728 382 1871 417 corpora,

1131 429 1235 452 venum
1258 418 1350 454 etiam
1385 431 1481 466 super
1501 432 1702 459 communem
1731 420 1870 460 modum,

1130 479 1306 505 mensuram
1334 476 1363 502 et
1385 481 1563 511 numerum,
1590 469 1730 507 exhausti
1752 470 1872 506 cruoris

1130 517 1280 563 profluvio
1303 529 1363 552 non
1386 526 1563 559 contentus,
1580 531 1633 566 per
1648 519 1820 559 catholicos
1842 518 1872 557 fi-

1129 566 1178 600 dei
1194 574 1397 623 corruptores
1422 568 1595 614 spiritualis
1623 569 1701 606 vitae
1727 576 1873 615 operatur

1128 616 1255 651 exitium
1279 617 1307 651 in
1326 617 1486 652 interitum
1507 617 1691 653 animarum.
1715 617 1871 653 Nimirum

1129 666 1153 700 si
1177 666 1206 700 in
1229 666 1295 702 suis
1322 666 1535 702 atrocitatibus
1550 667 1672 714 propria
1694 675 1799 705 contra
1823 668 1872 702 in·-

1129 714 1232 753 fensos
1247 715 1304 750 sibi
1316 724 1523 764 exequeretur
1533 716 1615 756 odia
1629 717 1689 755 iam
1705 715 1871 755 (1813111315-

1128 765 1218 800 setin
1234 777 1271 799 eo
1289 765 1479 800 incalescens
1498 765 1593 800 animi
1613 765 1717 802 feritas
1732 774 1872 813 peractae

1129 814 1255 850 ultiouis
1282 814 1443 861 refrigerio
1465 815 1602 861 mitigata
1637 816 1665 850 in
1700 815 1767 856 his,
1792 827 1872 862 qnos

1130 863 1244 899 habere
1270 864 1432 899 videbatur
1458 877 1582 904 exosos,
1607 864 1662 899 sed
1689 866 1757 905 eius
1777 864 1870 899 effera

1129 913 1296 948 crudelitas
1310 914 1355 948 sic
1369 914 1400 948 in
1413 926 1533 951 ommes
1546 913 1756 956 excandescit,
1768 922 1801 949 ut
1815 926 1871 949 nec

1128 961 1284 1008 fortunae,
1306 975 1364 998 nec
1387 963 1465 999 vitae
1493 963 1667 1011 pepercerit
1688 963 1780 1001 etiam
1799 964 1874 999 ami-

1128 1024 1251 1056 corum,
1284 1024 1341 1048 nec
1375 1024 1484 1049 sexum
1520 1013 1686 1050 miseratus
1716 1013 1810 1048 fuerit
1841 1013 1871 1048 in

1128 1062 1330 1109 quibuslibet,
1353 1061 1400 1096 vel
1423 1071 1568 1106 aetatem,
1591 1074 1649 1098 nec
1669 1062 1803 1103 alicuius
1829 1074 1874 1098 re·

1129 1110 1265 1157 ligionis,
1293 1112 1339 1147 vel
1371 1111 1491 1151 ordinis
1517 1121 1681 1149 veneratus
1707 1112 1872 1157 honorem,

1129 1173 1245 1196 necans
1272 1161 1416 1209 parvulos
1442 1162 1639 1206 innocentes,
1665 1161 1790 1202 adultos
1816 1173 1873 1201 ne-

1128 1211 1231 1266 quiter
1264 1211 1432 1258 perimens,
1465 1211 1598 1252 diversis
1631 1211 1817 1258 excogitatis
1843 1211 1872 1245 in

1128 1261 1175 1295 eis
1195 1259 1363 1307 generibus
1384 1267 1625 1302 tormentorum,
1648 1268 1678 1296 et
1708 1260 1832 1309 quodp
1835 1273 1874 1298 u-

1129 1310 1278 1345 dorosum
1304 1318 1350 1345 est
1378 1310 1526 1357 cogitare,
1553 1310 1601 1346 vel
1628 1310 1725 1357 loqui,
1747 1309 1874 1348 horrido

1130 1360 1244 1407 impiae
1267 1359 1413 1397 sectionis
1438 1359 1550 1399 cultro,
1574 1368 1635 1394 tam
1655 1359 1818 1400 foeminam,
1841 1367 1872 1394 ut

1129 1410 1260 1451 diciiur,
1287 1409 1497 1444 eunuchizare
1525 1421 1618 1458 quam
1652 1421 1754 1448 mares
1785 1421 1872 1456 spem

1130 1458 1251 1494 futurae
1285 1458 1381 1506 prolis
1403 1459 1551 1496 occidens
1586 1460 1616 1494 in
1651 1458 1875 1505 superstitibus

1130 1509 1316 1548 occisorum,
1340 1516 1372 1543 ut
1390 1521 1427 1544 ex
1448 1508 1623 1549 intentione
1641 1507 1874 1556 quodammodo

1130 1557 1181 1591 liat
1207 1569 1315 1592 eorum
1339 1557 1443 1597 etiam,
1466 1570 1546 1605 quos
1567 1557 1671 1592 adhuc
1692 1556 1731 1592 de
1759 1557 1875 1596 lumbis

1132 1616 1239 1642 natura
1263 1619 1323 1642 non
1347 1606 1477 1661 protulit
1499 1607 1677 1642 homicidia.
1701 1606 1782 1648 Quis
1799 1618 1874 1653 ergo

1131 1656 1252 1691 dubitet
1284 1669 1358 1691 eum
1385 1669 1415 1690 in
1444 1656 1624 1691 hominibus
1655 1668 1718 1691 non
1755 1663 1874 1693 tantum

1133 1718 1280 1752 personas
1307 1705 1465 1752 persequi,
1496 1705 1550 1739 sed
1583 1706 1674 1740 etiam
1711 1703 1876 1740 naturam?

1131 1754 1210 1796 Quis
1231 1754 1365 1802 ambigat
1386 1755 1487 1795 illum,
1515 1755 1614 1802 quasi,
1630 1766 1692 1789 non
1714 1755 1874 1794 hominem

1132 1804 1260 1839 humani
1282 1804 1406 1850 generis
1427 1803 1491 1839 fore
1511 1804 1670 1851 publicum
1691 1804 1877 1842 inimicum?

1886 268 1936 299 An·
1957 267 1985 295 C.
2000 268 2066 303 ¹215&

1132 1853 1226 1888 Hunc
1260 1865 1297 1889 ex
1326 1865 1452 1900 genere,
1485 1865 1556 1890 cum
1587 1853 1708 1899 publice
1738 1852 1875 1893 damnati
1900 1866 1930 1889 ne
1950 1866 1998 1888 ms
2022 1872 2067 1888 ³2⁴,-

1134 1903 1280 1938 liaeretici
1317 1902 1399 1938 lilius
1437 1903 1547 1944 fuerit,
1585 1901 1969 1950 haereticorumque⁹⁰⁰⁸⁰¹·

1134 1962 1297 1999 cognatus,
1331 1952 1416 1988 hunc
1437 1953 1529 1987 etiam
1557 1964 1594 1992 ex
1617 1951 1770 1996 moribus,
1803 1964 1875 1987 cum

1134 2015 1218 2043 eum,
1252 2002 1407 2049 perfidum
1441 2014 1511 2037 esse
1544 2002 1697 2038 contraria
1733 2001 1875 2048 religioni

1135 2052 1387 2100 christianaeque
1401 2051 1470 2087 fidei
1486 2063 1580 2098 opera
1596 2050 1806 2095 manifestent,
1821 2062 1878 2086 nos

390 1881 550 1917 perpetuam
564 1879 722 1912 memoriam
745 1878 786 1907 ret
804 1878 909 1913 gestae.

397 1951 622 1987 Truculentam
673 1950 769 1985 unius
802 1948 939 1984 hominis
977 1947 1092 1982 rabiem

151 2000 336 2052 *diffundis*
351 2002 571 2041 inhumanam,
598 2012 784 2047 saevamque
812 1998 983 2033 barbariem
1014 1996 1095 2035 Eze-

152 2063 310 2088 01-aewoutt
351 2051 404 2086 lini
442 2050 584 2086 videlicet
617 2049 655 2084 de
688 2048 849 2084 Romano
884 2059 977 2095 quem
1011 2046 1094 2081 dirae

353 2100 554 2150 malignitatis
581 2099 751 2133 enormitas
776 2098 846 2132 fecit
874 2097 1039 2151 insignem,
1066 2103 1096 2130 et

352 2149 471 2185 mundo
493 2161 554 2184 non
579 2148 735 2194 incognita
764 2147 913 2182 sactorum
941 2155 1094 2180 atrocium

353 2199 521 2236 multitudo
549 2198 766 2246 spectabilem,
794 2197 929 2231 humana
963 2195 1096 2229 societas

353 2249 390 2285 ad
412 2248 593 2296 eligendum
618 2247 759 2294 improba
781 2258 797 2281 a
821 2246 899 2280 male
923 2244 1095 2292 potentium

353 2299 514 2348 tyrannide
536 2297 687 2337 instituta,
712 2296 840 2341 indigne
866 2296 995 2329 forsitan
1021 2305 1097 2348 per-

353 2349 462 2384 tulisse
480 2348 618 2387 videtum
636 2346 690 2382 sed
706 2345 856 2392 indiguus
875 2343 982 2392 procul
1002 2342 1098 2377 dubio

354 2400 496 2434 noscitur
546 2395 815 2436 sustulisse3l1ic
851 2394 1003 2441 siquidem
1041 2391 1099 2426 sub

356 2448 484 2485 humani
512 2446 618 2482 vultus
645 2446 745 2493 effigie
768 2443 932 2479 bellualem
960 2453 1098 2477 animum

356 2498 504 2542 retinens,
530 2473 715 2532 christianin
723 2494 886 2540 sanguinis
918 2490 1100 2527 sitibundus

356 2555 384 2581 et
423 2547 541 2582 viribus
574 2545 694 2593 rigidus
731 2543 859 2582 alienis
903 2539 1100 2589 implacabile

356 2596 507 2635 adversus
535 2606 712 2630 communia
740 2591 943 2627 humanitatis
976 2589 1100 2625 foedera

392 2665 431 2701 (¹)
446 2666 484 2693 Ex
501 2665 611 2699 Concil,
628 2668 693 2692 tom.
710 2671 770 2696 λιν,
790 2661 838 2690 col.
860 2662 899 2688 111

1135 2114 1207 2137 eum
1236 2100 1377 2148 publicae
1408 2101 1566 2149 opinionis
1591 2107 1796 2140 concurrente
1827 2112 1878 2135 as-

1135 2163 1242 2191 sensu,
1266 2163 1358 2186 unam
1378 2150 1416 2186 de
1438 2150 1581 2189 subdolis
1597 2149 1770 2197 vulpeculis
1788 2161 1877 2197 prae-

1136 2201 1328 2246 sumpsimus
1367 2211 1448 2241 esse,
1481 2212 1561 2248 quae
1595 2200 1715 2234 vincam
1750 2199 1876 2239 Domini

1137 2250 1273 2285 Sabaoth
1301 2249 1445 2285 demoliri
1470 2262 1530 2284 non
1553 2256 1686 2288 cessant,
1709 2256 1878 2283 testamen-

1138 2307 1201 2333 tum
1224 2301 1341 2335 aeterni
1367 2299 1526 2354 Evangelii
1556 2304 1803 2354 corrumpentes.
1830 2297 1876 2331 Ad

1138 2349 1223 2385 hunc
1249 2356 1350 2384 autem
1375 2348 1584 2404 nequissimae
1606 2346 1786 2382 intentionis
1803 2346 1879 2380 effe-

1138 2406 1222 2433 ctum
1246 2410 1283 2433 eo
1304 2398 1421 2445 ingenii
1444 2410 1491 2432 sui
1515 2397 1597 2433 calce
1620 2396 1780 2443 processit,
1806 2395 1879 2442 quia

1140 2448 1168 2481 in
1197 2460 1276 2495 quos
1302 2447 1416 2503 potuit,
1445 2460 1513 2482 vasa
1541 2445 1796 2484 sceleratissimae
1830 2458 1881 2479 tn-

1140 2496 1282 2532 lectionis
1308 2497 1471 2544 arripiens,
1505 2507 1558 2543 per
1591 2494 1760 2542 corporalis
1795 2494 1880 2530 necis

1142 2546 1355 2587 formidinem
1393 2558 1473 2593 quae
1512 2545 1697 2600 plerumque
1730 2543 1813 2583 cadit
1850 2545 1879 2578 in

1141 2595 1246 2640 fortes
1265 2574 1405 2630 residitos
1422 2594 1557 2641 regionis
1573 2605 1647 2628 suae
1663 2605 1744 2628 viros
1762 2593 1880 2638 redegit

1142 2645 1171 2679 in
1193 2645 1346 2692 parvulos,
1370 2645 1461 2680 uteis
1482 2655 1658 2679 animorum
1679 2642 1880 2688 confidentia,
