2129 3223
175 173 255 210 *sl

742 402 961 478 INDEX
999 403 1473 479 RFBRIGARUM

532 570 836 617 BULLARUM
875 570 945 616 ET
982 569 1433 617 PRIVILEGIORUM
1471 571 1692 618 OMNIUM

695 747 699 751 .
747 722 831 762 Quae
855 722 886 754 in
913 722 967 754 hoc
993 721 1079 754 terlio
1102 722 1251 754 volumine
1272 722 1472 755 continentur.

613 1099 750 1134 LUCIUS
771 1099 821 1133 111.
1138 1099 1172 1131 X.
1196 1099 1282 1132 Bona
1302 1105 1331 1132 et
1352 1100 1516 1143 privilegia
1535 1101 1759 1134 Admontensis
1777 1111 1886 1134 mona-

1225 1148 1311 1181 sterii
1333 1148 1513 1190 confirmat,
1544 1155 1573 1182 et
1593 1159 1671 1182 nova
1697 1150 1736 1182 de
1755 1149 1885 1183 electio-

346 1194 368 1226 l.
392 1193 556 1226 Absolutio
571 1192 726 1226 Wilielmi
746 1193 830 1236 regis
850 1192 974 1226 Scotiae
994 1192 1032 1225 ab
1049 1203 1098 1225 ex·
1227 1197 1320 1231 nibus
1339 1198 1583 1239 abbatissarum,
1605 1204 1634 1231 et
1659 1198 1795 1232 aliorum
1816 1209 1885 1232 mo-

436 1243 729 1277 communicatione
754 1243 787 1275 in
807 1253 881 1275 eum
905 1242 968 1275 lata
987 1242 1026 1276 ab
1047 1253 1097 1275 ar-
1228 1247 1439 1281 nasteriorum
1456 1247 1611 1292 regimine
1630 1248 1731 1281 sancit
1749 1252 1884 1287 statuta,

436 1291 641 1336 chiepiscopo
661 1291 867 1332 Eboracensi,
886 1302 962 1335 pay.
987 1291 1016 1324 7.
1227 1296 1279 1330 25,

349 1343 383 1376 Il.
421 1341 628 1376 Confirmatio
661 1341 843 1376 donationiS
871 1353 888 1374 a
920 1341 1096 1381 Barasone,
1140 1346 1188 1378 xl.
1212 1345 1418 1379 Confirmatio
1439 1347 1599 1379 honorum
1616 1346 1762 1379 omnium
1782 1351 1813 1378 et
1832 1345 1887 1378 ini-

438 1392 571 1435 eiusque
599 1402 697 1425 uxore
726 1391 908 1434 Algaburga
936 1390 1100 1440 Sardiniae
1229 1395 1421 1428 munitatum
1466 1395 1665 1429 Bellunensis
1701 1395 1885 1432 Ecclesiae,

437 1440 566 1484 regibus
585 1441 685 1474 sactae
706 1440 899 1474 monasterio
914 1440 1027 1474 Montis
1047 1440 1101 1474 Ca·
1231 1444 1294 1484 cui,
1317 1444 1450 1488 eiusque
1470 1445 1621 1489 episcopo
1641 1444 1796 1477 nonnulla
1816 1453 1889 1476 con·

438 1489 512 1530 sini,
533 1489 564 1523 8.
1230 1493 1388 1526 ceduntur
1408 1494 1583 1537 privilegia,
1606 1493 1657 1527 28.

352 1537 402 1571 III.
438 1538 563 1584 Erectio
597 1539 741 1572 abbatiae
765 1538 1045 1581 Monteregalensis
1069 1539 1101 1571 in
1142 1541 1204 1574 ΧΠ.
1223 1541 1425 1585 Privilegium
1447 1543 1613 1576 monachis
1628 1542 1890 1576 cisterciensibus

440 1587 771 1632 archiepiscopatum,
798 1587 851 1621 110.
1230 1601 1417 1624 concessum
1438 1591 1476 1624 ad
1497 1591 1622 1625 Ordinis
1642 1589 1890 1624 consuetudines

351 1637 402 1680 IV..
435 1637 641 1671 Confirmatio
674 1637 834 1670 bonorum
865 1637 1032 1678 omnium,
1072 1642 1103 1670 et
1231 1641 1478 1681 confirmandas,
1499 1640 1552 1675 30.

439 1687 602 1720 concessio
636 1686 875 1730 privilegiorum
909 1687 1113 1720 monasterio
1142 1689 1219 1721 XIII.
1238 1689 1428 1723 Donationes
1443 1690 1605 1724 Godefridi
1620 1690 1631 1723 Ι
1648 1695 1679 1722 et
1689 1689 1850 1723 Godefridi
1866 1689 1890 1723 II

441 1735 472 1769 S.
500 1736 647 1769 Matthaei
667 1735 705 1769 de
725 1735 859 1769 Castello
884 1735 1006 1768 ordinis
1028 1735 1102 1769 Cas·
1232 1738 1417 1772 Brabantiae
1443 1740 1563 1773 ducum
1588 1739 1620 1772 in
1639 1739 1778 1772 favorem
1799 1737 1890 1782 equi-

441 1785 587 1826 sinensis,
609 1784 662 1818 14.
1232 1793 1299 1820 lum
1319 1788 1563 1832 templariorum
1583 1787 1763 1828 confirmat,
1785 1786 1838 1821 30.

354 1834 386 1865 V.
409 1833 582 1875 Statutum,
608 1839 644 1867 ut
662 1835 803 1867 honores
829 1834 1031 1867 Carnotensis
1051 1845 1103 1867 ca—
1146 1836 1218 1870 xlv.
1242 1837 1331 1876 Quod
1365 1842 1467 1870 morte
1501 1836 1712 1876 mandatoris,
1748 1836 1802 1869 lite
1828 1845 1893 1868 non

442 1884 534 1927 pituli
551 1884 765 1918 residentibus
784 1889 907 1917 tantum
929 1884 1105 1917 concedan-
1233 1892 1418 1927 contestata,
1442 1886 1552 1920 finitur
1572 1885 1770 1925 mandatum,
1797 1883 1849 1917 34.

443 1938 517 1974 tur,
552 1938 582 1966 et
614 1944 654 1966 ne
687 1932 779 1976 quis,
806 1933 867 1966 alia
900 1932 933 1966 in
965 1933 1105 1966 Ecclesia

445 1983 554 2016 fruens
578 1981 748 2023 beneficio,
771 1982 946 2015 canonicus
970 1982 1029 2023 ibi,
1057 1982 1105 2015 vel
1393 1979 1571 2013 URBANUS
1596 1979 1646 2012 III.

444 2031 600 2075 plebanus
619 2031 694 2074 eligi
714 2031 825 2075 possit,
847 2031 900 2065 16.

357 2079 404 2113 Vl,
435 2080 642 2114 Confirmatio
671 2080 846 2114 sententiae
873 2081 954 2113 latae
978 2091 996 2113 a
1019 2080 1106 2113 dele-
1148 2074 1168 2107 I.
1194 2073 1310 2106 Urbani
1327 2074 1383 2106 PP.
1403 2074 1513 2108 IIIel'ae
1534 2073 1713 2117 enCYCIicae
1731 2072 1768 2105 ad
1785 2082 1896 2106 0111ssssss

445 2129 524 2173 gatis
542 2130 742 2174 Apostolicae
762 2129 852 2163 Sedis
876 2129 909 2162 in
929 2134 1108 2162 controver-
1237 2124 1402 2168 episcopos
1423 2124 1461 2157 de
1481 2124 1529 2157 sui
1550 2123 1721 2163 electione,
1740 2133 1816 2176 paq.
1839 2120 1891 2155 32.

445 2179 491 2212 sia
508 2184 627 2212 verten.
654 2180 738 2212 inter
761 2179 948 2223 episcopum
964 2179 1104 2211 Pennen,
1149 2174 1183 2206 ll·
1207 2173 1413 2206 COHflrmatiO
1446 2174 1624 2213 bOssOPUffl,
1655 2171 1894 2216 Psii'ilefflffl'um

446 2233 476 2261 et
491 2228 637 2262 abbatem
654 2227 879 2261 monasteriis.
892 2227 1011 2266 Quirici
1028 2227 1109 2260 eius·
1237 2227 1267 2255 et
1286 2222 1525 2255 immunitatum
1545 2221 1690 2255 omnium
1711 2220 1896 2254 Cluniacen-

448 2277 520 2310 dem
540 2277 706 2318 dioecesis,
728 2277 781 2311 17.
1237 2271 1279 2303 sis
1298 2271 1495 2312 monasterii,
1517 2270 1569 2305 33.

362 2324 422 2359 Vll.
452 2325 624 2360 Decretalis
656 2331 766 2360 contra
787 2326 960 2359 nonnullos
992 2325 1110 2359 abusus
1153 2321 1200 2354 111.
1224 2320 1430 2354 Confirmatio
1456 2320 1630 2354 sententiae
1654 2320 1735 2352 latae
1760 2329 1816 2363 per
1840 2317 1897 2352 Ro-

450 2375 484 2408 in
503 2375 676 2410 Pictavensi
697 2375 833 2409 dioecesi
853 2375 1003 2411 invectos,
1026 2374 1078 2408 «19.
1241 2370 1367 2403 bertum
1383 2370 1663 2414 archiepiscopum
1673 2368 1895 2404 Viennensem,

365 2424 436 2459 VIII.
459 2425 628 2459 Decretum
649 2430 759 2459 contra
778 2424 967 2464 haereticos,
990 2423 1041 2458 ΞΟ.
1239 2424 1269 2452 et
1283 2420 1451 2464 Hugonem
1463 2419 1608 2453 abbatem
1624 2416 1829 2457 Bonam-allis,
1847 2416 1897 2449 de-

365 2472 412 2505 lX.
431 2473 636 2508 Confirmatio
657 2474 851 2508 fundationis
870 2472 1111 2517 praepositurae
1239 2470 1359 2513 legatos
1378 2469 1581 2514 apostolicos,
1604 2478 1701 2512 super
1720 2471 1898 2500 controver-

451 2525 489 2558 de
508 2525 768 2565 Truthenhusen,
790 2523 911 2558 ordinis
930 2523 1036 2556 Sancti
1051 2524 1112 2556 Au·
1240 2520 1293 2553 siis
1313 2520 1519 2554 existentibus
1539 2519 1621 2552 inter
1639 2516 1814 2550 Arducium
1835 2515 1898 2559 epi-

451 2574 568 2617 gustini
593 2574 748 2609 dioecesis
767 2573 971 2617 Argentinae‚
993 2572 1031 2605 ab
1047 2572 1110 2605 Ho—
1240 2580 1373 2613 scopum
1412 2569 1594 2603 Gehennen.
1634 2572 1663 2600 et
1699 2565 1898 2599 Willelmum

453 2624 667 2667 benhurgensi
702 2623 894 2657 monasterio
928 2623 1111 2666 dependen-
1240 2618 1402 2654 comitem,
1425 2618 1476 2651 35

455 2673 503 2711 tis,
530 2672 582 2705 2-2.
1153 2667 1199 2699 lv.
1223 2667 1381 2700 Statutum
1402 2677 1442 2699 ne
1457 2667 1572 2699 domus
1591 2664 1792 2697 canonicales
1811 2661 1899 2694 laicis
