2129 3223
49 259 99 286 Δι.
113 257 142 286 C.
161 258 230 286 ¹265

77 1544 187 1566 clausulae

245 318 372 355 terram,
399 322 478 358 quae
500 316 546 344 est
568 309 642 343 citra
667 308 801 343 Pharum
834 320 933 355 usque
955 307 991 342 ad

245 359 380 394 confinia
398 368 548 394 terrarum
567 358 729 393 Romanae
751 357 921 399 Ecclesiae,
942 369 994 391 cx-

245 417 334 456 cepta
357 409 478 444 civitate.
499 407 719 443 Beneventana
744 419 814 441 cum
838 407 993 442 territorio

245 466 278 493 et
305 457 503 504 pertinentiis
534 457 622 499 eius,
649 468 728 503 quae
750 456 908 491 Ecclesiae
943 468 994 490 re-

246 506 383 541 manebit
404 507 529 547 eidem,
565 518 601 539 ex
625 506 688 539 sola
716 505 813 550 gratia
845 514 875 539 et
909 517 992 540 mera

246 554 429 590 liberalitate
461 555 552 590 Sedis
580 554 780 597 Apostolicae
821 554 909 588 vobis
940 566 994 588 ve-

245 604 382 651 strisque
396 603 585 638 haeredibus
601 603 639 638 de
656 615 735 638 novo
755 603 817 637 sore
833 614 993 647 concessa,

245 665 363 700 vosque
417 655 574 700 recepisse
626 664 661 687 ac
714 661 819 687 tenere
861 664 992 698 regnum

245 711 276 738 et
297 712 410 737 terram
434 702 614 737 huiusmodi
631 714 647 737 a
670 701 751 736 dicta
776 701 915 735 Romana
938 700 995 735 Ec-

244 752 337 786 clesia
365 752 424 787 sub
446 752 544 799 pactis
571 759 600 785 et
629 750 865 786 conditionibus
888 763 994 796 supra-

244 801 348 836 dictis.
386 800 425 835 Ut
452 809 556 835 autem
590 800 740 847 praedicti
772 800 887 845 negotii
910 812 993 833 con-

244 850 427 890 summatio,
464 858 494 885 et
516 850 592 884 liaec
614 857 718 884 nostra
741 849 886 892 collatio,
917 860 994 883 con-

243 900 345 934 cessio
367 906 397 933 et
424 899 605 934 investitura
623 910 659 933 ac
686 898 852 939 revocatio,
880 909 915 931 ac
936 898 992 932 alia

245 948 414 995 praemissa
442 948 558 983 illibata
597 956 748 995 perpetuo
784 954 930 980 maneant
964 955 994 981 et

244 998 463 1032 inconcussam
479 1009 603 1044 semper
622 996 784 1031 obtineant
802 996 992 1034 firmitatem,

243 1058 394 1093 praesens
428 1046 672 1080 instrumentum
717 1057 772 1080 seu
813 1053 993 1092 praesentes

243 1095 360 1130 litteras
392 1094 566 1142 sigillorum
605 1102 783 1129 nostrornm
819 1094 992 1128 munimine

244 1143 405 1179 roboratas
444 1144 534 1179 vobis
571 1144 719 1179 duximus
759 1143 990 1178 concedendas.

243 1193 360 1228 Actum
382 1192 502 1228 Romae
522 1193 606 1240 apud
634 1194 821 1228 Lateranum
850 1193 878 1226 in
910 1192 994 1226 basi-

245 1242 303 1278 lica
335 1242 444 1278 Sancti
478 1241 668 1283 Salvatoris,
704 1254 785 1289 quae
819 1241 995 1288 appellatur

243 1290 516 1336 Constantiniana,
537 1300 609 1326 ante
627 1291 876 1326 sacratissimum
898 1290 994 1324 altare

245 1341 345 1387 ipsius
383 1340 528 1375 basilicae
567 1340 806 1387 decimoquinto
846 1339 995 1374 kalendas

246 1390 324 1432 iulii,
338 1401 421 1424 anno
434 1389 560 1423 Domini
578 1392 682 1429 1265,
706 1389 905 1436 pontificatus
923 1401 995 1422 vero

245 1438 394 1485 praedicti
430 1438 607 1473 Clementis
638 1438 743 1485 Papae
776 1438 878 1485 quarti
910 1449 995 1472 anuo

245 1499 356 1534 primo.

292 1535 376 1571 Nulli
417 1548 492 1583 ergo
533 1536 664 1571 omnino
704 1536 868 1570 bominum
904 1535 995 1570 liceat

228 1585 325 1633 ‘lianc
347 1585 493 1632 paginam
521 1592 574 1619 etc.

292 1633 407 1670 Datum
447 1634 568 1669 Perusii
611 1646 666 1681 per
697 1646 824 1668 manum
853 1634 995 1680 magistri

244 1682 407 1718 Michaelis
428 1683 467 1718 de
489 1683 625 1717 Tliolosa
647 1682 680 1717 S.
709 1682 748 1717 R.
777 1682 812 1716 E.
837 1684 995 1717 vire-can-

245 1732 375 1772 cellarii,
402 1732 542 1767 secundo
565 1743 665 1766 nonas
689 1731 879 1770 novembris,
914 1731 996 1765 inili-

245 1781 349 1816 ctione
365 1793 459 1823 nona,
482 1781 705 1815 incarnationis
722 1780 899 1814 dominicae
915 1792 996 1814 anno

247 1829 416 1864 millesimo
443 1829 660 1864 ducentesimo
694 1830 889 1875 sexagesimo
909 1829 996 1875 quin-

246 1888 294 1920 to,
335 1878 535 1926 pontificatus
573 1890 645 1912 vero
678 1877 795 1912 domini
823 1877 997 1912 Clementis

247 1927 350 1974 Papae
371 1927 472 1975 quarti
499 1939 582 1961 anno
608 1926 718 1973 primo.

301 1979 362 2011 Dat.
378 1980 425 2010 die
439 1980 458 2010 4
474 1989 587 2010 novem.
605 1979 690 2017 1265,
707 1979 809 2019 pontif.
829 1989 904 2009 anno
924 1989 941 2009 i.

587 2092 647 2127 Xlt
653 2121 658 2126 .

252 2162 344 2202 Quod
373 2173 467 2207 propa
490 2161 644 2194 Ecclesias
670 2161 805 2204 fratrum
839 2161 1000 2194 Minorum

299 2211 543 2245 conventualium
573 2211 692 2243 ordinis
713 2210 822 2243 Sancti
839 2209 1000 2243 Franciscae‘

298 2272 361 2294 mm
375 2261 470 2304 possit
496 2271 609 2292 ieonum
627 2259 845 2292 monasterium
863 2260 1000 2292 construi

299 2310 344 2342 nel
365 2309 488 2353 acquiri
512 2309 551 2341 ab
573 2308 732 2341 ordinibus
757 2308 790 2340 in
821 2316 1001 2352 paupertate

299 2358 450 2401 fundatis,
482 2358 527 2390 vel
551 2358 764 2399 cuiuscumque
784 2358 902 2389 ordinis
933 2368 1000 2390 nio-

299 2407 446 2444 niali'bus,
474 2407 562 2450 infru
586 2407 720 2450 spatium
743 2412 902 2439 trecentum
924 2417 1001 2439 can-

301 2466 424 2488 narum.

516 2522 731 2553 SUMMARttJM

253 2580 419 2610 Exordium.
436 2595 477 2603 —-—
493 2580 520 2610 1.
537 2579 648 2610 Causae
676 2578 800 2608 faciendi
824 2578 941 2609 decreti.
963 2595 1002 2601 —

292 2623 456 2654 Decretum.
474 2640 514 2647 —-
530 2625 558 2654 ἱ),
575 2625 630 2660 Qui
650 2624 767 2653 ordines
789 2623 818 2652 in
835 2628 1001 2662 paupertate

883 251 1028 276 CLEMENS
1049 252 1083 274 lV
1104 252 1152 275 1³1³.

1662 242 1730 275 759

1071 306 1182 336 fundati
1202 305 1409 344 intelligantur.
1431 322 1470 328 —
1483 307 1514 345 4.>
1530 305 1713 336 Obstantium
1731 306 1782 336 de-

1070 351 1191 390 rogatio.

1031 431 1152 459 Clemens
1171 430 1312 466 episcopus
1335 437 1430 460 servus
1450 437 1589 460 servorum
1600 431 1656 465 nei.
1671 431 1783 460 dilectis

1075 479 1140 508 filiis
1162 479 1283 515 generati
1301 480 1331 508 et
1349 479 1560 515 provincialibus
1578 479 1726 513 ministrts.
1750 487 1782 508 ai:

1077 529 1212 558 universis
1227 527 1362 557 fratribus
1386 529 1489 558 ordinis
1506 528 1628 558 fratrum
1639 529 1781 562 Minoi-um.

1076 578 1194 608 salutem
1213 580 1243 607 et
1262 578 1441 613 apostoticam
1457 578 1680 608 benedictionem.

1082 654 1128 689 Ad
1172 654 1427 702 consequendam
1468 653 1598 700 gloriam
1639 653 1781 689 eoelestis

1034 705 1163 750 patriae,
1185 704 1230 739 sic
1252 704 1354 738 divina
1379 705 1477 750 pietas
1500 703 1709 739 humilitatem
1728 715 1781 739 re-

1032 762 1126 788 stram
1142 765 1196 800 per
1217 765 1304 788 suam
1321 753 1450 799 gratiam
1467 753 1606 787 cernitur
1624 753 1781 797 allexisse,

1032 802 1118 849 quod
1140 814 1265 849 semper
1291 804 1327 836 ad
1352 802 1410 836 boc
1438 802 1548 836 intenti
1575 803 1652 837 estis
1673 811 1703 838 et
1735 803 1782 836 vi-

1032 852 1126 896 giles,
1151 858 1183 885 ut
1205 851 1289 886 illam
1313 850 1399 885 vobis
1426 859 1456 886 et
1479 851 1627 897 proximis
1651 863 1704 898 per
1733 851 1782 886 in-

1034 900 1175 935 nocentis
1197 901 1276 936 vitae
1307 900 1447 934 studium
1480 901 1660 947 acquiratis.
1698 900 1783 935 Haec

1032 950 1116 984 enim
1140 958 1170 984 et
1198 950 1254 985 alia
1281 957 1387 984 sancta
1423 949 1640 996 pauperrimae
1663 950 1783 996 religio-

1034 999 1083 1032 nis
1114 1006 1233 1033 vestrae
1266 999 1376 1033 merita
1403 1010 1462 1033 nos
1497 998 1670 1039 inducunt,
1698 998 1782 1046 quod

1033 1047 1133 1082 simus
1166 1060 1204 1083 ex
1226 1048 1334 1082 intimo
1361 1046 1466 1083 cordis
1498 1047 1611 1082 affectu
1641 1046 1783 1088 solliciti,

1035 1106 1063 1130 ut
1094 1097 1123 1130 in
1148 1097 1315 1137 omnibus,
1348 1109 1428 1143 quae
1455 1096 1492 1131 ad
1520 1096 1577 1131 Dei
1606 1095 1731 1131 laudem
1753 1104 1783 1130 et

1032 1146 1235 1192 tranquillum
1257 1153 1371 1180 statum
1395 1145 1572 1180 devotionis
1594 1153 1713 1179 vestrae
1731 1157 1785 1180 cu·

1034 1195 1117 1240 pitis,
1143 1194 1315 1229 habeamus
1339 1194 1551 1241 providentiae
1573 1193 1717 1228 studium
1736 1193 1785 1228 ef-

1033 1243 1168 1278 ficacius.

1082 1292 1101 1339 g
1128 1295 1156 1325 t.
1180 1291 1274 1333 Sane,
1298 1304 1360 1326 non
1374 1292 1444 1326 sine
1457 1291 1591 1339 quadam
1606 1291 1784 1326 turbatione

1033 1341 1128 1375 animi
1152 1340 1333 1387 frequenter
1353 1340 1550 1381 audivimus,
1585 1339 1671 1387 quod
1704 1340 1784 1374 inter

1035 1401 1088 1425 vos
1117 1397 1146 1424 et
1173 1390 1338 1436 religiosos
1371 1389 1511 1436 aliquos,
1547 1389 1597 1423 illa
1625 1388 1664 1423 de
1691 1400 1784 1423 causa

1034 1438 1254 1474 aemulationis
1276 1446 1306 1473 et
1332 1438 1543 1473 dissensionis
1566 1437 1692 1472 materia
1720 1438 1785 1473 ori-

1036 1496 1131 1532 retur,
1153 1489 1226 1535 quia
1249 1488 1306 1535 ipsi
1329 1487 1441 1522 domos
1462 1495 1492 1522 et
1514 1486 1663 1522 ecclesias
1693 1499 1784 1533 regu-

1035 1537 1113 1571 lares
1141 1537 1223 1571 iuxta
1254 1538 1319 1572 loca
1355 1545 1467 1577 vestra,
1501 1547 1563 1570 non
1586 1535 1654 1570 sine
1683 1544 1785 1571 vestro

1034 1587 1117 1632 gravi
1147 1586 1337 1632 praeiudicio
1364 1594 1393 1620 et
1414 1585 1581 1631 dispendio
1606 1583 1785 1628 manifesto,

1034 1636 1224 1682 quandoque
1238 1643 1420 1669 construere
1437 1633 1689 1681 praesumebant.
1702 1632 1784 1668 Cum

1036 1685 1140 1730 itaque
1159 1685 1196 1718 ad
1219 1684 1380 1731 apostolici
1403 1690 1525 1729 spectet
1545 1682 1637 1717 officii
1654 1681 1786 1728 dignita-

1037 1742 1111 1773 tem,
1134 1733 1173 1767 de
1197 1745 1293 1779 regno
1315 1732 1479 1766 militantis
1501 1731 1660 1766 Ecclesiae
1682 1732 1784 1765 cuius—

1037 1782 1111 1816 libet
1137 1781 1276 1816 scandali
1302 1781 1463 1816 materiam
1486 1780 1623 1821 abolere‚
1651 1791 1709 1814 nos
1733 1779 1784 1813 di-

1035 1843 1095 1877 gne
1119 1831 1268 1871 volentes,
1290 1830 1372 1877 quod
1401 1829 1581 1864 huiusmodi
1605 1828 1786 1863 aemulatio-

1038 1881 1085 1914 nis
1103 1887 1133 1913 et
1155 1880 1366 1914 dissensionis
1387 1879 1511 1913 occasio
1531 1890 1585 1925 per
1602 1877 1785 1924 diligentiae

1038 1938 1161 1963 nostrae
1194 1928 1336 1963 studium
1371 1935 1570 1975 amputetur,
1601 1926 1784 1961 auctoritate

1038 1978 1248 2023 praesentium
1271 1977 1456 2012 ordinamus
1486 1984 1516 2011 et
1541 1975 1682 2011 districte
1701 1974 1785 2009 inhi-

1037 2027 1160 2066 bemus,
1182 2026 1268 2074 quod
1291 2026 1367 2061 nulli
1386 2025 1474 2060 liceat
1498 2024 1612 2060 amodo
1633 2024 1673 2058 de
1694 2023 1787 2059 Prae-

1036 2076 1212 2110 dicatorum
1240 2076 1451 2123 poenitentiae
1477 2073 1549 2109 lesu
1581 2072 1717 2117 Christi,
1747 2072 1783 2107 B.

1036 2124 1153 2159 Mariae
1187 2125 1227 2160 de
1259 2125 1365 2159 Monte
1387 2123 1549 2164 Carmelo,
1584 2121 1784 2157 eremitarum

1037 2173 1071 2207 S.
1092 2175 1272 2220 Augustini,
1294 2173 1428 2208 Sanctae
1448 2171 1570 2210 Clarae,
1589 2171 1720 2217 aliisque
1733 2181 1786 2204 or-

1038 2221 1166 2256 dinibus
1201 2223 1230 2256 in
1260 2230 1441 2269 paupertate
1464 2219 1617 2259 fundatis,
1646 2218 1785 2265 nullique

1040 2270 1207 2305 mulierum
1229 2271 1268 2305 de
1297 2271 1474 2316 praedictis,
1495 2281 1551 2303 seu
1574 2267 1786 2315 quibuscum-

1038 2331 1098 2366 que
1117 2320 1184 2354 aliis
1202 2319 1381 2362 ordinibus,
1397 2317 1524 2365 aliquod
1547 2316 1786 2359 monasterium,

1039 2368 1203 2403 eeclesiam
1237 2368 1282 2402 vel
1317 2369 1488 2402 oratorium
1523 2365 1688 2400 aedificare
1729 2376 1784 2399 seu

1039 2425 1239 2458 construere,
1274 2417 1350 2451 nulli
1386 2427 1512 2462 quoque
1546 2413 1698 2449 saeculari
1739 2413 1786 2448 vel

1041 2467 1185 2511 religioso
1228 2467 1457 2511 cuiuscumque
1491 2463 1695 2511 professionis
1732 2474 1788 2497 ec-

1041 2516 1166 2549 clesiam
1202 2515 1248 2549 vel
1277 2514 1503 2548 monasterium
1530 2524 1586 2547 seu
1616 2511 1786 2546 oratorium

1042 2565 1101 2597 iam
1123 2563 1323 2598 aedificatum
1346 2563 1376 2596 in
1396 2563 1531 2609 aliquem
1558 2559 1726 2595 transferre
1748 2560 1787 2594 de

1040 2612 1206 2647 ordinibus
1243 2612 1422 2646 memoratis
1459 2611 1536 2645 infra
1563 2610 1697 2657 spatium
1724 2617 1789 2644 tre-

1796 252 1845 278 Αα.
1864 251 1892 278 C.
1911 251 1978 278 ¹265

1827 658 1944 679 Exordium.

1811 1296 1890 1317 Causae
1900 1296 1931 1316 fut:
1945 1304 1983 1316 :J-

1826 1327 1844 1347 di
1865 1327 1954 1346 ἀρα-ιιι.

1830 1931 1950 1952 Βαιτιειιιε]Δ
