2129 3223
32 266 80 295 Au.
98 266 128 294 C.
143 265 210 294 uoti

851 266 995 290 effluens
1020 266 1054 288 lv
1080 265 1129 288 ΡΙ).

1637 252 1706 285 7⁶25
1768 262 1817 288 An.
1836 260 1864 287 c.
1886 261 1950 287 tenda

225 325 318 360 certis
338 323 572 359 conditionibus
604 323 819 361 concedendo.
843 322 969 357 habitus
1007 321 1120 367 vilegio
1141 320 1213 360 sibi,
1235 329 1264 354 et
1288 321 1318 354 in
1341 331 1396 355 sua
1420 319 1578 354 voluntate
1599 326 1630 353 et
1666 326 1755 365 pote-

225 383 272 409 est
295 381 452 408 tractatus.
486 372 525 407 Et
565 373 636 419 qnia
677 385 729 407 rex
769 374 834 418 ipse
873 372 967 407 multa
1007 379 1085 405 state
1101 370 1249 404 remansit
1269 370 1389 412 (licere,
1405 369 1613 417 pronunciare
1627 368 1673 402 vel
1689 380 1756 414 pro-

225 435 295 470 erga
318 422 491 457 Romanam
513 421 684 456 Ecclesiam
722 421 887 457 devotione
921 432 969 456 re·
1009 420 1087 455 ferre
1103 420 1133 454 in
1149 419 1272 466 scriptis
1287 420 1331 453 vel
1346 420 1414 453 sine
1429 417 1614 466 scriptis,de
1624 417 1756 453 consilio

226 473 333 520 fulget,
360 483 517 519 suumque
543 483 645 516 genus
666 470 736 505 fidei
757 483 882 517 semper
911 471 968 506 cla·
1009 470 1054 505 vel
1073 470 1141 504 sine
1153 469 1285 503 consilio
1311 468 1440 504 fratrum
1470 480 1615 507 suorum,
1632 466 1756 514 praedi-

227 522 288 556 ruit
315 521 458 569 puritate,
487 520 621 568 providit
661 528 737 555 tunc
767 520 867 555 Sedes
902 521 968 568 ipsa
1007 519 1066 554 ctis
1080 530 1151 563 rege
1173 527 1204 553 et
1222 517 1389 552 Eilmnntlo
1402 530 1437 552 ac
1455 518 1516 552 alio
1540 519 1635 552 etiam
1668 529 1756 564 quo-

225 582 296 606 cum
328 569 438 606 eodem
477 581 547 616 rege
581 578 745 605 tractatum
787 569 968 604 huiusmodi
988 581 992 622 1
1009 579 1155 615 cumque,
1171 568 1262 602 cuins
1284 566 1411 602 forsitan
1432 567 1607 605 interesset,
1636 578 1756 611 nequa-

224 631 454 656 cousummare:
476 619 560 654 unde
588 620 683 654 relato
704 627 734 654 et
765 620 906 665 exposito
933 632 969 654 ex

227 677 313 717 parte
334 668 435 715 ipsius
457 668 617 704 Etlmundi
640 667 690 703 fel.
717 669 866 704 recordat.
894 668 971 703 Ate-

44 725 115 747 ΜΝ)
141 727 209 752 ‘ww‘
226 719 344 754 xanrlro
359 718 462 765 Papae
478 726 591 767 quarto
607 717 836 765 praedecessori
853 727 970 759 nostro,

30 756 309 816 231..¹.3.³·:3;'·;.:„3q00d
351 767 487 803 dilectus
533 767 616 802 filins
649 768 795 813 magister
823 767 972 803 Albertns

30 816 213 870 ζθῗζξξξςεᾞῗ
228 817 368 854 notarius
393 826 500 852 noster
535 825 611 851 tunc
643 816 842 864 Apostolicae
880 817 972 852 Sedis

207 864 347 914 'legatus
379 866 481 901 eidem
516 865 685 902 Edmumlo
718 875 747 900 et
786 866 972 902 haeredibus

226 917 294 954 suis
321 916 513 964 praedictum
542 928 674 962 regnum
702 916 840 961 Siciliae,
861 929 895 951 ac
917 924 972 950 to-

226 976 290 1004 tam
312 974 438 1005 terram,
460 977 539 1013 qnae
560 975 606 1001 est
627 967 702 1001 citra
718 964 846 1007 Farum,
873 978 973 1012 usque

226 1016 264 1052 ad
306 1014 441 1051 confinia
479 1023 632 1050 terrarum
676 1016 774 1062 ipsius
812 1015 971 1051 Ecclesiae

226 1064 387 1101 Romanae
409 1077 482 1100 cum
505 1064 652 1100 omnibus
673 1065 803 1105 iuribus,
840 1066 974 1100 honori-

226 1115 309 1154 bus,
356 1114 549 1150 districtibus
595 1122 627 1149 et
671 1115 868 1161 pertinentiis
906 1115 973 1149 suis

227 1164 375 1212 (exceptis
401 1164 525 1199 civitate
547 1163 780 1206 Beneventana,
803 1176 874 1199 curn
899 1164 973 1207 ipsis

227 1213 347 1249 iuribus
367 1221 397 1248 et
422 1213 620 1261 pertinentiis
647 1214 811 1255 universis)
841 1214 870 1247 in
901 1212 971 1247 fvn-

227 1263 302 1299 dum
325 1262 365 1298 dc
386 1262 514 1310 speciali
545 1263 728 1298 auctoritate
763 1271 793 1296 et
825 1262 972 1297 mandato

227 1312 280 1348 fel.
321 1312 473 1347 recordat.
513 1311 687 1347 Innocentii
723 1311 827 1358 Papae
868 1312 970 1358 quarti

228 1360 478 1409 praedecessoris
509 1362 605 1396 nostri
645 1369 852 1401 concesserat,
880 1361 973 1395 salvis

228 1410 424 1447 libertatibus
448 1418 478 1446 et
493 1411 743 1447 immunitatibus
762 1410 971 1446 Ecclesiurum

229 1460 459 1509 praedictorum
488 1460 575 1507 regni
615 1469 646 1495 et
680 1469 804 1499 terrae,
840 1469 901 1494 tam
941 1462 971 1494 in

228 1509 449 1551 electionibus,
470 1522 563 1558 quam
597 1510 629 1544 in
656 1511 726 1545 aliis
761 1509 974 1556 spectantibus

229 1559 266 1596 ad
288 1559 426 1595 easdem.

277 1609 298 1657 S
318 1611 351 1644 2.
373 1608 532 1656 Quodque
553 1608 635 1645 idem
660 1608 861 1644 Innocentius
884 1620 975 1655 prae-

43 1662 217 1714 Βοῦῗξέζζῗοωάῐ
229 1659 376 1694 decessor
406 1660 641 1694 concessionem
669 1657 871 1700 huiusmodi,
897 1670 974 1702 sup-

33 1699 74 1752 3¹0¹?
92 1701 166 1746 imioe,
189 1723 216 1745 iv
231 1708 345 1756 plendo
365 1707 521 1743 defectum
552 1710 578 1743 si
609 1708 682 1757 quis
704 1709 733 1742 in
757 1720 790 1741 ea
807 1706 908 1749 fuerit,
935 1707 974 1741 de

33 1756 425 1808 {3232200fflm2·pteni111dine
447 1759 610 1804 potestatis
639 1758 821 1793 auctoritate
854 1764 975 1802 aposto-

230 1807 289 1842 lica
333 1806 532 1842 confirmarat
571 1807 673 1842 eidem
710 1805 896 1849 Edmundo,
925 1817 976 1840 re-

229 1868 326 1903 gnum
345 1864 377 1891 et
398 1865 510 1891 terram
539 1857 691 1903 praedicta
720 1856 750 1889 in
778 1855 907 1890 feudum
937 1855 975 1889 de

232 1918 312 1941 novo
332 1905 522 1946 concedens,
546 1914 640 1953 prout
661 1906 690 1940 in
713 1905 779 1939 suis
801 1905 909 1939 litteris
930 1904 976 1938 di-

231 1955 361 1990 cebatur
381 1955 507 2002 plenius
528 1955 691 1990 contineri.
714 1953 875 1989 Prae-fatus
905 1953 976 1988 Ate-

47 2012 166 2034 simmia
190 2010 217 2032 Ν
232 2005 348 2039 xanster
399 2003 620 2050 praedecessor
668 2004 903 2039 concessionem
946 2012 975 2038 et

34 2043 218 2095 ξ’ζῗηξῗζῗᾚζζ
231 2053 498 2090 confirmationem
521 2053 714 2092 huiusmodi,
741 2053 800 2088 sub
821 2053 976 2087 conditio-

35 2105 217 2157 22050253'222232
233 2103 327 2139 nibus
345 2103 376 2138 in
405 2103 564 2150 privilegio
590 2102 761 2151 apostolico
792 2102 865 2136 inde
899 2114 975 2136 con-

36 2167 110 2188 enue:
232 2153 312 2188 secto
333 2152 503 2201 expressis,
531 2160 611 2188 ratas
636 2161 666 2187 et
691 2161 793 2198 gratas
830 2151 948 2186 habens
967 2179 974 2192 ,

231 2203 315 2249 ipsas
331 2202 370 2238 de
397 2202 525 2237 fratrum
548 2214 677 2237 suorum
699 2201 881 2248 approbavit
904 2213 976 2235 con-

230 2252 300 2286 silio
346 2260 377 2287 et
402 2263 544 2291 assensn,
569 2260 600 2286 ct
629 2251 688 2285 sub
715 2251 832 2286 eisdem
857 2250 975 2285 condi-

231 2301 371 2337 tionibus
405 2301 473 2336 illas
499 2301 683 2336 auctoritate
709 2300 877 2348 apostolica
919 2300 975 2334 in-

233 2363 362 2395 novans,
385 2362 515 2396 regnum
538 2359 567 2385 et
591 2359 701 2385 terram
717 2350 885 2397 praedicta,
902 2362 973 2385 cum

231 2400 379 2436 omnibus
412 2400 533 2434 iuribus
562 2407 592 2434 et
615 2399 811 2447 pertinentiis
831 2399 908 2439 suis,
935 2399 974 2434 de

232 2449 360 2485 fratrum
374 2449 512 2497 ipsorum
524 2461 694 2492 consensu,
709 2448 792 2483 dicto
805 2448 975 2484 Edmundo

231 2511 267 2534 ac
292 2499 361 2534 eius
397 2498 585 2534 haeredibus
613 2499 774 2545 utriusque
807 2509 899 2533 sexus
941 2498 972 2532 in

232 2548 361 2584 feudum
389 2548 449 2584 sub
481 2548 599 2583 eisdem
639 2547 871 2583 conditionibus
904 2559 976 2594 per-

234 2606 328 2645 petuo
347 2598 502 2634 concessit
521 2606 551 2633 et
567 2597 658 2632 etiam
681 2596 883 2631 confirmavit.
910 2596 975 2631 Re·-

232 2648 364 2683 scrvavit
389 2655 493 2683 autem
520 2659 666 2696 expresse
702 2646 732 2681 in
759 2645 869 2681 eodem
910 2646 975 2693 pri-

1009 630 1102 664 quam
1116 617 1243 655 vocatis,
1256 625 1286 651 et
1301 617 1512 664 absqueoinni
1528 616 1602 651 iuris
1613 615 1757 650 solemni-

1010 676 1082 705 tate.
1095 667 1622 714 approbationem,innovationem,
1632 677 1756 700 conces-

1010 718 1143 754 sionem,
1165 715 1434 750 confirmationem
1466 713 1656 756 huiusmodi,
1678 727 1756 761 quis

1012 765 1156 814 praefatis
1195 765 1366 800 Etlmuntlo
1400 772 1431 798 et
1471 764 1658 798 haeredibus
1697 764 1757 798 sub

1011 816 1104 851 certis
1125 815 1359 850 conditionibus
1382 813 1523 856 faciebat,
1546 825 1659 848 vacuas
1681 825 1756 847 oin-

1012 866 1085 900 nino
1099 877 1181 904 esse,
1199 864 1381 912 nnllnmqne
1397 865 1492 898 robur
1502 862 1545 896 vel
1563 863 1695 897 valorem
1707 862 1757 897 l'ta·

1011 915 1096 955 bere,
1108 922 1161 950 aut
1172 926 1328 952 revocare,
1343 925 1466 948 cassare
1479 921 1510 947 et
1527 912 1647 947 irritare
1662 913 1756 957 ips-as,

1010 974 1040 1000 et
1067 977 1172 1000 cassas
1196 973 1227 999 et
1254 965 1353 998 irritus
1380 963 1540 1007 nuntiare,
1577 962 1601 997 si
1635 974 1758 996 memo·

1013 1024 1096 1049 ratus
1126 1026 1179 1048 rex
1205 1014 1355 1061 quasdam
1381 1024 1418 1047 ex
1447 1012 1538 1046 dictis
1568 1011 1758 1046 conditioni-

1013 1063 1082 1101 bus,
1103 1064 1227 1098 statutis
1250 1063 1402 1099 terminis,
1428 1074 1488 1096 non
1524 1062 1691 1106 impleret:
1718 1061 1757 1096 ita

1011 1113 1096 1159 quod
1142 1122 1211 1158 post
1248 1110 1431 1146 huiusmodi
1470 1111 1757 1157 pronuntiationum

1011 1174 1067 1198 seu
1110 1162 1313 1196 irritationem
1355 1162 1399 1196 vel
1428 1159 1562 1198 dictum,
1605 1158 1758 1206 praefatae

1011 1210 1245 1257 approbationis
1267 1211 1436 1250 innovatio,
1454 1210 1617 1245 concessio
1640 1218 1670 1243 et
1686 1222 1759 1243 con·

1013 1261 1147 1295 firmatio
1186 1260 1303 1295 nullius
1335 1267 1442 1294 essent
1481 1259 1529 1294 vel
1568 1258 1758 1294 haberentur

1012 1309 1168 1344 efficaciae
1195 1311 1240 1343 vel
1265 1309 1426 1343 momenti.

1060 1358 1080 1405 ἓ
1103 1363 1134 1393 ὅ.
1161 1359 1199 1393 Et
1225 1359 1297 1393 licet
1327 1359 1482 1404 praedicta
1525 1357 1624 1392 Sedes
1659 1357 1756 1404 pluri·
1784 1362 1824 1397 sad
1839 1363 1954 1384 hisoenem

1013 1421 1099 1443 mum
1122 1407 1320 1447 affectaverit,
1354 1408 1413 1441 adh
1433 1407 1535 1441 betnlo
1575 1419 1668 1452 quum
1703 1393 1955 1453 po-iii¹ig,²1'ii³,i,¹5⁵2m‘

1015 1459 1071 1492 tuit
1099 1458 1302 1504 diligentiam.
1325 1457 1408 1503 quod
1434 1456 1531 1503 ipsius
1569 1457 1656 1502 regni
1696 1469 1759 1492 ne-

1011 1508 1131 1553 gotium
1161 1508 1294 1553 pietatis,
1322 1518 1393 1552 rege
1414 1518 1451 1541 ac
1483 1505 1652 1540 Etlmuntlo
1688 1518 1760 1553 pro—

1012 1557 1221 1604 sequentibus
1249 1556 1337 1597 illud,
1365 1555 1562 1590 laudabiliter
1585 1556 1760 1602 proficeret,

1013 1616 1041 1641 et
1066 1618 1119 1652 per
1145 1606 1269 1640 illorum
1285 1605 1388 1640 studia
1411 1616 1441 1641 et
1462 1606 1573 1640 auxilia
1602 1606 1759 1640 successi-

1015 1655 1074 1690 bus
1096 1657 1327 1690 convalesceret
1357 1655 1524 1701 prosperis,
1546 1663 1577 1690 et
1605 1656 1760 1702 processi-

1015 1706 1075 1739 bus
1102 1714 1340 1750 promoveretur
1361 1706 1484 1751 optatis,
1508 1705 1601 1751 idque
1640 1704 1759 1740 diutins

1014 1754 1229 1790 exhuberente
1251 1755 1331 1788 circa
1351 1754 1436 1801 ipsos
1462 1753 1632 1800 apostolica
1651 1756 1759 1800 gratia,

1015 1817 1075 1839 non
1099 1804 1165 1838 sine
1188 1804 1364 1839 innumeris
1385 1812 1415 1838 et
1434 1804 1555 1846 magnis
1574 1803 1759 1851 dispendiis,

1014 1853 1224 1901 gravibusque
1249 1854 1394 1900 periculis
1427 1861 1457 1887 et
1478 1852 1612 1888 dolenda
1645 1855 1759 1888 iactura

1014 1903 1155 1939 eiusdem
1193 1904 1308 1949 negotii
1342 1903 1522 1948 expectant,
1569 1904 1614 1937 eis
1653 1911 1757 1938 tumen

1014 1953 1143 1988 omnino
1181 1952 1422 1995 deficientibus,
1465 1964 1522 1986 nec
1569 1964 1661 1998 opem
1707 1961 1759 1988 ant

1014 2015 1141 2048 operam
1166 2002 1354 2049 promotioni
1372 2001 1444 2036 dicti
1470 2002 1586 2047 negotii
1611 2002 1761 2048 praeben-

1015 2052 1099 2086 tibus
1121 2060 1312 2098 opportuna,
1347 2062 1449 2098 neque
1475 2051 1673 2086 conditiones
1704 2052 1760 2086 ad·

1015 2101 1216 2148 implentibus
1237 2101 1444 2147 supradictas,
1473 2101 1574 2146 ipsum
1599 2102 1759 2147 negotium

1014 2152 1147 2198 speratis
1168 2150 1324 2198 suffragiis
1346 2163 1407 2185 non
1430 2149 1585 2193 adiutum,
1620 2161 1647 2184 et
1681 2163 1759 2185 con-

1015 2202 1112 2236 tinuis
1140 2210 1356 2247 impugnatum
1383 2200 1546 2242 adversis,
1586 2199 1757 2245 profectum

1015 2263 1075 2284 non
1105 2250 1223 2290 babuit,
1246 2251 1300 2285 seit
1325 2249 1430 2284 multis
1451 2249 1644 2284 debilitatum
1672 2249 1760 2284 ‹lese-

1014 2300 1118 2334 ctibus
1140 2300 1312 2346 periculose
1339 2298 1469 2344 languit,
1496 2307 1527 2332 et
1554 2297 1692 2334 Ecclesia
1718 2301 1758 2333 iu·

1014 2357 1159 2384 currente
1185 2360 1222 2383 ac
1242 2349 1419 2384 sustinente
1443 2360 1498 2396 pro
1525 2348 1584 2383 hoc
1623 2349 1758 2384 maxima

1014 2398 1214 2433 detrimenta.

1062 2447 1128 2495 §4-
1144 2447 1224 2489 Quia
1239 2446 1334 2493 igitur
1346 2446 1543 2481 manifestum
1558 2454 1604 2481 est
1623 2454 1653 2481 et
1673 2454 1759 2482 noto-
1771 2448 1849 2500 ‘Hm
1862 2449 1955 2500 ⁶⁶⁶3?-

1015 2497 1094 2531 rium
1111 2496 1284 2543 praedictas
1300 2508 1359 2530 non
1375 2495 1470 2531 fuisse
1484 2496 1679 2531 conditiones
1704 2496 1759 2532 im·
1772 2484 1897 2532 ciisz‘iieii
1913 2485 1931 2501 ¹⁶
1944 2486 1956 2500 ὃ

1015 2547 1122 2593 pletas.
1149 2554 1180 2581 et
1206 2545 1338 2580 liberum
1361 2554 1408 2580 est
1431 2545 1534 2586 nohis,
1556 2554 1586 2580 et
1608 2546 1637 2580 in
1655 2555 1759 2582 nostra

1015 2595 1173 2630 voluntate
1181 2607 1215 2630 ac
1227 2602 1378 2643 potestate
1390 2595 1544 2635 consistit,
1557 2595 1675 2630 eisdem
1689 2608 1759 2631 con·

1014 2645 1186 2680 ditionibus
1202 2657 1262 2679 uon
1276 2644 1423 2692 impletis,
1435 2645 1549 2690 dicere,
1558 2654 1759 2692 pronuntiare
