2129 3223
59 283 131 314 ·.“Λευ.
149 283 178 312 C.
197 283 264 311 ¹209

46 1134 55 1170 Ι·
101 1126 216 1150 mutatae.

0 1896 34 1937 :³⁷-

16 1939 46 2026 3³:

29 2308 43 2353 ’ζ
93 2324 223 2349 Proculian-

81 2521 188 2550 Quomodo
218 2525 250 2545 itu

69 2559 181 2580 coronandi
192 2557 252 2579 flun-

876 280 1043 303 tsxocsssn
1050 281 1084 303 [ὃ
1105 282 1141 304 ltt
1165 283 1214 305 PF.

278 346 339 374 tem
362 337 505 386 paginam
527 336 558 371 in
580 344 802 382 argumentum
826 337 921 371 nostri
949 348 1020 370 mu-

276 388 359 423 neris
378 394 554 422 annotatam
577 385 670 432 sigilli
687 386 782 421 nostri
806 385 1019 421 roboravimus

275 436 489 484 impressione.
511 434 627 471 Datum
653 447 710 483 per
737 448 849 470 manus
862 434 1017 470 Gotliiridi

273 485 456 521 Orodiensis
479 485 661 533 praepositi,
683 484 772 520 aulae
802 485 905 531 regiae
944 496 1018 519 can-

272 534 463 575 cellarii‚an.
478 535 654 569 dominicae
667 535 890 569 incarnationis
906 546 1016 568 mccvi.

272 583 451 623 Venerabili
479 583 594 619 Ioanne
620 583 830 629 Strigoniensi
858 584 1016 630 archiepi-

270 645 368 681 scopo
380 634 544 674 existente,
553 632 671 669 Calano
684 632 1015 680 Quinquecclesiensi,

270 682 415 720 Boleslao
440 682 598 722 Vaciensi,
634 682 727 717 Petro
757 682 923 718 Genriensi
954 682 1017 728 epi-

269 733 385 781 scopis,
408 732 563 768 Mocbone
590 731 743 776 Palatino,
765 740 795 767 et
816 732 932 767 comite
959 731 1016 766 Bi·-

269 782 438 820 choriensi.
465 781 617 830 Cliepano
639 781 703 817 filio
731 781 913 822 llluiabono,
946 780 1016 816 Be-

269 831 392 868 nedicto
414 830 591 880 Vayavodo,
619 830 771 878 Chepano
805 831 919 866 comite
953 830 1015 865 Ba-

267 881 379 926 ciensi,
399 880 573 928 Smaragdo
609 880 814 922 Zonukiensi,
842 890 872 916 et
900 880 1013 915 comite

267 928 394 975 Curiae,
415 928 498 966 Gula
529 930 643 965 comite
676 930 903 977 Budrugiensi,
929 929 1014 964 Mar-

267 979 347 1016 cello
392 979 616 1027 Supruniensi,
656 979 809 1015 Tiburcio
860 979 1012 1024 Albensi,

266 1028 347 1065 Poth
373 1029 571 1065 Musuniensi
593 1030 718 1065 comite.

314 1078 398 1114 Nulli
432 1092 507 1127 ergo
545 1079 674 1114 omnino
714 1079 879 1113 hominum
923 1078 1013 1113 liceat

266 1127 346 1164 hanc
367 1129 513 1176 paginam
542 1137 665 1164 nostrae
687 1128 923 1163 constitutionis
961 1128 1012 1162 in-

265 1177 400 1224 fringere
421 1187 472 1213 etc.
497 1177 529 1213 Si
552 1179 623 1226 quis
644 1186 748 1213 autem
770 1186 822 1212 etc.

311 1227 429 1263 Datum
469 1227 614 1263 Laterani
652 1228 844 1263 duodecimo
887 1227 1008 1262 kalend.

265 1277 348 1319 maii,
376 1277 576 1325 pontificatus
599 1290 669 1312 vero
696 1277 815 1312 domini
835 1276 1009 1312 innocentii

263 1325 368 1374 Papae
391 1326 473 1363 tertii
496 1339 579 1362 anno
600 1327 800 1362 duodecimo.

283 1381 345 1416 Dat.
365 1384 410 1414 die
430 1384 466 1414 19
488 1384 591 1423 aprilis
617 1384 700 1419 1209,
723 1383 825 1423 pontis.
849 1393 923 1414 anno
942 1392 989 1413 xit.

565 1565 706 1600 LXVlll.

261 1641 521 1686 seriqoniensibus
546 1643 778 1688 archiepiscopis
811 1643 1009 1688 confirmatur

321 1696 370 1729 ius
394 1696 563 1730 coronandi
582 1707 662 1742 reyes
685 1697 868 1742 Hunqariae
889 1698 944 1740 (l).

528 1774 742 1805 SUMMARttJM

262 1840 448 1872 Prooemium.
465 1858 505 1864 —
521 1841 673 1877 Quomodo
688 1843 735 1872 ius
754 1843 912 1874 coronandi
930 1843 1008 1873 Hun-

300 1885 399 1924 gariae
410 1895 494 1924 reges
505 1886 666 1916 derivatum
686 1888 724 1916 sit
739 1887 772 1917 ad
787 1886 1007 1926 Strigonienses

300 1930 549 1970 archiepiscopos.
567 1947 606 1954 -—
626 1930 829 1962 Confirmatur.
857 1949 894 1955 —
922 1932 1008 1962 Clau-

301 1973 394 2004 sulae.

261 2041 434 2079 tmbcentius
461 2051 602 2087 episcopus
620 2057 714 2080 servus
733 2058 871 2081 servorum
887 2051 942 2084 Dei,
967 2052 1008 2080 10-

305 2098 389 2127 hanni
406 2099 586 2134 strigoniensi
605 2100 815 2137 archiepiscopo,
843 2102 873 2130 et
903 2107 1006 2129 sueces-

305 2148 414 2177 soribus
431 2148 491 2177 eius
509 2148 634 2178 canonice
653 2150 864 2183 substituendis.
894 2150 922 2178 in
947 2155 1005 2184 per·

305 2199 429 2235 potuum.

307 2265 407 2302 Iustis
429 2267 601 2314 petentium
626 2269 771 2315 precibus
803 2270 932 2318 dignum
960 2281 1006 2308 est

263 2320 386 2357 facilem
413 2333 471 2357 nos
494 2322 643 2369 praebere
664 2335 840 2370 assensum,
871 2336 901 2361 et
938 2339 1005 2362 vo!a

263 2387 344 2423 quae
364 2388 380 2411 a
405 2377 535 2411 rationis
572 2376 694 2412 tramite
727 2391 788 2413 non
826 2379 1006 2416 discordant

262 2429 378 2465 effectu
404 2439 611 2479 prosequente
637 2432 805 2479 complere.
823 2433 905 2469 Cum
921 2447 1005 2482 ergo,

263 2483 453 2519 venerabilis
478 2485 508 2519 in
531 2484 659 2520 Christo
680 2485 783 2526 frater,
817 2489 1007 2534 postulasses

264 2549 281 2572 a
307 2537 411 2583 nobis,
447 2548 479 2573 ut
512 2540 562 2573 ius
598 2539 766 2574 coronandi
809 2540 1007 2588 Hungaricos

69 2589 252 2616 '¹¹⁵¹‘¹⁰“'‘¹⁶·
265 2603 364 2638 reges,
385 2593 470 2639 quod
485 2592 523 2628 ad
538 2602 567 2628 te
588 2605 623 2628 ac
641 2605 840 2629 successores
861 2603 930 2630 tuos
956 2608 1006 2631 as-

299 2662 338 2698 (i)
352 2662 391 2690 Ex
408 2663 507 2696 Baluz.,
526 2664 569 2691 lib.
593 2672 642 2697 xii,
660 2665 742 2700 Epist.
759 2666 802 2692 [εἳ.

342 2705 406 2735 Bul!
430 2706 507 2737 Rom.
535 2708 586 2737 Vol.
605 2709 654 2738 III.
831 2710 869 2740 30

1686 275 1758 308 255

1822 286 1869 312 An.
1885 287 1914 313 C.
1932 285 2001 314 1200

1059 337 1136 371 seris
1169 337 1337 383 pertinere,
1380 338 1434 372 tibi
1475 348 1504 374 et
1543 339 1604 374 illis
1632 341 1803 388 apostolico
1817 343 1905 362 'imum
1927 343 1954 362 ω
1976 342 2000 362 ³⁶

1831 372 1987 399 strigonienses

1059 385 1261 432 dignaremur
1299 387 1460 433 privilegio
1494 388 1702 431 confirmare,
1746 402 1804 425 nos
1818 405 1991 431 archiepiscopo·

1059 435 1199 483 inspecto
1222 444 1343 482 regesto
1370 436 1469 472 felicis
1487 438 1713 475 recordationis
1734 440 1804 475 Ale-

1058 485 1165 520 xandri
1194 485 1297 532 Papae
1324 486 1576 532 praedecessoris
1614 489 1724 531 nostri,
1771 490 1801 524 in

1057 546 1094 569 eo
1128 535 1347 582 perspeximus
1393 537 1557 578 contineri,
1604 538 1687 585 quod
1730 551 1801 574 cum

1058 584 1216 632 principes
1243 592 1273 619 et
1295 585 1427 620 barones
1449 585 1618 633 Hungarici
1651 589 1739 635 regni
1763 590 1802 624 ab

1057 633 1168 669 eodem
1193 634 1432 681 praedecessore
1462 645 1568 671 nostro
1601 649 1670 672 cum
1707 638 1800 673 multa

1058 695 1186 729 precum
1214 684 1358 719 instantia
1383 685 1580 731 postularint,
1607 695 1638 721 ut
1660 687 1684 722 si
1702 687 1801 722 bonae

1056 733 1227 768 memoriae
1252 732 1443 769 Laurentius
1471 735 1692 782 praedecessor
1729 745 1801 771 tuus

1055 782 1139 818 iuxta
1163 783 1342 818 mandatum
1371 784 1468 831 ipsius
1497 784 1622 820 inclitae
1655 786 1801 821 recorda-

1056 831 1148 867 tionis
1174 831 1281 867 Belam
1305 841 1379 868 tunc
1400 834 1429 868 in
1451 846 1556 881 regem
1578 833 1799 882 Hungarorum

1054 881 1188 916 electum
1212 882 1442 918 contradiceret
1464 895 1625 924 coronare,
1654 885 1711 931 ipsi
1747 898 1801 933 per

1053 929 1149 965 alium
1179 931 1297 978 imponi
1320 933 1406 979 regni
1431 932 1545 967 faceret
1572 933 1734 975 diadema,
1761 947 1800 969 ne

1054 992 1148 1027 regno
1170 988 1201 1015 et
1223 980 1383 1016 Ecclesiae
1401 981 1598 1029 Hungaricae
1613 985 1717 1030 gravia
1733 997 1801 1030 pos-

1052 1038 1121 1064 sent
1150 1030 1288 1077 pericula
1320 1033 1484 1078 provenire
1526 1034 1550 1067 si
1586 1033 1691 1068 dictus
1725 1033 1799 1068 Bela

1053 1079 1197 1114 celeriter
1237 1081 1413 1116 unctionem
1458 1093 1518 1115 non
1559 1083 1723 1130 reciperet,
1770 1092 1797 1118 et

1052 1140 1213 1173 coronam,
1243 1130 1322 1164 idem
1347 1130 1571 1177 praedecessor
1593 1140 1699 1167 noster
1714 1145 1799 1179 prae-

1052 1178 1113 1212 fato
1147 1179 1379 1225 praedecessori
1424 1189 1478 1215 tuo
1531 1193 1586 1228 per
1629 1182 1797 1229 apostolica

1051 1228 1166 1275 scripta
1189 1229 1356 1269 mandavit,
1379 1239 1407 1264 et
1431 1230 1461 1264 in
1502 1231 1700 1266 obedientiae
1736 1232 1799 1266 vir-

1052 1285 1116 1312 tute
1146 1279 1314 1324 praecepit,
1344 1287 1377 1312 ut
1412 1280 1630 1326 supradictum
1663 1280 1797 1316 electum

1051 1326 1081 1360 in
1105 1339 1222 1373 regem,
1250 1328 1335 1362 omni
1363 1328 1522 1367 dilatione,
1552 1329 1798 1366 contradictione

1029 1403 1031 1410 s
1050 1384 1080 1410 et
1100 1376 1312 1423 appellatione
1335 1379 1528 1424 postpositis,
1548 1388 1723 1420 coronaret,
1745 1388 1799 1415 aut

1050 1425 1074 1459 si
1099 1437 1154 1472 per
1175 1426 1316 1472 seipsum
1344 1439 1416 1462 eum
1446 1428 1524 1464 forte
1548 1441 1604 1476 pro
1637 1429 1798 1465 debilitate

1050 1475 1190 1521 corporis
1211 1486 1363 1511 coronare
1384 1489 1448 1512 non
1470 1486 1588 1525 posset,
1607 1478 1705 1514 bonae
1724 1491 1798 1514 me-

1050 1524 1166 1559 moriae
1187 1523 1356 1560 Colocensi
1374 1526 1613 1576 archiepiscopo
1627 1528 1798 1573 intimaret,

1049 1583 1082 1608 ut
1109 1586 1182 1608 eum
1221 1574 1339 1622 absque
1366 1576 1562 1623 praeiudicio
1599 1577 1728 1613 honoris
1767 1587 1798 1613 et

1048 1623 1210 1669 dignitatis
1237 1624 1337 1670 ipsius
1363 1637 1398 1660 ac
1419 1625 1647 1672 Strigoniensis
1686 1627 1798 1663 Eccle-

1049 1673 1123 1714 siae,
1145 1676 1343 1720 congregatis
1365 1676 1524 1723 episcopis
1546 1677 1634 1724 regni
1658 1677 1688 1711 in
1728 1677 1796 1712 loco

1049 1722 1102 1756 ubi
1126 1735 1216 1769 reges
1241 1725 1385 1759 coronari
1413 1735 1662 1768 consueverunt,
1686 1727 1716 1761 in
1746 1739 1797 1761 re-

1047 1784 1117 1818 gem
1141 1772 1318 1818 inungeret,
1349 1782 1379 1809 et
1412 1775 1440 1809 ei
1465 1787 1611 1810 coronam
1634 1777 1796 1824 imponere

1048 1834 1109 1855 non
1135 1822 1287 1867 differret,
1325 1833 1450 1871 recepto
1487 1826 1574 1872 prius
1613 1826 1651 1860 ab
1683 1826 1794 1861 eodem

1047 1870 1146 1906 electo
1169 1872 1199 1905 in
1223 1884 1329 1918 regem
1359 1875 1497 1921 scripto,
1526 1875 1564 1910 de
1600 1875 1733 1910 consilio
1766 1885 1794 1911 et

1047 1932 1175 1955 assensu
1219 1934 1360 1968 ipsorum
1409 1932 1438 1958 et
1481 1925 1659 1972 principum
1708 1926 1794 1971 regui

1047 1978 1152 2016 aperte
1179 1982 1235 2005 suo
1257 1972 1359 2018 sigillo
1382 1972 1515 2015 bullato,
1554 1975 1636 2021 quod
1664 1987 1700 2010 ex
1736 1975 1793 2009 hoc

1049 2019 1167 2054 nullum
1190 2020 1269 2062 sibi,
1293 2021 1339 2056 vel
1380 2021 1587 2068 Strigoniensi
1634 2023 1794 2059 Ecclesiae

1048 2069 1276 2115 praeiudicium
1301 2070 1398 2115 fieret,
1433 2085 1496 2118 quo
1531 2074 1635 2108 minus
1662 2073 1794 2119 Hunga-

1049 2119 1103 2152 rici
1147 2131 1236 2165 reges
1277 2119 1316 2154 ab
1361 2121 1605 2169 archiepiscopis
1649 2123 1792 2158 eiusdem

1046 2167 1207 2202 Ecclesiae
1229 2181 1354 2216 semper
1376 2170 1507 2206 debeant
1530 2173 1684 2216 coronari,
1704 2184 1792 2219 prae—

1047 2216 1107 2251 fato
1129 2216 1294 2252 Colocensi
1318 2219 1396 2254 dans
1419 2220 1622 2256 nihilominus
1647 2222 1678 2255 in
1702 2233 1791 2268 prae-

1047 2267 1157 2313 ceptis,
1181 2276 1213 2301 ut
1235 2269 1258 2301 si
1287 2269 1463 2314 praedictus
1486 2270 1791 2316 praedecessortuus

1046 2328 1195 2351 coronare
1224 2317 1318 2352 nollet
1340 2317 1488 2359 eundem,
1507 2320 1612 2354 necin
1635 2320 1691 2355 hac
1704 2328 1789 2367 parte

1048 2365 1105 2410 ipsi
1128 2366 1324 2400 committere
1353 2368 1434 2401 vices
1460 2381 1543 2412 suas,
1571 2369 1651 2403 idem
1683 2378 1790 2415 aucto-

1047 2414 1134 2448 ritate
1176 2415 1343 2461 apostolica
1391 2415 1500 2461 fretus,
1542 2418 1789 2454 contradictione

1046 2475 1080 2497 ac
1104 2464 1311 2510 appellatione
1337 2467 1532 2512 postpositis,
1554 2467 1672 2515 absque
1699 2481 1789 2516 prae-

1047 2512 1164 2546 iudicio
1201 2513 1285 2548 iilius
1322 2524 1350 2549 et
1378 2513 1600 2562 Strigoniensis
1628 2517 1787 2554 Ecclesiae

1047 2573 1108 2596 non
1143 2570 1345 2609 postponeret
1385 2576 1546 2610 coronare,
1586 2567 1624 2601 ita
1661 2568 1787 2615 quidem

1046 2611 1128 2657 quod
1153 2611 1234 2646 idem
1258 2613 1375 2647 electus
1397 2615 1426 2647 in
1457 2626 1561 2661 regem
1591 2625 1662 2652 ante
1697 2629 1788 2653 coro-

1024 2638 1205 2710 lnationem
1251 2674 1339 2696 suam
1397 2663 1556 2699 Ecclesiae
1613 2667 1789 2715 saepefatae
