2129 3223
151 274 202 302 An.
214 273 242 303 C.
264 275 333 303 ¹210

395 267 466 301 242

938 277 1123 301 nummum
1146 275 1309 300 Romanum

346 333 451 368 siones
473 339 631 371 terrenas,
663 331 718 366 sed
750 339 781 367 et
812 343 943 379 corpora
979 344 1033 367 sua
1061 331 1091 366 in
1133 331 1243 367 stoliea
1270 330 1448 379 requisivit,
1477 338 1510 366 ut
1531 342 1585 366 eos
1609 336 1757 379 tanquam
1782 340 1881 377 pecu-

346 390 485 417 extrema
508 392 652 429 quaeque
679 381 753 416 dare
781 381 919 429 pericula
942 394 999 429 pro
1027 381 1094 416 Do-

345 432 433 466 mino
459 431 680 467 decret-erunt.
703 430 741 466 Et
761 431 798 466 ad
821 431 1006 478 exemplum
1032 430 1094 466 Do·

345 480 421 515 mini
463 481 560 516 nostri
587 480 656 516 Iesu
692 480 808 516 Christi
839 482 893 528 qui
932 481 994 516 ait:
1022 480 1092 516 Non

344 531 413 564 veni
441 529 544 566 facere
571 531 762 566 voluntatem
789 543 909 572 meam,
934 530 990 565 sed
1023 531 1092 565 eius

343 580 396 627 qni
426 581 511 615 misit
545 592 595 615 me
634 579 734 615 Patris
759 582 816 624 (t),
850 581 880 616 in
915 579 1022 615 habitu
1061 588 1092 615 et

342 630 580 665 conversatione
610 630 770 676 religionis
799 629 860 665 sub
896 629 990 664 unius
1022 641 1090 664 ma-

342 679 431 724 gistri
454 687 634 715 statuerunt
667 679 847 714 obedientia
885 679 1090 720 commorari,

341 740 379 763 eo
402 729 511 776 utique
534 728 750 764 moderamine
770 730 968 777 propositum
996 741 1089 763 suum

341 787 371 811 ot
393 778 537 814 ordinem
580 788 807 826 temperaiiteS‚
843 786 877 814 ut
914 779 986 826 quia
1021 779 1090 813 uni-

342 839 430 863 tersa
453 830 544 864 turba
568 828 711 863 fidelium
741 829 771 863 in
793 829 978 875 coniugatos
1011 840 1090 864 con-

341 877 540 925 tinentesque
588 878 803 925 distinguitur,
854 888 885 912 et
929 877 1089 912 Dominus

339 923 430 962 Iesus
455 926 601 963 Christus
623 940 683 962 non
706 927 809 962 solum
838 940 894 975 pro
917 928 1001 968 viris,
1032 927 1089 962 sed

339 985 370 1011 et
398 989 453 1023 pro
476 976 623 1012 foeminis
645 989 772 1025 quoque
791 976 830 1012 de
848 976 986 1012 foemina
1002 977 1088 1012 nasci

339 1026 448 1070 voluit,
487 1035 516 1061 et
558 1039 631 1062 cum
667 1026 847 1061 hominibus
889 1027 1087 1062 conversari:

339 1075 515 1111 habeantur
541 1076 571 1110 in
601 1077 669 1123 ipso
695 1076 806 1111 ordine
844 1076 898 1122 qui
932 1075 1086 1111 coelibem

339 1126 363 1159 si
387 1125 543 1160 voluerint
564 1125 681 1161 ducant
712 1126 823 1166 vitam,
846 1133 876 1159 et
917 1125 1087 1161 consilium

340 1175 419 1210 beati
439 1174 528 1209 Pauli
550 1182 726 1222 sequantur
745 1176 798 1223 qui
822 1175 906 1209 dicit:
927 1175 974 1210 De
1000 1175 1087 1221 virgi·

339 1224 433 1260 nibus
447 1232 553 1260 autem
577 1233 781 1273 praeceptum
794 1224 922 1259 Domini
947 1236 1008 1260 non
1036 1224 1088 1259 ha·

338 1273 409 1315 beo,
436 1275 604 1309 consilium
630 1283 735 1310 autem
759 1274 798 1309 do
821 1277 876 1319 (2).
899 1274 969 1310 Sint
989 1273 1083 1309 etiam

338 1324 391 1370 qui
431 1324 514 1359 iuxta
550 1324 780 1359 institutionem
810 1324 1000 1359 dominicam
1048 1324 1085 1358 ad

338 1373 564 1420 procreandam
592 1373 746 1412 sobolem,
773 1382 802 1408 et
840 1373 1086 1408 incontinentiae

339 1423 561 1469 praecipitium
589 1423 770 1458 evitandum
794 1423 983 1469 coniugibus
1017 1423 1085 1457 suis

339 1480 478 1514 utantur,
500 1481 530 1507 et
554 1484 615 1507 una
642 1485 714 1507 cum
749 1473 794 1507 eis
833 1473 870 1508 ad
913 1472 1084 1507 incolatum

337 1533 493 1568 supernae
516 1522 632 1569 patriae
654 1523 693 1557 de
709 1522 849 1557 convalle
876 1522 1083 1569 laerymarum

337 1579 498 1606 vitei-rena
514 1572 767 1619 peregrinatione
789 1571 921 1607 transire
936 1572 1084 1615 nitantur,

337 1628 367 1655 et
384 1621 531 1668 lacrymis
554 1620 686 1666 diluant,
699 1630 728 1655 et
743 1621 893 1669 operibus
909 1620 1083 1669 pietatis,si

336 1683 391 1705 eos
431 1683 524 1717 supra
564 1670 805 1705 fundamentum
842 1683 963 1710 sunm,
999 1670 1083 1713 quod

336 1719 482 1754 Christus
508 1728 566 1761 est,
606 1733 662 1767 pro
690 1733 764 1755 cura
807 1721 911 1754 carnis
943 1728 973 1754 et
1008 1719 1084 1754 affe-

335 1768 438 1803 ctibus
456 1769 638 1813 liberorum,
657 1769 752 1817 ligna,
770 1770 912 1809 faenum,
935 1769 1082 1816 stipulam

336 1818 501 1854 aedificare
517 1819 690 1865 contingam
712 1832 783 1854 cuni
799 1819 850 1853 alii
873 1819 1083 1866 expeditiores

336 1876 366 1902 et
387 1869 587 1904 continentes
609 1868 784 1913 aedificent,
817 1881 942 1909 aurum,
976 1880 1083 1914 argen-

336 1925 403 1952 tum
426 1926 457 1953 et
485 1918 607 1965 lapides
630 1919 815 1964 praetiosos3
838 1927 867 1952 et
894 1919 942 1952 isti
965 1928 1082 1961 tamen,

335 1975 365 2001 et
395 1967 436 2001 illi
465 1968 600 2002 militent
623 1969 675 2002 uni
715 1969 790 2014 regi,
834 1976 865 2002 et
898 1979 1082 2015 supremum

334 2016 591 2056 fundamentum,
609 2017 779 2052 coelestem
803 2030 895 2051 unam
918 2017 1083 2051 aedificent

336 2067 544 2106 mansionem,
584 2066 792 2113 promissione
827 2066 1012 2101 psalmistae
1050 2067 1081 2099 in

335 2115 472 2151 Domino
503 2116 660 2154 roborati,
701 2117 752 2164 qui
797 2117 917 2151 minora
956 2127 1083 2163 quoque

336 2164 476 2200 membra
503 2165 665 2200 Ecclesiae
687 2165 839 2200 confortat
862 2174 889 2200 et
917 2165 1009 2199 dicit:
1026 2165 1082 2198 lm-

335 2215 511 2262 perscctum
540 2228 645 2250 meum
674 2215 816 2249 viderunt
847 2215 928 2249 o‹·uli
964 2215 1019 2254 tui„
1053 2223 1081 2248 et

337 2266 368 2299 in
388 2264 467 2299 libro
495 2273 550 2299 tuo
572 2276 684 2299 omnes
706 2264 894 2299 scribentur.
918 2264 951 2298 ln
968 2264 1080 2299 horum

335 2322 437 2349 autem
474 2313 616 2349 fidelium
652 2313 768 2348 Christi
816 2314 973 2360 collegio,
1008 2326 1081 2348 cum

335 2362 437 2398 bonae
464 2365 634 2398 memoriae
670 2363 705 2397 P.
743 2363 898 2398 Fet-nandi
940 2375 996 2409 per
1028 2376 1082 2398 vo-

336 2413 485 2447 luntatem
520 2413 577 2448 Dei
614 2414 826 2459 magisterium
866 2425 962 2460 snper
1005 2414 1081 2447 alios

336 2471 364 2495 vt
394 2461 621 2508 providentiam
654 2463 856 2509 suscepisset:
897 2475 968 2498 cum
1007 2465 1081 2509 qni-

336 2512 467 2546 busdam
491 2514 618 2546 fratrum
647 2524 775 2546 suorum
801 2513 838 2546 ad
874 2513 1080 2559 praesentiam

1135 382 1227 416 liares
1265 380 1358 425 filios,
1393 380 1425 415 in
1464 379 1680 416 defensionem
1722 391 1810 415 suam
1849 387 1880 416 et

1135 431 1238 466 locum
1267 431 1298 465 in
1321 442 1385 479 quo
1411 439 1507 478 caput
1528 429 1650 465 ordinis
1675 429 1793 465 factum
1814 427 1881 464 fue-

1135 480 1184 525 rit,
1212 481 1242 515 in
1273 480 1323 515 ius
1349 488 1380 515 et
1407 480 1631 527 proprietatem
1664 487 1879 515 sacrosanctae

1134 529 1295 565 Romanae
1318 529 1478 565 Ecclesiae
1501 529 1642 576 recipere
1681 528 1876 576 dignaretur.

1132 578 1215 615 Cum
1238 579 1333 627 igitur
1365 579 1432 626 ipse
1468 578 1666 614 devotionem
1709 590 1801 614 suam
1846 586 1879 614 et

1132 628 1253 664 bonum
1277 629 1442 664 attendens
1465 629 1496 663 in
1517 628 1656 664 Domino
1670 627 1876 674 desiderium,

1132 678 1170 714 de
1216 678 1377 714 communi
1416 678 1546 713 fratrum
1581 689 1712 713 suorum
1745 677 1877 714 consilio

1132 728 1200 775 piae
1215 729 1358 776 petitioni
1386 740 1496 763 eorum
1516 727 1640 762 duxerit
1659 727 1876 768 annuendum,

1132 790 1190 813 nos
1217 777 1391 813 humilibus
1417 777 1529 813 vestris
1552 776 1698 824 precibus
1723 776 1876 818 inclinati,

1130 828 1167 862 ad
1195 827 1356 876 exemplar
1377 826 1505 875 praefati
1533 826 1788 874 praedecessoris
1813 839 1877 863 no—

1130 877 1186 912 stri
1210 878 1241 912 in
1268 876 1421 924 speciales
1455 888 1491 912 ac
1528 876 1672 924 proprios
1711 888 1877 913 sacrosan-

1130 934 1197 961 ctae
1224 926 1387 962 Romanae
1409 926 1570 961 Ecclesiae
1599 926 1681 962 filios
1714 938 1769 962 vos
1803 927 1876 962 reci·

1130 976 1256 1023 pimus:
1291 983 1322 1011 et
1348 976 1491 1011 ordinem
1519 983 1657 1011 vestrum
1691 976 1876 1011 auctoritate

1129 1025 1301 1073 apostolica
1322 1026 1558 1070 confirmantes,
1581 1034 1754 1073 praesentis
1765 1026 1874 1074 scripti

1130 1075 1293 1123 privilegio
1326 1076 1576 1116 communimus,
1606 1083 1799 1122 statuentes,
1842 1083 1875 1111 ut

1129 1137 1346 1173 quascumque
1382 1125 1614 1173 possessiones,
1655 1137 1875 1174 quaecumque

1131 1174 1211 1209 bona
1243 1175 1537 1222 impraesentiarum
1560 1174 1641 1210 iuste
1669 1182 1699 1210 et
1735 1174 1874 1222 legitime

1129 1223 1309 1271 possidetiS‚
1335 1233 1388 1260 aut
1425 1225 1456 1259 in
1495 1225 1636 1260 futurum
1670 1225 1874 1260 concessione

1130 1273 1333 1319 Pontificum,
1360 1274 1525 1321 largitione
1548 1286 1657 1321 regum
1691 1274 1739 1309 vel
1778 1274 1874 1323 prin-

1127 1324 1247 1370 cipum,
1261 1323 1418 1359 oblatione
1441 1323 1595 1365 fidelium,
1618 1336 1674 1360 seu
1695 1323 1763 1359 aliis
1784 1323 1874 1360 iustis

1128 1373 1231 1408 modis
1240 1381 1416 1421 praestante
1432 1373 1570 1409 Domino
1579 1373 1872 1421 poteritisadipisci‚

1128 1422 1216 1458 firma
1245 1423 1331 1458 vobis
1359 1424 1535 1471 vestrisque
1563 1422 1811 1463 successoribus,
1843 1431 1873 1458 et

1128 1472 1240 1506 illibata
1268 1482 1482 1519 permaneant.
1507 1473 1549 1512 tn?
1564 1473 1679 1520 quibus
1696 1473 1774 1508 haec
1804 1474 1873 1520 pro-

1126 1521 1202 1568 priis
1224 1521 1374 1556 duximus
1398 1523 1602 1569 exprimenda
1625 1522 1796 1557 vocabulis.
1816 1521 1871 1557 Lo·

1126 1570 1213 1605 dium
1237 1578 1268 1605 et
1294 1573 1521 1606 monasterium
1543 1584 1615 1607 cum
1638 1579 1730 1607 cauto
1751 1580 1782 1607 et
1805 1583 1873 1619 per-

1127 1620 1268 1655 tinentiis
1292 1621 1368 1655 suis.
1402 1621 1550 1668 Burgum·
1578 1621 1618 1656 de
1646 1621 1748 1657 Ponte
1782 1621 1870 1656 Minii

1125 1678 1231 1704 contra
1271 1669 1406 1705 Lodium
1449 1684 1520 1705 cum
1560 1671 1627 1706 suis
1662 1671 1869 1718 pertinentiis.

1125 1717 1391 1761 Crescente,cum
1414 1729 1506 1755 cauto
1523 1729 1555 1755 et
1577 1721 1773 1768 pertinentiis
1793 1721 1869 1756 suis.

1125 1767 1326 1810 Quintanella
1348 1769 1388 1804 de
1408 1769 1502 1804 Petro
1526 1769 1638 1811 Heres,
1670 1782 1743 1805 cum
1779 1778 1872 1806 cauto

1124 1825 1154 1852 et
1176 1819 1376 1865 pertinentiis
1399 1821 1474 1854 suis.
1504 1819 1596 1855 Baria
1623 1832 1696 1854 cum
1718 1828 1811 1855 cauto
1841 1828 1871 1855 et

1124 1868 1322 1913 pertinentiis
1344 1868 1420 1903 suis.
1440 1868 1593 1904 Lentanio
1615 1881 1687 1904 cum
1709 1870 1777 1905 suis
1800 1881 1872 1917 per-

1125 1917 1274 1952 tinentiis.
1297 1916 1449 1953 Sanctum
1477 1918 1669 1954 Salvatorem
1693 1918 1732 1954 de
1754 1919 1870 1954 Listri—

1123 1977 1193 2006 ana,
1216 1979 1286 2001 cum
1303 1976 1395 2002 cauto
1407 1976 1436 2002 et
1452 1969 1650 2015 pertinentiis
1663 1969 1738 2004 suis.
1756 1968 1870 2009 Mosm,

1124 2027 1197 2050 cum
1233 2024 1325 2051 cauto
1359 2025 1391 2052 et
1432 2018 1628 2064 pertinentiis
1662 2019 1738 2053 suis.
1775 2018 1872 2053 Pena-

1123 2076 1220 2110 gosen
1261 2078 1334 2100 cum
1376 2067 1571 2113 pertiuentiis
1608 2068 1683 2103 suis.
1722 2067 1870 2103 Sanctam

1124 2113 1252 2149 Mariam
1275 2115 1314 2149 de
1336 2115 1427 2151 Pinel
1453 2129 1524 2151 cum
1557 2118 1622 2152 suis
1662 2117 1869 2164 pertinentiis.

1124 2162 1218 2198 Ucles
1257 2176 1328 2199 cum
1372 2167 1439 2200 suis
1481 2167 1688 2213 pertinentiis.
1724 2166 1870 2202 Alfarella

1123 2224 1195 2247 cum
1218 2214 1285 2248 suis
1307 2215 1514 2261 pertinentiis.
1553 2215 1658 2251 Orella
1698 2228 1770 2250 cum
1804 2217 1869 2251 suis

1124 2262 1334 2307 pertinentiis.
1360 2264 1445 2299 Mora
1469 2277 1540 2300 cum
1569 2266 1634 2301 suis
1664 2266 1868 2312 pertinentiis.

1123 2311 1288 2360 Mor-avega
1311 2325 1383 2348 cum
1405 2314 1470 2349 suis
1493 2314 1696 2362 pertinentiis.
1719 2314 1869 2351 Decimae

1125 2362 1165 2395 de
1187 2360 1299 2397 Valera
1322 2371 1353 2397 et
1371 2363 1409 2398 de
1436 2363 1585 2411 portatgo
1611 2376 1683 2399 cum
1707 2364 1774 2400 suis
1803 2377 1871 2413 per-

1124 2410 1273 2445 tinentiis.
1295 2412 1426 2448 Alcazar
1458 2425 1529 2448 cum
1564 2414 1630 2448 suis
1663 2413 1867 2459 pertinentiis.

1123 2458 1295 2496 Almadana
1323 2474 1396 2496 cum
1419 2464 1484 2497 suis
1507 2463 1714 2510 pertinentiis.
1748 2462 1869 2500 Laruda

1122 2520 1193 2543 curn
1222 2510 1289 2551 suis
1312 2512 1518 2558 pertinentiis.
1539 2511 1669 2547 Lazarza
1698 2524 1771 2547 cum
1803 2514 1870 2549 suis

336 2560 476 2594 eiusdem
500 2562 596 2596 nostri
624 2561 877 2608 praedecessoris
917 2562 1080 2601 accedens,
1124 2562 1336 2604 pertinentiis.
1364 2561 1532 2596 Sancimus
1555 2570 1726 2608 praeterea,
1750 2574 1788 2598 ne
1816 2577 1870 2598 oc-

336 2621 407 2643 cum
431 2610 603 2645 humilitate
626 2623 686 2657 qua
706 2611 813 2645 debuit
835 2623 851 2645 a
870 2610 952 2645 Sede
992 2614 1079 2658 Apo·
1100 2613 1104 2654 ξ
1122 2607 1248 2644 cesione
1281 2611 1429 2658 antiquae
1468 2611 1657 2645 detentionis
1690 2612 1755 2646 sive
1791 2614 1871 2648 scri-

371 2664 409 2700 (t)
427 2665 515 2692 lohan.
535 2674 570 2698 vt,
593 2667 636 2693 58.
676 2667 714 2700 (⁴2)
733 2667 742 2692 1
759 2668 818 2694 Cor.
837 2674 884 2699 vn,
902 2668 936 2694 25

1123 2669 1230 2703 pturae
1263 2661 1432 2703 oui-:quam
1466 2659 1554 2694 vobis
1588 2660 1688 2709 possit
1725 2661 1869 2709 auferre,

1893 271 1946 301 An.
1957 271 1989 301 C.
2005 271 2075 301 tuto

1904 583 1954 606 Eam
1979 583 2075 607 uttam

1891 615 2003 637 confirmi
2021 621 2075 643 quo-

1891 651 1932 674 que
1951 645 2008 668 bona
2028 652 2074 668 om-

1891 678 1927 698 nia
1940 677 2010 699 eidem
2027 677 2074 698 du·

1891 711 1913 730 ot
1927 708 2002 731 danda.
