2129 3223
168 269 218 294 An.
238 265 349 295 C.1199

241 1123 252 1134 a
292 1115 339 1135 fidei

173 1154 178 1165 i
194 1154 197 1165 ι
244 1147 339 1166 minibus

171 1183 232 1197 assim
274 1182 339 1203 etp-t—

156 1209 231 1228 nenda,

418 260 484 292 160

362 333 407 359 est
426 324 576 360 Sanctum
604 323 743 359 dandum
769 324 913 365 canibus,
941 336 997 358 nec
1025 336 1107 358 mar-

361 375 477 419 garitae
499 373 671 408 mittendae
692 382 764 408 sunt
788 381 859 409 ante
881 386 1006 421 porcOS,
1033 386 1105 408 cum

360 432 390 457 et
418 422 564 458 Christus
586 424 652 470 ipse
687 435 748 458 non
784 423 931 459 omnibus
963 423 1105 471 quidem,

359 472 413 506 sed
437 472 512 507 solis
538 473 697 520 Apostolis
718 472 844 508 dixerit:
872 473 972 508 Vobis
998 473 1104 508 datum

359 531 403 555 est
431 534 524 557 nosse
546 522 728 570 mysterium
760 523 848 568 regni
877 522 947 562 Dei,
975 523 1105 557 caeteris

358 580 462 606 autem
504 573 535 607 in
563 572 733 620 parabolis:
770 572 920 619 intelligat
953 584 1046 607 canes
1073 581 1101 605 et

358 633 470 668 porcos
498 634 560 656 non
583 634 636 656 eos
663 634 749 665 esse,
780 623 831 669 qui
859 622 1010 657 Sanctum
1034 634 1105 668 gra-

359 679 458 706 tanter
492 671 667 719 accipiunt,
695 681 723 705 et
764 672 946 718 margaritas
972 671 1104 705 libenter

357 728 533 768 acceptant:
562 721 617 756 sed
646 721 727 764 illos,
755 722 822 767 qui:
843 721 995 756 Sanctum
1024 720 1105 755 dila-

356 778 461 805 cerant
492 779 522 805 et
549 772 731 817 margaritas
758 779 964 805 contemnunt
993 771 1104 817 quales

355 828 429 854 suut
450 821 501 868 qui
524 821 700 866 evangelica
722 821 811 855 verba
841 828 871 854 et
893 820 1102 855 ecclesiastica

355 879 560 914 sacramenta7
589 882 650 904 non
674 878 708 904 ut
734 869 877 904 catholici
903 878 1102 912 venerantur,

355 919 407 952 sed
428 919 669 954 abhominantur
688 920 793 966 potius
816 927 848 953 ut
870 919 1030 959 haeretiei,
1053 919 1101 953 ob-

356 969 500 1003 latrantes
517 981 654 1015 semper,
676 977 705 1001 et
723 969 992 1015 blasphemantes:
1021 981 1102 1015 quos

354 1017 471 1053 Paulus
492 1018 652 1066 apostolus
675 1028 744 1065 post
768 1019 899 1065 primam
933 1026 963 1051 et
992 1030 1102 1052 secun-

354 1068 424 1102 dam
447 1068 727 1103 commonitionem
751 1068 841 1101 docet
863 1079 932 1102 esse
948 1067 1098 1101 vitandos.

353 1117 474 1152 Arrana
512 1130 584 1152 vero
621 1117 691 1151 fidei
719 1126 911 1151 sacramenta
935 1129 996 1151 non
1027 1125 1101 1151 sunt

356 1167 468 1212 passim
503 1167 652 1201 omnibus
687 1166 887 1213 exponenda:
929 1178 1001 1200 cum
1037 1178 1099 1200 non

355 1217 468 1263 passim
492 1217 529 1250 ab
550 1216 697 1251 omnibus
720 1217 839 1263 possint
870 1215 1012 1261 intelligi,
1045 1216 1098 1250 sed

353 1267 397 1300 eis
420 1274 557 1306 tantum,
592 1267 644 1313 qui
671 1278 705 1300 ea
734 1265 815 1300 fideli
842 1273 971 1311 possunt
993 1265 1100 1299 conci-

354 1328 426 1362 pere
453 1315 633 1350 intellectu:
665 1323 791 1362 propter
815 1316 898 1362 quod
926 1314 1099 1361 simplicio-

355 1365 439 1400 ribus
480 1366 580 1412 inquit
616 1364 805 1411 Apostolus:
842 1363 937 1406 Quasi
981 1364 1098 1410 parvuli

354 1416 382 1448 in
411 1414 539 1449 Christo
573 1414 619 1448 lac
646 1422 755 1461 potum
782 1414 854 1448 dedi
897 1413 1000 1457 vobis⁷
1037 1425 1098 1448 non

352 1477 466 1499 escam.
495 1464 649 1498 Maiorum
677 1473 723 1498 est
745 1464 828 1498 enim
852 1462 973 1497 solidus
996 1463 1098 1503 cibus,

353 1515 434 1548 sicut
459 1514 528 1548 aliis
563 1514 629 1560 ipse
656 1512 794 1547 dicebat:
823 1512 1015 1559 Sapientiam
1051 1512 1098 1546 lo-

353 1565 483 1610 quimur
510 1563 589 1597 inter
616 1562 789 1610 perfectos,
818 1563 898 1596 inter
920 1574 973 1596 vos
995 1570 1097 1596 autem

355 1614 428 1647 nihil
456 1612 589 1647 iudicavi
617 1624 667 1646 me
690 1612 768 1646 scire
791 1611 848 1646 nisi
876 1610 977 1646 lesum
1005 1610 1099 1645 Chri—

354 1672 448 1706 stum,
471 1671 499 1697 et
517 1662 600 1696 hunc
616 1660 823 1696 Crucifixum.
836 1660 934 1695 Tanta
950 1669 995 1694 est
1014 1660 1097 1695 enim

354 1712 476 1747 divinae
503 1710 686 1758 Scripturae
719 1710 932 1758 profunditas,
971 1718 999 1744 nt
1037 1722 1098 1744 nou

354 1761 456 1796 solum
484 1761 646 1808 simplices
679 1768 708 1795 et
744 1760 891 1799 illiterati,
927 1759 980 1794 sed
1005 1760 1098 1794 etiam

354 1811 526 1859 prudentes
552 1819 582 1845 et
608 1810 691 1845 docti
720 1822 780 1844 non
818 1810 908 1856 plene
944 1808 1099 1843 sufficiant

354 1861 390 1896 ad
414 1861 514 1908 ipsius
537 1860 771 1905 intelligentiam
797 1857 1098 1905 indagandam.l³ro

355 1919 421 1957 pter
444 1910 526 1958 quod
550 1909 623 1944 dicit
644 1909 821 1956 Scriptura:
845 1908 923 1950 Quia
948 1908 1035 1942 multi
1051 1908 1101 1942 de-

354 1962 495 1995 fecerunt
516 1967 692 1994 scrutantes
714 1959 909 1992 scrutinium.
935 1956 1024 1991 Unde
1051 1969 1100 1991 re—

355 2018 403 2044 cte
431 2009 487 2044 tuit
514 2009 587 2043 olim
611 2008 640 2042 in
670 2008 736 2054 lege
758 2007 862 2042 divina
885 2014 1046 2045 statutum,
1070 2016 1100 2041 nt

355 2059 474 2099 Bestia,
495 2070 576 2106 quae
599 2066 737 2092 montem
767 2057 911 2102 tetigerit,
934 2056 1099 2102 lapidetur:

356 2121 395 2143 ne
418 2107 560 2142 videlicet
589 2108 721 2154 simplex
743 2107 854 2153 aliquis
895 2114 925 2140 et
959 2105 1101 2140 indoctus

357 2166 536 2205 praesumat
577 2157 614 2192 ad
657 2156 880 2191 sublimitatem
921 2155 1100 2201 Scripturae

356 2219 460 2242 sacrae
490 2207 682 2255 pertingere,
718 2205 762 2239 vel
791 2217 858 2239 eam
887 2204 955 2238 aliis
978 2204 1101 2251 praedi-

357 2269 438 2296 care,
475 2257 624 2304 scriptum
648 2263 693 2290 est
721 2256 826 2290 enim:
855 2254 972 2289 Altiora
1008 2261 1036 2287 te
1064 2266 1102 2287 ne

357 2307 536 2354 quaesieris.
567 2306 697 2353 Propter
718 2305 800 2353 quod
824 2304 898 2339 dicit
920 2303 1100 2350 Apostolus:

358 2356 427 2391 Non
454 2357 525 2404 plus
550 2368 659 2403 sapere
687 2367 780 2402 quam
808 2361 948 2401 oporteat
974 2364 1101 2399 sapere,

359 2406 413 2441 sed
440 2418 551 2453 sapere
585 2405 621 2440 ad
649 2405 860 2440 sobrietatem.
899 2403 986 2437 Sicut
1018 2402 1100 2436 enim

361 2455 456 2490 multa
479 2464 553 2491 sunt
576 2455 713 2490 membra
737 2454 886 2501 corporis,
909 2452 1012 2487 omnia
1032 2463 1103 2486 vero

361 2505 498 2540 membra
526 2517 588 2540 non
610 2504 745 2539 eundem
769 2512 869 2538 actum
898 2502 1028 2541 liabent,
1063 2502 1102 2535 ita

362 2555 448 2588 inulti
476 2563 550 2589 sunt
571 2553 698 2589 ordines
720 2553 750 2587 in
778 2552 935 2595 Ecclesia,
963 2551 1016 2585 sed
1040 2562 1102 2585 non

361 2615 469 2637 omnes
502 2604 583 2638 idem
615 2603 728 2638 habeut
763 2602 917 2636 officium:
953 2602 1023 2647 quia
1048 2612 1103 2635 se-

361 2652 499 2686 cundum
523 2652 724 2699 Apostolum:
746 2651 832 2686 Alios
854 2650 978 2698 quidem
993 2650 1104 2684 Domi-

959 269 1056 291 Bt'ttA
1063 269 1080 291 tt
1088 270 1093 291 Ι
1100 269 1143 291 t'M
1173 269 1331 302 Romamn!

1151 336 1209 358 uus
1231 324 1315 358 dedit
1333 324 1501 371 apostolos,
1522 325 1599 360 alios
1617 325 1797 372 prophetas,
1818 325 1895 360 alios

1148 380 1252 407 autem
1272 373 1416 409 doctores
1437 382 1490 409 ecc.
1513 373 1594 409 Cum
1614 374 1707 422 igitur
1728 374 1892 409 doctorum
1908 380 2090 435 „ffissssfifflffl‘ss'fss'

1148 423 1226 457 ordo
1252 423 1292 457 sit
1325 424 1414 470 quasi
1451 424 1638 471 praecipuus
1666 425 1694 459 in
1730 424 2089 471 Ecclesiafflmmoqm

1148 484 1209 507 non
1256 472 1349 507 debet
1383 473 1441 507 sibi
1478 473 1643 520 quisquam
1680 474 1893 509 indifferenter
1908 476 2054 502 '¹³¹¹‘tffl‘1ffl

1147 521 1387 568 praedicationis
1422 522 1562 557 officium
1601 535 1772 570 usurpare:
1822 536 1892 558 nam

1146 571 1320 606 secundum
1349 572 1553 619 Apostolum:
1584 572 1753 614 Quomodo
1776 573 1894 620 praedi·

1146 621 1261 655 rabunt
1277 621 1334 655 nisi
1350 622 1524 656 mittantur:
1544 630 1574 655 et
1591 622 1702 656 veritas
1724 623 1787 669 ipsa
1809 634 1894 670 prae-

1146 671 1227 718 cepit
1251 670 1418 717 apostotisr
1441 671 1562 717 Rogate
1583 671 1748 706 dominum
1770 673 1892 714 messis,

1147 729 1179 754 ut
1220 720 1317 754 mittat
1352 722 1513 768 operarios
1551 721 1580 755 in
1616 733 1749 755 messem
1789 733 1889 756 suam.

1145 769 1239 811 Quod
1271 770 1296 804 si
1331 770 1408 804 forte
1433 771 1505 817 quis
1541 777 1649 816 argute
1683 770 1889 817 respondeat,

1144 820 1218 866 quia
1241 819 1316 853 tales
1345 820 1541 854 invisibiliter
1575 821 1744 854 mittuntur
1765 833 1780 854 a
1808 819 1891 855 Deo:

1144 869 1200 902 etsi
1231 881 1291 903 non
1329 869 1491 904 visibiliter
1512 870 1677 904 mittantur
1698 870 1737 904 ab
1754 869 1892 913 homine,

1144 930 1216 952 eum
1241 918 1437 953 invisibiliter
1450 919 1558 953 missio
1576 919 1676 953 multo
1695 920 1734 953 sit
1755 918 1891 965 dignior,

1144 980 1234 1014 quani
1259 967 1408 1007 visibilis,
1437 978 1466 1002 et
1492 968 1596 1002 divina
1636 968 1726 1014 longe
1764 967 1891 1012 melior,

1143 1029 1236 1063 quam
1270 1017 1419 1052 humana.
1459 1017 1549 1052 Unde
1583 1018 1714 1052 loannes
1747 1016 1889 1064 Baptista

1144 1078 1203 1099 nou
1223 1067 1337 1112 legitur
1360 1067 1472 1101 missus
1491 1067 1530 1102 ab
1546 1067 1685 1110 homine,
1707 1067 1762 1101 sed
1778 1078 1793 1101 a
1810 1066 1888 1107 Deo,

1142 1116 1218 1148 sieut
1238 1115 1435 1161 Evangelista
1454 1125 1599 1151 testatur:
1621 1116 1701 1158 Quia
1722 1116 1776 1150 fuit
1795 1115 1889 1151 homo

1144 1165 1258 1198 missus
1279 1177 1296 1200 a
1318 1164 1396 1203 Deo,
1429 1167 1478 1200 cui
1508 1178 1620 1200 nomi-n
1647 1174 1711 1200 erat
1743 1165 1887 1200 Ioannes.

1142 1213 1260 1258 Potest,
1288 1223 1317 1249 et
1345 1214 1438 1249 debet
1476 1216 1584 1262 utique
1611 1216 1730 1250 ratione
1765 1216 1888 1262 praevia

1142 1263 1337 1311 responderi,
1360 1264 1446 1311 quod
1464 1277 1536 1299 cum
1557 1265 1685 1299 interior
1707 1263 1758 1299 illa
1781 1264 1888 1299 missio

1141 1313 1180 1346 sit
1214 1313 1350 1353 occulta,
1386 1326 1446 1348 non
1474 1313 1585 1349 sufficit
1620 1313 1768 1361 cuiquam
1803 1313 1888 1349 nude

1142 1371 1263 1397 tantum
1291 1375 1442 1404 asserere,
1465 1363 1548 1410 quod
1578 1364 1644 1410 ipse
1666 1364 1706 1398 sit
1733 1363 1846 1398 missus
1871 1376 1887 1398 a

1141 1411 1218 1455 Deo,
1252 1425 1323 1446 eum
1348 1413 1406 1447 hoc
1434 1413 1565 1460 quilibet
1601 1413 1779 1447 haereticus
1800 1424 1888 1447 asse—

1142 1470 1240 1495 veret:
1281 1462 1336 1495 sed
1365 1470 1488 1509 oportet
1514 1471 1547 1496 ut
1582 1470 1697 1497 astruat
1725 1462 1806 1496 illam
1841 1462 1888 1496 in-

1141 1510 1293 1545 visibilem
1318 1512 1501 1547 missionem
1525 1524 1580 1558 per
1601 1511 1815 1558 operationem
1831 1512 1889 1547 mi·

1141 1559 1254 1599 raculi,
1297 1561 1342 1594 vel
1371 1573 1424 1607 per
1458 1561 1640 1607 Scripturae
1671 1561 1886 1596 testimonium

1141 1609 1287 1656 speciale.
1316 1609 1407 1644 Unde
1428 1623 1500 1645 cum
1524 1609 1680 1646 Dominus
1708 1609 1798 1645 vellet
1820 1611 1889 1645 mit-

1141 1666 1206 1693 tere
1221 1659 1360 1706 Moysen)
1385 1660 1416 1693 in
1432 1660 1605 1707 AEgyptum
1628 1660 1664 1694 nd
1681 1659 1761 1694 filios
1783 1659 1887 1700 lsrael,

1141 1718 1173 1743 ut
1198 1709 1378 1744 crederetur
1395 1709 1422 1743 ei
1445 1710 1528 1756 quod
1553 1710 1726 1744 mitteretur
1746 1709 1786 1744 ab
1808 1709 1887 1757 ipso,

1142 1758 1228 1792 dedit
1255 1759 1282 1793 ei
1310 1759 1448 1805 signum,
1480 1767 1513 1793 ut
1539 1766 1737 1793 converteret
1769 1759 1885 1805 virgam

1142 1808 1172 1841 in
1201 1808 1385 1851 colubrum,
1409 1817 1439 1842 et
1460 1808 1624 1843 colubrum
1648 1809 1758 1843 iterum
1787 1807 1888 1843 refor-

1144 1866 1239 1891 maret
1269 1858 1297 1892 in
1326 1858 1451 1904 virgam.
1477 1857 1609 1892 loannes
1635 1869 1762 1905 quoque
1777 1857 1887 1905 Bapti-

1143 1915 1186 1940 sta
1218 1920 1291 1941 suae
1316 1907 1475 1941 missionis
1509 1907 1644 1954 speciale
1672 1907 1885 1942 testimonium

1145 1957 1271 2003 protulit
1291 1956 1328 1990 de
1351 1956 1532 2003 Scriptura,
1564 1956 1759 2004 respondens
1781 1968 1887 1991 sacer-

1143 2006 1269 2040 dotibus
1296 2013 1325 2040 et
1352 2005 1463 2046 levitis,
1498 2006 1550 2052 qui
1580 2006 1667 2040 missi
1694 2005 1814 2041 fuerant
1847 2005 1885 2039 ad

1144 2054 1399 2101 interrogandum
1422 2055 1492 2102 quis
1511 2063 1604 2096 esset,
1630 2063 1661 2089 et
1686 2067 1783 2101 quare
1812 2054 1886 2100 bap-

1144 2104 1256 2138 tizandi
1291 2104 1352 2138 sibi
1387 2103 1522 2139 officium
1557 2105 1791 2151 assumpsisset:
1820 2103 1886 2150 Ego

1144 2167 1199 2188 vox
1227 2154 1390 2188 clamantis
1418 2154 1448 2188 in
1475 2154 1612 2189 deserto:
1640 2154 1772 2200 Dirigite
1808 2154 1884 2187 viam

1143 2204 1285 2237 Domini:
1314 2204 1393 2237 sicut
1415 2203 1491 2237 (lixit
1513 2203 1607 2238 {satas
1629 2203 1789 2250 propheta.
1817 2201 1884 2237 Non

1143 2265 1218 2297 ergo
1245 2253 1439 2287 credendum
1463 2254 1501 2295 ei,
1528 2257 1581 2299 qui
1602 2265 1634 2287 se
1655 2253 1729 2286 dicit
1754 2253 1884 2286 missum

1144 2315 1158 2336 a
1182 2302 1259 2346 Deo,
1281 2315 1352 2336 cum
1381 2315 1443 2336 non
1470 2303 1508 2336 sit
1538 2303 1651 2337 missus
1681 2302 1720 2336 ab
1743 2301 1884 2341 homine,

1145 2352 1203 2386 nisi
1234 2351 1272 2386 de
1303 2364 1336 2385 se
1358 2352 1493 2399 speciale
1515 2351 1649 2398 proferat
1670 2351 1884 2386 testimonium

1144 2401 1182 2435 de
1195 2401 1379 2448 Scripturis,
1402 2402 1446 2436 vel
1466 2401 1594 2436 evidens
1615 2401 1801 2435 miraculum
1814 2412 1886 2448 ope-

1145 2459 1240 2486 retur.
1264 2450 1341 2485 Nam
1365 2459 1393 2484 et
1415 2451 1455 2485 de
1471 2451 1528 2494 his,
1552 2451 1603 2497 qui
1630 2449 1714 2484 missi
1739 2450 1886 2496 leguntur

1144 2513 1160 2535 a
1188 2500 1265 2544 Deo,
1304 2500 1500 2546 Evangelista
1528 2508 1666 2534 testatur:
1704 2499 1796 2541 Quod
1826 2500 1885 2547 ipsi

1146 2549 1273 2597 profecti
1298 2550 1515 2596 praedicabant
1536 2549 1652 2595 ubique
1674 2548 1810 2584 Domino
1831 2560 1886 2584 co-

1145 2609 1304 2647 operante,
1339 2607 1365 2633 et
1394 2611 1569 2634 sermonem
1605 2598 1807 2633 confirmante
1832 2610 1884 2634 se-

1146 2648 1314 2687 uueni'ibus
1355 2649 1462 2695 signis.
1503 2648 1588 2682 Licet
1626 2656 1728 2683 antem
1756 2648 1884 2683 scientia

1909 271 1957 298 An.
1975 271 2004 298 C.
2024 272 2090 301 ¹¹9⁹
