2129 3223
154 287 201 313 Au.
223 287 334 314 (1.1199

403 279 467 309 172

927 286 965 308 Bt·
970 285 1084 307 tLARtt
1089 285 1113 306 M
1136 284 1270 306 [tonaret
1275 284 1298 305 M

348 343 543 389 privilegium
578 340 804 387 quodcumque
832 341 929 375 voluit
959 340 986 374 ei
1010 339 1091 374 fecit.
1112 338 1246 384 {fortius
1284 339 1474 386 occupavit,
1511 347 1541 373 et
1580 338 1679 373 bonae
1714 336 1883 373 memoriae

347 392 493 437 Cumque
530 389 730 436 postmodum
764 389 846 424 idem
879 389 1039 424 Paschalis
1077 400 1092 423 a

347 439 537 475 detentionis
562 450 638 473 suae
667 438 978 473 vinculisliberatus
1001 449 1093 484 prae—

346 489 466 523 dictum
491 487 700 534 privilegium,
723 488 806 535 quod
835 487 1005 522 dicendum
1029 494 1093 521 erat

347 538 451 583 potius
468 540 514 582 (l)
539 537 758 584 pravilegium,
780 545 966 576 revocasset,
988 535 1092 570 dictus

346 587 504 621 Henricns
527 594 648 632 praeter
674 585 880 621 cardinalium
904 585 1091 620 electionem

346 635 578 670 haeresiarchas
599 635 751 682 quosdam
766 635 827 670 dati
850 634 910 669 sibi
926 634 1092 669 occasione

346 684 499 731 privilegii
532 684 659 723 creavit,
692 693 722 719 et
759 683 877 718 idolum
902 687 947 726 (2)
981 690 1090 717 contra

347 733 518 768 Ecclesiam
546 733 720 768 Romanam
760 733 876 772 cresin
911 740 941 766 et
976 740 1092 766 extunc

344 783 481 817 schisma
528 794 628 829 usque
669 782 705 816 ad
746 781 906 816 Calixtum
949 788 1092 827 tempore

345 831 438 877 longo
470 831 602 866 duravit.
637 831 720 865 Huic
758 830 796 865 de
831 829 941 864 eodem
977 840 1092 875 genere

343 880 494 915 successit
532 880 562 914 in
599 880 768 927 imperium
802 878 1003 917 Fridericus,
1039 879 1090 924 qui

343 941 414 964 eum
437 928 630 976 Tyburtiuos
652 937 728 962 tunc
754 927 886 963 rebelles
909 935 978 974 post
1000 939 1092 961 coro-

344 979 501 1013 nationem
529 990 617 1012 suam
641 977 838 1024 promisisset
859 976 898 1010 ad
925 975 1090 1011 subiectio·

344 1038 412 1061 nem
450 1026 610 1061 Ecclesiae
636 1037 797 1065 revocare,
833 1037 887 1059 eos
913 1025 973 1059 sibi
1003 1032 1091 1071 post-

343 1075 473 1110 modum
490 1075 676 1119 vendicavit,
698 1075 808 1108 dicens
830 1073 914 1120 quod
934 1074 1089 1107 civitatem

343 1125 440 1170 ipsam
469 1123 562 1158 vellet
584 1124 614 1158 in
637 1123 806 1170 specialem
835 1123 957 1169 imperii
985 1134 1091 1156 came-

343 1185 406 1207 ram
428 1174 575 1213 retinere;
594 1182 623 1208 et
646 1173 693 1207 sic
714 1184 769 1207 eos
786 1180 895 1207 contra
915 1171 1090 1205 Ecclesiam

342 1222 517 1257 Romanam
541 1223 683 1256 armavit.
706 1221 791 1263 Quid
819 1222 914 1255 etiam
937 1233 1010 1255 cum
1035 1220 1092 1254 bo-

343 1283 399 1306 nae
436 1272 608 1306 memoriae
645 1270 822 1305 Alexander
866 1269 1091 1316 praedecessor

343 1327 467 1363 noster,
490 1328 566 1354 tunc
588 1319 748 1354 Ecclesiae
776 1319 939 1353 Romanae
967 1317 1091 1352 cancel-

343 1369 455 1407 larius,
490 1369 527 1403 ad
565 1381 638 1403 eum
674 1381 689 1402 a
728 1368 828 1403 felicis
864 1367 1090 1401 recordationis

343 1417 484 1452 Adriano
512 1417 607 1464 Papa,
630 1418 683 1464 qui
706 1429 777 1451 eum
803 1424 1018 1470 coronaverat,
1033 1415 1090 1449 de-

342 1467 476 1501 stinatus
508 1465 631 1505 suisset,
660 1466 749 1500 lectis
771 1465 885 1499 litteris
914 1465 945 1499 in
973 1464 1089 1511 quibus

342 1514 576 1557 continebatur
591 1515 674 1562 quod
698 1515 868 1560 imperator
882 1513 1010 1548 deberet
1028 1513 1090 1548 Ec-

343 1564 457 1599 clesiae
485 1563 646 1598 Romanae
682 1563 820 1603 deferre,
854 1575 925 1597 cum
963 1574 995 1596 re
1023 1561 1089 1608 ipsa

342 1613 368 1646 ei
386 1625 520 1646 coronae
544 1612 732 1646 heneficium
756 1611 956 1651 contulisset,
974 1611 1090 1645 dicitur

342 1673 413 1695 cum
454 1661 557 1696 furore
595 1670 624 1695 et
665 1661 826 1695 iracundia
863 1660 1087 1706 respondisse:

343 1711 411 1744 Nisi
449 1722 592 1744 essemus
629 1710 657 1743 iu
694 1710 835 1744 Ecclesia
877 1710 936 1743 iam
971 1710 1090 1744 scirent

342 1759 472 1804 qualiter
508 1759 778 1793 Theutouicoinm
806 1770 900 1792 enses
937 1758 1088 1792 incidant.

343 1808 380 1841 l⁴t
411 1809 557 1854 protinus
588 1820 684 1843 eum
717 1807 831 1841 infecto
861 1806 1007 1861 negotio,
1035 1820 1090 1853 pro

342 1869 405 1903 quo
428 1858 536 1895 ἐν’,ειειῑ
565 1865 677 1890 terram
701 1868 789 1890 suam
820 1857 910 1890 iussit
937 1857 1038 1895 exire3
1061 1865 1090 1890 et

341 1905 476 1939 eundern
501 1905 676 1940 :adrianum
708 1905 911 1948 moliebatur
939 1905 994 1939 sed
1023 1905 1091 1939 frn-

342 1962 416 1996 stra,
432 1967 504 1988 cum
523 1953 712 2000 quibusdam
733 1954 904 2001 deponere,
924 1966 1090 2000 opponens

341 2004 369 2038 ei
393 2003 481 2049 quod*
497 2011 581 2037 esset
605 2003 687 2037 filius
709 2003 895 2037 sacerdotis,
916 2003 986 2049 lpse
1007 2003 1089 2037 idem

343 2052 544 2098 postmodum
572 2060 680 2087 contra
713 2052 848 2086 eundem
878 2052 1088 2085 Alexandrum

342 2102 435 2145 lonuo
471 2110 612 2155 tempo-re
646 2101 782 2135 schisma
821 2101 907 2139 fovit,
936 2109 965 2135 et
992 2113 1090 2147 quus-

340 2162 479 2205 cumque
495 2151 596 2197 potuit
615 2160 723 2185 contra
743 2162 814 2184 eum
836 2150 999 2184 coniurare
1021 2163 1091 2183 coe-

341 2200 397 2245 git,
432 2200 462 2234 in
482 2198 662 2234 iuramento
689 2211 855 2252 opponens
883 2199 967 2245 quod
1004 2199 1090 2233 nullo

343 2259 484 2294 ternpore
509 2248 735 2302 poenitentiam
764 2248 939 2302 reciperent
967 2248 1006 2281 de
1030 2248 1090 2282 hu-

343 2297 479 2331 iusmodi
513 2299 706 2336 iuramento;
742 2305 773 2331 et
810 2309 878 2343 ipse
915 2296 996 2331 idem
1030 2297 1092 2331 sub

341 2347 450 2381 eadem
475 2347 573 2380 forma
605 2347 724 2380 iuravit.
751 2346 820 2392 lpse
849 2358 993 2393 quoque,
1016 2358 1089 2380 cum

343 2394 483 2430 Venetiis
512 2404 624 2430 terram
653 2395 819 2430 ‹tax-aleam
838 2396 974 2435 comitis,
997 2407 1089 2441 quam

342 2452 567 2490 occupaverat,
603 2452 632 2477 et
667 2445 724 2478 alia
755 2444 906 2490 quaedam
933 2443 1091 2478 Ecclesiae

345 2492 504 2528 Romanae
528 2493 690 2528 restituere
720 2506 775 2540 per
799 2494 973 2527 iuramenta
1002 2493 1091 2539 prin-

343 2543 447 2588 cipum
485 2542 704 2588 promisisset,
750 2543 846 2589 ipsam
888 2541 1090 2588 postmodum

379 2609 417 2642 (l)
437 2610 498 2636 Vide
511 2611 609 2638 Concil.
630 2612 762 2642 Laterum,
784 2619 826 2638 au.
853 2611 927 2637 ¹212.
969 2612 1008 2645 (2)
1022 2611 1090 2638 ldest

344 2649 499 2681 Burdmnm,
517 2655 542 2675 ut
561 2660 640 2685 >upra
658 2652 774 2677 diximus
789 2652 811 2677 in
832 2651 945 2677 l'asrhah
964 2652 995 2677 ll.

1134 387 1233 422 Lucio
1267 387 1499 434 praedecessori
1529 395 1637 422 nostro
1661 386 1822 423 accedenti
1850 387 1881 421 in

1133 436 1357 471 Lombaidiam
1393 437 1469 471 satis
1509 436 1722 471 haudulenter
1761 435 1882 476 illusit,

1135 486 1239 532 ipsum
1279 494 1309 520 et
1335 497 1552 520 successorem
1578 485 1678 532 ipsius
1703 485 1789 532 apud
1814 484 1881 519 Ve-

1135 546 1242 569 ronam
1277 535 1367 581 quasi
1397 534 1544 569 obsessos
1569 541 1690 569 tenens.
1724 533 1882 569 Henricus

1133 591 1238 618 autem
1270 583 1352 618 [ilius
1380 590 1411 617 et
1436 595 1603 619 successor
1629 583 1730 630 ipsius
1756 583 1786 617 in
1814 583 1881 618 Ec-

1133 632 1246 667 clesiae
1267 633 1528 688 persecutionem
1556 644 1631 667 suae
1657 632 1881 667 dominationis

1133 682 1286 716 execravit
1314 681 1479 728 primitias,
1502 694 1573 716 cnm
1601 681 1689 716 Beati
1711 681 1796 716 Petri
1819 693 1881 729 pa—

1134 731 1318 765 trimonium
1336 731 1488 765 violenter
1511 731 1682 785 ingressus,
1705 729 1783 764 illud
1805 731 1882 764 mul-

1132 779 1282 825 tipliciter
1315 779 1503 820 devastavit,
1529 779 1583 826 qui
1605 779 1698 814 etiarn
1728 778 1882 825 quosdam

1133 828 1302 863 familiares
1328 828 1458 863 fratrum
1492 836 1672 863 nostrorum
1699 839 1776 862 naso
1809 827 1882 863 fecit

1133 878 1162 911 iu
1184 878 1329 912 iniuriam
1343 877 1504 912 Ecclesiae
1519 877 1667 912 mutilari.
1696 876 1767 924 Ipse
1793 877 1882 913 occi-

1132 939 1220 961 sores
1243 927 1344 961 bonae
1366 927 1537 962 memoriae
1551 926 1672 961 Alberti
1695 925 1882 961 Leodiensis

1132 975 1292 1022 episcopi,
1319 987 1414 1022 quem
1450 976 1516 1022 ipse
1551 982 1697 1021 coegerat
1729 975 1880 1016 exulare,

1133 1032 1202 1069 post
1224 1024 1475 1059 intersectionem
1500 1025 1597 1071 ipsius
1621 1025 1651 1058 in
1676 1023 1776 1059 multa*
1795 1023 1883 1058 fami·

1132 1073 1266 1108 liaritate
1298 1073 1426 1120 recepit,
1460 1082 1490 1108 et
1522 1073 1650 1120 publice
1681 1073 1884 1120 participavit

1132 1122 1268 1166 eisdem,
1297 1130 1325 1157 et
1356 1122 1506 1157 beneficia
1535 1121 1737 1169 postmodum
1762 1122 1883 1157 maiora

1132 1172 1297 1205 concessit.
1326 1170 1397 1217 lpse
1424 1171 1634 1206 venerabilem
1669 1170 1794 1205 fratrem
1822 1183 1881 1205 no-

1131 1228 1230 1254 strum
1253 1219 1471 1254 Auximanum
1494 1220 1695 1266 episcopum,
1716 1222 1787 1266 quia
1809 1230 1883 1255 con-

1132 1268 1234 1303 lessus
1264 1277 1311 1304 est
1333 1281 1437 1304 coram
1473 1281 1522 1312 eo,
1544 1269 1629 1316 quod
1662 1268 1880 1316 episcopatum

1132 1329 1187 1371 per
1208 1317 1325 1353 Sedem
1349 1318 1564 1364 Apostolicam
1591 1317 1759 1357 obtinerem
1781 1317 1882 1363 alapis

1133 1379 1162 1400 in
1183 1367 1358 1413 praesentia
1380 1379 1435 1401 sua
1452 1367 1540 1401 caedi
1563 1367 1647 1406 fecit,
1670 1374 1702 1400 et
1723 1366 1763 1401 de
1785 1365 1886 1401 barba

1131 1416 1202 1449 eius
1234 1416 1307 1463 pilis
1333 1416 1459 1456 avulsis,
1488 1416 1592 1462 ipsum
1617 1415 1783 1450 inhoneste
1814 1422 1880 1449 tra-

1130 1465 1219 1499 ctari.
1247 1464 1415 1499 Conradus
1443 1465 1550 1499 Musca
1572 1465 1602 1498 in
1624 1464 1755 1499 cerebro
1783 1476 1880 1499 vene-

1133 1513 1259 1548 rabilem
1289 1513 1413 1548 fratrem
1443 1522 1584 1548 nostrum
1606 1513 1787 1547 Ostiensem
1809 1514 1879 1559 epi—

1901 281 1950 308 An.
1963 280 1992 307 C.
2013 281 2080 307 ¹¹99

1130 1575 1262 1609 scopum
1290 1563 1408 1608 caepit,
1439 1571 1468 1596 et
1493 1563 1523 1596 in
1551 1562 1687 1597 vinculis
1710 1562 1828 1609 posuit,
1849 1570 1899 1597 et⁴

1132 1611 1297 1646 inhoneste
1335 1612 1475 1646 tractavit
1511 1611 1550 1646 ‹lc
1583 1611 1733 1645 mandato
1763 1611 1878 1658 ipsius,

1131 1662 1212 1694 sicut
1242 1661 1321 1694 idem
1352 1659 1517 1694 Conradus
1540 1659 1664 1705 publice
1687 1659 1878 1701 testabatur.

1131 1720 1159 1744 et
1188 1711 1270 1743 sicut
1298 1709 1412 1743 molius
1441 1710 1586 1755 apparuit
1610 1721 1647 1743 ex
1679 1716 1748 1755 post
1786 1708 1878 1753 lacto,

1130 1771 1201 1792 cum
1231 1770 1291 1791 uon
1315 1758 1417 1791 solum
1447 1758 1540 1792 fuerit
1561 1758 1694 1792 evitatus
1716 1765 1770 1792 aut
1789 1758 1879 1804 puni-

1132 1815 1183 1840 tus
1210 1806 1248 1840 ab
1272 1807 1352 1852 ipso,
1374 1806 1429 1840 sed
1453 1806 1626 1841 honoribus
1653 1814 1684 1840 et
1706 1807 1878 1852 possessio-

1132 1856 1223 1890 nibus
1251 1855 1407 1890 dilatatus.
1429 1855 1499 1901 lpse
1527 1855 1726 1900 postmodum
1749 1855 1878 1891 Siciliae

1132 1917 1265 1950 regnum
1299 1905 1451 1951 adeptus,
1487 1904 1610 1950 publice
1637 1904 1771 1951 proponi
1806 1905 1879 1939 fecit

1131 1954 1271 1989 edictum
1291 1961 1325 1987 ut
1347 1953 1452 1988 nullus
1472 1953 1518 1988 vel
1540 1953 1688 1997 clericus,
1711 1953 1756 1988 vel
1780 1954 1879 1989 laicus

1130 2003 1166 2037 ad
1188 2002 1359 2037 Ecclesiam
1380 2002 1554 2037 Romanam
1577 2003 1742 2038 accederet
1763 2014 1822 2038 nec
1839 2003 1877 2038 ad

1130 2064 1198 2085 eam
1226 2051 1341 2097 aliquis
1367 2052 1549 2098 appellaret,
1579 2052 1747 2099 Philippus
1772 2060 1878 2087 autem

1131 2101 1169 2134 de
1197 2113 1260 2154 quo
1282 2101 1383 2146 agitur
1405 2100 1443 2134 ab
1472 2101 1630 2136 Ecclesiae
1657 2102 1881 2156 persecutione

1132 2150 1279 2195 intaepit3
1312 2158 1339 2183 et
1370 2150 1474 2183 adhuc
1503 2151 1532 2183 in
1556 2162 1591 2184 ea
1619 2151 1768 2197 persistit.
1791 2150 1876 2185 Olim

1130 2211 1215 2233 euim
1246 2199 1468 2244 patrimonium
1498 2198 1657 2234 Ecclesiae
1691 2199 1750 2234 sibi
1783 2211 1877 2234 usur-

1132 2259 1204 2301 pare
1224 2247 1430 2291 contendeus
1452 2248 1566 2282 ducem
1583 2248 1716 2283 Tusciae
1734 2257 1762 2282 et
1782 2248 1878 2283 Cam·

1131 2309 1240 2342 paniae
1262 2309 1295 2330 se
1318 2281 1485 2336 scribebat,
1509 2309 1651 2332 asserens
1672 2297 1759 2343 quod
1775 2309 1878 2344 usque

1130 2345 1167 2379 ad
1192 2354 1295 2391 portas
1323 2346 1407 2379 urbis
1434 2355 1599 2393 acceperat
1621 2353 1818 2392 potestatem,
1846 2355 1877 2381 et

1130 2406 1224 2428 etiam
1242 2394 1292 2428 illa
1317 2407 1387 2440 pars
1410 2395 1513 2437 urbis,
1535 2407 1614 2441 quae
1640 2395 1875 2442 Transtyberim

1131 2443 1265 2486 dicitur,
1295 2444 1373 2477 eius
1393 2453 1456 2478 erit
1484 2444 1689 2478 iurisdictioni
1712 2455 1876 2484 concessa

1132 2504 1217 2526 nunc
1246 2493 1337 2526 etiam
1356 2505 1440 2538 pert
1434 2492 1662 2531 Maitualdum
1678 2491 1874 2540 Diupuldum

1131 2551 1158 2575 et
1177 2542 1315 2575 lautores
1341 2553 1451 2576 eorum
1475 2554 1544 2581 nos,
1566 2549 1597 2576 et
1619 2541 1802 2576 Ecclesiam
1808 2542 1876 2577 Ro-

1132 2602 1254 2624 manam
1284 2591 1497 2637 persequitur,
1527 2598 1557 2625 et
1583 2602 1715 2636 regnum
1750 2590 1876 2626 Siciliae

1131 2638 1222 2674 nobis
1243 2639 1366 2674 auferre
1387 2647 1528 2674 conatur.
1550 2639 1584 2673 Si
1600 2651 1676 2685 ergo
1700 2639 1730 2674 id
1751 2640 1826 2675 facit
1844 2641 1874 2675 in
