2129 3223
59 259 108 294 Ah.
125 266 153 293 c.
175 266 242 293 ¹¹98

67 915 95 936 ne
126 914 233 936 electione

53 950 75 967 οι
84 946 233 966 benedictione

52 977 90 997 ..bb
105 978 140 997 tis.

77 2575 106 2597 Da
121 2575 244 2596 vinitatiune

63 2604 247 2627 PrtemonstrEc-

64 2637 151 2658 etesiae.

254 319 353 360 sistat,
372 325 403 353 et
423 330 495 354 cum
522 318 664 353 eiusdem
693 318 836 362 consilio,
857 318 910 365 qui
939 316 997 351 eli-

251 366 377 414 gendus
397 366 500 408 fuerit,
527 379 542 402 a
564 367 727 403 canonicis
752 366 894 413 eligatur.
922 365 997 401 Ele-

252 423 303 452 cto
341 423 445 451 autem
468 416 579 452 fratres
601 416 759 452 Ecclesiae
785 416 889 451 statim
920 415 997 450 obe-

251 464 402 501 dientiam
445 467 653 513 promittant:
699 466 752 513 qui
799 477 860 500 non
908 465 996 511 quasi

250 513 414 550 absolutus
440 527 455 549 a
484 521 636 563 potestate
660 515 756 562 patris
778 514 899 549 abbatis
916 542 924 554 ‚
951 514 995 548 vel

250 563 371 599 ordinis
398 564 445 599 sui
483 564 732 612 archiepiscopo,
768 563 816 598 vel
835 564 995 610 episcopo,

249 611 281 648 in
310 613 403 649 cuius
444 612 579 649 dioecesi
614 614 729 656 fuerit,
770 620 997 660 praesentetur,

852 262 1062 287 tNNocEsths
1084 261 1119 283 ΙΙΙ
1145 261 1183 283 PP

1676 250 1743 280 127
1810 256 1860 281 An.
1878 254 1989 281 (3.1198

1015 318 1019 327 t

1039 324 1138 349 mater
1183 323 1230 350 est
1257 317 1397 352 omnium
1444 316 1656 353 Ecclesiarum
1697 314 1794 349 totius

1036 364 1168 407 ordinis,
1196 372 1226 398 et
1253 374 1373 411 patrem
1397 379 1492 415 super
1521 378 1555 400 se
1593 365 1686 400 alium
1730 375 1792 397 non

1015 413 1142 482 {haben
1169 413 1251 448 sicut
1286 415 1324 449 ad
1359 417 1511 451 cautelam
1550 424 1578 449 et
1617 413 1792 449 custodiam

1036 462 1157 497 ordinis
1194 470 1346 498 statutum
1380 474 1438 508 est,
1482 477 1536 511 per
1572 472 1634 498 tres
1674 463 1794 510 primos

1036 511 1165 547 abbates
1185 511 1341 552 Laudun„
1370 513 1575 556 Floressien.,
1595 513 1790 548 Cuissiacen.

1037 573 1138 596 annua
1157 560 1276 596 ibidem
1301 562 1435 598 visitatio
1458 564 1519 597 liat:
1557 571 1587 596 et
1620 562 1724 609 siquid
1762 562 1792 595 in

1037 610 1103 657 ipsa
1147 610 1243 646 domo
1276 611 1499 657 corrigendum
1534 612 1638 654 fuerit,
1674 611 1793 658 absque

250 661 479 709 plenitudinem
502 662 541 697 ab
573 674 610 697 eo
650 662 741 697 officii
777 669 996 709 percepturus:
1016 653 1019 693 l
1038 659 1147 694 maiori
1174 671 1230 706 per
1245 671 1299 695 eos
1313 661 1473 695 audientia
1498 660 1682 705 corrigatur.
1699 660 1792 702 Quod

249 711 290 746 ita
311 719 428 752 tamen,
449 711 533 758 quod
551 720 619 759 post
635 711 745 746 factam
759 711 997 758 archiepiscopo
1038 709 1063 742 si
1088 708 1184 743 abbas
1208 709 1238 743 in
1261 709 1451 755 corrigendo
1473 709 1610 756 tepidus,
1633 718 1662 744 et
1685 709 1794 743 fratres

249 760 296 796 vel
323 762 475 808 episcopo
517 773 576 796 suo
620 761 865 808 possessionem,
906 771 997 794 occa·
1037 758 1165 804 saepius
1209 759 1320 793 moniti
1363 758 1599 804 incorrigibiles
1641 769 1793 803 perman—

248 810 337 845 sione
352 810 404 845 illa
420 822 482 845 non
496 810 744 856 transgrediatur
756 810 998 844 constitutiones

247 859 367 894 ordinis
388 859 450 900 sui,
471 871 529 893 nec
562 860 593 893 in
634 859 740 906 aliquo
768 859 835 894 eius
871 870 998 904 praeva-

248 908 361 943 ricator
382 910 507 944 existat.
546 908 579 942 Si
608 908 680 954 quis
708 910 802 943 etiam
839 919 875 941 ex
913 907 999 941 vobis

246 957 396 993 canonice
420 957 540 993 electus
559 958 588 991 in
617 956 773 995 abbatem,
812 956 998 991 dioecesano

246 1007 408 1054 episcopo,
430 1006 526 1041 semel
565 1014 596 1040 et
627 1007 739 1041 iterum
782 1018 836 1052 per
869 1006 999 1039 abbates

247 1056 341 1091 vestri
367 1055 486 1091 ordinis
519 1064 745 1102 praesentatuS,
798 1054 998 1089 benedictio-

247 1116 318 1140 nem
336 1104 376 1140 ab
405 1116 444 1139 eo
476 1117 539 1139 nou
573 1104 707 1152 potuerit
749 1103 905 1147 obtinere,
941 1115 999 1138 nec

247 1153 400 1195 Ecclesia,
421 1154 459 1188 ad
483 1166 576 1200 quam
611 1162 738 1188 vocatus
761 1161 819 1195 est,
836 1152 997 1196 destituta,

246 1202 378 1239 consilio
402 1204 607 1250 periclitetur,
634 1202 736 1237 officio
772 1211 801 1236 et
840 1202 908 1236 loco
942 1201 999 1236 ab·

247 1251 328 1287 batis
365 1251 523 1299 plenarie,
549 1251 727 1286 secundum
755 1251 913 1295 ordinem,
928 1250 999 1285 fun-

246 1309 338 1347 gatur
364 1302 396 1335 in
418 1313 465 1341 ea,
493 1309 555 1335 tam
578 1301 610 1335 in
650 1300 859 1335 exterioribus
892 1300 998 1346 provi-

247 1349 372 1395 dendis,
393 1362 488 1397 quam
517 1351 545 1384 in
570 1349 774 1385 interioribus
789 1349 999 1395 corrigendis,

246 1399 348 1435 donec
369 1407 422 1435 aut
460 1400 635 1433 interventu
674 1398 830 1444 generalis
871 1398 997 1444 capituli

247 1449 352 1490 vestri,
379 1457 431 1483 aut
459 1455 626 1495 praecepto
648 1447 782 1482 Romani
824 1446 998 1484 Pontificis,

246 1510 303 1533 seu
329 1497 576 1544 metropolitani,
614 1496 868 1531 benedictionem
909 1507 998 1530 suam

246 1547 394 1582 obtineat.
416 1546 516 1581 Porro
533 1545 616 1580 nulla
634 1557 765 1592 persona
788 1545 998 1580 ecclesiastica

247 1608 304 1643 pro
336 1596 518 1635 chrismate,
541 1603 591 1629 aut
627 1594 932 1634 consecrationibus,
968 1601 999 1627 et

246 1644 510 1683 ordinationibus,
545 1652 598 1678 aut
638 1656 692 1689 pro
726 1643 887 1690 sepultura
926 1655 999 1689 pre-

247 1694 338 1739 tium,
359 1702 413 1729 aut
448 1706 505 1741 pro
546 1692 763 1727 benedicendo
804 1692 938 1734 abbate,
972 1700 1000 1726 et

247 1742 435 1778 deducendo
462 1743 493 1776 in
525 1742 631 1776 sedem
671 1754 772 1785 suam,
797 1740 1000 1787 palefridum,

248 1801 302 1828 aut
328 1791 455 1838 aliquod
477 1791 563 1826 aliud
586 1804 602 1825 a
625 1790 713 1826 vobis
729 1791 867 1836 exigere,
895 1789 1001 1824 nullus

251 1849 400 1880 vestrum,
427 1840 521 1875 etiam
544 1840 568 1873 si
602 1840 754 1885 exigatur,
796 1839 870 1873 dare
911 1850 1001 1885 prae-

250 1899 365 1926 sumat:
383 1890 457 1936 quia
472 1898 502 1923 et
516 1890 708 1935 exigentem,
728 1896 757 1924 et
772 1889 912 1931 dantem,
929 1895 1000 1922 nota
1021 1923 1022 1927 ,

250 1947 280 1974 et
314 1939 490 1986 periculum
526 1938 716 1973 simoniacae
757 1937 915 1984 pravitatis
951 1937 1002 1971 in-

252 1988 357 2023 volvit.
392 1986 558 2022 Caeterum
592 1987 616 2021 si
656 1986 759 2033 aliqua
789 1986 1002 2021 Ecclesiaium

252 2046 424 2072 vestrarum
449 2036 583 2083 pastoris
609 2035 726 2070 solacio
748 2035 907 2074 destituta,
924 2035 1004 2068 inter

251 2086 364 2121 fratres
384 2085 424 2120 de
445 2084 668 2120 substituendo
689 2084 803 2119 abbate
844 2084 1001 2118 discordia

252 2135 345 2170 fuerit
377 2134 425 2170 vel
447 2134 584 2169 scissura
607 2133 748 2178 suborta,
773 2142 802 2168 et
827 2134 884 2179 ipsi
915 2132 1005 2167 facile

253 2185 291 2220 ad
333 2183 534 2219 concordiam
577 2182 624 2216 vel
667 2183 816 2217 unitatem
865 2182 1003 2217 revocari

254 2233 466 2281 nequiverint,
489 2239 576 2279 pater
603 2231 699 2266 abbas
741 2232 874 2266 consilio
908 2230 1005 2265 coab-

255 2283 362 2318 batum
402 2293 530 2317 suorum
569 2281 615 2314 eis
663 2281 806 2315 idoneam
845 2280 1005 2326 provideat

256 2343 436 2379 personam,
453 2339 484 2364 et
507 2329 549 2363 illi
571 2341 641 2363 eam
664 2329 733 2364 sine
754 2329 1004 2364 contradictione

257 2381 410 2427 recipiant
433 2380 463 2413 in
488 2378 644 2413 abbatem:
668 2390 761 2424 quam
801 2379 825 2413 si
865 2379 1006 2424 recipere

257 2428 516 2476 contempserint,
564 2427 738 2462 sententiae
798 2427 1005 2466 subiaceant,

257 2490 352 2525 quam
385 2485 473 2525 pater
504 2477 601 2512 abbas
633 2488 705 2510 cum
748 2477 878 2511 consilio
911 2476 1007 2510 coab-

258 2527 366 2562 batum
388 2538 518 2562 suorum
542 2527 572 2560 in
611 2537 665 2560 eos
700 2525 824 2559 duxerit
864 2525 1005 2560 auctori-

261 2584 320 2611 tate
360 2575 480 2611 ordinis
524 2573 797 2622 promulgandam.
836 2573 884 2608 Ad
931 2574 1006 2608 haec

261 2626 410 2672 quoniam
432 2624 719 2660 praemonstraten.
742 2622 881 2658 Ecclesia
908 2623 1008 2668 prima

1037 807 1147 850 serint,
1180 806 1217 841 ad
1256 808 1401 854 generale
1424 807 1596 854 capitulum
1627 807 1791 846 referatur,

1038 864 1068 889 et
1103 856 1182 890 sicut
1219 857 1332 891 melius
1371 857 1472 892 visum
1509 856 1626 895 fuerit,
1660 856 1792 891 consilio

1038 904 1192 950 generalis
1230 905 1357 951 capituli
1397 905 1600 944 emendetur,
1643 913 1671 938 et
1711 918 1785 939 sen-

1039 955 1134 988 tentia
1159 955 1188 988 in
1218 954 1275 988 liae
1296 965 1382 1001 parte
1404 955 1533 1001 capituli
1574 955 1642 989 sine
1691 963 1791 989 retra-

1038 1003 1142 1037 ctione
1175 1004 1278 1049 aliqua
1312 1004 1506 1039 observetur.
1544 1003 1677 1045 Quoties
1718 1002 1989 1053 veronfljnjrffisssffl‘h*

1039 1051 1179 1086 Ecclesia
1222 1052 1510 1087 praemonstraten.
1902 1048 1926 1052 Η

1563 1053 1631 1087 sine
1678 1052 1790 1088 abbate
1806 1064 1907 1084 mmmm

1040 1100 1143 1140 fuerit,
1166 1102 1203 1135 ad
1227 1101 1383 1148 praefatos
1406 1110 1469 1136 tres
1490 1101 1620 1136 abbates
1632 1103 1701 1136 eius
1717 1114 1789 1136 cura

1039 1150 1196 1196 respiciat,
1214 1159 1243 1184 et
1270 1162 1285 1184 a
1309 1151 1472 1185 canonicis
1495 1151 1595 1197 ipsius
1617 1149 1790 1190 Ecclesiae,

1037 1210 1110 1233 cum
1133 1210 1243 1233 eorum
1266 1200 1408 1239 consilio,
1432 1211 1564 1246 persona
1591 1200 1622 1234 in
1644 1198 1789 1234 abbatem

1039 1247 1153 1282 idonea
1174 1248 1317 1294 eligatur:
1341 1248 1379 1283 ad
1401 1248 1569 1282 consilium
1593 1260 1686 1283 suum
1711 1261 1791 1295 qua-

1037 1305 1110 1330 tuor
1132 1296 1200 1331 aliis
1219 1296 1385 1332 abbatibus
1407 1296 1446 1332 ad
1461 1296 1592 1331 eandem
1616 1297 1789 1332 Ecclesiam

1040 1345 1271 1392 pertinentibus
1295 1346 1409 1392 pariter
1430 1345 1600 1389 advocatis,
1622 1357 1704 1392 quos
1731 1346 1790 1393 ipsi

1038 1395 1178 1429 canonici
1210 1395 1403 1441 providerint
1435 1395 1644 1429 advocandos.
1686 1394 1792 1430 Liceat

1039 1455 1166 1490 quoque
1193 1445 1367 1491 unicuique
1402 1445 1492 1479 matri
1542 1443 1702 1478 Ecclesiae
1739 1456 1792 1478 or·

1039 1493 1123 1526 dinis
1145 1492 1237 1527 vestri
1261 1505 1334 1528 cum
1363 1493 1497 1528 consilio
1535 1493 1656 1527 abbatis
1693 1492 1792 1528 Prae-

1039 1547 1243 1576 monstraten.
1283 1543 1322 1577 de
1359 1542 1526 1577 abbatibus
1565 1541 1792 1585 Ecclesiarum,

1018 1602 1120 1638 ¹quae
1147 1591 1186 1625 ab
1213 1603 1247 1626 ea
1282 1591 1473 1638 processisse
1506 1600 1693 1629 noscuntur,
1727 1591 1792 1626 sive

1018 1639 1132 1674 letiam
1160 1639 1199 1674 de
1222 1641 1279 1674 alia
1315 1641 1455 1675 eiusdem
1491 1639 1611 1674 ordinis
1644 1639 1793 1675 inferiore

1040 1688 1193 1725 Ecclesia,
1221 1690 1278 1722 sibi
1306 1701 1543 1736 quemcumque
1572 1689 1705 1723 voluerit
1741 1689 1791 1732 (si

1041 1746 1145 1772 tamen
1196 1738 1331 1772 idoneus
1369 1739 1529 1780 extiterit)
1572 1738 1601 1771 in
1647 1737 1791 1772 abbatem

1041 1799 1212 1822 assumere.
1240 1787 1412 1821 Personam
1441 1796 1545 1821 autem
1574 1787 1612 1821 de
1636 1786 1697 1821 alio
1740 1799 1793 1821 or-

1041 1836 1114 1870 dine
1154 1836 1238 1871 nulla
1278 1835 1488 1870 Ecclesiarum
1535 1844 1704 1871 vestrarum
1733 1835 1790 1869 sibi

1041 1885 1132 1930 eligat
1170 1886 1199 1919 in
1235 1885 1390 1925 abbatem,
1439 1897 1496 1919 nec
1541 1885 1631 1919 vestri
1670 1884 1792 1919 ordinis

1042 1934 1148 1980 aliqua
1195 1935 1224 1968 in
1261 1933 1404 1969 abbatem
1442 1934 1621 1969 monasterii
1664 1933 1792 1968 alterius

1042 1984 1175 2026 ordinis,
1210 1983 1268 2017 nisi
1311 1983 1350 2017 de
1401 1985 1588 2018 auctoritate
1630 1982 1792 2017 Romanae

1043 2032 1215 2076 Ecclesiae,
1236 2031 1411 2067 ordinetur.
1441 2031 1525 2066 Nulli
1560 2033 1653 2067 etiam
1696 2030 1991 2086 ⁰³⁰0·,{g„⁰,¹},⁰¹¹{„¹f³}¹,j

1043 2082 1143 2121 nicos,
1170 2081 1217 2115 vel
1240 2093 1409 2116 conversos
1432 2089 1551 2116 vestros
1569 2081 1636 2115 sine
1665 2081 1790 2115 licentia
1807 2075 1860 2113 mrf

1043 2130 1190 2165 abbatum
1225 2131 1378 2177 recipere,
1413 2139 1465 2164 aut
1498 2138 1660 2175 susceptos
1702 2129 1790 2163 liceat

1046 2180 1192 2214 retinere.
1218 2179 1302 2214 Sane
1339 2179 1416 2213 nulli
1456 2179 1658 2213 ecclesiastici
1699 2179 1790 2211 vestri

1045 2229 1164 2263 ordinis
1191 2229 1280 2262 liceat
1303 2228 1341 2262 ad
1371 2229 1508 2273 aliquam
1545 2227 1637 2261 aliam
1672 2226 1793 2273 profes-

1045 2279 1165 2312 sionem
1190 2278 1363 2311 temeritate
1385 2276 1523 2323 qualibet
1546 2288 1579 2309 se
1613 2276 1792 2310 transferre.

1045 2327 1079 2361 Si
1103 2338 1181 2373 quae
1209 2338 1281 2360 vero
1303 2325 1444 2360 Ecclesia
1484 2324 1708 2359 canonicorum
1748 2324 1794 2358 al-

1046 2377 1143 2410 terius
1165 2375 1286 2409 ordinis
1313 2375 1348 2407 ad
1382 2374 1523 2408 ordinem
1565 2382 1701 2407 vestrum
1738 2385 1794 2407 ve-

1047 2425 1161 2464 nerint,
1183 2423 1221 2457 ad
1243 2423 1362 2457 Eccles.
1387 2423 1477 2456 vestri
1501 2422 1620 2456 ordinis
1660 2421 1795 2456 babeant

1047 2474 1115 2507 sine
1163 2472 1366 2518 refragatione
1414 2480 1615 2517 respectum,
1659 2471 1689 2505 in
1734 2484 1794 2518 qua

1048 2530 1184 2556 vestrum
1208 2528 1381 2556 noscuntur
1412 2521 1552 2555 ordinem
1573 2521 1794 2567 assumpsisse.

1049 2571 1211 2605 Praeterea
1235 2572 1260 2604 si
1284 2570 1364 2604 inter
1384 2569 1504 2615 aliquas
1527 2569 1686 2604 Ecclesias
1703 2570 1795 2604 vestri

1048 2620 1168 2654 ordinis
1195 2619 1234 2654 de
1267 2618 1491 2665 temporalibus
1525 2619 1666 2665 quaestio
1696 2631 1796 2653 emer-
