2129 3223
171 251 221 278 An.
238 251 348 279 012¹?

156 1285 208 1303 ezeti
225 1284 292 1304 huiusv

415 242 483 276 5222

364 307 442 340 tiora
466 303 613 340 beneficia
641 315 767 339 sumere
803 313 979 339 mereatur:
1014 316 1105 339 secus

364 353 529 401 agentibus
544 354 695 399 reputatis
718 353 858 400 ingratis,
879 366 1014 401 quorum
1033 365 1105 400 spes

365 413 511 451 {anquam
539 403 653 449 lanugo
675 402 816 447 tabescit,
838 411 868 438 et
882 403 970 451 quasi
993 415 1103 449 spuma

362 453 497 499 gracilis,
519 466 599 501 quae
612 453 736 499 degitur
749 465 764 487 a
781 453 912 500 procella
928 456 980 497 (Ι).
993 452 1104 487 Caete-

363 515 430 537 rum
457 503 529 538 licet
562 515 673 538 omnes
714 503 843 538 omnino
874 502 1103 548 cuiuscumque

362 552 552 587 conditionis
585 552 696 587 aetatis
729 552 776 587 vel
815 565 909 587 sexus
939 561 1104 586 teneamur

363 614 475 637 nomen
499 602 624 637 Domini
651 601 839 646 collaudare,
865 601 969 636 clerici
999 609 1101 635 tamen

361 651 397 686 ad
421 652 450 686 id
475 652 514 686 ita
537 651 712 698 specialiter
733 659 805 686 sunt
841 651 979 697 ascripti,
1017 650 1100 697 quod

360 713 421 736 non
449 701 550 735 solum
573 713 656 745 suas,
677 701 731 735 sed
760 701 850 735 etiam
876 699 980 747 populi
1016 701 1102 734 vices

360 763 388 785 tn
417 751 476 785 hoc
497 751 609 798 exequi
632 751 719 798 quasi
742 749 947 797 stipendiario
970 750 1037 783 iure
1056 757 1102 783 te-

359 810 482 841 nentur,
503 808 612 848 utpote
625 801 693 847 qui,
714 799 783 834 sacti
813 799 970 833 funiculus
990 798 1101 833 baere-

357 849 611 894 ditatisDomini,
625 849 834 884 ecclesiastica
850 849 1011 888 beneficia,
1023 860 1100 895 quae

357 898 505 934 Christus
526 899 556 933 in
576 911 634 933 suo
648 898 809 945 Sanguine
829 898 1006 945 acquisivit,
1026 910 1100 944 pro-

357 956 424 995 pter
433 949 493 984 hoc
502 948 657 995 praecipue
671 948 1098 994 assequuntur,assequuturi

357 998 482 1035 maiora,
518 998 542 1032 si
582 998 759 1032 iniunctum
799 997 856 1032 sibi
890 997 1098 1031 ministerium

355 1049 465 1094 exequi
488 1046 615 1082 student
643 1046 776 1081 fideliter
819 1054 846 1081 et
882 1045 1008 1085 devote,
1036 1057 1097 1080 non

354 1096 566 1132 subducentes
588 1108 621 1131 se
648 1108 664 1130 a
704 1094 819 1130 divinis
856 1095 1034 1142 obsequiis,
1066 1104 1099 1129 ut

355 1146 493 1187 remissi,
515 1158 586 1180 eum
611 1145 795 1180 maledictus
817 1145 853 1179 sit
895 1144 990 1179 ltomo
1005 1172 1013 1183 ,
1044 1145 1096 1191 qui

353 1207 432 1243 opus
469 1195 596 1230 Domini
636 1194 743 1229 fecerit
775 1194 981 1241 negligenter.
1013 1193 1098 1229 Sane

327 1266 339 1269 -
352 1245 542 1292 accepimns,
563 1244 617 1279 sed
638 1244 769 1279 minime
785 1251 995 1290 acceptamus,
1013 1243 1097 1290 quod

353 1295 382 1329 in
407 1295 548 1340 partibus
562 1294 683 1334 vestris,
710 1292 923 1340 multiplicatis
950 1293 1097 1328 anniver-

352 1344 442 1378 sariis
468 1344 703 1382 detunctorum,
733 1355 770 1377 ex
803 1342 918 1389 quihus
942 1354 977 1377 ea
1014 1342 1096 1377 cele-

352 1393 515 1428 brantibus
537 1391 738 1428 commodum
767 1391 891 1426 obvenit
913 1392 1096 1438 temporale,

351 1442 477 1489 qnidam
502 1443 530 1476 in
559 1440 794 1476 cathedralibus
814 1449 842 1475 et
875 1441 1097 1476 conventuali-

353 1492 412 1526 bus
437 1491 577 1527 ecclesiis
603 1499 764 1538 praetextu
796 1490 910 1525 missae
938 1490 1033 1525 semel
1064 1490 1094 1524 in

352 1541 402 1577 die
441 1553 498 1589 pro
541 1540 753 1575 anniversario
799 1540 972 1574 celebratae
1009 1551 1095 1574 sacra

351 1591 516 1626 missarum
540 1589 691 1624 solemnia
718 1600 798 1637 quae
820 1590 938 1623 ratione
960 1588 1022 1623 diei
1048 1589 1094 1624 vel

350 1639 417 1674 sesti
445 1639 545 1674 solent
579 1638 754 1674 solemnius
792 1637 953 1677 celebrari.v
987 1637 1095 1685 culpa-

351 1688 403 1723 bili
426 1689 617 1735 negligentia
635 1687 898 1735 praetermittunt,
921 1688 1009 1735 qnasi
1033 1699 1093 1722 non

349 1739 412 1773 sint
438 1738 566 1784 obligati
590 1737 728 1772 Domino
759 1736 798 1771 ad
838 1745 1018 1783 utrumque,
1055 1749 1094 1771 ne

350 1787 422 1821 inde
443 1787 493 1822 his
513 1787 571 1822 sibi
597 1786 820 1834 praeiudicium
843 1794 1032 1833 generetur,
1047 1786 1094 1820 vel

349 1836 507 1872 Dominus
533 1836 611 1871 sorte
639 1848 695 1882 pro
717 1835 811 1870 tantis
837 1835 996 1883 obsequiis
1032 1847 1093 1870 non

349 1885 503 1921 sufficeret
525 1886 570 1921 eis
595 1897 692 1933 aequa
722 1885 937 1920 vicissitudine
961 1897 1095 1932 respon-

349 1935 433 1970 dere.
456 1935 551 1971 Certe
574 1935 742 1970 verendum
771 1942 829 1974 est,
865 1947 903 1968 ne
943 1935 995 1981 qui
1031 1944 1092 1970 tam

350 1997 482 2033 nequam
521 1984 708 2031 negligentia
747 1983 885 2018 laborare
921 1991 1095 2019 noscuntur

350 2036 379 2069 in
411 2035 597 2070 obstinatam
634 2033 784 2068 malitiam
820 2033 1029 2080 prolabentes,
1064 2041 1094 2067 et

349 2085 449 2119 sinon
466 2097 554 2128 voce,
566 2083 653 2131 quod
672 2092 718 2118 est
731 2083 868 2130 gravius,
886 2084 964 2117 sacto
979 2083 1092 2117 dicant:

349 2133 429 2176 Quis
450 2142 496 2169 est
517 2134 685 2172 Dominus,
703 2141 736 2167 ut
758 2132 931 2167 serviamus
953 2132 1095 2166 ei‘?tam-

349 2196 442 2230 quam
466 2191 543 2218 testa
576 2190 683 2217 contra
723 2182 855 2229 figulum
885 2182 1025 2228 cogitet,
1064 2189 1093 2216 et

350 2241 456 2268 contra
479 2233 632 2267 levantem
672 2244 739 2266 eam
779 2231 897 2277 virgula
941 2230 1092 2266 elevetur.

349 2283 430 2318 Cum
455 2283 550 2330 igitur
571 2281 711 2316 Ecclesia
743 2280 902 2315 Gallicana
944 2292 998 2328 per
1037 2279 1093 2315 Dei

350 2334 479 2374 gratiam
503 2342 663 2378 tamquam
691 2331 818 2365 lucerna
837 2342 931 2378 super
953 2329 1095 2364 candela-

352 2383 441 2416 brum
471 2382 569 2428 posita
597 2381 697 2415 luceat
723 2380 793 2415 aliis
824 2392 879 2427 per
904 2379 1094 2427 exeaizplum,

351 2432 403 2476 qui
426 2432 567 2467 videntes
592 2442 686 2477 opera
708 2430 776 2465 eius
804 2429 885 2464 bona
921 2430 1095 2476 glorificant

354 2481 475 2516 Patrem
503 2481 683 2520 coelestem,
706 2491 756 2519 ne,
781 2478 866 2525 quod
880 2480 971 2517 absit,
994 2490 1096 2513 tantae

166 2550 247 2572 „anm
259 2551 339 2573 cmm
355 2531 561 2577 negligentiae
578 2529 717 2565 tenebris
738 2528 953 2564 obumbretur.
976 2537 1006 2563 et
1021 2528 1097 2563 alias

159 2583 257 2609 wem*
272 2586 292 2603 ²¹
304 2588 339 2609 tw
355 2587 584 2626 consequenter
627 2577 813 2619 obumbret;

863 2578 1095 2613 universitatem

390 2640 429 2675 (t)
446 2639 595 2676 Legendum
613 2640 720 2668 forsitan
736 2642 906 2673 dispergatur.

950 250 1050 273 trux
1056 249 1137 272 tum!
1164 249 1325 272 nonum!

1148 311 1279 338 vestram
1307 302 1476 350 rogandam
1499 303 1658 344 duximus,
1685 311 1717 340 et
1754 315 1890 339 monen-

1146 352 1216 387 dam
1242 364 1297 399 per
1317 353 1486 400 apostolica
1509 353 1597 388 vobis
1616 353 1730 402 scripta
1758 353 1889 389 firmiter

1907 253 1958 279 an.
1970 237 2088 280 σκιὰν]

1903 301 2058 326 anniversarii-⁸
2065 310 2088 326 ι-

1903 331 2029 361 dimplandis
2034 333 2087 356 utta

1902 365 1978 385 missas
2005 364 2087 386 docan-

1859 403 1866 409 ·
1902 395 1976 416 tanda
1981 399 2025 416 non
2029 401 2085 423 pra-

1146 402 1367 449 praecipiendo
1394 402 1587 445 mandantes,
1619 412 1776 451 quatenus
1812 416 1888 438 unt-

1146 451 1224 486 versi
1260 461 1291 487 et
1312 452 1424 499 singuli
1449 452 1579 499 proinde
1592 453 1790 488 attendentes
1802 453 1888 501 quod

1145 501 1263 536 servire
1289 500 1357 537 Deo
1379 514 1509 548 regnare
1529 510 1587 543 est;
1613 502 1734 538 nullum
1763 502 1795 538 in
1834 515 1890 538 vos

1144 558 1302 598 torporem
1339 551 1559 598 negligentiae,
1593 551 1676 586 sicut
1713 551 1887 592 hactenus,

1143 599 1296 648 obrepere
1314 600 1509 647 permittatis,
1531 612 1594 648 quo
1619 601 1737 641 minus,
1769 609 1801 637 et
1830 614 1887 650 pro

1143 650 1366 685 anniversariis
1391 649 1625 690 defunctorum,
1650 658 1681 685 et
1715 663 1772 698 pro
1795 651 1885 690 festo.

1144 699 1188 733 vel
1220 700 1294 734 seria
1330 699 1503 734 secuudum
1539 707 1716 747 temporum
1750 712 1888 747 congru-

1142 749 1268 788 entiam,
1283 750 1448 784 missarum
1465 749 1619 784 solemnia
1640 750 1887 786 conventualiter

1141 798 1316 836 celebretis.
1338 808 1369 834 et
1395 798 1513 834 faciatis
1539 798 1785 834 conventualiter
1809 800 1886 835 cele-

1143 847 1222 882 brari
1240 876 1247 886 ,
1290 857 1324 882 ιιι
1370 849 1416 883 sic
1448 847 1682 896 quodammodo
1725 849 1794 884 sine
1830 849 1886 884 in-

1141 897 1338 932 termissione
1359 906 1496 942 orantes,
1519 898 1559 933 ab
1579 910 1617 933 eo
1631 898 1811 934 mereamini
1825 910 1887 934 ex<-

1140 946 1254 987 audiri,
1283 947 1335 993 qui
1370 947 1457 982 adest
1490 947 1639 982 omnibus
1684 947 1716 982 in
1757 947 1886 984 veritate

1141 996 1360 1031 invocantibus
1386 1008 1500 1031 nomen
1527 1009 1632 1032 suum.

1190 1044 1302 1080 Datum
1326 1046 1485 1092 Anagniae
1519 1054 1631 1093 quarto
1665 1059 1765 1082 nonas
1794 1047 1885 1086 iulii,

1140 1095 1341 1141 pontificatus
1362 1096 1460 1130 nostri
1486 1108 1571 1131 anno
1596 1095 1710 1144 primo.

1199 1156 1259 1186 Dat.
1281 1156 1329 1187 die
1346 1157 1365 1187 4
1387 1157 1452 1188 iulii
1472 1157 1558 1195 1217,
1576 1156 1680 1197 pontis.
1701 1166 1777 1188 anno
1799 1166 1818 1188 ι.

1483 1276 1552 1312 xn.

1140 1345 1315 1427 ΙηΙῖιεΙυΙᾱαιιό
1338 1346 1496 1401 Mai-chine
1523 1345 1735 1401 Anconusmnae
1766 1345 1887 1380 Auem·

1187 1395 1275 1478 ωηζῖι
1299 1395 1885 1480 xxzffss'⁰zttmfst‚i”ssz0532‘}0„s²”‚2:.⁰

1187 1500 1272 1527 neme
1298 1494 1491 1538 Apostolicae
1512 1494 1588 1528 Sedu·
1608 1494 1809 1539 persoluenda
1826 1495 1882 1538 (1).

1405 1562 1618 1594 SUMMARHJM

1135 1623 1303 1654 Exordium.
1330 1641 1369 1648 —
1395 1624 1557 1655 infeudatio
1584 1625 1729 1657 Marchiae
1752 1627 1883 1659 Anconi-

1176 1673 1259 1699 tanae
1277 1669 1383 1699 Azzoni
1407 1669 1464 1699 vll.
1484 1686 1523 1692 —
1543 1669 1743 1708 Condifiones,
1765 1680 1818 1702 seu
1833 1681 1883 1712 pa-

1176 1717 1230 1743 cta.
1256 1730 1295 1736 —
1318 1713 1454 1744 Firmitas
1484 1715 1696 1745 concessionis.
1722 1731 1761 1738 —
1781 1714 1882 1748 Hono·

1176 1757 1212 1787 rii
1237 1756 1293 1787 PP.
1320 1774 1360 1781 —
1385 1762 1413 1788 et
1436 1757 1464 1788 S.
1487 1758 1518 1788 R.
1542 1758 1620 1789 Eccl.
1642 1759 1720 1789 card.
1743 1759 1882 1790 subscri-

1176 1801 1301 1840 ptiones.

1134 1862 1262 1894 Honorius
1281 1863 1421 1900 episcopus
1440 1871 1536 1894 servus
1555 1871 1694 1910 servorum
1707 1864 1763 1898 Det.
1782 1865 1885 1896 dilecto

1178 1915 1234 1944 filio
1255 1913 1339 1943 nobili
1358 1914 1417 1942 viro
1437 1914 1533 1943 Ληουῖ
1550 1914 1721 1948 Anconitano.
1738 1915 1769 1943 et
1779 1915 1884 1944 Estenst

1178 1963 1338 1995 marchioni,
1376 1963 1494 1992 satutem
1517 1965 1546 1992 et
1569 1963 1749 2000 apostolicam
1775 1964 1884 1994 bonadi-

1179 2014 1306 2042 ctionem.

1184 2081 1357 2116 Sinceritas
1379 2081 1577 2125 devotionis,
1606 2090 1637 2117 et
1664 2081 1756 2123 fidei,
1787 2094 1882 2129 quam

1135 2130 1172 2165 ad
1196 2142 1277 2173 nos,
1306 2140 1336 2165 et
1369 2129 1544 2165 Romanam
1575 2130 1748 2166 Ecclesiam
1780 2131 1882 2167 clarae

1136 2179 1306 2214 memoriae
1334 2181 1416 2215 Azzo
1437 2180 1579 2215 marchio
1605 2188 1693 2228 pater
1719 2188 1791 2216 tuus
1813 2194 1882 2228 pro-

1136 2229 1226 2263 batus
1252 2236 1299 2263 est
1321 2229 1449 2274 habere,
1476 2230 1659 2277 promeruit,
1683 2237 1716 2264 ut
1736 2229 1774 2264 ad
1792 2238 1880 2266 tuum

1136 2278 1338 2313 commodum
1373 2287 1403 2313 et
1425 2280 1577 2314 honorem
1599 2278 1764 2314 efficaciter
1784 2279 1882 2315 inten-

1136 2327 1261 2369 damus,
1289 2339 1360 2363 cum
1389 2341 1443 2375 per
1465 2328 1549 2364 illius
1576 2328 1777 2364 discretionis
1805 2342 1882 2377 pru-

1137 2378 1299 2421 dentiam,
1321 2385 1350 2412 et
1377 2378 1573 2413 strenuitatis
1599 2378 1743 2413 virtutem
1777 2378 1881 2414 eidem

1137 2426 1295 2462 Ecclesiae
1328 2428 1492 2463 commoda
1528 2439 1637 2473 inagna
1669 2429 1882 2475 provenerint,

1137 2487 1165 2511 et
1190 2489 1244 2523 per
1269 2485 1340 2511 tuae
1361 2489 1486 2524 quoque
1514 2476 1676 2524 probitatis
1694 2477 1880 2514 industriam

1138 2526 1235 2561 muita
1256 2535 1423 2574 sperentur
1443 2527 1573 2562 authore
1596 2525 1732 2561 Domino
1746 2538 1882 2574 proven-

1173 2596 1211 2632 (1)
1227 2597 1314 2624 Edidit
1331 2597 1501 2629 Mummius,
1524 2596 1651 2632 Antiquit.
1672 2596 1789 2630 Estens„
1806 2601 1882 2634 parte

1138 2643 1157 2667 ι,
1174 2644 1232 2672 oep.
1249 2644 1315 2665 xur.

1902 427 2028 447 terminant.

1927 2090 2046 2115 uxorein.
