2129 3223
147 266 198 294 An.
211 265 240 293 C.
262 267 322 296 tati

391 254 462 290 254

341 321 478 357 dictione
494 328 613 360 nostia,
630 317 800 353 haeredum
819 326 849 353 et
866 328 1086 352 successorum

342 380 536 413 nostrorum,
559 368 605 404 vel
628 367 793 403 cuiuslibet
821 367 951 402 alterius
979 378 1087 413 perso-

341 432 397 455 nae
431 420 575 455 ordinare
606 426 635 453 ct
663 417 839 459 instituere,
869 425 1085 464 praeterquam

338 469 493 504 ordinatio
515 467 855 523 archipresbyterorum
886 467 924 501 de
953 464 1087 500 castellis

339 518 482 554 Fundani
523 518 745 566 episcopatus
785 528 865 564 quae
911 516 983 550 fient
1026 514 1085 548 hoc

337 568 442 603 modo.
486 566 612 603 Mortuo
647 566 936 613 archipresbytero
978 564 1082 599 cleiici

335 617 656 665 archipresbyteratus
686 616 814 650 veniant
835 615 873 649 ad
900 615 1082 661 episcopum

336 668 517 703 nuntiantes
535 679 603 701 moi
607 675 666 701 tem
686 665 957 712 archipresbiteri
980 671 1011 698 et
1029 663 1083 696 111-

336 716 397 752 bita
415 717 455 752 ab
481 717 631 764 episcopo
658 715 780 750 licentia
806 713 936 749 faciendi
960 712 1084 746 clettio-

336 779 423 807 nem,
456 778 623 814 personam
659 765 791 811 eligant.
829 772 860 798 et
895 763 1080 798 electionem

335 816 444 851 factam
464 816 555 851 nobis
570 814 770 870 nuntiabunt,
786 826 879 860 qnam
895 812 1080 847 electionem

333 865 512 901 nullatenus
524 866 710 913 poterimus,
722 876 778 898 nec
788 862 975 897 debebimus
986 861 1083 908 impe-

332 916 411 957 dire,
429 916 487 951 nisi
506 924 612 950 contra
632 914 761 955 electam
779 924 942 958 personam
962 911 1079 945 crimen

332 965 522 1000 infidelitatis
537 963 736 1007 obiiciemus,
751 971 779 997 et
800 961 877 996 illud
901 961 978 995 infra
994 972 1046 1007 qu
1039 974 1082 994 ir-

333 1024 397 1050 tum
420 1015 503 1050 diem
526 1027 542 1049 a
564 1022 706 1068 tempore
721 1012 835 1047 obiecti
859 1010 1003 1046 criminis
1026 1023 1081 1044 nu-

332 1064 482 1100 merando
509 1064 540 1098 in
577 1075 661 1098 curia
698 1060 870 1109 episcopali
900 1059 1081 1107 probaveri-

331 1127 410 1149 mus.
425 1114 517 1156 Quod
532 1114 557 1148 si
571 1112 649 1147 infra
664 1112 811 1158 quintum
824 1110 906 1145 diem
921 1109 1078 1144 obiectum

329 1165 448 1199 crimen
485 1175 548 1198 non
580 1161 834 1210 probaverimus,
867 1159 959 1194 liceat
992 1158 1080 1194 vobis

329 1222 358 1248 et
375 1212 615 1248 successoribus
634 1212 744 1246 vestris
761 1210 889 1245 electam
914 1221 1078 1256 personam

329 1263 505 1298 secundum
533 1262 591 1297 Dei
623 1261 768 1296 timorem
801 1267 832 1294 et
859 1258 950 1294 officii
986 1258 1078 1293 vestri

331 1312 529 1360 prudentiam
564 1310 768 1350 confirmare;
805 1310 877 1343 item
914 1309 980 1343 iura
1016 1308 1079 1342 Ec-

329 1362 493 1398 etesiarum
523 1369 554 1396 et
579 1360 719 1396 omnium
747 1359 950 1402 clericorum,
987 1365 1078 1404 atque

331 1412 491 1447 homiuum
521 1422 650 1446 suorum
679 1409 792 1444 illibata
820 1407 1026 1451 servabimus
1049 1416 1076 1441 et

329 1462 353 1495 51
377 1462 447 1508 quis
468 1473 521 1496 eas
541 1460 706 1495 molestare
729 1458 774 1493 vel
796 1458 968 1505 inquietare
987 1469 1078 1503 piae-

329 1511 510 1557 sumpserit,
537 1522 594 1545 nos
620 1509 700 1544 sicut
723 1507 933 1542 Ecclesiarum
958 1507 1076 1553 pattoni

329 1559 510 1595 curabimus
540 1558 714 1594 defensare.
751 1556 960 1591 Conditiones
993 1568 1076 1593 iero

328 1622 408 1657 quae
423 1610 575 1644 hactenus
586 1607 751 1654 exigebant
766 1606 804 1640 ab
816 1605 957 1640 Ecclesia
969 1604 1076 1639 Sancti

329 1658 529 1705 Archangeli,
550 1657 685 1693 Sanctae
706 1656 822 1691 Mariae
844 1655 883 1690 de
902 1655 1076 1695 Br,umaun

329 1709 434 1744 Sancti
459 1708 603 1743 Andreae
631 1707 668 1742 de
694 1705 832 1745 Pastina,
860 1705 965 1739 Sancti
994 1704 1077 1739 Mar-

329 1759 383 1793 tini
420 1758 460 1793 de
492 1757 611 1797 Enula,
650 1756 775 1804 penitus
807 1755 1013 1793 remittimus
1047 1762 1077 1788 et

328 1816 479 1856 perpetuo
501 1807 694 1858 relaxamus:
718 1805 757 1840 ab
786 1805 856 1839 aliis
877 1813 980 1839 autem
1013 1804 1078 1838 Ec-

327 1858 431 1893 clesiis
456 1857 601 1892 Fundani
621 1851 839 1903 episcopatus,
862 1867 878 1888 a
907 1853 1076 1910 prioribus,

326 1915 357 1942 et
370 1908 493 1943 clericis
503 1918 610 1942 earum
622 1905 813 1940 adiutorium
829 1916 890 1939 non
903 1904 1076 1950 exigemus,

328 1969 385 1992 uec
405 1957 486 2003 exigi
509 1956 672 1995 faciemus
694 1962 826 2001 excepto
848 1953 930 2000 quod
954 1955 992 1988 ab
1019 1954 1078 1988 illis

326 2007 525 2042 securitatem
557 2006 756 2060 accepimus,
791 2004 875 2038 iuxta
902 2003 986 2050 quod
1020 2015 1077 2038 nos

327 2056 409 2091 soliti
431 2068 542 2091 snmus
568 2055 753 2089 assicurare.
781 2052 924 2088 Clericos
950 2065 1076 2099 quoque

328 2105 470 2141 Fundani
493 2106 706 2152 episcopatus,
728 2111 758 2138 et
779 2103 952 2137 servientes
968 2114 1075 2136 eorum

329 2168 390 2190 non
419 2156 596 2202 capiemus,
630 2166 686 2188 nec
718 2153 787 2199 capi
821 2152 987 2191 faciemus,
1020 2164 1077 2186 nec

330 2205 573 2244 verberabimus,
591 2215 648 2238 nec
662 2201 824 2237 verberare
840 2202 1001 2245 faciemus,
1021 2214 1077 2236 nec

330 2257 359 2289 111
382 2254 476 2290 Curia
491 2261 596 2289 nostra
619 2253 657 2288 ad
673 2252 820 2286 iustitiam
843 2263 1003 2297 cogemus,
1021 2264 1077 2285 nec

329 2306 396 2351 cogi
419 2304 580 2342 faciemus
608 2315 623 2338 a
652 2310 731 2336 terra
760 2309 862 2336 nostra
885 2313 946 2335 non
970 2301 1078 2347 expel-

331 2354 443 2398 !emus,
466 2366 524 2388 nec
543 2351 655 2399 expelli
682 2350 845 2395 faciemus,
868 2363 925 2385 nec
947 2350 1078 2385 auferre

331 2416 400 2438 mus
427 2403 508 2438 bona
538 2414 660 2441 eorum,
690 2413 748 2436 nec
776 2400 926 2436 faciemus
952 2400 1078 2443 auferri,

331 2465 388 2488 nec
408 2464 464 2489 eos
485 2451 735 2490 molestabimuS,
758 2462 816 2485 nec
843 2450 994 2485 faciemus
1017 2461 1079 2484 mo-

331 2503 451 2538 lestare.
476 2502 509 2537 Si
532 2514 611 2548 quas
634 2513 706 2536 vero
736 2499 950 2547 possessiones
976 2499 1080 2534 Eccle-

332 2552 447 2586 siarum
470 2563 561 2595 mos,
595 2563 649 2586 sen
687 2562 741 2597 per
775 2549 920 2584 homines
957 2557 1080 2584 nostros

333 2608 499 2647 occupatas
513 2608 669 2640 tenemus,
685 2600 898 2639 restituemus,
914 2607 943 2633 et
961 2598 1078 2634 restitui

334 2648 496 2690 faciemus,
524 2650 681 2685 restitutas
702 2661 764 2684 non
796 2648 994 2688 auferemus.
1022 2659 1080 2683 nec

917 260 1103 284 BULLAtttUM
1132 259 1292 281 ROMANCM

1127 314 1165 348 ab
1181 313 1363 348 hominibus
1382 314 1496 348 nostris
1519 312 1735 361 permittemus
1750 313 1875 348 auferri.

1128 364 1314 419 Episcopus,
1337 363 1455 411 priores
1476 370 1506 398 et
1527 363 1633 398 clerici
1660 375 1771 397 omncs
1789 361 1876 398 Fun-

1126 413 1197 448 dani
1225 414 1426 461 episcopatus
1453 425 1503 448 res
1534 425 1608 448 suas
1635 412 1766 447 mobiles
1799 424 1876 448 ven-

1126 462 1219 498 dendi
1244 463 1372 498 liberam
1395 462 1529 498 habeant
1551 462 1742 502 facultatem
1765 470 1795 498 et
1813 475 1875 519 quo

1127 513 1297 554 voluerint,
1327 522 1544 560 praeterquam
1574 511 1610 547 ad
1643 511 1711 546 loca
1737 524 1753 546 a
1790 513 1872 560 regia

1125 561 1220 597 Curia
1256 563 1428 609 prohibita,
1450 563 1568 609 absque
1602 562 1804 608 requisitione
1843 570 1874 597 et

1124 612 1372 648 contradictione
1407 620 1511 646 nostra
1549 611 1791 658 transportandi.
1826 612 1872 647 De

1125 661 1217 697 rebus
1244 669 1348 698 tamen
1377 662 1476 709 ipsius
1503 661 1663 708 episcopi,
1691 668 1726 695 ut
1751 660 1871 696 dictum

1123 719 1187 755 est,
1219 712 1370 756 venditis,
1402 719 1453 746 aut
1487 722 1644 758 quoquam
1679 710 1873 746 transmissis

1124 760 1323 807 plateaticum
1355 761 1554 799 remittimus,
1575 772 1631 795 nec
1655 759 1730 794 illud
1752 759 1792 795 ab
1812 773 1871 795 em-

1124 811 1265 857 ptoribus
1285 812 1364 857 exigi
1388 811 1546 845 faciemus.
1572 809 1689 844 Pascua
1714 810 1873 857 vero‚syl-

1123 873 1189 899 vas,
1220 869 1250 895 et
1282 873 1379 908 aquas
1413 868 1512 895 terrae
1542 868 1662 894 nostrae
1691 859 1872 895 homiuibus

1122 910 1340 953 ecclesiarum,
1367 919 1419 944 aut
1447 909 1636 944 animalibus
1674 921 1784 944 eorum
1808 922 1869 944 non

1122 960 1373 1015 prohibebimus,
1389 972 1447 995 nec
1462 959 1621 1014 prohiberi
1637 959 1798 1000 faciemus,
1813 959 1869 994 sed

1121 1010 1166 1044 eis
1188 1018 1316 1044 utantur
1331 1010 1412 1044 sicut
1434 1008 1579 1044 homines
1597 1008 1636 1043 de
1655 1017 1734 1044 terra
1753 1017 1868 1044 nostra.

1122 1059 1170 1093 Ab
1201 1060 1383 1094 hominibus
1409 1059 1553 1094 Fundani
1583 1058 1796 1106 episcopatus,
1823 1059 1869 1093 vel

1120 1109 1333 1144 Ecclesiarum
1356 1110 1424 1144 eins
1446 1121 1460 1143 a
1482 1108 1570 1143 nobis
1592 1120 1654 1143 non
1676 1108 1870 1149 tenentibus,

1121 1159 1198 1192 nihil
1215 1160 1378 1205 exigemus
1393 1168 1516 1207 praeter
1529 1159 1741 1198 securitatem,
1759 1166 1790 1193 et
1807 1170 1869 1194 non

1120 1209 1283 1255 capiemus
1305 1221 1374 1252 eOS,
1398 1221 1455 1243 nec
1478 1208 1546 1255 capi
1570 1208 1732 1247 faciemus,
1755 1219 1812 1243 nec
1831 1208 1869 1242 ad

1120 1258 1270 1293 iustitiam
1305 1259 1335 1292 in
1365 1257 1460 1293 Curia
1489 1265 1592 1292 nostra
1624 1269 1790 1304 cogemus,
1817 1265 1870 1292 ant

1119 1308 1188 1354 cogi
1208 1307 1371 1353 faciemus,
1391 1320 1448 1342 nec
1469 1307 1631 1355 capiemus
1649 1307 1731 1342 bona
1747 1311 1868 1348 eorum,

1120 1369 1178 1392 nec
1206 1357 1357 1392 faciemus
1385 1358 1470 1404 capi,
1504 1358 1560 1392 etsi
1588 1356 1754 1403 contigerit
1784 1356 1869 1404 quod

1120 1406 1264 1442 homines
1275 1407 1410 1454 ipsarum
1424 1407 1640 1442 Ecclesiarum
1653 1407 1729 1441 foris
1739 1406 1870 1442 fecerint

1118 1456 1300 1491 hominibus
1318 1458 1443 1496 nostris,
1469 1457 1595 1503 praelati
1620 1464 1651 1491 et
1675 1456 1769 1491 baiuli
1790 1457 1870 1504 ipsa-

1118 1518 1186 1540 rum
1206 1506 1418 1541 Ecclesiarum
1443 1507 1473 1540 in
1493 1506 1589 1540 Curia
1612 1513 1720 1541 tenere
1741 1505 1867 1546 debent,

1118 1563 1148 1590 et
1178 1556 1203 1589 si
1238 1568 1298 1602 qna
1329 1556 1423 1590 fuerit
1456 1555 1528 1590 inde
1558 1556 1745 1601 compositio
1777 1555 1867 1596 facta,

1118 1605 1269 1640 medietas
1292 1605 1391 1652 ipsius
1413 1605 1653 1652 compositionis
1673 1606 1732 1640 erit
1750 1613 1867 1650 nostra,

1117 1663 1148 1689 et
1176 1655 1294 1702 reliqua
1321 1654 1474 1690 medietas
1501 1654 1559 1690 erit
1585 1655 1668 1690 illius
1694 1655 1867 1699 Ecclesiae,

1117 1704 1208 1739 cuius
1222 1704 1317 1739 liomo
1339 1704 1441 1739 fuerit.
1462 1704 1507 1739 De
1524 1704 1635 1739 bannis
1652 1713 1769 1746 autem,
1785 1717 1866 1752 quae

1117 1754 1304 1800 generaliter
1332 1754 1499 1789 mittuntur
1527 1753 1702 1789 secuudum
1729 1766 1867 1790 consue-

1118 1803 1259 1839 tudinem
1282 1812 1392 1849 terrae,
1416 1805 1441 1839 si
1461 1804 1574 1852 aliquis
1594 1804 1759 1839 hominum
1782 1804 1866 1852 ipsa-

1117 1866 1186 1888 rum
1222 1853 1434 1889 Ecclesiarnm
1471 1855 1501 1888 in
1541 1854 1680 1889 bannum
1707 1853 1866 1899 inciderit,

1117 1903 1268 1938 medietas
1291 1904 1392 1951 ipsius
1419 1904 1513 1939 banni
1543 1904 1582 1938 sit
1612 1911 1729 1945 nostra,
1755 1912 1788 1939 et
1807 1904 1865 1939 alia

1118 1953 1269 1988 medietas
1297 1954 1339 1988 sit
1361 1953 1442 1988 illius
1466 1953 1637 1995 Ecclesiae,
1659 1954 1750 1989 cuius
1771 1955 1866 1989 homo

1117 2003 1186 2042 fuit,
1205 2003 1244 2037 ita
1265 2012 1367 2038 tamen
1391 2004 1476 2050 quod
1500 2016 1562 2038 non
1582 2004 1680 2050 magis
1697 2012 1866 2050 graventur

1118 2052 1261 2087 homines
1283 2053 1508 2094 Ecclesiarum,
1529 2066 1621 2101 quam
1645 2053 1790 2089 homines
1814 2066 1867 2089 uo-

1118 2102 1185 2141 stri,
1205 2110 1234 2137 et
1249 2103 1272 2136 si
1296 2102 1360 2137 de
1355 2103 1433 2150 ipsis
1451 2104 1546 2150 aliqui
1564 2103 1678 2139 fuerint
1692 2105 1866 2139 seriientes

1120 2152 1219 2197 ipsius
1246 2154 1400 2199 episcopi,
1428 2153 1474 2187 vel
1503 2153 1729 2201 praedictarum
1755 2153 1865 2189 Eccle-

1117 2203 1254 2241 siarum,
1290 2202 1367 2237 nihil
1401 2202 1440 2237 ab
1472 2203 1517 2237 eis
1549 2203 1727 2250 exigemus,
1757 2203 1817 2238 nisi
1848 2216 1864 2237 a

1120 2251 1208 2285 nobis
1230 2250 1345 2286 suerint
1375 2260 1525 2287 tenentes.
1550 2253 1576 2287 A
1608 2252 1763 2288 demaniis
1794 2265 1865 2287 veru

1119 2300 1302 2335 hominihus
1333 2302 1431 2348 ipsius
1460 2302 1599 2349 episcopi
1633 2314 1648 2336 a
1680 2302 1773 2337 nobis
1802 2315 1863 2337 non

1120 2350 1309 2390 tenentibus,
1332 2352 1411 2386 istud
1435 2359 1538 2386 tamen
1558 2351 1754 2396 habebimus,
1776 2352 1864 2387 vide—

1119 2400 1205 2434 licet:
1234 2409 1324 2435 cento
1352 2401 1578 2448 quinquaginta
1604 2409 1727 2436 tarenos
1757 2401 1864 2437 Amal-

1119 2450 1222 2496 phiae,
1244 2450 1370 2496 quando
1393 2462 1450 2485 nos
1464 2450 1608 2496 generale
1624 2449 1815 2486 adiutorium
1833 2452 1863 2486 in

1120 2507 1198 2533 terra
1221 2507 1325 2534 nostra
1354 2501 1564 2548 posuerimus,
1592 2512 1647 2546 pro
1673 2512 1766 2535 causa
1794 2507 1864 2536 tana

1119 2557 1184 2583 tum
1221 2550 1324 2596 regiae
1358 2549 1584 2596 expeditionis,
1613 2556 1644 2584 et
1676 2562 1732 2597 pro
1758 2562 1864 2586 sorore

1118 2606 1148 2632 et
1166 2606 1271 2633 nostra
1291 2598 1350 2634 tilia
1373 2598 1567 2643 maritandis,
1585 2606 1616 2634 et
1634 2611 1696 2634 non
1719 2612 1775 2647 pro
1790 2600 1863 2643 alio,

1119 2655 1147 2681 et
1170 2648 1254 2695 ipsos
1277 2657 1399 2684 tarenos
1415 2648 1530 2683 habere
1552 2647 1703 2684 debemus
1725 2661 1781 2697 per
1801 2651 1865 2698 epi-

1893 257 1942 284 Αη.
1960 256 1989 284 C.
2004 257 2066 285 121¹
