2129 3223
49 210 99 240 Au.
116 213 144 238 (ἑ.
166 212 232 238 1218

55 267 163 295 spoletani
172 274 232 295 prae-

49 299 157 325 scriptioni
191 300 231 320 im-

48 330 176 351 memorabili
196 332 229 351 ni-

48 363 126 382 tantur.

878 216 1042 240 nohoums
1064 219 1100 241 ΙΙΙ
1126 219 1173 243 t‘P.

245 266 395 302 haberent
431 279 558 302 nccessc
594 280 753 302 recurrere
775 268 812 303 ad
838 270 992 316 praescri-

245 317 361 363 ptionis
381 316 545 361 auxilium,
569 328 626 351 nec
647 318 910 359 commendatam,
935 331 992 355 uec

242 379 331 401 suam
374 365 468 400 fuisse
508 365 776 401 Interamnensem
817 367 990 404 Ecclesiam

241 416 423 462 allegarem,
450 415 503 450 sed
533 415 711 462 possedisse
735 428 791 462 pro
818 429 885 461 sua,
904 425 932 452 et
951 418 989 452 ab

240 477 278 500 eo
305 475 459 511 tempore.
481 464 573 499 cuius
595 465 745 499 memoria
769 477 830 499 non
853 466 989 507 extabat,

241 513 323 548 unde
355 513 450 548 etiam
473 513 498 547 si
526 514 578 560 qui
608 513 822 561 praescribere
845 523 990 563 coeperat

239 563 278 597 ab
298 563 386 598 initio
409 562 522 597 bonam
543 562 634 597 fidem
660 575 723 597 non
747 562 901 604 hahuerit,
925 577 987 611 po-

239 613 296 647 tuit
318 620 424 659 postea
447 611 528 646 bona
544 612 605 646 fide
628 612 789 659 possidere
811 625 987 658 successor,

238 675 253 696 a
281 674 346 709 quo
371 661 451 696 ultra
487 668 611 708 tempus
645 661 720 695 illud
744 661 875 705 effluxit,
901 663 986 709 quod

237 712 372 758 exigitur
397 710 434 745 ad
459 710 738 757 praescriptionem
767 711 987 758 quadragena-

239 762 315 796 riam
338 759 604 800 confirmandam,
637 767 794 807 praeterea
826 772 882 806 per
908 773 986 795 con-

237 811 396 846 cessiones
418 810 654 855 imperatorum,
679 817 709 844 et
730 809 986 845 confirmationes

236 859 450 895 Romanorum
473 858 674 896 Pontificum,
701 858 725 893 si
745 858 824 893 forte
846 859 893 894 ius
916 859 985 906 ple-

236 921 312 944 num
333 907 503 956 Spoletana
530 907 672 942 Ecclesia
695 920 757 942 non
783 907 893 943 suisset
914 908 985 944 ade-

236 965 302 1004 pta,
335 958 459 993 titulum
488 965 590 992 tamen
625 956 817 1003 probabilem
853 957 982 1000 habuit,

236 1015 269 1042 ut
303 1008 348 1042 sic
375 1007 642 1041 Interamnensem
681 1005 852 1040 Ecclesiam
881 1007 984 1053 possi-

234 1056 339 1092 dendo
361 1068 416 1103 pro
442 1067 510 1095 sua,
545 1055 822 1102 praescriptionem
850 1057 981 1090 canoni-

233 1117 301 1141 cam
325 1105 404 1140 bona
433 1104 492 1140 fide
527 1116 563 1139 ac
595 1104 678 1139 iusto
706 1104 796 1139 titulo
818 1116 983 1139 consuma-

234 1163 290 1190 ret.
317 1154 485 1190 Caeterum
508 1154 533 1187 si
560 1152 748 1188 cathedralis
775 1153 885 1196 fuerat,
919 1166 980 1188 non

234 1204 322 1239 latuit
343 1203 414 1238 illos
435 1203 597 1237 Romanos
620 1202 801 1246 Pontifices,
825 1202 878 1248 qui
902 1202 983 1237 inter

233 1253 392 1288 Ecclesias
404 1252 479 1286 alias
499 1251 647 1287 Sanctam
670 1251 799 1286 Mariam
828 1251 982 1286 Interam-

233 1315 362 1338 nensem
396 1301 570 1336 Ecclesiam
604 1313 658 1346 per
680 1300 860 1335 authentica
883 1300 982 1346 privi-

233 1351 311 1398 legia
339 1350 564 1386 confirmarunt
589 1349 749 1385 Ecclesiae
775 1349 981 1395 Spoletanae,

232 1408 262 1435 et
282 1401 328 1436 sic
340 1412 496 1435 consensu
522 1399 626 1439 tacito,
648 1398 790 1445 quinimo
813 1397 893 1432 sacto
928 1399 980 1433 tali

231 1461 393 1497 expresso,
415 1461 483 1484 eam
505 1448 659 1483 subiicere
682 1446 886 1487 videbantur,
908 1459 980 1482 cum

232 1499 283 1534 illa
304 1499 356 1534 cui
377 1498 582 1534 confirmatur
605 1497 704 1532 maior
726 1496 832 1531 haberi
851 1508 982 1532 consue-

233 1548 309 1583 verit
329 1547 525 1587 confirmata,
543 1555 574 1582 et
588 1554 818 1593 consequenter
832 1545 981 1581 luteram-

232 1609 360 1633 nensem
399 1596 574 1632 Ecclesiam
617 1595 788 1642 episcopali
829 1595 980 1641 dignitate

233 1646 381 1694 privatam
415 1646 568 1685 fecerunt,
606 1646 755 1693 quoniam
796 1644 872 1678 alias
906 1646 980 1680 satis

230 1705 314 1731 esset
340 1695 527 1735 ridiculum,
550 1702 583 1729 ut
622 1695 810 1741 episcopalis
849 1693 979 1740 episco-

231 1745 291 1792 pali
319 1745 457 1780 subiecta
480 1745 610 1781 dicatur,
646 1744 728 1778 uude
761 1756 822 1778 non
861 1742 979 1789 absque

231 1794 364 1833 cautela,
385 1807 458 1829 cum
480 1793 590 1829 eadem
622 1793 804 1827 confirmata
830 1792 888 1826 fuit
910 1792 979 1827 Ec-

230 1843 338 1886 clesia,
361 1843 450 1889 plebs
472 1842 572 1878 extitit
594 1842 764 1885 nominata,
778 1854 865 1889 quasi
883 1841 979 1876 nollet

231 1904 298 1927 eam
321 1892 388 1926 fore
413 1891 622 1927 cathedralem
659 1891 864 1938 imposterum
895 1902 978 1925 con—

231 1940 380 1975 firmator.
404 1940 600 1987 Compositio
627 1952 688 1975 non
719 1940 847 1986 allegata
879 1952 978 1986 supe-

231 1991 398 2034 rior,non
426 1990 527 2025 solum
562 1989 754 2036 praeteritis,
789 1989 842 2024 sed
882 1989 976 2024 etiam

231 2039 450 2086 praesentibus
482 2046 511 2073 et
533 2038 645 2073 suturis
673 2038 818 2073 dicebant
858 2039 979 2085 praeiu-

231 2088 349 2123 dicium
373 2100 553 2134 generasse,
580 2100 652 2122 cum
679 2099 877 2123 successores
909 2088 977 2122 illa-

230 2149 312 2177 rum,
340 2149 412 2172 cum
445 2137 562 2184 quibus
587 2137 661 2171 inita
706 2137 831 2179 suerat,
866 2137 911 2171 sic
945 2138 975 2171 iu

230 2187 453 2229 emolumenta,
476 2186 520 2221 sic
542 2193 571 2220 et
605 2186 636 2220 in
666 2185 778 2220 damna
812 2198 977 2221 successe-

231 2243 315 2276 runt,
338 2244 480 2282 tempore
502 2235 709 2269 nihilominus
732 2233 816 2270 tanto
837 2235 975 2275 silentes,

230 2284 315 2331 quod
343 2286 436 2320 etiam
464 2284 488 2319 si
516 2296 577 2331 qua
600 2284 661 2318 illis
681 2291 787 2319 contra
822 2285 977 2331 composi-

231 2335 349 2368 tionem
371 2334 503 2369 eandem
526 2333 607 2368 actio
619 2341 798 2379 competere
812 2334 975 2380 potuisset,

231 2382 288 2417 suit
309 2383 438 2418 omnino
461 2382 682 2430 praescritione
703 2382 832 2417 sublata.
847 2382 904 2417 His
925 2394 976 2417 au-

230 2439 293 2467 tem
317 2433 364 2467 sic
392 2431 469 2466 fides
495 2432 591 2466 adimi
613 2430 784 2465 videbatur:
820 2439 867 2466 est
898 2432 976 2478 qui-

231 2480 301 2516 dem
324 2489 451 2516 cautum
475 2481 506 2515 in
536 2481 613 2524 iure,
648 2480 731 2527 quod
764 2480 816 2514 ubi
850 2481 977 2529 episco—

231 2537 322 2576 patus
352 2532 428 2565 certi
465 2538 537 2564 sunt
570 2529 687 2564 limites
721 2529 888 2583 praescribi
912 2542 974 2585 non

231 2589 389 2626 possunt⁷
424 2591 462 2614 nc
508 2588 607 2614 status
642 2590 875 2627 provinciarum
910 2591 976 2614 sive

1664 215 1733 246 359

1032 271 1213 307 dioecesum
1233 274 1476 310 confundantur.
1506 276 1604 311 Multo
1631 289 1705 323 ergo
1728 279 1783 312 mi-

1032 333 1092 356 nus
1108 321 1298 369 episcopalis
1309 322 1444 369 dignitas
1457 325 1702 373 praescriptione
1718 339 1780 362 non

1031 370 1159 411 tollitur,
1178 383 1217 405 ex
1240 382 1300 417 qua
1328 373 1421 407 nimia
1455 373 1599 409 contusio
1629 387 1780 422 sequere-

1030 426 1091 454 tur.
1121 420 1218 454 Porro
1240 420 1430 467 Spoletanus
1452 423 1589 469 nequivit
1613 424 1781 471 episcopus

1030 467 1298 504 Interamnensem
1342 470 1517 506 Ecclesiam
1545 485 1600 518 pet·
1634 475 1778 519 praescri-

1031 517 1168 564 ptionem
1198 518 1383 552 huiusmodi
1411 520 1579 567 pontificali
1627 521 1779 568 dignitate

1029 566 1244 612 privare,cum
1257 579 1313 602 sna
1326 567 1547 604 debueritesse
1558 578 1734 612 contentus,
1748 580 1778 607 et

1028 615 1161 651 alienam
1179 616 1352 663 possidere,
1375 617 1423 652 vel
1446 619 1534 664 quasi
1551 619 1711 665 possidere
1728 634 1777 656 ne-

1027 665 1170 711 quiverit,
1198 674 1229 699 ut
1253 665 1407 700 diceretur
1439 680 1519 701 unus
1557 668 1601 702 vel
1643 669 1776 716 simplex

1027 714 1196 761 episcopus
1218 714 1296 749 duas
1314 715 1479 761 dignitates
1502 717 1699 764 episcopales
1722 720 1777 754 ha-

1028 761 1112 802 bere,
1140 776 1175 798 ac
1203 765 1320 798 ratione
1345 765 1437 799 unius
1459 765 1568 809 maior,
1595 773 1626 800 et
1659 768 1776 802 ratione

1026 811 1155 847 alterius
1179 813 1281 847 minor
1303 813 1409 847 haberi
1433 823 1465 848 ut
1492 826 1572 849 novo
1599 816 1688 860 iure,
1719 830 1776 852 nec

1026 861 1297 909 metropolitanus,
1337 875 1395 897 nec
1431 863 1564 910 simplex
1606 865 1776 912 episcopus

1025 910 1203 954 haberetur,
1226 923 1284 946 uec
1311 911 1423 952 obviat,
1448 920 1481 947 ut
1502 912 1623 948 dicatur
1643 926 1706 949 non
1733 916 1776 949 di-

1024 960 1136 1005 gnitas,
1164 960 1218 994 sed
1235 961 1421 1007 episcopalis
1437 961 1524 996 locus
1552 964 1774 1011 praescriptus,

1024 1021 1095 1042 cum
1119 1021 1177 1044 uec
1199 1009 1336 1055 dignitas
1360 1018 1487 1057 propter
1509 1011 1682 1057 praedicta,
1717 1026 1775 1048 nec

1024 1057 1114 1093 locus
1136 1058 1278 1104 dignitati
1306 1070 1470 1094 connexus
1491 1061 1593 1106 potuit
1623 1062 1698 1096 sede
1729 1075 1773 1096 va-

1023 1114 1113 1141 cante
1142 1107 1318 1153 praescribi.
1349 1107 1510 1144 Praeterea
1531 1121 1602 1143 cum
1626 1110 1774 1146 Interam-

1025 1156 1133 1190 nensis
1176 1156 1315 1191 Ecclesia
1350 1158 1474 1204 proprio
1509 1158 1665 1203 gaudebat
1700 1172 1774 1206 pon-

1024 1205 1118 1244 tifice,
1146 1205 1329 1239 immediate
1357 1205 1501 1241 Romano
1528 1207 1672 1242 Pontifici
1702 1209 1773 1244 sub-

1023 1254 1154 1294 iacebat,
1171 1262 1277 1289 contra
1294 1266 1388 1301 quem
1403 1255 1466 1289 sola
1483 1257 1661 1291 centenaria
1676 1259 1771 1292 currit

1023 1303 1238 1349 praescr-iptio,
1266 1303 1304 1337 de
1320 1316 1378 1349 qua
1394 1304 1586 1349 Spoletanus
1600 1306 1772 1353 episcopus

1022 1364 1078 1398 pet·
1105 1359 1243 1397 tempora
1268 1352 1485 1393 schismatum,
1501 1366 1582 1400 quae
1603 1354 1772 1402 aliquando

1023 1412 1078 1447 per
1100 1405 1146 1435 40
1172 1413 1285 1443 annos,
1313 1410 1342 1436 et
1364 1402 1532 1448 aliquando
1556 1405 1601 1438 to
1623 1412 1654 1438 et
1681 1406 1702 1438 8
1717 1404 1772 1439 du-

1022 1461 1106 1484 rasse
1124 1459 1310 1493 noscuntur,
1339 1450 1423 1485 idem
1445 1451 1553 1486 medio
1588 1452 1772 1488 subducan-

1022 1506 1083 1539 tur,
1104 1507 1195 1546 prout
1218 1499 1333 1533 debent
1355 1499 1394 1535 de
1417 1500 1484 1535 iure
1507 1501 1634 1536 deduci.
1649 1502 1771 1538 Docere

1021 1560 1083 1582 non
1113 1556 1230 1595 posset,
1258 1561 1328 1583 cum
1352 1557 1396 1583 tot
1418 1562 1574 1585 annorum
1593 1558 1689 1586 testes
1707 1552 1771 1586 ido-

1023 1608 1098 1631 neos
1126 1609 1266 1632 invenire
1293 1599 1448 1644 nequiret,
1487 1607 1518 1633 et
1555 1600 1600 1634 sic
1638 1612 1770 1646 compo-

1020 1646 1091 1681 sitio
1119 1646 1169 1681 illa
1199 1659 1262 1680 non
1289 1647 1404 1691 obviat⁷
1441 1656 1473 1681 ut
1508 1648 1669 1684 Ecclesiae
1701 1649 1770 1685 Ro-

1020 1707 1131 1729 manae
1159 1695 1363 1741 praeiudicet,
1391 1696 1519 1743 quaudo
1540 1698 1579 1732 de
1613 1710 1697 1732 mera
1727 1700 1768 1733 iu-

1020 1745 1100 1778 stitia
1120 1744 1330 1779 cathedralem
1355 1745 1394 1779 ibi
1418 1753 1571 1781 restauret
1603 1746 1768 1788 honorem,

1019 1802 1049 1828 et
1071 1793 1200 1828 obedire
1221 1802 1373 1839 cogantur
1404 1795 1524 1839 clerici,
1546 1796 1598 1843 qui
1624 1808 1679 1842 pro
1694 1805 1770 1831 tem-

1020 1854 1095 1889 pore
1123 1842 1216 1877 fuerit
1242 1843 1438 1888 cathedram,
1459 1847 1610 1891 quoniam
1633 1846 1657 1879 si
1674 1847 1767 1881 etiam

1019 1900 1246 1939 componentes
1277 1892 1403 1940 aliquod
1433 1894 1618 1940 praeiudicii
1644 1894 1682 1930 ad
1718 1908 1770 1942 po-

1018 1949 1118 1976 steros
1141 1941 1386 1983 transtulissent,
1413 1943 1468 1978 sed
1496 1944 1616 1978 vacanti
1655 1956 1768 1980 nocere

1019 2002 1080 2024 non
1097 1998 1228 2037 poterat,
1252 1999 1281 2026 et
1298 1991 1400 2025 futuro
1417 1992 1629 2038 praeiudicare
1640 1994 1767 2040 pastori,

1017 2039 1155 2086 alioquin
1179 2049 1308 2086 possent
1320 2041 1463 2085 subiecti,
1477 2053 1548 2076 cum
1561 2042 1686 2082 vellent,
1696 2043 1766 2088 iuga

1018 2101 1146 2123 suorum
1163 2090 1372 2135 praelatorum
1389 2098 1548 2130 excutere,
1570 2091 1595 2125 si
1618 2091 1664 2125 sic
1683 2103 1766 2137 prae-

1018 2137 1142 2172 lationis
1168 2138 1280 2173 electio
1302 2139 1479 2173 subiaceret
1507 2139 1635 2173 arbitrio
1656 2139 1765 2174 subie-

1017 2195 1150 2221 ctorum.
1169 2186 1375 2234 Satius,quia
1404 2200 1458 2233 pro
1483 2200 1544 2222 non
1567 2187 1640 2222 dato
1674 2188 1767 2223 habe·

1017 2242 1077 2274 tur,
1104 2235 1189 2283 quod
1217 2236 1256 2270 ab
1282 2248 1319 2270 eo
1347 2236 1449 2276 datur,
1478 2237 1531 2283 qui
1571 2236 1667 2271 dandi
1703 2249 1763 2271 non

1018 2284 1125 2318 habuit
1151 2293 1348 2330 potestatem,
1370 2292 1401 2319 et
1422 2285 1481 2319 dici
1511 2297 1573 2319 non
1601 2285 1695 2320 debet
1716 2287 1766 2320 iu-

1016 2341 1098 2367 stum
1119 2334 1330 2379 possessionis
1351 2333 1475 2368 titulum
1498 2334 1688 2377 contulisse,
1710 2335 1764 2382 qui

1017 2381 1178 2428 possidere
1213 2382 1376 2428 nequivit:
1414 2382 1535 2417 nullutn
1570 2382 1764 2429 probabilem

1016 2431 1140 2465 titulum
1168 2430 1242 2465 citra
1269 2430 1441 2478 spiritualia
1459 2443 1512 2478 per
1525 2432 1763 2468 concessionem

1017 2479 1209 2526 imperialem
1236 2479 1428 2526 Spoletanus
1445 2481 1612 2527 episcopus
1635 2481 1694 2516 fuit
1719 2494 1765 2517 as-

1015 2537 1155 2563 secutus.
1183 2528 1269 2564 Haec
1295 2529 1427 2573 confert,
1450 2530 1475 2564 si
1488 2529 1617 2565 forsitan
1639 2533 1763 2575 erravit,

1015 2577 1106 2623 quasi
1130 2577 1205 2613 iuris
1233 2578 1368 2625 ignarus,
1391 2578 1462 2614 talia
1484 2579 1523 2614 de
1554 2591 1648 2614 manu
1682 2581 1763 2615 reci-

1799 226 1849 252 An.
1868 227 1896 252 C,
1914 228 1980 253 1218

1809 428 1900 451 iteratas
1920 429 1979 451 luto-

1794 465 1935 482 !'amnenSlum
1946 468 1978 482 rt!-

1795 491 1930 516 sponsiones.
