2129 3223
42 258 91 287 An.
109 258 137 286 C.
159 261 224 290 1198

37 1348 140 1372 nowen
157 1358 204 1373 tei-

25 1382 136 1404 viantibus.

53 1841 169 1865 etuusutae.

829 258 1015 280 issoctzsstt
1025 258 1038 279 S
1063 259 1096 280 ΙΙΙ
1121 258 1167 279 FP.

235 322 339 350 autem
360 313 463 349 licebit
488 312 578 347 alicui
600 313 751 347 canonico
773 312 895 347 scholas
908 313 974 346 adi-

235 375 284 404 re,
321 375 379 398 nec
408 363 437 397 in
467 362 525 397 hoc
551 360 711 396 excusabit
744 372 815 396 eum
851 361 972 396 licentia

232 412 378 460 expetita,
405 411 500 446 immo
522 419 670 458 sequetur
691 411 973 446 excommunicatio

231 468 495 508 praesumentem,
521 472 580 495 nec
594 468 665 508 post
685 459 723 495 ad
746 459 849 495 locum
879 472 971 495 suum

229 509 277 546 vel
299 509 434 546 officium
447 509 637 547 admittetur,
660 509 742 545 salva
764 518 866 544 tamen
890 509 972 556 Apo-

229 559 357 595 stolicae
377 557 470 595 Sedis
487 559 681 595 auctoritate,
709 556 874 593 Caeterum
898 571 968 594 cum

228 609 542 657 archipresbyterum,
569 608 616 643 vel
638 607 811 655 quemlibet
841 609 880 643 de
906 608 969 643 sra-

228 658 329 694 tribus
341 658 379 693 ad
393 658 528 706 aliquem
550 657 654 693 locum
670 658 817 692 traxerint
841 658 968 704 negocia

227 716 311 743 certa
349 707 480 748 domus,
518 708 556 742 de
595 719 688 741 manu
725 708 885 742 camerarii
913 720 967 742 ex-

227 769 340 803 pensas
360 757 522 804 recipient,
548 768 678 803 quarum
701 757 727 791 ei
756 756 914 792 residuum
930 759 965 801 (si

226 806 304 843 forte
318 806 436 854 aliquid
455 805 653 854 superfuerit)
675 805 892 852 resignabunt:
915 819 966 841 ar-

224 856 440 904 chiprespyter
460 868 531 891 cum
558 855 596 890 ad
623 855 758 902 aliquem
791 856 893 890 locum
922 856 965 891 ire

223 905 366 948 voluerit,
383 905 497 946 fratris,
518 917 611 953 quem
629 905 766 951 elegerit.
784 906 963 940 societatem

222 953 358 991 habebit.
402 954 449 990 De
481 955 566 990 exitu
599 953 726 988 fratrum
762 967 778 988 a
812 955 964 999 claustro,

220 1004 304 1051 quod
325 1004 432 1051 regula
455 1004 617 1051 praecipit,
644 1003 836 1040 observetur.
865 1013 897 1038 ut
926 1005 963 1039 ri·

219 1053 334 1090 delicet
353 1054 407 1089 ille
427 1061 486 1098 eat,
507 1054 558 1088 cui
575 1052 821 1099 archipresbyter
841 1052 963 1088 duxerit

221 1102 459 1151 iniungendum.
485 1103 612 1138 Dictum
646 1102 738 1137 etiam
774 1102 852 1146 fuit,
879 1105 961 1150 qnod

218 1152 352 1200 quisque
377 1152 518 1196 fratrum,
540 1159 570 1188 et
587 1151 680 1186 etiam
707 1152 897 1187 camerarius
923 1152 963 1186 sa-

220 1209 305 1238 ceret
330 1201 559 1237 hebdomadam
582 1212 687 1244 suam,
711 1201 768 1234 nisi
793 1202 962 1237 necessitas

220 1251 298 1286 iusta
335 1250 501 1298 impediat:
540 1258 570 1285 et
602 1257 677 1284 tunc
703 1249 839 1285 officium
867 1263 959 1286 suum

220 1311 275 1346 per
307 1299 442 1347 aliquem
469 1299 509 1335 de
537 1298 683 1334 fratribus
704 1308 884 1346 exequatur.
914 1300 960 1335 Ad

219 1349 296 1384 haec
321 1350 492 1385 servientes
518 1349 626 1391 laicos,
657 1348 710 1395 qui
733 1357 816 1387 suut,
840 1349 885 1384 vel
907 1362 961 1395 pro

219 1406 359 1445 tempore
379 1398 546 1433 necessarii
577 1405 679 1438 erunt,
714 1410 886 1442 removere,
914 1400 959 1434 vel

218 1446 357 1495 recipere
377 1447 415 1482 ad
437 1447 571 1483 officium
597 1447 756 1482 camerarii
781 1448 958 1494 pertinebit:

217 1495 332 1543 quibus
368 1497 460 1532 etiam
494 1495 691 1536 mercedem,
721 1497 891 1543 praemissa
929 1498 958 1532 in

217 1545 365 1582 omnibus
378 1546 573 1590 auctoritate,
591 1554 621 1581 et
635 1546 767 1581 consilio
789 1546 960 1593 archipres-

218 1594 315 1642 byteri
349 1607 407 1643 pro
432 1603 578 1643 recepto,
609 1594 655 1631 vel
682 1595 864 1643 recipiendo
890 1609 958 1631 ser—

216 1644 292 1680 vitio
311 1644 426 1680 solvet:
461 1653 492 1679 et
519 1644 560 1679 illi
589 1644 698 1680 devote
725 1645 872 1680 fratribus
893 1658 958 1680 ser-

217 1693 311 1738 vient,
335 1694 389 1741 qui
423 1693 586 1734 devotius,
621 1703 651 1729 et
678 1706 749 1728 cum
778 1694 885 1729 maiori
911 1708 959 1730 re-

215 1743 351 1778 uerentia
396 1743 565 1778 studebunt
602 1751 746 1790 tanquam
786 1744 894 1778 maiori
929 1753 959 1779 et

215 1790 350 1838 digniori
386 1792 654 1840 archipresbytero
689 1792 840 1827 famulari.
874 1793 958 1828 Nulli

215 1853 290 1888 ergo
316 1841 445 1876 omnino
473 1842 635 1876 hominum
663 1842 752 1876 liceat
778 1842 870 1877 huius
905 1855 958 1888 pa-

215 1890 318 1936 ginam
353 1890 585 1926 constitutionis
622 1900 651 1926 et
685 1899 809 1927 nostrae
843 1893 959 1927 confir-

215 1939 363 1975 mationis
383 1939 550 1986 infringere
570 1948 636 1979 etc„
658 1954 749 1986 usque
773 1943 815 1976 ad
837 1944 958 1976 verbum

215 1989 386 2024 contraire:
413 1989 496 2024 salva
524 1989 556 2024 in
583 1989 732 2025 omnibus
757 1990 848 2026 Sedis
873 1992 958 2038 Apo-

213 2037 344 2074 stolicae
372 2038 566 2074 auctoritate.
592 2038 627 2075 Si
654 2050 714 2088 qua
737 2039 832 2087 igitur
856 2049 908 2075 etc.

263 2087 379 2123 Datum
401 2087 560 2132 Laterani,
581 2088 673 2124 nonis
700 2090 811 2124 martii.

254 2139 357 2183 batum
373 2141 422 2172 die
439 2141 455 2171 7
472 2142 568 2172 martii
585 2142 670 2179 1198,
686 2143 787 2182 pontif.
807 2153 882 2174 anno
901 2152 918 2174 ι.

560 2238 611 2272 lv.

216 2297 404 2343 Confirmata
429 2298 553 2331 Pisanis
584 2299 813 2344 archiepiscopis
846 2307 959 2333 metro-

263 2347 388 2392 politico
407 2348 473 2380 {ure
496 2357 586 2392 super
611 2348 781 2383 Coi-siconis
804 2350 954 2387 Ecclesiis,

264 2396 375 2431 eisdem
407 2397 541 2430 concedit
570 2397 740 2441 primatum
771 2410 860 2443 super
887 2410 959 2443 pro-

266 2445 381 2480 vincias
425 2446 623 2480 Turricanam
638 2472 646 2482 ,
684 2447 896 2482 Galaritanam
932 2455 958 2481 et

265 2495 475 2529 Arborensem.

481 2551 690 2582 SL'MMARIUM

218 2598 383 2630 Exordium.
414 2616 452 2622 —
489 2599 651 2630 innocenui
683 2599 705 2629 ll
737 2601 885 2632 decretum
923 2602 957 2632 de

257 2638 420 2669 Corsicanis
442 2639 592 2670 Ecclesiis.
610 2657 646 2662 —
670 2639 711 2669 Ab
730 2639 897 2671 Innocentio
921 2640 955 2670 lll
976 2672 979 2679 .

1644 250 1652 280 l
1669 251 1676 281 l
1691 253 1706 280 '0'

1057 317 1255 342 couurinatur.
1278 330 1314 335 -—
1338 313 1435 344 l¹isan1
1458 314 1671 352 archiepiscopi
1693 323 1754 353 pri-

1056 356 1150 395 matus
1170 362 1258 391 super
1273 353 1465 384 (jalaritanam
1484 359 1512 384 et
1530 353 1756 424 Arboren.[pro-

1056 392 1168 421 vinciis.
1184 409 1222 413 —
1234 392 1302 421 ltcm
1322 403 1410 431 super
1423 393 1618 424 Turritanam.
1630 410 1667 416 —
1704 403 1756 424 on-

1055 432 1186 461 firmatur
1207 441 1322 471 quoquc
1346 434 1438 462 eidem
1463 434 1568 473 legatio
1595 434 1754 464 Sardiniae.

1052 488 1090 493 —
1103 471 1164 501 Alia
1185 473 1346 510 privilegia.

1012 542 1181 571 Innocentius
1218 543 1357 579 episcopus
1392 551 1486 573 servus
1523 552 1662 575 servorum
1698 545 1752 578 Det.

1055 591 1153 620 ubaldo
1166 592 1259 620 Pisano
1271 592 1480 628 archiepiscopo.
1496 593 1604 629 eiusque
1620 601 1753 624 successo·

1053 641 1129 669 ribus
1159 641 1283 670 canonice
1307 641 1511 674 substituendis.
1531 643 1559 671 tn
1586 645 1752 680 perpetuum.

1058 708 1090 743 Si
1117 720 1172 743 sua
1201 708 1313 755 cuique
1344 710 1409 743 iura
1440 709 1552 744 illibata
1581 723 1751 756 servamus,

1009 764 1037 791 et
1059 769 1125 796 eos,
1151 758 1205 804 qui
1228 758 1258 792 in
1286 757 1425 792 Ecclesia
1455 757 1511 793 Dei
1536 772 1590 806 pro
1611 760 1752 796 iniuncto

1007 806 1067 840 sibi
1089 807 1192 842 officio
1213 815 1244 841 et
1265 806 1431 842 devotione
1458 808 1577 843 sincera
1600 809 1669 855 plus
1683 811 1752 845 aliis

1006 856 1180 899 elaborant,
1213 856 1327 902 dignae
1354 857 1567 892 retributionis
1594 859 1752 894 vicissitu-

1007 905 1079 940 dine
1091 905 1288 952 ‚diligentius
1309 918 1343 940 ac
1358 907 1526 953 specialius
1542 907 1749 944 honoramus:

1006 955 1089 1001 quod
1113 963 1254 990 nostrum
1282 964 1328 990 est
1355 956 1438 990 iuxta
1466 969 1634 991 commune
1661 958 1752 993 debi-

1007 1012 1071 1038 tum
1090 1004 1181 1047 (sicut
1208 1004 1370 1047 debemus)
1392 1007 1589 1052 exequimur,
1612 1014 1641 1041 et
1664 1007 1751 1054 Apo-

1005 1054 1133 1088 stolicae
1158 1054 1250 1088 Sedis
1278 1054 1428 1089 honorem
1464 1056 1583 1102 integre
1609 1057 1750 1092 custodi-

1005 1115 1084 1137 mus.
1108 1102 1244 1138 Proinde
1265 1116 1335 1138 cum
1350 1103 1450 1139 felicis
1472 1105 1641 1141 memoriae
1659 1118 1749 1152 prae-

1004 1151 1148 1187 decessor
1175 1161 1280 1187 noster
1300 1152 1503 1188 Innocentius
1532 1154 1614 1200 Papa
1645 1155 1683 1190 de
1705 1156 1748 1191 di-

1003 1201 1123 1235 scordia
1152 1210 1179 1236 et
1213 1214 1324 1247 guerra
1360 1214 1440 1249 quae
1475 1204 1554 1238 inter
1582 1204 1687 1240 Pisan.
1718 1214 1747 1241 et

1004 1249 1131 1285 lanuen.
1154 1251 1294 1286 civitates
1311 1252 1420 1291 extitit,
1448 1253 1562 1288 multas
1583 1253 1746 1290 hominurn

1003 1299 1108 1334 clades
1141 1307 1171 1334 et
1197 1300 1440 1336 christianorum
1467 1303 1662 1349 captivitates
1696 1305 1748 1339 in-

1003 1361 1149 1383 numeras
1177 1350 1356 1396 pervenisse
1381 1351 1600 1394 considerans,
1628 1352 1747 1388 utrius-

1001 1410 1062 1445 que
1085 1399 1182 1445 partis
1203 1398 1294 1433 saluti
1317 1407 1378 1434 tam
1405 1400 1619 1447 spiritualiter,
1653 1415 1745 1449 quam

1002 1448 1215 1494 temporaliter
1227 1456 1352 1495 paterna
1368 1449 1579 1485 sollicitudine
1594 1451 1746 1487 studuerit

1772 263 1808 287 Aa
1837 261 1863 287 C.
1887 261 1950 287 1111ῑῖ

1798 719 1913 741 Exordium.

1776 1120 1893 1143 innocenti·
1925 1122 1941 1142 u

1762 1153 1869 1174 decretum
1917 1155 1942 1174 de

1761 1183 1879 1205 Corsicam·
1902 1182 1941 1204 Eo

1762 1214 1841 1236 etesiis.

1002 1497 1186 1543 providere,
1221 1506 1313 1545 atque
1336 1510 1392 1545 pro
1415 1498 1498 1534 bono
1534 1501 1618 1547 pacis
1643 1509 1672 1536 et
1695 1514 1746 1536 re·
1766 1505 1774 1515 ⁸

1001 1547 1256 1593 compensatione
1272 1548 1521 1595 episcopatuum,
1537 1562 1617 1597 quos
1639 1551 1746 1598 utique

1000 1607 1015 1629 a
1044 1595 1338 1642 praedecessoribus
1360 1598 1475 1632 nostris
1495 1598 1647 1635 Romanis
1661 1600 1746 1635 Pou-

1001 1644 1137 1679 tificibus
1158 1645 1319 1681 Ecclesiae
1341 1647 1472 1682 Pisanae
1499 1660 1679 1689 concessos,
1714 1650 1744 1684 in

1001 1694 1100 1729 insula
1127 1694 1273 1730 Corsicae
1294 1708 1310 1730 a
1338 1697 1578 1743 praedecessore
1604 1707 1658 1733 tuo
1684 1698 1744 1734 bo-

1000 1755 1058 1778 nae
1085 1744 1253 1779 memoriae
1284 1746 1521 1794 archiepiscopo
1547 1747 1664 1782 Uberto
1691 1761 1745 1783 ac-

999 1793 1093 1839 cepit,
1123 1794 1154 1828 in
1176 1793 1325 1829 Galuren.
1353 1795 1491 1831 iudicatu
1514 1796 1593 1832 duos
1622 1798 1744 1844 episco-

1001 1851 1101 1888 patus,
1123 1842 1269 1878 Galtelin.
1284 1844 1435 1886 videlicet,
1456 1853 1487 1881 et
1508 1845 1686 1888 Civitatem,
1713 1856 1744 1882 et

1001 1891 1207 1939 Populonien.
1247 1894 1464 1942 episcopatum
1495 1895 1575 1939 sibi,
1613 1896 1743 1944 eiusque

1000 1942 1247 1983 successoribus,
1268 1951 1297 1978 et
1314 1956 1368 1991 per
1384 1956 1439 1979 eos
1455 1944 1616 1980 Ecclesiae
1636 1945 1740 1981 Pisan.

999 1992 1199 2032 concesserit,
1227 2001 1256 2027 et
1288 1993 1518 2041 metropolitico
1548 1995 1612 2030 iure
1633 1996 1742 2031 subie-

1000 2040 1088 2076 cerit.
1116 2041 1192 2082 Nos,
1219 2043 1271 2089 qui
1300 2043 1331 2077 in
1353 2043 1444 2078 Sedis
1464 2043 1662 2091 Apostolicae
1683 2045 1741 2080 ad-

1001 2091 1228 2126 ministratione
1266 2092 1359 2134 (licet
1387 2092 1519 2140 indigni,
1557 2094 1742 2141 disponente

1000 2138 1154 2183 Domino)
1176 2141 1235 2176 sibi
1257 2143 1478 2183 successimus,
1512 2144 1641 2179 eandem
1663 2157 1741 2180 con-

1000 2190 1186 2235 cessionem,
1204 2199 1436 2226 antecessorum
1453 2200 1628 2228 nostrorum
1642 2193 1741 2229 bonae

1000 2240 1167 2274 memoriae
1190 2240 1332 2281 Adriani,
1358 2241 1538 2281 Alexandri.
1559 2241 1739 2283 Clementis,

999 2295 1030 2322 et
1051 2287 1221 2324 Coelestini
1249 2289 1351 2336 Papae
1376 2290 1512 2336 vestigiis
1533 2291 1740 2336 inhaerentes,

999 2339 1180 2373 auctoritate
1201 2339 1369 2385 apostolica
1391 2340 1623 2379 confirmamus,
1644 2349 1673 2375 et
1693 2354 1740 2377 ra-

999 2395 1060 2421 tam
1089 2399 1214 2423 manere
1247 2399 1422 2423 censemus.
1459 2389 1739 2426 Paredecessorum

999 2448 1124 2483 quoque
1152 2444 1326 2471 nostrorum
1355 2438 1493 2484 vestigiis
1526 2438 1739 2486 inhaerentes,

999 2485 1084 2520 vobis
1113 2486 1265 2532 primatus
1299 2486 1450 2522 honorem
1481 2487 1636 2524 Turritan.
1665 2502 1740 2537 pro-

1000 2536 1119 2570 vinciae
1142 2535 1374 2571 confirmamus.
1399 2536 1446 2571 Ad
1469 2537 1618 2573 maiorem
1648 2540 1740 2574 etiam

998 2583 1126 2618 honoris
1146 2585 1308 2620 cumulum
1326 2585 1433 2620 Pisan.
1458 2587 1604 2629 civitatis,
1631 2596 1663 2623 ut
1684 2588 1740 2623 Pi-

999 2645 1063 2667 san.
1086 2633 1239 2677 Ecclesia,
1263 2646 1332 2668 cum
1361 2636 1508 2671 universo
1534 2636 1673 2673 eiusdem
1693 2639 1740 2673 ci-

1768 2406 1797 2426 Ab
1829 2406 1864 2427 {nn
1869 2413 1933 2427 ooooo

1754 2439 1782 2458 lio
1806 2436 1832 2458 ΙΙΙ
1856 2444 1920 2459 enimi!

1753 2472 1827 2489 mdllss'.
