2129 3223
44 229 104 258 'Am
124 227 151 256 C.
166 229 233 257 12¹3

80 2308 217 2331 innocentum

55 2341 191 2362 iuramentum
211 2341 236 2361 ss-

56 2371 234 2398 ‹etit-itsaectpu.

858 229 1069 254 immet-:Num
1091 230 1126 252 m
1153 230 1200 255 pl).

247 284 438 331 recognitum
462 292 491 319 et
517 283 667 319 oblatum.
694 283 782 318 ldem
809 285 902 319 etiam
933 296 991 319 ca-

246 342 344 368 strum
363 333 568 375 Humbertus,
579 333 790 377 Raimundns‚
801 341 829 368 et
845 332 992 369 Sicardus

246 383 364 418 domini
401 383 502 430 ipsius
529 383 587 418 loci
622 382 853 428 praedecessori
887 391 992 418 nostro

247 432 352 467 beatae
381 433 554 466 memoriae
586 432 688 478 Papae
716 432 854 472 Calixto,
882 440 911 466 et
939 444 993 479 per

246 492 372 516 manum
393 482 494 528 ipsius
516 481 605 516 beato
628 481 720 516 Petro
739 490 768 516 et
786 489 910 516 sanctae
934 481 994 516 Ro-

245 542 355 565 manae
390 531 547 566 Ecclesiae
574 539 822 577 recognoverunt
849 539 878 564 et
905 531 994 565 obtu-

245 579 360 615 lerunt.
378 580 463 615 Nos
458 588 560 627 itaque
571 580 744 615 eorundem
757 588 992 615 antecessorum

244 638 423 664 nostrorum
451 629 571 674 Sergii,
597 628 728 672 Calixti,
760 629 935 664 Innocentii
964 638 991 664 et

244 678 336 714 etiam
351 679 478 713 Adriani
496 678 707 713 Romanorum
726 678 927 718 Pontificum,
941 680 991 726 qui

244 736 381 763 castrum
420 729 522 775 ipsum
556 728 593 763 ad
627 729 676 762 ius
709 735 738 762 et
772 729 991 775 proprietatem

244 778 326 813 beati
347 777 428 812 Petri
455 778 615 825 pertinens
639 777 698 812 sub
719 777 812 812 Sedis
832 777 993 824 Apostoli-

243 839 298 862 cae
321 827 511 874 protectione
543 839 578 862 ac
609 826 782 862 munimine
809 836 992 874 receperunt

244 877 384 922 vestigiis
414 877 624 922 inhaerentes,
651 875 821 924 praefatum
857 885 990 911 castrum

244 925 304 961 sub
338 925 417 960 beati
465 925 548 961 Petri
592 934 623 960 et
657 934 762 960 nostra
801 925 992 972 protectione

243 974 447 1023 suscipimus,
469 983 500 1009 et
530 975 702 1022 praesentis
727 974 833 1022 scripti
857 975 992 1022 patroci—

244 1025 296 1060 nio
328 1025 577 1068 communimus,
605 1033 792 1065 statuentes,
823 1032 857 1058 ut
891 1036 992 1072 neque

243 1074 364 1118 comiti,
385 1085 488 1121 neque
513 1074 606 1109 alicui
630 1085 780 1120 personae
801 1073 930 1108 facultas
953 1074 992 1108 sit

240 1123 348 1170 ipsum
361 1132 496 1158 castrum
511 1123 644 1167 auferre,
663 1123 816 1161 minuere,
835 1123 992 1168 infestare,

246 1172 292 1207 vel
315 1173 382 1208 suis
409 1172 517 1207 usibus
543 1173 725 1214 vendicare;
753 1172 806 1207 sed
839 1173 992 1220 quietum,

51 1222 231 1276 42332281322
245 1230 276 1257 et
296 1221 452 1269 integrum
475 1222 591 1257 vobis'
585 1234 616 1256 tn
640 1222 699 1256 fide
719 1221 883 1261 catholica
905 1230 935 1256 et
955 1222 994 1256 fi-

51 1291 118 1306 80951.

245 1271 371 1307 delitate
393 1271 562 1318 apostolica
591 1271 847 1318 permanentibus
872 1272 950 1306 sicut
976 1284 992 1306 a

248 1322 309 1356 iam
334 1321 425 1356 dictis
451 1320 746 1367 praedecessoribus
772 1321 899 1364 nostris,
921 1328 952 1355 et
977 1333 992 1355 a

246 1369 337 1405 nobis
351 1382 537 1405 concessum
560 1378 607 1404 est
627 1370 686 1404 sub
707 1369 786 1404 beati
815 1369 897 1404 Petri
928 1370 994 1404 iure

245 1432 282 1454 ac
301 1419 483 1455 defensione
503 1421 669 1460 consistat;
695 1431 771 1454 sane
797 1419 822 1453 si
849 1420 920 1466 quis
946 1431 994 1453 ve-

245 1477 344 1504 strum
376 1469 502 1524 gravius
528 1468 660 1524 aliquid
689 1468 772 1515 quod
802 1469 892 1508 absit
916 1468 993 1503 forte

245 1526 452 1563 commiserit,
466 1531 520 1564 pro
534 1519 604 1553 eius
630 1518 731 1564 culpa,
752 1518 832 1552 sicut
859 1530 872 1552 3
902 1530 993 1564 prae-

247 1568 308 1603 fato
326 1567 568 1623 praedecessore
590 1576 695 1602 nostro
714 1567 891 1602 Alexandro
912 1567 991 1614 Papa

246 1626 395 1652 statutum
418 1625 475 1657 est
498 1618 570 1657 nisi
592 1626 621 1651 et
643 1616 691 1651 alii
715 1617 853 1651 eiusdem
879 1618 994 1664 iniqni-

247 1667 318 1702 tatis
350 1667 520 1722 participes
548 1666 673 1709 suerint,
705 1667 778 1713 ipsi
800 1674 829 1700 et
859 1667 993 1701 honores

246 1729 354 1751 eorum
393 1717 522 1751 minime
562 1728 578 1751 a
617 1716 730 1750 divinis
770 1716 993 1751 interdicantur

247 1765 373 1807 officiis,
409 1765 491 1812 quod
524 1772 555 1800 et
589 1765 628 1799 de
659 1764 808 1799 subiectis
844 1765 993 1800 militibus

249 1815 371 1860 vestris,
397 1815 608 1869 praecipimus
634 1814 803 1858 observari,
826 1815 993 1850 statuimus

247 1864 342 1899 etiam
365 1872 398 1899 ut
422 1863 500 1898 nulli
523 1876 582 1898 nisi
604 1863 740 1898 dominis
761 1871 791 1898 et
813 1863 993 1899 hominibus

247 1912 388 1948 eiusdem
411 1913 503 1947 castri
525 1912 616 1948 liceat
639 1912 716 1947 infra
744 1913 896 1947 terminos
918 1915 993 1948 teni-

248 1963 345 1997 menti
373 1963 464 1997 vestri
487 1970 621 1997 castrum
644 1961 820 2007 aedificare,
843 1962 888 1997 vel
916 1975 991 1997 mu-

222 2023 229 2031 ·
248 2012 398 2047 ultionem
419 2019 620 2052 construere;
650 2012 674 2045 si
703 2023 763 2058 qua
785 2023 857 2046 vero
883 2012 992 2047 eccle-

247 2061 369 2097 siastica
392 2061 598 2097 saecularisve
615 2073 746 2108 persona
768 2061 917 2096 adversus
940 2061 992 2096 ho·

249 2112 350 2146 mines
379 2110 521 2146 eiusdem
548 2110 640 2145 castri
674 2110 902 2157 querimoniam
936 2111 992 2146 de-

249 2161 389 2208 posuerit
421 2160 502 2208 apud
538 2159 808 2206 metropolitanum
843 2168 991 2205 vestrum,

249 2210 295 2245 vel
321 2211 458 2256 legatum
493 2221 509 2243 a
543 2209 637 2243 latere
664 2208 797 2243 Romani
831 2208 992 2245 Pontificis

249 2259 455 2303 destinatum,
481 2258 565 2306 quod
595 2258 710 2292 iustum
738 2257 831 2293 fuerit
858 2260 990 2306 experiri

250 2309 405 2356 procuret.
427 2309 490 2343 Nos
511 2316 614 2343 autem
637 2319 651 2341 a
674 2307 788 2342 dilecto
810 2307 873 2342 filio
895 2308 989 2342 nobili

251 2358 316 2393 viro
340 2358 518 2402 Adimam,
541 2370 603 2392 uno
622 2356 820 2391 dominorum
849 2358 989 2392 eiusdem

249 2407 352 2449 castri,
373 2408 411 2442 ad
434 2416 569 2442 nostram
595 2407 800 2453 praesentiam
814 2407 991 2448 accedente

250 2469 305 2504 pro
332 2457 401 2504 ipso
432 2465 533 2492 castro
560 2455 716 2491 fidelitatis
742 2456 917 2502 recepimus
943 2457 992 2490 iu-

251 2515 437 2548 ramentum,
456 2515 486 2541 et
513 2506 553 2542 ab
568 2505 638 2540 aliis
665 2517 720 2552 per
741 2516 866 2539 manum
889 2505 990 2541 dilecti

250 2554 304 2589 filii
321 2557 459 2602 magistri
478 2555 560 2590 Petri
576 2555 672 2590 Marci
692 2553 873 2588 subdiaconi
893 2556 990 2590 nostri

250 2603 323 2639 olim
337 2606 522 2641 correctoris
530 2614 704 2640 nostrarum
717 2603 899 2645 litterarum,
910 2612 940 2638 et
949 2617 990 2639 ar-

369 2661 440 2691 Bau.
460 2661 534 2691 Rom.
558 2661 611 2690 t'ol.
634 2660 683 2690 III.
818 2660 854 2689 35

1660 219 1729 252 275

1030 283 1207 319 cliidiaconi
1225 282 1462 323 Foroiuliensis‚
1485 283 1599 319 recessi
1617 283 1681 317 viva
1705 295 1778 318 voce

1031 333 1228 369 mandamus.
1258 332 1291 367 Si
1319 333 1390 379 quis
1418 333 1512 379 igitur
1538 332 1686 377 clericus,
1713 333 1778 367 sive

1031 383 1129 419 laicus
1157 392 1286 426 temere,
1313 382 1395 429 quod
1427 383 1517 422 absit.
1545 382 1695 418 adversus
1721 383 1779 417 ista

1034 433 1136 468 venire
1151 432 1328 475 tentaverit,
1343 433 1484 467 secundo
1498 433 1629 467 tertiove
1644 443 1778 467 commo-

1034 483 1130 525 nitus,
1152 483 1176 517 si
1204 494 1265 517 non
1286 482 1495 516 satisfactione
1516 494 1654 529 congrua
1676 493 1780 516 emen·

1033 531 1166 577 daverit,
1200 531 1329 567 honoris
1363 539 1392 565 et
1429 532 1519 566 oflicii
1557 532 1605 566 sui
1648 531 1780 578 patiatur

1035 581 1220 628 periculum,
1239 589 1289 615 aut
1309 581 1643 616 excon'tniunicationis
1663 581 1779 615 ultione

1035 631 1197 677 plectatur.
1229 630 1289 672 Qui
1321 643 1390 665 vero
1418 638 1617 665 conservator
1632 631 1778 671 extiterit,

1033 681 1259 729 omnipotentis
1292 679 1349 715 Dei
1390 693 1424 715 ac
1452 680 1612 715 beatorum
1639 680 1723 714 Petri
1750 689 1780 714 et

1034 730 1121 765 Pauli
1159 729 1372 778 apostolorum
1405 730 1472 765 eius
1505 730 1634 777 gratiam
1668 741 1780 764 conse-

1033 788 1156 826 quatur.

1081 828 1195 864 Datum
1221 829 1365 864 Laterani
1382 829 1473 864 tertio
1497 828 1567 864 idus
1590 828 1780 872 novembris,

1034 879 1233 926 pontificatus
1259 878 1355 914 nostri
1378 890 1461 914 anno
1483 877 1729 926 decimoquinto.

1046 940 1105 971 Dat.
1124 941 1170 971 die
1190 942 1221 971 ll
1242 940 1410 972 novembris
1430 940 1516 979 1213,
1535 944 1612 980 pont.
1632 949 1708 970 auno
1724 948 1767 970 xv.

1368 1099 1449 1136 XCI.

1039 1171 1189 1205 Universis
1217 1173 1392 1206 Cluniae-en.
1420 1174 1539 1207 ordinis
1569 1174 1728 1208 abbatibus
1753 1181 1780 1207 et

1080 1223 1235 1265 prioribus
1263 1230 1293 1256 ut
1322 1224 1507 1256 monasteria
1535 1235 1639 1257 eorum
1670 1224 1779 1268 guber-

1082 1272 1200 1304 nationi
1213 1273 1371 1305 commissa
1383 1273 1550 1316 reformare
1563 1273 1702 1306 studeant
1717 1277 1777 1315 (ij.

1300 1341 1514 1372 SUMMARIUM

1034 1401 1201 1433 Exordium.
1228 1420 1265 1425 —-
1288 1403 1318 1433 ln
1340 1404 1528 1433 monasteriis
1557 1404 1623 1434 Ord.
1650 1404 1778 1434 Cluniae.

1074 1447 1186 1487 dilapsa
1210 1447 1375 1487 disciplina.
1403 1464 1442 1470 —
1467 1447 1631 1478 Abbatibus
1663 1448 1780 1478 mandat

1073 1491 1320 1522 reformationem.
1332 1509 1370 1514 —
1381 1492 1543 1532 Capitulum
1560 1492 1696 1530 generale
1707 1502 1780 1532 quo-

1074 1536 1145 1567 libet
1167 1546 1242 1567 anno
1259 1537 1427 1567 tenendum.

1033 1604 1202 1633 Innocentius
1221 1604 1361 1640 episcopus
1379 1611 1474 1633 servus
1493 1612 1631 1633 sorvorum
1663 1604 1719 1638 Dei.
1739 1606 1778 1635 di·

1077 1652 1158 1681 tectis
1175 1653 1241 1682 filiis
1259 1654 1395 1682 universis
1414 1654 1557 1682 abbatibus
1587 1655 1615 1683 ot
1643 1654 1779 1689 prioribus

1077 1702 1228 1731 etuniacen.
1244 1702 1348 1731 ordinis
1367 1703 1400 1730 ad
1415 1702 1540 1738 generate
1559 1703 1699 1732 concilium
1717 1711 1780 1733 con-

1076 1752 1255 1785 venientibus,
1275 1752 1394 1781 salutem
1424 1753 1454 1780 et
1477 1753 1655 1788 apostolicam
1672 1753 1778 1782 benedi·

1077 1802 1203 1830 ctionem.

1081 1864 1113 1898 Si
1131 1864 1274 1911 diligenti
1290 1865 1492 1900 meditatione
1510 1866 1690 1921 pensabitis,
1705 1879 1778 1913 qua-

1034 1912 1103 1947 liter
1136 1892 1208 1948 vitaD
1229 1915 1398 1949 monastica
1433 1915 1493 1949 sub
1526 1916 1633 1962 primis
1659 1916 1777 1950 ordinis

1034 1963 1174 2009 patribus
1200 1963 1374 2010 pullulavit
1396 1972 1426 1999 et
1448 1965 1592 2011 palmites
1617 1965 1709 2012 longe
1730 1965 1778 2000 la-

1033 2020 1123 2059 teque
1146 2012 1322 2059 producens
1343 2013 1380 2048 ad
1405 2014 1560 2049 mortifera
1583 2015 1778 2061 circumqua-

1032 2073 1093 2107 que
1115 2074 1233 2097 venena
1256 2062 1398 2110 pellenda
1421 2063 1513 2098 flores
1534 2064 1687 2098 bonorum
1706 2076 1777 2111 ope-

1032 2123 1100 2145 rum
1135 2112 1279 2158 protulit,
1317 2121 1346 2146 et
1384 2113 1457 2146 honi
1497 2114 1633 2147 nominis
1667 2113 1775 2147 effudit

1032 2161 1159 2201 odores3
1194 2162 1333 2208 pervigili
1367 2174 1440 2196 cura
1474 2162 1638 2196 studebitis
1667 2174 1774 2196 eorum

1032 2210 1193 2244 inhaerere
1219 2211 1371 2256 vestigiis,
1403 2224 1457 2257 per
1483 2224 1562 2258 quos
1589 2212 1618 2244 in
1652 2211 1774 2246 deserto

1033 2258 1142 2293 mundi
1166 2259 1260 2294 huius
1286 2260 1419 2306 plantata
1447 2269 1505 2304 est,
1530 2269 1559 2294 et
1581 2260 1775 2295 fructificavit

1034 2309 1062 2341 in
1095 2309 1238 2362 pluribus
1270 2309 1341 2342 vitis
1373 2310 1561 2344 monasticae
1592 2309 1773 2345 honestatis.

1032 2356 1069 2391 Hi
1087 2369 1230 2391 nimirum
1247 2359 1417 2392 monastica
1434 2358 1609 2405 frugalitate
1624 2361 1774 2405 contenti,

1032 2415 1060 2440 et
1082 2407 1234 2461 optimum
1254 2416 1406 2462 ponentes
1432 2408 1461 2442 in
1484 2416 1664 2456 paupertate
1686 2409 1774 2456 prin-

1032 2456 1163 2502 cipium,
1190 2457 1347 2503 assequuti
1376 2465 1448 2491 sunt
1472 2458 1500 2491 in
1525 2457 1660 2493 Domino
1681 2459 1775 2494 totius

1031 2505 1232 2540 sufficientiae
1258 2506 1540 2561 complementum.
1565 2506 1773 2543 Ecclesiarum

1033 2555 1175 2603 praelatis
1195 2556 1325 2603 accepti,
1348 2564 1418 2590 ante
1445 2568 1533 2602 reges
1561 2565 1590 2592 et
1619 2558 1774 2605 praesides

1066 2620 1106 2655 (¹)
1120 2619 1158 2646 Ex
1175 2619 1277 2654 Regest.
1301 2621 1383 2647 Vatic.

1794 231 1842 256 An.
1862 228 1888 255 C.
1906 230 1970 256 1210

1820 1876 1940 1896 Exordium.
