2129 3223
3 1392 33 1463 „W

49 247 96 274 An.
119 247 147 274 C.
165 248 227 274 ¹22⁵*

873 248 1056 271 Gttttssontt's
1079 248 1107 270 ΙΧ
1134 248 1180 269 Pt'.

1661 237 1730 268 437
1799 246 1844 271 An.
1864 246 1890 271 C.
1913 247 1978 272 taes

62 302 155 325 ’'⁰⁸⁸⁶'ss
181 302 294 336 “ff-clii
322 302 361 337 ab
383 316 437 337 esu
460 303 600 337 carnium
624 302 812 345 abstineant,
840 303 898 337 nisi
922 302 991 337 sue-
1035 301 1212 347 puniantur.
1245 301 1320 335 Illud
1357 309 1459 335 autem
1493 301 1643 335 duximus
1670 301 1779 347 probi-

48 334 107 355 mhus
143 340 229 361 prorsus
262 351 267 357 .
388 352 392 357 .
647 351 652 356 .
854 352 881 357 ..
963 351 969 358 .

73 366 206 389 astruenti«.
245 358 306 385 rint
323 351 442 386 debiles
465 351 511 385 vel
535 360 666 396 aegroti,
692 358 722 385 et
744 351 803 386 boe
830 352 989 397 diligentia

47 398 229 454 3:3⁸¹''ssssj'm22'
243 400 364 435 abbatis
390 401 437 434 vel
461 401 575 447 prioris
602 402 625 434 si
654 400 751 434 abbas
780 400 924 435 desuerit.
948 401 989 435 At

46 460 122 478 tamur·
243 449 294 484 ubi
322 449 475 485 meliorati
504 450 636 490 suerint,
664 462 681 484 a
713 450 860 484 carnibus
892 450 989 484 absti-

243 505 346 533 neant.
387 498 458 533 Illas
492 512 563 534 vero
596 499 738 534 carnium
780 499 988 539 refectiones,

241 559 320 595 quae
336 549 421 582 sanis
444 549 472 582 in
489 548 677 595 quibusdam
703 549 900 582 monasteriis
918 561 988 583 cer-

240 598 278 631 tis
318 597 516 644 temporibus
556 598 585 632 in
627 597 805 631 iulii-mariis
846 598 986 632 exbiberi

238 655 476 685 consueverant,
494 647 618 692 penitus
645 654 861 693 amputamus,
897 659 987 681 man-

239 695 361 739 dantes,
389 704 421 730 ut
445 696 601 735 redditus,
629 696 681 742 qui
705 696 741 730 ad
770 696 831 729 hoc
865 696 988 730 fuerant

237 744 391 790 deputati,
415 746 445 779 in
469 745 706 780 necessitatibus
728 744 856 779 fratrum
893 754 986 792 atque

237 793 388 829 debilium
412 794 659 829 misericorditer
681 794 916 841 expendantur,
936 794 986 829 ab-

238 842 326 878 bates
361 855 433 878 vero
476 843 685 882 infirmitatis,
729 843 775 878 vel
818 843 986 878 debilitatis

237 903 329 927 causa
364 893 394 926 in
430 893 496 926 suis
530 893 673 933 cameris,
711 901 742 927 ut
769 893 922 927 secretius
955 901 985 927 et

236 941 401 976 honestius
423 949 579 988 poterunt,
602 941 748 976 carnibus
775 943 818 975 uti
844 942 985 989 possint,

235 990 393 1026 advocatis
428 1003 536 1026 secum
566 991 723 1037 aliquibus
756 990 795 1024 de
829 1000 984 1025 conventu

236 1039 394 1074 debilibus
424 1040 472 1075 vel
509 1040 652 1074 infirmis.
687 1040 771 1074 Sane
806 1039 903 1074 abbas
939 1040 983 1074 vel

235 1089 410 1124 monachus
431 1089 459 1124 in
484 1089 594 1124 itinere
617 1090 808 1124 constitutus
830 1090 867 1123 ad
886 1089 983 1123 vicina

235 1138 368 1173 divertat
390 1139 591 1182 monasteria,
621 1138 645 1171 si
675 1138 847 1181 debilitate,
871 1139 915 1173 vel
938 1140 985 1173 in-

235 1187 381 1222 firmitate
417 1187 510 1222 fuerit
546 1196 736 1234 occupatum
764 1188 789 1221 si
818 1200 890 1221 vero
922 1200 983 1222 uon

236 1237 362 1283 poterit,
386 1244 419 1271 ut
445 1237 600 1272 secretius
623 1246 653 1271 et
676 1237 837 1270 honestius
861 1237 984 1282 poterit,

234 1285 384 1320 carnibus
406 1286 450 1319 uti
473 1286 582 1333 possit.
611 1285 697 1320 Idem
722 1285 751 1319 in
782 1285 984 1332 prioratibus,

234 1342 264 1369 et
286 1334 477 1369 obedientiis
508 1344 539 1369 et
569 1334 896 1369 administrationibus
922 1347 983 1369 ex-

236 1383 380 1419 trinsecis
413 1384 452 1418 de
482 1384 671 1418 abstinentia
705 1391 736 1417 et
763 1395 817 1417 esu
841 1384 983 1418 carnium

233 1432 433 1468 decernimus
455 1432 697 1467 observandum.
721 1432 984 1478 Transgressores

237 1493 307 1516 vero
334 1481 430 1516 huius
451 1482 686 1517 constitutionis
714 1489 775 1515 tam
808 1481 984 1516 favorabilis

235 1543 291 1575 pro
311 1531 453 1578 qualibet
474 1532 670 1566 comestione
688 1530 830 1565 carnium
854 1530 883 1565 in
904 1543 982 1577 pane

235 1587 265 1614 et
295 1592 372 1627 aqua
405 1580 581 1616 abstineant
615 1592 675 1614 una
710 1579 769 1613 die.
809 1579 841 1613 Si
879 1588 981 1615 autem

234 1630 366 1664 correcti
395 1629 552 1665 noluerint
584 1629 771 1672 emendare,
806 1629 981 1664 secundum

234 1678 415 1724 qualitatem
441 1685 472 1713 et
492 1679 696 1725 quantitatem
724 1679 984 1723 transgressionis

234 1727 359 1773 gravius
387 1729 569 1775 puniantur.
593 1727 733 1762 Abbates
760 1739 832 1761 vero
854 1727 878 1759 si
901 1728 983 1762 circa

235 1777 463 1811 correctionem
483 1785 514 1811 et
528 1776 778 1811 observationem
798 1775 982 1810 huiusmodi

236 1825 352 1860 suerint
378 1826 586 1872 negligentes,
614 1837 713 1872 poena
737 1823 830 1858 simili
862 1826 984 1871 percel-

235 1875 348 1909 lantur.

285 1923 368 1959 XVl.
405 1923 481 1958 Item
518 1924 700 1966 statuimus,
735 1933 768 1957 ut
803 1923 984 1958 indumenta

55 1977 128 2000 “estes
150 1978 222 2005 quale*
238 1973 465 2008 monachorum
492 1973 595 2007 clausa
618 1973 698 2017 sint,
720 1980 751 2007 et
778 1985 840 2007 non
868 1974 930 2007 sint
954 1973 983 2007 in

40 2013 89 2030 ⁹⁵⁹⁰
103 2008 203 2030 ''mim''
237 2023 341 2058 colore
366 2030 397 2056 et
423 2022 578 2061 scissura,
613 2034 670 2056 nec
701 2022 732 2056 in
761 2034 910 2056 mensura
933 2035 984 2057 re-

239 2071 482 2119 prehensibilia,
510 2083 567 2106 nec
605 2080 806 2117 sumptuosa,
842 2080 871 2106 et
904 2072 986 2106 reci-

240 2121 362 2167 pientes
388 2133 478 2161 nova,
505 2128 607 2155 vetera
630 2132 755 2166 semper
781 2120 915 2155 reddant
932 2133 986 2155 ve-

238 2170 356 2210 stiario,
374 2169 568 2217 pauperibus
583 2170 749 2215 eroganda.
764 2169 836 2203 Illas
856 2170 985 2217 quidem

240 2227 360 2263 vestes,
382 2231 462 2266 quae
484 2219 577 2265 vulgo
613 2218 797 2253 balandrava
811 2246 818 2258 ,
841 2228 870 2253 et
890 2232 986 2265 septr

238 2269 294 2303 toti
313 2277 475 2312 vocantur,
503 2276 531 2302 et
562 2268 655 2302 sellas
679 2267 789 2302 rubeas
821 2276 851 2302 et
883 2269 986 2302 fraena

238 2326 268 2353 et
299 2318 430 2353 calcaria
458 2318 655 2363 deargentata
686 2317 809 2363 penitus
836 2328 987 2362 amputa—

239 2378 320 2402 mus.
342 2366 644 2414 Transgressoribus
675 2374 778 2400 autem
803 2367 985 2401 vestimenta

239 2425 270 2451 et
299 2424 484 2451 ornamenta
513 2414 696 2450 huiusmodi
728 2414 904 2450 inordinata
932 2428 988 2463 per

239 2465 366 2500 abbates
400 2477 497 2504 suos,
533 2465 577 2500 vel
607 2465 796 2503 visitatores,
830 2466 883 2511 qui
911 2465 988 2500 haec

240 2515 467 2560 compererint,
489 2514 689 2551 auferantur,
721 2521 751 2548 et
778 2514 802 2547 si
827 2513 986 2560 incorrigi-

241 2562 320 2597 biles
341 2562 468 2605 fuerint,
495 2563 711 2598 obedientiarii
740 2564 804 2596 suis
831 2562 989 2597 obedien—

241 2611 292 2646 tiis
319 2612 498 2659 priventur,
527 2621 557 2648 et
591 2611 772 2647 claustrales
806 2612 989 2659 regulariter

1034 350 1183 388 bendum,
1204 363 1241 384 ue
1265 350 1427 385 monacbis
1442 350 1534 385 detur
1551 362 1606 397 pro
1630 350 1711 384 victu
1730 361 1781 397 pe-

1031 400 1132 443 cunia,
1149 399 1195 433 vot
1215 400 1325 434 vestitu
1344 400 1388 433 vel
1412 400 1576 434 occasione
1598 398 1778 434 huiusmodi

1031 449 1230 495 assignentur
1264 448 1405 483 redditus
1436 449 1546 493 alicui,
1580 456 1610 484 et
1643 449 1667 483 si
1700 448 1779 483 sorte

1032 498 1195 545 bucusque
1215 498 1335 532 fuerant
1357 498 1516 544 assignati,
1538 497 1578 532 ab
1599 510 1637 532 eo
1653 498 1778 544 penitus

1030 548 1220 582 auferantur.
1256 546 1289 581 Si
1326 560 1387 593 qua
1422 559 1492 582 vero
1521 547 1636 581 suerint
1662 547 1778 593 legata.

1032 597 1075 632 vel
1111 597 1215 631 relicta
1245 597 1369 642 pietatis
1396 596 1509 630 intuitu
1543 596 1607 630 sive
1634 608 1777 631 commu-

1031 646 1125 685 niter,
1153 646 1218 680 sive
1255 645 1479 692 personaliter,
1503 644 1580 679 illud
1609 652 1709 679 totum
1747 645 1776 679 in

1029 707 1215 729 communes
1243 707 1318 728 usus
1340 694 1446 734 cedat,
1487 706 1524 729 ne
1559 693 1650 729 alicui
1687 694 1778 728 detur

1030 745 1151 779 occasio
1175 745 1335 791 proprium
1365 743 1530 778 retinendi.

1079 793 1175 827 XVII.
1193 793 1268 828 Item
1287 793 1464 832 statuimus,
1489 805 1526 826 ne
1548 792 1663 840 aliquis
1686 805 1777 839 prae·
1814 808 1975 835 tjnnspiratorea

1027 850 1130 877 sumat
1171 842 1308 889 aliquem
1347 842 1515 876 defendere
1553 842 1774 889 conspirando.
1791 839 1884 891 :2⁵22er
1899 846 1975 897 {¹1:¹51

1027 891 1267 937 Conspiratores
1300 903 1372 926 vero
1399 891 1576 931 manifesti,
1614 891 1713 931 sures,
1747 899 1778 925 et
1791 886 1870 921 *antur

1027 941 1198 975 enormiter
1225 953 1428 987 percussores
1449 953 1463 974 a
1487 941 1552 975 suis
1580 940 1777 975 monasteriis

1028 990 1154 1037 penitus
1187 990 1413 1033 excludantur,
1443 1002 1479 1024 ac
1508 990 1538 1023 in
1572 989 1643 1024 aliis
1664 989 1776 1024 detru—

1027 1039 1152 1082 dantur,
1186 1045 1241 1073 uec
1270 1040 1299 1073 in
1335 1039 1400 1073 suis
1435 1038 1633 1073 monasteriis
1658 1038 1775 1073 admit-

1028 1096 1152 1127 tantur,
1181 1089 1241 1122 uisi
1268 1088 1500 1123 communicato
1530 1088 1662 1123 consilio
1688 1087 1777 1134 capi-

1028 1138 1080 1171 tuli
1104 1138 1269 1183 generalis.

1076 1186 1187 1221 XVIII.
1211 1187 1286 1221 Item
1322 1187 1505 1229 statuimus,
1527 1185 1612 1233 quod
1639 1186 1664 1220 si
1701 1186 1773 1233 quis
1802 1193 1874 1230 Ieruq
1896 1199 1972 1215 eorre-

1026 1248 1063 1270 ex
1090 1235 1325 1270 obedientiariis
1350 1235 1542 1278 monasterii,
1569 1246 1772 1281 quocumque
1787 1226 1931 1281 Ξξξᾈξζξῑῗ
1947 1230 1973 1275 21}

1027 1285 1152 1319 nominc
1176 1293 1352 1325 censeatur,
1379 1284 1645 1331 quandocumque
1671 1286 1972 1337 sepes·2⁴{{¹,¹{¹i¹,¹,’,',',³¹³⁰“⁸

1027 1342 1076 1368 tus
1098 1334 1200 1377 fuerit,
1226 1334 1250 1367 si
1274 1334 1364 1368 tertio
1391 1341 1550 1368 correctus
1577 1345 1639 1367 non
1663 1345 1774 1367 emen-
1904 1332 1907 1336 ”

1026 1383 1156 1421 daverit,
1183 1382 1348 1417 deiiciatur
1374 1382 1412 1416 ab
1439 1382 1722 1425 administratione,
1742 1391 1773 1416 et

1025 1432 1102 1466 alter
1124 1432 1153 1465 in
1177 1432 1247 1467 loco
1269 1432 1348 1470 otus,
1370 1432 1423 1478 qui
1446 1431 1564 1477 dignus
1586 1430 1775 1475 suerit,sub-

1027 1489 1163 1527 rogetur.

1074 1530 1159 1564 xlx.
1179 1530 1254 1565 Item
1273 1530 1441 1565 statuimus
1463 1529 1524 1564 sub
1545 1529 1654 1564 eadem
1673 1541 1773 1576 poena

1025 1579 1108 1626 quod
1138 1580 1242 1613 nullus
1270 1580 1444 1613 monachus
1469 1579 1636 1613 occasione
1663 1579 1773 1614 cuius—

1025 1641 1161 1675 cumque
1194 1628 1476 1663 administrationis
1515 1628 1561 1662 vel
1596 1627 1690 1662 officii
1723 1628 1776 1662 si·-

1025 1678 1133 1724 gillum
1157 1678 1271 1712 habeat
1297 1678 1356 1711 nisi
1381 1676 1600 1712 tantummodo
1627 1676 1723 1711 abbas
1744 1684 1773 1710 et

1028 1727 1112 1774 prior
1139 1727 1367 1761 conventualis.

1074 1775 1143 1810 XX.
1168 1776 1243 1810 Item
1267 1776 1449 1815 statuimus,
1474 1783 1506 1809 ut
1528 1775 1696 1813 cellerarii,
1720 1786 1773 1809 ve—
1802 1784 1908 1805 Offieetes
1933 1790 1972 1810 re-

1026 1825 1142 1863 stiarii,
1174 1834 1204 1860 et
1239 1825 1352 1860 caeteri
1380 1825 1529 1859 officiales
1563 1823 1693 1868 domus,
1720 1816 1871 1871 quifssssss‘ffi
1885 1820 1972 1865 23¹}ssss

1026 1874 1187 1921 aliquibus
1208 1874 1535 1909 administrationibus
1558 1881 1707 1920 praesunt
1727 1874 1775 1907 in·
1789 1877 1889 1903 trium

1027 1923 1070 1958 fra
1104 1924 1347 1966 monasterium,
1375 1923 1423 1958 vel
1446 1932 1543 1962 extra,
1576 1922 1662 1970 quod
1681 1922 1776 1957 fuerit

1027 1973 1207 2012 residuum,
1243 1974 1433 2020 computatis
1468 1972 1643 2007 redditibus
1664 1980 1694 2006 et
1721 1984 1776 2007 ex—

1028 2022 1152 2069 pensis,
1181 2022 1347 2057 refundant
1376 2023 1406 2057 in
1429 2034 1631 2057 communem
1654 2021 1776 2056 utilita-

1028 2080 1088 2105 tem
1125 2072 1319 2116 monasterii,
1347 2080 1439 2119 prout
1473 2071 1570 2106 abbas
1602 2071 1776 2106 decreverit

1029 2121 1272 2156 refundendum.

1077 2170 1162 2204 XXI.
1199 2170 1275 2205 Item
1310 2170 1494 2212 statuimus,
1529 2177 1560 2203 ut
1596 2168 1775 2215 prioratus,
1803 2174 1973 2210 Professum-

1028 2219 1210 2258 decanatus,
1234 2220 1460 2266 praepositura,
1488 2218 1639 2258 sacristia,
1661 2229 1775 2253 came-
1790 2208 1973 2257 'effimffifflifu'

1028 2268 1129 2307 raria,
1165 2268 1330 2302 infirmaria
1365 2280 1426 2302 non
1462 2268 1701 2302 committantur
1736 2266 1775 2301 de

1028 2325 1152 2352 caetero
1181 2317 1354 2355 monachis,
1389 2317 1447 2351 nisi
1486 2316 1633 2363 professis
1660 2315 1776 2350 solem-

1029 2367 1124 2409 niter,
1153 2373 1184 2400 et
1217 2367 1241 2400 si
1269 2367 1322 2413 qui
1353 2378 1413 2400 non
1442 2365 1572 2412 professi
1608 2366 1774 2412 hucusque

1029 2414 1316 2450 administrationes
1343 2414 1524 2449 huiusmodi
1547 2414 1725 2458 tenuerint,
1747 2415 1773 2449 si

1029 2464 1211 2499 commoniti
1237 2464 1374 2511 profiteri
1402 2463 1574 2503 noluerint,
1597 2463 1644 2498 vel
1671 2463 1708 2498 ad
1733 2475 1778 2498 sa·

1029 2526 1099 2548 cros
1134 2513 1262 2548 ordines
1290 2513 1485 2560 promoveri,
1513 2512 1690 2547 secundum
1719 2525 1777 2548 su·-

1031 2563 1164 2610 perioris
1210 2562 1438 2610 providentiam
1487 2561 1777 2597 administrationes

1029 2612 1183 2647 amittant.

1801 1537 1830 1558 De
1841 1537 1910 1563 sigillo
1920 1543 1972 1557 con-

1788 1571 1871 1589 ventus,
