2129 3223
117 293 209 320 Aac.
230 293 297 319 ¹245

147 546 256 566 Exordium

128 1234 158 1254 Ab
202 1232 298 1253 Ecclesia

115 1265 206 1286 dttmnatl
226 1265 297 1284 curiae

116 1297 220 1317 saeculari
254 1298 297 1315 tra—

116 1328 185 1348 «temti.

137 1476 276 1496 Paeniteuten

117 1509 220 1534 perpetuo
253 1511 302 1526 car-

117 1539 161 1558 ceri
181 1537 302 1562 mancipan-

130 1773 216 1800 Repetkj
233 1774 282 1798 lnqu
290 1776 307 1786 *⁴

118 1804 217 1825 sutoribus
232 1801 310 1822 ronst:

119 1835 201 1862 gnaudt.

137 2360 204 2380 simili
239 2364 308 2386 poena

124 2391 232 2418 plectendi
269 2395 307 2410 eo-

125 2427 170 2442 rum
185 2419 279 2440 fautore»

361 281 431 314 504

313 359 367 393 per
389 353 487 379 totum
517 342 687 390 imperium
728 341 931 384 constitutis,
971 351 1061 387 prae-

311 403 418 430 sentes
439 394 556 428 litteras
585 391 773 438 inspecturis
807 390 953 424 fidelibus
983 390 1060 434 suis,

312 445 440 490 gratiam
464 453 565 477 suam.
593 449 622 475 et
645 452 740 475 omne
767 439 897 474 bonum.

361 493 381 540 g
419 496 450 526 1.
488 490 659 525 Commissi
695 489 786 524 nohis
820 489 953 524 coelitus
986 499 1060 521 cura

312 541 486 588 regiminis,
512 547 543 574 et
566 539 747 586 imperialis,
774 539 824 573 cui
865 538 958 572 dante
996 536 1062 570 Do-

312 591 397 626 mino
439 589 651 637 praesidentes
685 588 843 634 fastigium
879 586 1061 632 dignitatis,

311 639 521 683 materialem,
555 650 619 685 quo
659 637 780 672 divisim
828 649 844 671 a
887 635 1062 670 sacerdotio

311 690 482 736 fungimur,
503 687 643 735 gladium
666 686 813 721 adversos
843 685 950 720 hostes
977 684 1062 727 fidei,

310 740 395 773 etin
427 737 652 772 exterminium
693 735 867 770 haereticae
904 734 1063 781 pravitatis

311 788 442 834 exigunt
463 786 689 828 exercendum,
725 792 757 818 ut
790 783 939 831 perfidiae
979 783 1063 829 vipe-

311 850 382 872 reos
415 836 496 870 filios
533 842 640 869 contra
680 834 783 868 Deum
823 841 853 867 et
885 831 1061 866 Ecclesiam

312 886 510 928 insultantes,
525 892 684 930 tamquam
707 882 838 917 materni
858 882 935 916 uteri
953 893 1062 915 corro-

311 948 409 979 sores,
432 935 462 969 in
486 933 603 969 iudicio
624 940 654 967 et
679 931 795 967 iustitia
825 942 1062 978 persequamur,

311 984 472 1020 maleficos
487 983 588 1017 vivere
612 993 672 1016 non
699 980 900 1028 passuri‚per
926 992 1059 1026 quorum

310 1033 472 1069 scientiam
499 1031 704 1066 seducentem
739 1029 877 1064 mundus
914 1028 1061 1069 inficitur,

311 1092 341 1118 et
364 1083 395 1117 in
418 1093 545 1129 gregem
569 1080 707 1115 fidelium
738 1091 792 1126 per
818 1090 891 1113 oves
913 1077 969 1112 has
983 1090 1064 1112 mor·

312 1132 401 1167 hidas
426 1130 549 1178 gravior
576 1129 735 1175 instigitur
762 1127 948 1174 corruptela.

360 1181 434 1229 52.
457 1179 632 1215 Statuimus
659 1179 763 1225 itaque
798 1176 987 1215 sancientes,
1028 1183 1061 1209 ut

312 1229 460 1266 haeretici
488 1239 690 1275 quocumque
712 1226 840 1261 nomine
862 1232 1060 1268 censeantur,

314 1280 507 1325 ubicumque
530 1289 585 1325 per
605 1276 773 1323 imperium
789 1275 926 1309 damnati
946 1274 1062 1308 suerint

313 1329 351 1364 ab
371 1328 523 1370 Ecclesia,
545 1334 575 1361 et
593 1325 743 1361 saeculari
763 1324 880 1358 iudicio
901 1323 1062 1370 assignati,

313 1376 587 1413 animadversione
609 1375 712 1409 debita
740 1374 920 1420 puniantur.

363 1427 383 1473 S
405 1428 437 1460 5.
459 1425 493 1460 Si
521 1425 574 1471 qui
602 1436 675 1458 vero
701 1423 740 1457 de
765 1421 934 1469 praedictis
977 1430 1064 1468 post-

314 1487 409 1523 quam
447 1473 563 1509 suerint
608 1471 810 1519 deprehensi,
845 1471 943 1505 territi
980 1479 1063 1505 metu

317 1524 439 1565 mortis,
460 1522 563 1557 redire
585 1521 740 1556 voluerint
753 1520 789 1554 ad
808 1519 880 1554 fidei
902 1520 1065 1559 unitatem,

317 1575 400 1609 iuxta
430 1571 597 1607 canonicas
642 1570 820 1605 sanctiones
852 1568 890 1603 ad
912 1568 1064 1615 agendam

319 1621 543 1670 poenitentiam
570 1620 600 1655 in
624 1627 812 1667 perpetuum
840 1630 996 1653 carcerem
1011 1617 1068 1651 de-

319 1672 496 1706 trudantur.

369 1720 390 1767 S
416 1724 448 1755 4.
475 1719 650 1763 Praeterea,
692 1717 885 1764 quicumque
922 1716 1068 1751 haeretici

324 1769 438 1816 reperti
461 1768 576 1803 suerint
597 1768 626 1801 in
650 1766 835 1810 civitatibus,
857 1766 995 1813 oppidis,
1014 1777 1069 1800 seu

315 1819 383 1853 aliis
422 1818 500 1853 locis
533 1817 654 1862 imperii
697 1828 753 1863 per
793 1816 995 1862 inquisitores
1032 1815 1071 1849 ab

317 1867 496 1914 Apostolica
518 1865 601 1900 Sede
621 1865 712 1900 datos
733 1873 763 1899 et
781 1864 859 1899 alios
879 1864 1071 1899 orthodoxae

316 1916 390 1951 fidei
427 1915 603 1956 zelatores;
648 1914 679 1948 hi
719 1915 772 1960 qui
823 1913 1070 1948 iurisdictionem

318 1965 436 2000 ibidem
463 1964 655 2004 habuerint,
677 1963 714 1997 ad
756 1963 977 2009 inquisitorum
994 1990 1002 2006 ,
1043 1971 1073 1996 et

317 2015 449 2049 aliorum
489 2012 716 2048 catholicorum
755 2012 891 2046 virorum
925 2011 1073 2045 insinua-

318 2064 436 2098 tionem
470 2074 526 2097 eos
571 2073 685 2109 capere
724 2068 911 2095 teneantur:
949 2068 979 2094 et
1020 2072 1095 2103 eos,

318 2121 428 2159 captos
470 2111 588 2146 arctius
639 2109 827 2150 custodire,
871 2110 972 2144 donec
1019 2121 1075 2155 per

319 2173 486 2196 censuram
508 2159 754 2195 ecclesiasticam
790 2158 964 2202 damnatos,
986 2157 1075 2192 dam-
1096 2161 1097 2187 ἒ

320 2210 414 2245 nabili
437 2217 538 2245 morte
560 2209 734 2256 perimant,
774 2207 826 2254 qui
862 2207 933 2242 fidei
970 2219 1076 2241 sacra—

322 2267 424 2294 menta
447 2267 479 2294 et
507 2259 585 2292 vitae
607 2257 810 2292 damnabant.

371 2309 391 2355 S
418 2310 450 2343 5.
479 2307 584 2342 Simili
613 2318 740 2353 quoque
763 2317 863 2353 poena
886 2305 977 2351 plecti
1006 2317 1077 2339 cen-

323 2370 430 2393 semus
469 2368 592 2396 omnes,
620 2368 700 2402 quos
721 2355 759 2390 ad
783 2355 953 2390 fovendum
974 2355 1079 2389 haere-

324 2408 457 2443 ticorum
486 2417 626 2441 errorem
653 2404 786 2439 callidus
814 2404 913 2439 hostis
951 2404 1079 2438 suscitat

324 2456 505 2495 advocatos,
533 2455 580 2489 vel
608 2461 694 2501 parat
717 2453 842 2488 illicitos
876 2452 1078 2493 defensores;

328 2615 437 2637 eorum
457 2603 535 2637 vitae
562 2601 708 2636 duxerint
729 2601 973 2635 consulendum.

343 2679 347 2684 .
379 2651 398 2697 g
425 2652 456 2684 6.
476 2650 541 2685 Eos
564 2658 720 2696 praeterea
744 2650 795 2697 qui
815 2650 948 2684 convicti
969 2650 999 2684 in
1017 2660 1081 2683 uno

893 286 1079 309 numanum

1107 284 1241 307 Ronm-
1867 281 1915 308 An.
1934 279 1962 307 C.
1981 280 2050 307 tana

1105 339 1173 374 loco
1200 337 1238 372 de
1264 337 1396 378 haeresi,
1424 337 1460 372 ad
1483 337 1541 372 alia
1570 337 1635 371 loca
1659 348 1691 371 se
1719 335 1852 370 transfe-
1879 345 2006 371 Tunstugae
2023 347 2051 367 ,ι-

1105 395 1187 427 runt,
1210 395 1244 422 ut
1265 387 1386 422 cautius
1410 388 1531 434 possint
1571 385 1733 420 effundere
1767 385 1852 420 virus
1866 378 1992 437 fflssffm
2011 383 2050 397 ω’

1105 437 1279 472 haereticae
1304 436 1473 483 pravitatis,
1513 435 1649 471 debitam
1685 446 1851 470 censemus

1104 486 1209 521 subire
1231 485 1413 527 vindictam,
1436 493 1470 520 ut
1490 497 1584 532 super
1610 485 1670 520 hoc
1699 485 1780 519 viros
1813 484 1852 518 ab

1104 535 1213 570 eodem
1241 547 1347 570 errore
1373 547 1542 570 conversos
1563 534 1603 570 ad
1637 533 1755 578 fidem,
1795 545 1852 568 nec

1106 597 1167 619 non
1190 593 1218 620 et
1242 597 1297 632 per
1315 584 1402 625 alios,
1425 585 1479 631 qui
1501 596 1556 619 eos
1578 583 1617 619 de
1639 583 1758 618 haeresi
1780 594 1853 617 con-

1106 634 1246 669 vicerunt
1268 634 1363 682 (quod
1391 641 1421 668 et
1444 634 1474 668 in
1502 633 1562 668 hoc
1595 645 1668 668 casu
1703 632 1852 667 concedi-

1106 696 1175 718 mus
1197 684 1281 718 licite
1310 683 1499 727 faciendum)
1535 682 1665 717 evidens
1703 683 1853 716 testimo-

1106 733 1192 767 nium
1221 732 1381 767 habeatur.

1153 782 1173 829 g
1201 784 1231 815 7.
1259 782 1337 816 Item
1367 780 1475 816 mortis
1502 780 1676 815 sententiae
1707 779 1854 815 ducimus
1880 787 2053 824 correptam·-

1104 830 1309 872 addicendos,
1336 831 1360 865 si
1384 842 1463 877 quos
1491 829 1718 864 haereticorum
1745 829 1782 863 ad
1811 817 1989 864 iu·‘¹¹'⁰¹⁸¹'⁸¹'

1104 880 1222 914 dicium
1247 887 1372 921 tractos,
1398 881 1427 913 in
1460 886 1618 914 extremae
1656 879 1734 913 vitae
1769 879 1855 926 peri-

1104 930 1175 963 culo
1203 928 1355 964 haeresim
1378 928 1572 972 abiurantes,
1600 928 1802 975 postmodum
1815 928 1855 963 de

1106 978 1180 1013 falso
1209 979 1384 1013 iuramento
1403 977 1588 1018 constiterit,
1616 986 1645 1012 et
1668 977 1728 1012 fide
1763 989 1856 1012 men-

1105 1027 1156 1062 tita
1179 1027 1337 1067 convinci,
1364 1039 1400 1062 ac
1422 1038 1476 1062 eos
1507 1026 1673 1073 contigerit
1711 1026 1854 1061 eiusdem

1106 1077 1204 1111 morbi
1223 1084 1427 1124 spontaneam
1456 1076 1617 1111 incurrere
1661 1075 1854 1111 recidivam:

1106 1133 1138 1159 ut
1159 1126 1219 1160 sibi
1242 1125 1454 1161 damnabilius
1475 1125 1623 1172 iniquitas
1649 1127 1688 1160 sit
1714 1125 1855 1166 mentita,

1103 1183 1132 1209 et
1161 1187 1293 1222 poenam
1317 1175 1452 1210 debitam
1477 1175 1674 1209 mendacium
1698 1187 1760 1210 non
1788 1186 1856 1210 eva-

1103 1224 1165 1260 dat.

1156 1275 1176 1322 S
1203 1275 1235 1308 8.
1259 1274 1364 1308 Omne
1386 1273 1515 1320 insuper
1536 1272 1804 1320 proclamationis,
1821 1281 1853 1308 et
1880 1285 1987 1307 mereunt
2009 1283 2051 1305 he-

1104 1323 1324 1373 appellationis
1346 1322 1548 1363 beneficium,
1579 1322 1618 1357 ab
1662 1315 2044 1372 haereticis‚?,⁹„‘‡,2³,⁰„²„⁹,¹'{¹,¹3

1106 1372 1353 1420 receptatoribus
1380 1371 1608 1406 et't'autoribus
1646 1372 1830 1407 eorumdem
1845 1399 1854 1413 ‚
1870 1363 1929 1399 dens

1108 1424 1233 1471 penitus
1254 1433 1454 1456 amovemus:
1473 1421 1611 1456 volentes
1633 1429 1667 1455 ut
1681 1421 1721 1457 de
1742 1421 1857 1457 finibus

1108 1472 1245 1520 imperii,
1269 1472 1298 1505 in
1326 1470 1442 1517 quibus
1463 1482 1589 1517 semper
1609 1471 1704 1506 debet
1726 1471 1858 1506 existere

1109 1522 1168 1556 sida
1192 1520 1281 1563 fides,
1304 1520 1477 1553 haereticae
1499 1520 1578 1554 labis
1591 1520 1732 1566 germina
1754 1520 1858 1555 modis

1109 1570 1258 1605 omnibus
1285 1568 1462 1602 deleantur.

1158 1620 1178 1667 g
1199 1621 1232 1653 9.
1255 1617 1422 1652 Caeterum
1445 1618 1517 1664 quia
1540 1627 1657 1664 quanto
1676 1618 1791 1653 maiora
1816 1617 1862 1653 di·
1888 1628 1963 1663 soram
1977 1627 2058 1655 posteri

1111 1670 1199 1703 vinae
1221 1674 1301 1702 nutu
1329 1667 1540 1701 miserationis
1561 1667 1754 1714 accepimus,
1771 1667 1862 1702 etal-
1875 1657 2060 1716 ξξῗξᾮῗζξξζζῗῖ

1111 1718 1222 1752 tiorem
1246 1716 1351 1750 locum
1376 1728 1450 1763 prae
1478 1716 1549 1750 filiis
1577 1716 1743 1751 hominum
1776 1716 1971 1756 omi-fimi?¹¹5
2014 1719 2060 1746 rri-

1112 1779 1236 1807 nemus,
1260 1773 1345 1800 tanto
1384 1765 1543 1800 devotiora
1577 1765 1732 1801 debemus
1770 1765 1863 1801 obse·
1876 1752 1946 1773 '⁸⁰⁶⁸‘

1113 1816 1184 1863 quia
1219 1814 1423 1861 gratitudinis
1458 1815 1643 1857 conferenti,
1674 1816 1699 1850 si
1738 1815 1864 1862 quando

1115 1866 1145 1899 in
1184 1864 1282 1899 nostri
1316 1864 1455 1898 nominis
1496 1872 1732 1911 contemptores
1767 1864 1864 1900 nostri

1114 1914 1262 1949 culminis
1288 1913 1488 1948 excandescit
1518 1914 1697 1953 auctoritas,
1735 1914 1759 1948 si
1795 1925 1867 1949 reos

1115 1964 1216 1998 laesae
1249 1963 1422 1997 maiestatis
1447 1963 1477 1997 in
1502 1963 1644 2009 personis
1679 1975 1789 1998 eorum
1805 1990 1814 2004 ,
1836 1971 1867 1997 et

1116 2012 1286 2047 liberorum
1309 2023 1440 2046 suorum
1475 2011 1739 2047 exhaeredatione
1778 2012 1868 2047 darn-

1116 2073 1241 2100 namus,
1275 2061 1375 2095 multo
1403 2061 1516 2095 fortius
1555 2061 1732 2108 iustiusque
1759 2069 1866 2096 contra

1118 2109 1173 2144 Dei
1189 2109 1458 2156 blasphematores
1481 2110 1629 2154 nominis,
1645 2119 1675 2145 et
1696 2110 1867 2145 catholicae

1118 2159 1189 2193 fidei
1218 2159 1410 2194 detractores
1438 2171 1655 2205 provocamur,
1683 2159 1866 2194 eorumdem

1118 2208 1361 2250 haereticorum,
1384 2217 1628 2255 receptatorum,
1655 2208 1810 2243 fautorum
1837 2217 1867 2242 et

1118 2256 1339 2292 advocatorum
1362 2269 1505 2298 suorum,
1533 2257 1686 2293 haeredes
1703 2259 1737 2293 'et
1762 2266 1869 2305 poste-

1120 2318 1181 2346 ros,
1204 2318 1305 2353 usque
1331 2307 1370 2341 ad
1398 2306 1571 2341 secundam
1600 2307 1796 2353 progeniem,
1818 2306 1870 2340 be-

1120 2355 1240 2389 neficiis
1291 2356 1415 2390 cunctis
1453 2356 1700 2402 temporalibus,
1736 2355 1869 2402 publicis

1120 2404 1242 2448 officiis,
1259 2413 1288 2439 et
1304 2405 1490 2449 honoribus,
1511 2405 1662 2452 imperiali
1685 2405 1869 2440 auctoritate

1100 2479 1101 2491 ³
1121 2455 1292 2500 privantes,
1315 2462 1349 2488 ut
1370 2454 1400 2488 in
1422 2455 1539 2501 paterni
1564 2454 1714 2489 memoria
1728 2454 1871 2489 criminis

327 2505 461 2540 maxime
477 2516 548 2540 cum
563 2503 773 2550 facinusquos
786 2502 940 2549 inquinat,
954 2510 1078 2549 aequat:
1100 2505 1101 2527 ἶ

326 2555 387 2588 nisi
410 2553 583 2589 monitione
611 2552 779 2599 praemissa
815 2551 1014 2592 destiterint,
1050 2559 1080 2586 et
1100 2565 1102 2596 ‚¹
1122 2551 1207 2597 quod
1230 2552 1318 2587 Deus
1332 2552 1448 2588 zelotes
1469 2560 1526 2592 est,
1550 2560 1672 2598 peccata
1696 2561 1817 2599 patrum
1841 2553 1870 2587 in

1122 2503 1272 2537 continuo
1294 2515 1438 2538 moerore
1453 2504 1625 2544 tabescant,
1638 2514 1710 2537 vere
1721 2504 1871 2547 scientes,

1124 2601 1203 2634 filios
1227 2609 1371 2648 potenter
1398 2601 1564 2636 ulciscens,

1173 2649 1193 2695 ἒ
1229 2654 1286 2685 to.
1322 2650 1388 2684 Nec
1421 2650 1548 2696 quidem
1582 2661 1597 2684 a
1638 2650 1873 2687 misericordiae
