2129 3223
392 242 463 276 808
923 255 1109 278 animantum
1133 255 1295 278 nonarum

340 306 596 341 Camaldnlensis
619 306 740 341 ordinis
757 306 887 343 abbates
905 316 935 343 et
964 309 1085 356 priores
1119 321 1135 344 a
1162 309 1428 344 monasteriorum
1451 310 1606 357 regimine
1627 311 1814 352 amovendi,
1843 312 1890 346 vel

438 356 476 389 de
523 356 706 391 excessibus
747 357 948 404 corrigendi,
987 359 1024 392 ad
1059 358 1290 406 appellationes
1335 359 1583 406 interponendas
1626 373 1686 395 non
1716 368 1792 395 sunt
1832 361 1891 395 ad-

441 405 599 448 mittendi,
628 409 699 440 404
730 408 758 441 b.
791 406 841 441 Ad
868 419 977 442 eorum
1001 420 1144 442 eremum
1177 408 1370 456 quicumque
1400 409 1536 456 religiosi
1573 410 1706 444 transire
1742 419 1893 456 possunt,

439 456 511 489 423
532 468 561 489 a.
586 454 701 490 Omnia
724 468 835 491 eorum
858 459 1048 493 monasteria
1067 458 1162 504 priori
1184 457 1362 493 Camaldnli
1377 458 1603 503 subiiciuntur,
1627 463 1696 494 657
1717 461 1745 498 b,
1765 460 1836 495 657
1855 473 1886 494 α.

339 502 574 539 Camminensis
596 505 705 540 civitas
726 506 812 541 sedis
838 507 1029 554 episcopalis
1051 508 1226 542 declaratur
1254 507 1324 543 loco
1345 507 1568 553 Wotlinensis,
1593 510 1638 544 59
1661 511 1688 543 b.

340 552 532 600 Campaniae
555 562 586 588 et
608 554 784 590 Maritimae
806 564 919 598 castra,
954 556 1063 597 feuda,
1092 565 1192 592 terrae
1218 565 1248 592 et
1280 558 1337 592 alia
1368 558 1496 593 nonnisi
1525 558 1670 604 personis
1701 558 1741 593 de
1768 559 1888 594 eisdem

439 603 611 649 provinciis
637 605 781 639 oriundis
808 606 912 648 vendi,
936 605 1044 641 donari
1068 619 1124 642 sen
1149 607 1303 642 infeudari
1333 616 1478 654 possunt,
1509 610 1576 642 702
1601 620 1630 642 α.

338 652 525 687 Cancellarii
554 653 696 695 facultas,
725 656 796 690 605
818 657 847 690 b.

338 700 547 737 Canonicales
576 703 689 738 domus
712 704 799 740 laicis
821 714 851 740 et
874 705 1060 741 mulieribus
1085 706 1183 741 malae
1211 714 1304 742 notae
1328 719 1389 741 non
1419 706 1587 748 locandae,
1621 709 1666 742 58
1688 720 1708 741 α
1729 715 1760 742 et
1787 710 1815 742 b.

337 749 502 786 Canonici.
528 752 612 794 Quid
637 754 795 800 agendum
823 755 863 790 de
884 755 1046 791 canonicis
1066 768 1161 802 supra
1189 768 1370 800 numerum,
1397 759 1467 792 598
1490 758 1518 790 b.

338 799 493 835 Canonici
519 802 678 848 regulares
706 804 735 837 in
765 805 891 851 oppidis
918 805 964 839 vel
987 805 1057 840 aliis
1080 805 1158 840 locis
1186 805 1394 853 popularibus
1422 806 1526 852 vagari
1552 818 1613 840 non
1637 805 1767 847 debent,
1792 808 1837 841 60
1860 819 1891 841 α.

339 849 557 885 Canonizatio.
581 851 666 893 Quid
690 854 872 899 requiratur
893 855 922 888 in
947 855 997 894 iis,
1020 855 1073 902 qui
1094 854 1146 889 Ss.
1170 856 1312 902 catalogo
1334 864 1409 890 sunt
1431 854 1648 899 adscribendi,
1668 857 1734 889 174
1749 858 1776 890 b.

337 898 583 934 Cantuarienses
608 902 764 936 iiionaclii.
806 902 924 938 Contra
952 915 1007 938 eos
1040 912 1188 939 attentata
1221 904 1260 940 ab
1293 905 1532 952 archiepiscopo
1567 903 1798 940 Cantuariense
1823 918 1893 939 cas-

437 958 558 991 santur,
588 952 632 983 76
660 952 677 985 b
699 960 728 986 et
749 964 810 997 seq.

337 996 522 1034 Cardinales
557 999 591 1034 S.
615 999 653 1034 R.
683 1000 721 1034 E.
751 1002 978 1047 percutientes,
1005 1014 1181 1050 eorumque
1209 1002 1365 1047 fautores,
1400 1003 1570 1038 consiliarii
1597 1011 1649 1036 etc.
1684 1003 1788 1037 banno
1826 1017 1893 1050 pn—

439 1048 560 1092 niendi,
583 1062 618 1083 ac
647 1049 800 1085 beneficio
821 1051 958 1087 testandi
983 1051 1139 1099 privandi,
1163 1055 1228 1086 411
1253 1065 1282 1087 α.
1303 1052 1511 1087 Declarantur
1537 1053 1799 1087 excommunicati
1825 1054 1892 1098 ipso

436 1096 537 1142 facto,
564 1100 639 1132 ibid.
670 1100 698 1132 b.
731 1099 928 1136 Poenitentia
964 1102 1158 1147 iniungenda
1188 1102 1460 1149 resipiscentibus,
1489 1104 1559 1136 442
1587 1115 1617 1136 a.
1632 1101 1743 1136 Variae
1773 1114 1892 1148 poenae

435 1147 611 1181 secundum
635 1147 739 1182 delicti
759 1151 961 1196 qualitatem,
984 1152 1061 1185 ibid.
1083 1151 1189 1186 Poena
1208 1160 1317 1186 contra
1340 1151 1469 1186 eosdem
1496 1151 1670 1186 cardinales
1693 1151 1891 1192 occidentes,

436 1198 507 1230 442
535 1198 562 1231 b.
587 1196 916 1234 Excominunicantur
937 1212 1068 1247 quoque
1090 1200 1212 1235 iudices
1235 1201 1291 1235 lias
1318 1213 1437 1248 poenas
1461 1200 1724 1247 delinquentibus
1747 1213 1809 1235 non
1840 1202 1891 1234 in-

438 1244 595 1291 fligentes,
622 1248 697 1281 ibid.

336 1293 557 1330 Carmelitanis
584 1296 711 1342 regulae
733 1297 825 1332 datae
851 1298 1085 1346 approbantur,
1121 1302 1192 1334 415
1220 1312 1240 1334 a
1264 1309 1293 1334 et
1320 1313 1381 1345 seq.
1404 1299 1545 1344 Regulae
1582 1311 1653 1333 vero
1688 1299 1890 1333 declarantur

437 1352 467 1377 et
491 1345 687 1392 mitigantur,
717 1349 786 1381 555
815 1360 845 1381 a.

340 1391 536 1428 Carnotense
567 1396 754 1441 capitulum.
798 1395 957 1432 Statuitur
989 1407 1020 1432 ut
1054 1398 1192 1433 honores
1220 1398 1347 1445 capituli
1387 1399 1481 1433 liuius
1521 1397 1736 1433 residentibus
1765 1406 1886 1432 tantum

439 1443 671 1484 concedantur,
701 1453 732 1478 et
754 1458 792 1479 ne
814 1447 900 1492 quis,
928 1447 988 1481 alia
1016 1448 1046 1481 in
1072 1447 1213 1482 Ecclesia
1236 1447 1345 1483 fruens
1367 1447 1534 1488 beneficio,
1562 1447 1736 1482 canonicus
1765 1448 1820 1490 ibi,
1843 1447 1889 1481 vel

438 1491 592 1538 plebanus
625 1494 696 1539 eligi
722 1495 836 1541 possit,
861 1497 906 1529 16
930 1498 947 1529 b
973 1505 1003 1530 et
1029 1509 1089 1542 seq.
1117 1495 1326 1532 Canonicales
1347 1497 1415 1531 eius
1442 1497 1557 1531 domus
1579 1497 1666 1530 laicis
1689 1505 1717 1531 et
1742 1497 1890 1531 mulieri-

438 1540 496 1576 bus
524 1543 624 1577 malae
647 1552 738 1578 notae
767 1557 830 1578 non
854 1545 1024 1584 locandae,
1054 1547 1099 1580 58
1122 1559 1152 1580 α.

337 1589 472 1625 Carolus
507 1603 615 1627 comes
655 1592 893 1638 Andegavensis
930 1607 1026 1640 regno
1061 1595 1190 1630 Siciliae
1224 1596 1406 1635 investitur,
1447 1597 1517 1629 744
1539 1597 1569 1639 b,
1604 1596 1674 1629 760
1701 1607 1732 1628 α,
1765 1594 1889 1630 Condi-

436 1640 538 1676 tiones
558 1642 586 1675 ei
610 1641 800 1684 indicantur,
830 1647 898 1679 747
921 1658 952 1689 a,
983 1646 1044 1678 761
1073 1658 1104 1679 a.
1141 1645 1347 1680 Destinantur
1369 1644 1462 1690 legati
1490 1644 1530 1679 ad
1556 1656 1627 1678 eum
1654 1644 1886 1690 inungendum,

437 1692 506 1725 748
534 1703 566 1730 a,
593 1692 661 1725 762
684 1705 714 1726 α.

337 1739 472 1775 Carolus
498 1741 741 1787 Andegavensis
763 1743 890 1778 Siciliae
918 1755 982 1778 rex.
1005 1743 1124 1779 Contra
1152 1744 1239 1779 illurn
1263 1743 1447 1779 Conradino
1469 1743 1621 1778 auxilium
1645 1752 1698 1777 aut
1720 1744 1886 1779 consilium

433 1791 618 1837 praebentes
646 1794 977 1833 excommunicantur,
1010 1795 1078 1827 767
1102 1806 1132 1828 α.

332 1837 427 1885 Carpi
455 1848 592 1874 castrum
621 1841 680 1875 sub
703 1854 810 1877 annuo
832 1855 931 1878 censu
959 1843 1146 1878 conceditur
1168 1842 1341 1878 Mutinensi
1370 1842 1498 1882 civitati,
1521 1844 1593 1876 422
1618 1844 1645 1876 b.

333 1888 578 1925 Cartliusienses
610 1890 650 1924 ab
673 1903 781 1926 eorum
810 1892 980 1927 solitudine
1004 1905 1057 1940 per
1079 1892 1238 1928 neminem
1267 1901 1342 1927 sunt
1365 1891 1573 1929 distrahendi,
1608 1893 1678 1926 537
1706 1904 1736 1925 α.
1759 1891 1825 1926 Nec
1848 1893 1885 1926 ad

435 1938 651 1973 testimoninm
681 1940 846 1976 ferendum
876 1942 922 1977 vel
949 1942 986 1976 ad
1024 1943 1233 1977 iuramentum
1271 1942 1446 1976 calumniae
1481 1940 1713 1988 compellendi,
1745 1942 1820 1975 ibid.
1857 1943 1885 1975 b.

432 1987 550 2023 Eorum
567 1988 661 2023 oblati
683 1990 825 2036 gaudent
842 1990 993 2026 omnibus
1008 1991 1148 2026 eiusdem
1167 1991 1288 2026 ordinis
1305 1991 1529 2038 praerogativis
1545 1999 1574 2024 et
1594 1990 1736 2034 indultis,
1755 1991 1840 2034 465,
1854 2003 1885 2025 a.

431 2036 592 2072 Statutum
616 2038 760 2075 obtinent
783 2040 822 2075 de
844 2041 1045 2076 ordinatione
1074 2041 1204 2088 capituli
1231 2040 1407 2087 generalis,
1434 2041 1506 2075 608
1533 2052 1561 2074 α.
1592 2039 1794 2086 Abrogantur
1822 2047 1887 2074 sta—

431 2094 496 2121 tuta
518 2087 672 2134 quaedam
697 2089 726 2124 in
750 2101 862 2125 eorum
885 2090 1025 2137 capitulo
1046 2091 1184 2137 generali
1209 2090 1304 2135 edita,
1329 2091 1400 2124 800
1422 2102 1451 2124 a.

332 2134 521 2171 Cassinense
550 2139 776 2174 monasterium
799 2139 859 2174 sub
882 2140 1077 2187 protectione
1098 2140 1300 2187 Apostolicae
1321 2138 1416 2174 Sedis
1437 2138 1628 2185 suscipitur,
1664 2139 1702 2173 6¹¹
1732 2151 1763 2172 a.
1800 2137 1885 2173 Cae-

432 2187 508 2220 teris
530 2199 586 2234 per
608 2187 816 2224 Occidentem
839 2189 1085 2236 praeferendum
1110 2201 1180 2224 esse.
1203 2188 1392 2232 declaratur,
1406 2190 1482 2223 ibid.
1495 2190 1523 2222 b.
1542 2187 1629 2223 Bona
1645 2188 1750 2222 omnia
1771 2199 1807 2223 ac
1825 2187 1887 2235 pri-

431 2234 543 2282 vilegia
571 2236 674 2272 eidem
710 2238 950 2281 confirmantur,
976 2241 1047 2274 504
1082 2240 1109 2272 b.
1146 2237 1285 2284 Regulae
1326 2251 1382 2286 pro
1424 2237 1647 2272 reformatione
1682 2237 1751 2272 eius
1795 2237 1884 2272 datae

430 2285 670 2329 confirmantur,
695 2288 765 2323 556
793 2301 822 2323 α.
851 2288 1057 2335 privilegium
1081 2288 1249 2323 Zachariae
1276 2287 1381 2335 Papae
1407 2288 1436 2322 ei
1464 2286 1682 2330 confirmatur,
1709 2290 1779 2322 455
1801 2298 1831 2321 α.

331 2333 530 2371 Castellanae
551 2336 667 2372 civitati
692 2337 878 2374 conceditur
900 2338 1069 2386 pedagium
1092 2338 1129 2373 ad
1155 2337 1364 2384 reparandum
1384 2344 1525 2384 pontem,
1546 2336 1638 2384 vulgo
1656 2335 1749 2382 Tregi
1763 2348 1883 2372 nuncu-

431 2403 552 2442 patum,
579 2397 736 2445 exemptis
757 2397 995 2439 ecclesiasticis,
1024 2399 1095 2432 492
1113 2410 1144 2431 ιι.

331 2449 488 2489 Castellae
510 2462 541 2490 et
562 2455 712 2503 Legionis
736 2456 843 2504 regnis
869 2455 1055 2492 conceditur
1075 2455 1212 2491 cruciata
1235 2468 1291 2503 pro
1314 2455 1511 2503 extirpandis
1533 2453 1701 2501 Agarenis,
1717 2455 1788 2488 49⁶2
1804 2456 1831 2488 b.

332 2508 488 2548 Castellae
513 2525 565 2548 rex
589 2514 700 2550 fundat
721 2514 971 2550 Universitatem
998 2514 1222 2559 parisiensem,
1251 2515 1316 2549 601
1344 2527 1374 2548 a.

333 2567 520 2605 Catanensis
543 2570 687 2607 Ecclesia
715 2572 992 2620 Montisregalensi
1015 2572 1199 2616 subiicitur,
1224 2574 1267 2606 12
1289 2585 1320 2607 a.

331 2625 459 2662 Cathari
491 2628 662 2673 (haeretici)
691 2630 958 2677 condemnantur,
981 2632 1027 2665 20
1057 2632 1087 2664 b.
1115 2629 1235 2666 Eorum
1260 2642 1391 2677 poenae,
1420 2630 1489 2665 506
1513 2630 1530 2662 b
1550 2635 1658 2672 etseq.
