2129 3223
43 238 95 267 An.
111 238 141 267 C.
158 239 220 266 ¹231

47 741 136 768 nestitae
151 746 219 764 tenor.

50 1041 77 1063 Do
105 1042 219 1063 eoncordia

36 1073 146 1094 servanda:

39 1281 216 1309 observantiaque

35 1313 113 1339 regula.

53 1727 80 1749 De
95 1728 192 1750 cilentio:

851 238 1037 261 Gttmontus
1058 237 1089 260 lx
1112 238 1159 260 ΙΨ,

239 293 310 328 dam
346 299 536 333 correctam,
571 291 746 327 secundum
779 292 862 339 quod
899 292 987 337 vobis

238 342 341 390 magis
367 341 514 389 expedire
537 353 771 387 prospeximus,
793 341 832 376 ad
860 341 987 389 petitio-

238 403 311 426 nem
334 398 465 427 vestram
494 390 626 425 fecimus
652 390 830 434 emendari,
852 402 985 438 eamque

238 440 338 485 vobis,
353 448 383 476 et
403 439 554 475 omnibus
569 439 716 474 eamdem
735 439 875 485 regulam
895 440 986 487 profi-

236 491 294 525 teri
318 489 507 533 volentibus,
529 488 711 523 auctoritate
728 489 897 535 apostolica
915 501 986 524 con-

237 539 412 579 firmamus,
433 546 464 574 et
487 537 660 585 praesentis
681 537 787 585 scripti
812 538 985 585 patrocinio

236 588 487 628 communimus,
514 589 606 622 cuius
637 595 779 622 tenorem
808 587 986 633 praescnti-

235 637 296 672 bus
310 638 419 673 litteris
433 636 575 672 annotari
598 636 741 676 fecimus,
764 636 817 683 qni
840 645 885 671 est
905 636 984 671 talis:

234 744 266 772 et
286 744 462 772 conventus
487 734 700 770 Ecclesiarum
726 734 847 768 ordinis
876 734 982 769 Sancti

234 785 330 821 Marci
366 785 405 820 dc
438 784 563 819 Mantua
600 784 653 818 uni
676 783 815 818 Domino
845 785 983 828 servire,

234 834 354 882 unique
381 835 444 882 regi
472 833 671 881 disponimus
694 833 846 872 militare,
869 833 985 867 volen-

234 884 319 919 tibus
340 884 431 919 nobis
456 891 637 918 sanctorum
656 882 784 917 Patrum
804 882 915 917 imitari
936 894 984 917 vc-

233 934 335 980 stigia‚
360 946 458 968 unum
483 932 651 980 praecipue
685 932 897 966 necessarium
924 939 982 976 est,

234 991 266 1018 ut
288 982 437 1018 omnibns
455 982 546 1016 nobis
564 981 604 1016 sit
625 993 679 1016 cor
701 993 813 1024 unum,
836 989 865 1015 et
880 981 982 1015 anima

234 1044 294 1068 una
321 1032 352 1067 in
381 1032 530 1075 Domino,
561 1038 593 1065 et
621 1030 713 1064 unius
737 1030 834 1064 moris
861 1030 984 1065 habite-

231 1080 304 1117 mus
329 1081 362 1117 iu
383 1081 488 1116 Domo
518 1078 645 1114 Domini
681 1079 844 1123 militanti,
875 1087 907 1113 ut
937 1080 983 1114 sic

233 1131 396 1177 pervenire
411 1141 589 1165 mereamur
603 1128 640 1163 ad
661 1128 744 1162 illam
762 1140 868 1167 unam,
888 1140 981 1175 quam

232 1180 389 1228 Propheta
424 1181 454 1214 in
487 1178 692 1224 triumphanti
719 1177 822 1212 Domo
855 1177 981 1211 Domini

232 1229 370 1277 postulat
389 1228 562 1276 possidere.
587 1225 681 1268 Quod
703 1226 843 1273 quidem,
863 1234 897 1261 ut
915 1239 982 1273 pos-

231 1279 331 1314 simus
353 1278 475 1314 facilius
501 1277 659 1316 obtinere,
681 1276 719 1310 ad
739 1276 889 1310 honorem
910 1276 981 1317 Dei,

231 1340 267 1364 ac
299 1327 438 1374 Virginis
464 1326 634 1373 gloriosae,
671 1325 868 1371 aliorumque
909 1337 983 1359 san·-

230 1385 353 1413 ctorum
382 1377 522 1422 regulam
549 1374 744 1412 canonicam,
773 1381 864 1420 prout
895 1374 984 1407 infc-

231 1427 298 1461 rius
322 1426 478 1472 descripta
502 1432 559 1464 est,
596 1423 811 1458 ordinavimus
838 1435 853 1456 a
890 1423 983 1457 nobis

231 1475 409 1523 nostrisque
431 1473 669 1509 suecessoribus
690 1471 865 1506 secuudum
895 1472 982 1506 infir-

232 1525 370 1560 mitatem
398 1532 537 1559 nostram
566 1530 720 1570 perpetuo
742 1520 980 1555 observandam.

230 1573 356 1609 Fratres
389 1581 420 1609 et
447 1584 572 1607 sorores
599 1572 679 1606 intra
712 1571 880 1605 canonicas
909 1582 983 1604 suas

231 1622 390 1658 silentium
419 1629 543 1657 teneant
569 1621 608 1655 ab
638 1619 748 1655 ultimo
775 1620 865 1666 signo
886 1619 983 1654 Com-

231 1672 355 1720 pletorii
395 1683 497 1719 usque
532 1670 570 1706 ad
609 1670 815 1705 constitutum
855 1669 981 1714 signum

232 1729 302 1768 post
322 1721 431 1756 landes
455 1719 636 1755 matutinas.
658 1719 692 1753 In
720 1718 817 1752 choro
843 1730 982 1765 quoque,

232 1770 430 1811 dormitorio,
465 1770 602 1804 claustro
629 1775 659 1801 et
687 1767 853 1802 refectorio
879 1768 984 1801 conti-

233 1832 333 1855 nuum
361 1819 522 1854 silentium
554 1824 713 1860 teneatur,
741 1816 799 1850 nisi
828 1816 905 1850 l'orte
928 1828 983 1862 pro

232 1868 432 1907 necessitate,
447 1868 495 1902 vel
519 1867 661 1906 utilitate,
684 1865 832 1912 loquendi
861 1865 983 1900 licentia

233 1929 384 1953 concessa
421 1916 515 1951 suerit
551 1928 568 1950 a
603 1915 719 1961 priore.
755 1913 844 1949 Licet
879 1922 983 1949 tamen

234 1967 329 2014 priori
357 1966 434 2001 dum
468 1965 505 2000 ad
540 1976 680 1999 mensam
715 1964 849 2004 steterit,
872 1964 919 1998 vel
947 1975 984 1998 eo

233 2015 365 2051 absente
393 2014 513 2050 tenenti
546 2013 650 2048 locum
684 2013 753 2047 eius
781 2012 899 2059 aliquid
928 2025 984 2060 pro

236 2065 368 2100 utilitate
406 2076 479 2099 cum
515 2062 621 2110 aliquo
661 2062 770 2096 leniter
801 2062 917 2095 dicere.
950 2061 983 2096 Si

235 2114 313 2162 quid
338 2120 442 2149 autem
470 2124 551 2158 opus
579 2111 670 2145 suerit
695 2110 799 2150 alicui,
821 2112 911 2156 signo
933 2123 986 2158 pe-

235 2171 318 2199 tatur
345 2173 407 2198 non
435 2161 547 2196 verbo:
576 2157 760 2195 officialibus
794 2171 921 2207 quoque
954 2161 985 2194 in

235 2212 347 2248 ordine
372 2210 555 2258 designatis,
575 2217 606 2244 et
627 2209 719 2244 etiam
742 2208 812 2243 aliis
838 2208 986 2244 fratribus

236 2270 266 2297 et
293 2261 466 2301 sororibus,
500 2258 617 2306 quibus
644 2260 727 2305 prior
753 2257 879 2292 duxerit
904 2270 987 2293 con—

237 2310 428 2354 cedendum,
461 2308 578 2343 silentii
612 2315 755 2353 tempore
785 2318 857 2341 cum
885 2308 988 2354 gravi-

237 2367 300 2395 tate
320 2371 358 2394 ac
379 2357 594 2394 moderatione
615 2356 699 2403 loqui
722 2355 814 2390 liceat
839 2355 870 2390 in
899 2357 986 2396 loeis,

238 2420 319 2456 quae
349 2408 381 2443 in
408 2406 545 2453 capitulo
573 2405 777 2440 determinata
805 2404 920 2439 suerint
948 2405 987 2439 ab

239 2456 363 2495 eodem.
389 2455 516 2502 Ubique
548 2455 641 2489 etiam
669 2453 755 2500 loqui
789 2453 882 2488 liceat
915 2454 988 2488 uni-

240 2506 348 2550 versis,
380 2505 405 2540 si
436 2505 576 2540 videatur
610 2503 776 2537 imminere
810 2503 986 2549 periculum

241 2554 379 2590 incendii
418 2554 466 2590 vel
493 2554 664 2589 latronum:
694 2551 809 2586 infirmi
836 2553 927 2586 etiam
957 2552 987 2586 in

242 2603 440 2638 infirmitorio
473 2608 705 2638 commorantes
736 2600 796 2635 sub
829 2599 887 2636 hac
919 2601 987 2647 tege

1656 232 1727 265 459

1028 291 1143 326 silentii
1175 292 1306 328 minime
1334 295 1555 341 astringantur.
1579 296 1641 343 Ipsi
1671 304 1774 332 tamen

1028 341 1086 376 sibi
1108 341 1182 385 sint,
1199 341 1248 376 lex
1263 349 1294 377 et
1316 344 1446 379 timeant
1467 345 1577 380 oculos
1597 346 1656 381 Dei
1679 346 1776 382 offen-

1027 390 1113 432 dere,
1136 391 1190 438 qui
1218 390 1319 427 bonos
1352 401 1382 427 et
1409 393 1508 429 malos
1537 394 1566 429 in
1598 394 1675 430 locis
1705 408 1774 430 om-

1029 440 1122 475 nihus
1143 441 1409 487 contemplantur.
1435 442 1535 477 Nemo
1564 444 1661 479 nostri
1689 444 1774 479 ordi-

1028 490 1076 523 nis
1094 502 1131 523 cx
1151 502 1214 536 quo
1237 490 1465 537 professionem
1485 492 1592 528 fecerit
1613 494 1772 540 proprium

1026 538 1142 585 aliquid
1176 538 1305 580 babeat,
1342 541 1387 574 vel
1422 553 1515 576 suum
1551 554 1619 577 esse
1656 543 1773 590 aliquid

1027 588 1120 622 ctiam
1138 587 1231 629 dicat,
1255 588 1395 635 nihilque
1411 589 1502 625 liceat
1524 591 1640 626 cidare
1656 592 1773 640 absque

1004 637 1139 682 ⁴¹prioris
1169 638 1217 672 sui
1245 637 1382 678 lieentia,
1409 648 1462 673 ant
1490 640 1633 686 accipere
1655 641 1771 688 aliquid

283 686 440 729 Quoniam
477 686 599 720 favente
634 685 717 725 Deo,
750 697 807 719 nos
840 686 960 732 priores
975 712 984 729 ,
1004 690 1006 719 ἶ

1026 685 1123 732 quod,
1145 698 1239 733 quam
1262 687 1355 722 citius
1377 689 1541 723 commode
1560 690 1683 735 poterit,
1712 703 1771 726 non

1026 744 1160 781 exponat
1188 735 1336 771 voluntati
1361 738 1488 784 prioris;
1516 751 1587 772 cum
1616 743 1673 773 n’ec
1701 752 1774 786 pro-

1027 785 1092 830 pria
1120 796 1263 831 corpora,
1299 798 1356 821 nec
1384 787 1558 822 voluntates
1594 788 1688 822 etiam
1716 788 1773 823 ha-

1026 833 1098 868 bere
1133 833 1268 869 debeant
1303 835 1332 870 in
1370 836 1494 883 propria
1531 844 1694 884 potestate.
1726 838 1772 872 Ab

1025 883 1140 918 octavis
1174 883 1314 919 Paschae
1353 897 1451 932 usque
1478 885 1515 920 ad
1545 885 1771 922 Exaltationem

1025 931 1158 967 Sanctae
1180 932 1305 973 Crucis,
1331 934 1485 976 secunda,
1507 944 1615 982 quarta
1637 945 1667 971 et
1688 945 1772 971 sexta

1025 981 1100 1016 seria
1131 983 1273 1017 canonici
1295 991 1325 1017 et
1355 995 1480 1018 sorores
1506 985 1656 1020 ieiunent.
1685 985 1773 1021 Con—

1026 1030 1104 1065 versi
1128 1043 1200 1066 vero
1222 1039 1391 1067 teneantur
1413 1040 1532 1068 tantum
1557 1034 1588 1068 in
1609 1035 1705 1070 sextis
1728 1034 1774 1070 fc-

1026 1080 1080 1114 riis
1107 1088 1138 1114 et
1164 1080 1289 1115 ieiuniis
1318 1081 1516 1117 solemnibus
1543 1083 1692 1119 ieiunare.
1727 1085 1774 1118 Ab

1024 1128 1219 1164 Exaltatione
1241 1137 1345 1165 autem
1365 1130 1499 1166 Sanctae
1519 1131 1646 1176 Crucis,
1676 1146 1774 1180 usqne

1024 1178 1061 1212 ad
1094 1177 1225 1219 Pascha,
1252 1180 1394 1226 exceptis
1431 1180 1545 1215 diebus
1581 1181 1772 1226 dominicis,

1024 1227 1211 1262 continuum
1255 1229 1408 1263 ieiunium
1450 1229 1645 1265 observetur.
1683 1230 1774 1266 Con-

1025 1276 1103 1310 versi
1128 1284 1244 1316 tamen‚
1272 1278 1325 1324 qui
1347 1279 1546 1324 gravioribus
1577 1290 1774 1327 occupantur

1025 1325 1196 1365 laboribus,
1229 1327 1350 1373 quartis
1376 1335 1406 1361 et
1428 1328 1525 1363 sextis
1556 1328 1653 1370 seriis,
1688 1338 1718 1364 et
1743 1331 1772 1363 in

1024 1374 1218 1409 solemnibus
1241 1376 1378 1415 ieiuniis,
1401 1385 1431 1410 et
1453 1389 1508 1423 per
1529 1385 1625 1411 totum
1650 1377 1774 1413 Adven-

1026 1431 1091 1457 tum
1135 1431 1300 1459 teneantur
1337 1425 1480 1460 similiter
1514 1427 1678 1468 ieiunare,
1717 1426 1773 1462 sed

1024 1484 1096 1506 cum
1124 1481 1220 1519 agunt
1242 1486 1334 1519 opera
1363 1474 1478 1509 leviora
1505 1476 1591 1510 omni
1621 1484 1774 1523 tempore,

1024 1522 1105 1556 sicut
1137 1523 1301 1564 canonici,
1335 1523 1512 1558 secundum
1546 1525 1662 1572 prioris
1688 1526 1774 1560 arbi—

1026 1571 1119 1605 trium
1139 1571 1278 1606 ieiunare
1300 1572 1445 1608 similiter
1468 1582 1644 1609 teneantur.
1664 1574 1774 1609 Liceat

1025 1628 1128 1654 tamen
1153 1621 1247 1667 priori
1270 1621 1307 1655 ab
1334 1623 1452 1656 octavis
1490 1622 1630 1658 Paschae
1674 1637 1774 1670 usquc

1025 1670 1062 1704 ad
1099 1669 1249 1704 kalendas
1289 1671 1426 1705 octobris
1464 1671 1601 1706 relaxare
1638 1673 1773 1712 ieiunia,

1025 1730 1097 1753 cum
1126 1718 1155 1752 id
1180 1719 1290 1753 viderit
1314 1720 1471 1765 expedire.
1499 1720 1667 1756 Debilibus
1694 1734 1774 1769 quon

1025 1779 1098 1813 que,
1121 1774 1151 1801 et
1177 1768 1322 1812 senibus,
1353 1778 1383 1804 et
1405 1769 1660 1805 adolescentibus
1688 1772 1773 1806 omni

1027 1824 1188 1862 tempore,
1209 1829 1280 1851 cum
1310 1818 1404 1864 priori
1428 1819 1577 1863 expedire
1607 1820 1774 1861 videbitur,

1027 1866 1110 1911 rigor
1136 1866 1243 1900 ieiunii
1267 1869 1434 1902 relaxetur.
1460 1868 1590 1903 Minutis
1617 1871 1710 1904 etiam
1731 1870 1776 1904 li-

1027 1922 1094 1949 ceat
1121 1914 1169 1949 bis
1190 1928 1224 1950 se
1252 1916 1391 1955 reficere,
1430 1918 1543 1964 prima,
1577 1920 1716 1954 secunda
1743 1928 1775 1955 et

1028 1964 1114 1998 tertia
1142 1964 1192 1999 die
1227 1965 1433 2006 minutionis,
1473 1968 1529 2001 nisi
1568 1968 1773 2014 praecipuum

1027 2013 1179 2047 ieiunium
1203 2022 1278 2048 tunc
1299 2023 1455 2049 occurrat.
1479 2016 1541 2058 Qui
1557 2028 1656 2063 eques
1669 2018 1775 2052 eundo

1027 2062 1065 2096 de
1103 2074 1259 2097 consensu
1303 2064 1416 2110 prioris
1457 2064 1573 2099 suerint
1606 2067 1636 2100 in
1665 2066 1775 2101 itinere

1027 2113 1207 2153 constituti,
1236 2112 1274 2146 ab
1296 2114 1412 2147 octavis
1440 2113 1578 2149 Paschae
1607 2128 1704 2161 usque
1736 2116 1775 2150 ad

1027 2160 1256 2195 Exaltationem
1279 2161 1413 2197 Sanctae
1427 2161 1552 2206 Crucis,
1569 2164 1626 2197 nisi
1644 2165 1673 2197 in
1689 2173 1774 2198 sexta

1029 2209 1103 2244 seria
1147 2218 1178 2244 et
1203 2210 1233 2244 in
1263 2212 1439 2256 praecipuis
1471 2212 1607 2254 ieiuniis,
1635 2213 1776 2247 ieiunare

1029 2259 1159 2294 minime
1178 2267 1353 2294 teneantur.
1378 2260 1441 2294 lllis
1464 2270 1580 2301 autem,
1602 2262 1655 2307 qui
1680 2262 1776 2307 pedes

1028 2307 1156 2348 vadunt,
1188 2308 1275 2342 omni
1311 2316 1452 2354 tempore
1476 2309 1565 2344 liceat
1592 2309 1641 2344 bis
1663 2323 1697 2345 se
1725 2322 1775 2345 re-

1030 2356 1133 2396 ficere,
1160 2365 1291 2402 excepto
1318 2357 1348 2391 in
1376 2357 1533 2398 Adventu,
1569 2366 1599 2392 et
1625 2359 1654 2392 in
1685 2371 1775 2406 prae-

1029 2405 1131 2451 cipuis
1165 2405 1306 2448 ieiuniis,
1341 2413 1371 2439 et
1405 2406 1480 2440 dum
1508 2407 1539 2441 in
1566 2407 1672 2454 aliquo
1706 2408 1775 2443 loco

1031 2465 1147 2487 moram
1173 2454 1396 2500 pertraxerint,
1427 2456 1451 2489 si
1475 2455 1539 2490 lieri
1567 2458 1680 2503 poterit
1706 2457 1775 2492 sine

1029 2502 1206 2548 gravamine
1228 2504 1397 2538 sociorum.
1425 2503 1543 2538 Infirmi
1570 2514 1692 2550 autem,
1721 2518 1773 2554 qui

1030 2551 1122 2586 talem
1145 2552 1357 2587 infirmitatem
1381 2553 1507 2594 habent,
1542 2567 1622 2601 quae
1652 2557 1776 2602 appeti-

1030 2608 1096 2635 tum
1111 2613 1171 2636 non
1189 2602 1322 2636 multum
1347 2602 1463 2647 turbet,
1484 2614 1542 2638 nec
1563 2615 1617 2639 eos
1639 2604 1773 2640 multum

1792 242 1842 269 An.
1861 243 1889 269 (Γ.
1907 245 1969 270 ¹23t

1789 457 1817 479 De
1829 464 1886 485 propr
1895 460 1970 479 {vir-tn:

1811 895 1836 915 lle
1854 894 1946 915 lcitum,

1801 1633 1850 1654 Cum
1898 1634 1972 1660 quihus

1789 1665 1951 1692 di=p0nsamtum
1966 1671 1971 1684 ι
