2129 3223
116 251 168 277 An.
186 248 214 276 C.
233 249 296 276 1231

150 1061 267 1083 Exordium.

132 1365 213 1388 Gulae
230 1367 250 1387 in
266 1364 304 1386 Ec-

119 1402 186 1416 clesia
202 1396 286 1418 urreisi.

139 2092 206 2113 Locus
222 2091 308 2113 cuilibet

124 2124 242 2149 assignatus

367 243 437 274 453

627 301 756 338 xxvtl.

320 383 411 420 Onod
431 393 449 414 a
472 381 552 414 clero
584 381 618 413 in
641 379 784 413 Ecclesiis
814 378 902 412 Urbis
935 383 1069 411 servetur

364 432 457 469 ordo,
490 430 628 463 videlice!
662 436 696 463 ut
729 428 895 473 presbyteri
930 427 1068 459 diaconis

361 480 594 525 praeferamur,
613 479 666 512 isti
681 490 751 513 vero
765 477 962 512 subdiaconis
978 486 1069 520 prae-

363 530 472 564 cedant
494 530 551 573 (1).

584 600 799 633 ΞΠΜΜΑΒΙΗΜ

316 670 483 702 Exordium.
504 685 542 692 —
560 668 674 699 Gradus
694 668 724 698 iu
739 665 868 697 Ecclesia
892 664 1011 696 diversi.
1029 679 1069 687 -—

356 715 450 744 Locus
467 712 589 744 cuilibet
610 712 788 751 assignatus.

316 794 460 829 Gregorius
479 793 620 829 episcopus
633 798 728 820 servus
741 796 881 819 servorum
890 788 946 821 Del,
960 787 1069 817 dilectis

360 844 426 872 filiis
444 842 600 872 rectoribus
628 839 838 870 fraternitatis.
876 839 906 867 et
943 837 1068 866 universo

353 893 432 924 ,clero
451 892 540 925 Urbis,
557 891 677 919 salutem
701 890 731 918 et
754 887 935 925 apostolicam
959 885 1067 915 henedi-

360 943 488 972 ctionem.

365 1013 406 1050 Ut
441 1011 626 1048 universatis
661 1009 822 1046 Ecclesiae
860 1005 1068 1056 pulchritudo

318 1063 469 1098 membris
502 1062 636 1108 effigiata
676 1059 854 1099 distinctis,
893 1069 974 1104 quae
1005 1068 1066 1090 non

317 1112 463 1148 cumdem
497 1120 599 1146 actum
635 1109 806 1151 babentia,
837 1107 971 1142 invicem
1007 1104 1067 1140 sibi

317 1162 459 1198 unanimi
483 1161 633 1196 charitate
660 1159 852 1198 ministrant,
880 1169 942 1191 non
963 1154 1066 1190 solum

316 1220 457 1247 servetur
479 1210 644 1257 integrius,
664 1220 772 1243 verum
787 1206 879 1241 etiam
897 1204 1068 1240 officiosius

316 1269 475 1308 operetur,
498 1260 596 1295 instar
617 1258 721 1294 curiae
743 1256 830 1302 regui
852 1255 999 1291 coelestis
1013 1266 1067 1288 or-

317 1311 425 1345 dinum
450 1309 596 1345 varietate
619 1307 823 1353 distinguitur
844 1313 874 1340 et
896 1303 1068 1350 insignitur

318 1359 416 1394 titulis
438 1359 642 1405 dignitatum,
670 1356 788 1404 quibus
813 1355 871 1389 viri
899 1354 984 1400 digni
1011 1352 1068 1387 de-

318 1409 412 1444 corati
441 1408 590 1443 decenter
611 1405 786 1441 secundum
811 1404 991 1439 differentes
1011 1401 1067 1436 da-

319 1467 364 1493 tas
386 1470 402 1492 a
422 1457 560 1493 Domino
582 1456 696 1503 gratias
717 1455 747 1489 in
768 1466 814 1492 ea,
836 1466 897 1501 qua
916 1460 1068 1487 vocantur

318 1508 492 1547 vocatione,
514 1506 609 1553 digne
630 1504 777 1540 studeant
800 1502 954 1538 famulari.
974 1500 1067 1536 Unde

320 1569 358 1591 ne
384 1555 563 1591 membrum
592 1555 621 1589 in
654 1565 786 1597 corpore
813 1551 996 1587 scandalum
1020 1549 1068 1584 fa·
1119 1584 1123 1587 ,

320 1618 390 1640 cere
422 1605 581 1649 videatur,
612 1603 754 1650 expedit,
783 1610 817 1637 ut
848 1602 901 1649 qui
930 1600 1068 1635 minores

320 1663 391 1689 sunt
421 1654 543 1694 ordine,
567 1664 764 1699 nequaquam
795 1650 939 1698 postponi
968 1649 1068 1684 maio-

320 1704 407 1739 ribus
440 1703 662 1749 dedignentur,
698 1713 770 1736 cum
793 1701 868 1735 alias
898 1697 1066 1734 ridiculum

321 1754 490 1796 videretur,
511 1753 535 1788 si
560 1751 696 1799 provecti
724 1750 761 1784 ad
785 1749 911 1784 ordines
941 1748 1068 1783 altiores

321 1803 350 1837 in
366 1803 444 1837 lucis
467 1801 670 1837 inferioribus
687 1806 895 1834 remanerent.
919 1797 960 1833 Ut
975 1797 1069 1844 igitur

322 1853 350 1887 in
384 1851 536 1893 Ecclesiis
562 1849 660 1885 Urbis
693 1849 818 1894 singula
845 1859 988 1896 quaeque
1015 1846 1069 1880 lo-

321 1914 392 1936 cum
416 1908 542 1936 teneant
563 1900 670 1935 sortita
692 1898 852 1938 decenter,
875 1896 1015 1932 volentes
1036 1903 1070 1930 ut

323 1950 523 1997 Apostolicae
551 1948 646 1988 Sedi,
681 1948 772 1983 cuius
806 1954 878 1982 sunt
905 1945 1069 1984 membra,

322 2000 401 2035 sicut
423 1998 581 2042 convenit,
603 1997 851 2040 conformentur,
878 1995 917 2031 de
940 1995 1069 2030 fratrum

324 2058 502 2084 nostrorum
526 2047 658 2083 consilio
676 2046 833 2093 praesenti
860 2045 987 2080 decreto
1007 2053 1071 2079 sta-

324 2099 459 2138 tuimus,
493 2105 526 2132 ut
559 2097 598 2132 de
625 2104 749 2131 caetero
777 2096 807 2130 in
843 2093 981 2141 qualibet
1007 2093 1071 2128 Ec-

324 2148 415 2183 clesia
439 2146 611 2194 presbyteri
634 2146 771 2192 primuni
794 2144 911 2183 Iocum,
948 2142 1070 2178 diaconi

324 2197 514 2240 secundum,
536 2194 721 2230 subdiaconi
749 2193 888 2235 tertium,
916 2200 944 2227 et
967 2192 1012 2227 sic
1033 2192 1072 2226 de

325 2247 456 2293 reliquis
482 2245 641 2280 obtineant
670 2243 852 2281 ordinatim,
875 2242 997 2277 etiamsi
1021 2254 1074 2288 po·

324 2297 438 2332 sterius
470 2294 682 2330 admittantur.
717 2292 802 2328 Nulli
835 2303 909 2338 ergo
943 2291 1073 2326 omnino

326 2349 490 2384 bominum
533 2348 623 2382 liceat
657 2347 737 2381 banc
767 2345 914 2393 paginam
948 2352 1074 2380 nostrae

325 2401 559 2438 constitutionis
586 2400 768 2446 infringere,
795 2399 841 2434 vel
865 2399 891 2433 ei
914 2411 992 2434 ausu
1020 2406 1074 2433 te—

325 2456 458 2490 merario
491 2454 657 2490 contraire.
697 2453 731 2488 Si
766 2453 838 2500 quis
874 2460 978 2487 autem
1014 2452 1074 2487 boc

326 2516 477 2544 attentare
519 2507 787 2555 praesumpserit,
826 2506 1072 2553 indignationem

327 2562 553 2609 omnipotentis
578 2561 654 2606 Dei,
676 2573 713 2596 ac
739 2560 900 2596 beatorum
932 2559 1016 2595 Petri
1043 2568 1074 2596 et

361 2630 402 2666 (t)
418 2629 454 2655 Es
475 2630 574 2664 Πομ-51.
594 2629 668 2656 Valle

902 243 1091 270 BULLAmt'M
1114 241 1279 267 nouitium

1087 297 1197 344 lpauli
1221 295 1436 344 apostolorum
1460 295 1527 330 eius
1553 305 1585 329 se
1611 293 1731 328 noverit
1753 291 1861 327 incur-

1109 359 1232 382 Sttt'um.

1158 395 1276 431 Datum
1312 394 1475 436 Laterani,
1509 402 1622 441 quarto
1657 392 1728 427 idus
1762 390 1859 432 maii,

1111 445 1314 494 pontificatus
1336 444 1433 479 nostri
1457 455 1539 479 anno
1561 442 1683 490 quinto.

1170 506 1230 537 Dat.
1253 506 1300 537 die
1324 506 1360 537 12
1381 506 1453 536 maii
1475 505 1560 540 1231,
1583 504 1683 545 pontif.
1707 513 1752 534 au.
1774 512 1800 533 v.

1417 681 1559 718 XXVIII.

1115 761 1314 806 Confirmatio
1349 761 1473 805 reyulae
1519 759 1637 793 ordinis
1680 759 1714 793 S.
1759 758 1863 791 Marci

1159 811 1346 848 Mantuam,
1373 811 1459 844 cuius
1486 810 1642 853 prioribus
1662 808 1860 852 indulqetur,

1158 867 1193 894 ut
1217 860 1323 898 laicos,
1345 860 1401 904 qui
1426 860 1513 905 apud
1537 870 1587 892 eos
1608 858 1781 902 regularem
1802 857 1863 890 ha·-

1159 910 1255 943 bitum
1276 909 1451 954 receperint,
1475 910 1518 943 ad
1541 909 1676 953 primam
1702 913 1862 940 tonsuram

1155 970 1335 1004 promovere
1360 960 1481 993 valeant
1504 961 1565 1001 (l).

1379 1030 1594 1062 SUMMARIUM

1109 1098 1277 1129 Exordium.
1297 1115 1337 1121 —
1359 1097 1500 1136 Regulam
1530 1097 1566 1127 ab
1601 1098 1644 1128 eis
1678 1097 1862 1128 emendatam

1150 1144 1314 1174 confirmat.
1335 1160 1375 1166 —
1396 1142 1524 1181 Regulae
1548 1147 1640 1173 tenor.
1669 1160 1709 1166 —
1725 1142 1765 1173 De
1787 1152 1862 1173 con-

1150 1188 1248 1218 cordia
1269 1187 1422 1225 servanda,
1433 1204 1473 1210 —
1493 1186 1742 1227 Observandaque
1751 1187 1863 1225 regula.

1148 1232 1235 1263 —ne
1265 1232 1396 1263 silentio:
1419 1249 1458 1256 —
1473 1231 1668 1272 Proprietate:
1685 1231 1863 1262 —Ie'iunioe

1149 1295 1187 1301 —
1199 1277 1270 1308 Cum
1290 1277 1399 1317 quibus
1412 1275 1810 1316 dispensandum—Cibis:
1826 1289 1864 1299 —

1149 1321 1296 1357 Vestibus,
1319 1326 1345 1352 et
1362 1321 1482 1352 lectulo:
1502 1338 1542 1344 —
1563 1320 1625 1351 Usu
1647 1325 1804 1351 cotiarum:
1824 1337 1866 1344 —

1149 1365 1261 1396 Labore
1296 1374 1447 1395 manuum:
1479 1364 1574 1394 —De
1609 1365 1799 1395 admittendis
1827 1365 1863 1395 ad
1887 1399 1892 1403 ,

1149 1408 1475 1449 professionemt—De
1487 1410 1644 1446 advocatis,
1656 1409 1720 1439 vice
1735 1409 1863 1440 dominis

1148 1458 1199 1484 etc.
1217 1470 1256 1477 —
1272 1453 1312 1484 De
1333 1454 1482 1493 colloquio
1500 1463 1566 1484 cum
1589 1453 1741 1484 sororibus
1759 1457 1810 1483 etc.
1824 1470 1864 1477 —

1149 1496 1188 1528 De
1205 1496 1389 1528 observantia
1410 1497 1653 1528 reformationum
1672 1507 1687 1528 a
1705 1497 1864 1528 visitatori-

1150 1542 1206 1572 bus
1242 1543 1453 1573 faciendarum.
1471 1559 1509 1566 —
1540 1541 1716 1573 Confirmata
1750 1543 1862 1581 regula,

1148 1596 1207 1617 non
1231 1587 1309 1617 nulla
1323 1588 1412 1626 priori
1434 1587 1567 1618 Pontifex
1582 1587 1717 1618 concedit
1742 1588 1863 1628 priVile-

1150 1631 1207 1669 gia.
1231 1647 1270 1653 —
1291 1630 1460 1662 Clausulae.

1110 1700 1254 1736 Gregorius
1266 1701 1409 1737 episcopus
1428 1708 1524 1731 servus
1537 1708 1677 1732 servorum
1685 1701 1743 1737 Del,
1753 1702 1864 1733 dilectis

1154 1749 1220 1779 tiliis
1242 1751 1392 1786 prioribus,
1415 1752 1446 1780 et
1461 1751 1585 1787 collegiis
1600 1751 1782 1782 Ecclesia-um
1791 1753 1863 1782 ordi·

1155 1800 1198 1828 nis
1218 1801 1310 1829 sancti
1328 1801 1411 1830 Marci
1429 1801 1570 1830 mantuan.
1589 1802 1649 1831 tam
1663 1802 1863 1838 praesentibus,

1156 1857 1235 1886 quam
1254 1849 1360 1879 futuris
1377 1850 1445 1879 hanc
1463 1851 1587 1886 regulam
1604 1850 1741 1887 professis
1758 1851 1787 1880 in
1800 1857 1866 1888 per-

1155 1900 1279 1935 petuum,
1290 1900 1408 1928 salutem
1417 1901 1448 1929 et
1457 1900 1637 1936 apostolicam
1642 1900 1863 1931 benedictionem.

1162 1965 1237 2000 Piae
1259 1966 1429 2013 postulatio
1452 1966 1622 2002 voluntatis
1635 1967 1748 2002 effectu
1768 1966 1864 2003 debet
1908 1967 2028 1989 “mmmm-

1113 2023 1323 2062 prosequente
1359 2015 1528 2063 compleri,
1560 2025 1594 2052 ut
1627 2026 1657 2052 et
1689 2016 1864 2052 devotionis

1112 2065 1275 2100 sinceritas
1309 2065 1472 2105 enitescat,
1505 2074 1535 2101 et
1567 2066 1684 2102 utilitas
1708 2065 1862 2114 postulata

1112 2114 1194 2149 vires
1215 2114 1431 2150 indubitanter
1456 2125 1605 2150 assumat.

1162 2163 1206 2198 Ea
1231 2171 1370 2212 propter,
1392 2164 1498 2199 dilecti
1523 2166 1553 2199 in
1570 2165 1710 2200 Domino
1724 2164 1792 2209 filii,
1813 2176 1864 2200 ve·

1114 2275 1208 2309 quam
1253 2263 1480 2298 deliberatione
1521 2264 1648 2309 provida
1689 2271 1863 2299 statuentes

1115 2312 1326 2347 communiter
1347 2312 1554 2360 approbastis,
1582 2326 1598 2348 a
1629 2311 1729 2347 felicis
1755 2324 1864 2348 recor-

1115 2361 1249 2396 dationis
1282 2361 1471 2397 Innocentio
1504 2362 1588 2406 Papa
1621 2361 1863 2409 praedecessore

1116 2419 1223 2446 nostro
1252 2411 1340 2446 vobis
1373 2411 1519 2447 fratribus
1540 2411 1646 2447 Sancti
1672 2411 1769 2447 Marci
1799 2411 1864 2447 du-

1116 2460 1190 2495 dum
1214 2460 1388 2496 roboratam
1416 2468 1486 2496 ante
1507 2461 1677 2500 concilium
1704 2461 1862 2508 generale,

1115 2522 1151 2544 ac
1178 2510 1216 2544 de
1238 2510 1386 2545 mandato
1412 2510 1512 2545 bonae
1534 2510 1704 2545 memoriae
1729 2510 1862 2546 Honorii

1115 2559 1220 2607 Papae
1246 2559 1499 2607 praedecessoris
1532 2560 1628 2596 nostri
1655 2559 1686 2595 in
1721 2559 1863 2608 quibus-

1101 2665 1104 2669 .
1150 2628 1190 2663 (t)
1208 2628 1246 2655 Ex
1263 2629 1365 2664 Reges-t.
1386 2629 1467 2657 Vatic.

1874 234 1926 261 An.
1940 232 1971 260 C.
1988 232 2055 260 ¹251

1889 2160 1988 2188 Regulam
2033 2161 2059 2182 ab

1161 2214 1167 2219 .
1360 2213 1366 2220 .
1415 2213 1422 2219 .
1513 2214 1519 2220 .
1578 2215 1583 2221 .
1642 2214 1649 2221 .
1876 2195 1908 2216 eis
1927 2194 2059 2216 emendarum

1114 2222 1187 2248 stris
1221 2213 1486 2261 postulationibus
1512 2215 1663 2255 inclinati,
1699 2213 1994 2262 regulam‚00nnrmai.
