2129 3223
43 249 91 277 An,
108 249 135 277 c,
156 249 224 276 ¹¹99
835 252 1042 276 tNNOCENTtt‘s
1066 254 1101 276 ui
1125 255 1170 276 ιη),
1646 249 1713 282 1:⁸39
1777 259 1826 284 Α...
1848 258 1877 284 C.
1892 258 1958 284 ¹1⁹9

1021 320 1053 343 se
1075 309 1230 343 similibus
1253 322 1312 343 nou
1342 311 1535 353 immiscent,
1569 322 1598 347 et
1619 326 1634 347 a
1657 326 1690 348 se
1714 325 1762 347 rc·
1778 315 1872 366 „2³:¹5⁰”
1910 316 1958 336 '¹¹¹³'-

1022 365 1129 404 putant
1152 358 1283 403 alienos,
1314 361 1366 406 qui
1394 373 1485 396 aures
1521 370 1549 396 et
1572 363 1692 397 animos
1718 371 1765 398 ta·
1850 363 1852 365 ’

558 304 655 339 XXV.

60 1405 190 1427 Praemium,

51 2199 105 2222 Libri
112 2199 167 2220 nen
176 2195 218 2224 gal·

37 2229 79 2252 lice
93 2230 177 2251 redditi,

239 379 330 419 Quod
354 380 491 412 rudiores
512 381 587 414 laici
615 384 650 415 de
683 383 850 427 Scrt'pturis
874 386 980 418 Sacris

283 435 388 461 temere
418 430 566 471 iudicare,
588 432 737 475 privatim
775 435 930 466 convenire
955 441 981 466 et

283 479 470 516 concionari,
497 482 664 514 sacerdotes
678 488 703 513 et
730 482 898 515 Ecclesiam
913 496 980 516 ron-

283 534 409 561 temnere
429 540 491 562 ηοιι
511 530 635 563 debeant
663 533 724 573 (4¹).

497 602 516 633 S
521 602 541 632 U
545 602 567 633 M
571 603 595 633 M
600 604 620 633 A
624 604 657 633 Bt
664 604 683 634 U
688 605 709 634 M

235 666 421 704 Prooemium.
439 685 478 691 —
495 668 572 699 Libri
590 671 664 700 sacri
682 671 785 709 gallice
803 672 918 702 redditi.
942 690 980 696 —

273 712 391 742 Abusus
411 714 477 743 inde
497 715 596 744 exorti.
614 732 653 738 —
671 715 854 746 Praedicatio
876 727 934 747 non
950 720 978 748 in

272 757 396 794 occulto,
424 759 474 788 sed
498 759 615 798 publice
639 760 784 790 facienda.
807 779 845 784 —
867 764 977 794 Arcana

273 801 340 831 fidei
369 811 425 831 non
449 803 585 833 omnibus
604 805 713 841 passim
741 809 919 845 exponenda.
942 827 980 832 —-

272 843 503 877 Praedicationis
526 848 652 877 officium
672 858 729 879 non
745 856 854 882 temere
877 863 891 882 a
909 864 979 893 quo-

271 898 359 929 quam
374 893 631 930 usurpandum.—
641 894 829 933 Sacerdotium
843 898 978 936 dignitas.

271 950 310 957 —
323 934 466 966 Sacerdos
482 946 538 967 non
558 948 572 968 a
591 940 697 978 populo
708 942 978 980 reprehendendus,

271 979 323 1009 sed
345 979 381 1009 ab
404 981 550 1021 episcopo.
578 1000 616 1005 —
634 983 750 1014 Balaam
774 988 920 1025 quomodo
943 989 978 1018 ab

271 1024 352 1054 asina
376 1031 534 1056 correctus.
555 1044 584 1050 -
605 1028 776 1059 Adhortatio
795 1032 830 1069 ad
850 1032 977 1063 Christi-

271 1069 384 1143 fisseles,
403 1075 433 1101 ut
448 1071 483 1101 ab
502 1074 646 1103 enarratis
665 1074 831 1106 abstineant
853 1079 979 1116 pravita-

270 1113 290 1143 ti
314 1123 359 1144 us.

231 1183 403 1215 Innocentius
432 1188 574 1224 episcopus
593 1196 689 1219 servus
711 1198 853 1221 servorum
871 1192 926 1226 nei,
948 1200 979 1221 u-

275 1234 393 1264 nivei-sis
412 1236 644 1267 christifidelibus
660 1241 718 1268 tam
742 1241 769 1269 in
790 1242 854 1270 urbe
866 1242 977 1274 meten..

275 1290 357 1319 quam
374 1285 434 1314 eius
450 1286 567 1315 dioecesi
585 1289 759 1318 constitutis.

279 1349 361 1385 Cum
380 1363 417 1386 ex
441 1353 582 1390 iniuncto
605 1355 695 1391 nobis
722 1358 915 1404 apostolatus
933 1360 980 1394 os-

231 1397 302 1434 ficio
324 1399 393 1435 sacti
416 1403 516 1438 simus
537 1406 710 1440 secundum
725 1408 910 1454 Apostolum
929 1422 978 1444 sa—

231 1448 401 1495 pientibus,
425 1461 456 1486 et
483 1453 703 1501 insipientibus
725 1456 895 1502 debitores,
924 1471 979 1506 pro

231 1497 448 1536 universorum
476 1502 575 1538 salute
604 1516 660 1539 nos
682 1514 805 1552 oportet
831 1520 900 1543 esse.
926 1521 979 1542 so-

231 1546 343 1590 licitos,
375 1558 409 1584 ut
434 1559 464 1585 et
491 1553 589 1587 malos
622 1555 816 1591 retrahamus
837 1570 852 1592 a
877 1558 978 1599 vitiis,

231 1604 262 1631 et
288 1597 389 1634 honos
422 1600 452 1635 in
487 1602 655 1637 virtutibus
689 1604 866 1641 foveamus:
905 1617 978 1642 tunc

231 1653 335 1682 autem
363 1661 442 1695 opus
462 1659 508 1685 est
530 1652 719 1689 discretione
746 1656 874 1701 maiori,
907 1670 977 1692 cum

231 1700 304 1736 vitia
325 1702 385 1737 sub
405 1705 509 1751 specie
545 1707 693 1742 virtutum
718 1711 840 1745 occulte
865 1712 978 1747 subin-

231 1761 323 1799 trant,
348 1765 377 1790 et
399 1758 529 1804 angelus
547 1760 702 1796 Sathauae
724 1775 757 1797 se
779 1764 809 1798 in
832 1767 977 1811 angelum

232 1806 313 1843 lucis
346 1811 490 1848 simulate
529 1815 736 1851 transformat.
769 1817 852 1853 Sane
881 1821 979 1867 signi-

232 1861 335 1897 ficavit
357 1866 447 1900 nohis
469 1868 653 1903 venerabilis
675 1870 768 1906 frater
794 1882 898 1908 noster
911 1876 978 1911 Me—

233 1917 332 1952 tensis
357 1920 525 1968 episcopus
552 1935 605 1969 per
627 1924 742 1960 litteras
771 1940 862 1973 suas,
894 1931 976 1976 quod

232 1978 294 2005 tam
323 1972 354 2006 iu
376 1973 525 2021 dioecesi,
546 1990 639 2024 quam
670 1981 745 2015 urbe
774 1981 889 2018 Meten.
916 1985 978 2019 lai-

231 2036 341 2061 corum
368 2036 400 2062 et
426 2030 592 2066 mulierum
629 2035 797 2071 multitudo
818 2050 880 2072 non
910 2051 977 2074 mo-

231 2078 301 2115 dica
323 2088 419 2117 tracta
451 2084 684 2130 quodammodo
705 2089 861 2126 desiderio
891 2092 971 2127 Scri-

231 2140 407 2180 pturarum,
421 2136 601 2185 Evangelia,
616 2142 765 2188 epistolas
781 2144 878 2185 Pauli,
894 2146 978 2182 Psal-

232 2189 358 2235 terium,
391 2191 520 2229 Moralia
550 2194 616 2235 lob„
644 2204 673 2231 et
700 2197 805 2244 plures
830 2200 906 2234 alios
939 2201 977 2235 li-

233 2245 305 2280 bros
337 2246 396 2282 sibi
418 2247 489 2283 fecit
515 2249 544 2283 iu
572 2250 683 2296 gallico
709 2265 852 2288 sermone
874 2264 976 2291 trans-

233 2299 317 2335 ferri.
351 2299 560 2337 Trauslationi
584 2303 765 2340 huiusmodi
783 2307 861 2343 adeo
876 2308 976 2344 liben-

232 2364 294 2395 ter,
326 2355 445 2391 utinam
472 2365 575 2392 autern
610 2367 640 2393 et
672 2360 840 2406 prudenter
871 2362 975 2398 inten-

232 2407 360 2451 dentes,
386 2418 422 2445 ut
452 2413 581 2447 secretis
613 2414 872 2451 conventionibus
903 2417 973 2452 talia

233 2462 314 2498 iuter
334 2475 368 2498 se
394 2465 462 2500 laici
494 2476 525 2502 et
555 2467 703 2502 mulieres
733 2476 863 2505 tractare
884 2483 975 2518 prae-

233 2525 369 2559 sumant,
404 2527 434 2554 et
454 2521 513 2555 sibi
540 2522 672 2557 invicem
695 2524 888 2569 praedicare:
919 2528 972 2574 qui

234 2571 325 2607 etiam
346 2583 552 2621 aspernantur
568 2588 677 2612 eorum
696 2578 900 2625 consortium,
922 2583 973 2628 qui

269 2637 309 2674 (ί)
328 2638 366 2666 Ex
385 2639 484 2673 Baium,
502 2641 584 2677 Epist.
607 2643 664 2669 132.

1022 407 1102 440 libus
1137 420 1196 442 uon
1230 419 1403 456 apponunt,
1440 413 1528 452 Quos
1563 424 1634 447 cum
1667 413 1763 459 aliqui

1023 456 1244 503 parochialium
1274 459 1469 494 sacerdotum
1494 474 1589 508 super
1617 462 1664 495 liis
1694 474 1764 497 cor-

1022 507 1121 551 ripere
1143 508 1330 545 voluisseut,
1359 510 1414 555 ipsi
1444 511 1489 544 eis
1518 511 1547 545 in
1577 512 1684 545 facicm
1710 524 1761 546 re-

1021 556 1178 590 stiterunt:
1207 566 1355 591 conantes
1390 560 1525 593 rationes
1552 561 1699 595 inducere
1725 562 1764 595 de

1021 605 1207 652 scripturis.
1251 608 1335 653 quod
1375 607 1413 642 ab
1441 609 1487 642 his
1521 621 1582 643 non
1615 610 1763 645 deberent

1019 654 1216 701 aliquatenus
1244 656 1412 703 prohiberi.
1440 658 1573 699 Quidam
1608 661 1701 694 etiam
1727 673 1763 694 ex

1020 705 1065 738 eis
1086 705 1320 751 simplicitatem
1344 708 1540 742 sacerdotum
1563 721 1692 743 suorum
1720 710 1766 744 sa-

1020 753 1168 788 stidiuut:
1196 763 1225 789 et
1260 767 1330 789 cum
1367 757 1442 803 ipsis
1470 769 1525 803 per
1554 770 1608 792 eos
1637 759 1762 795 verbum

1020 804 1128 836 salutis
1156 805 1350 850 proponitur,
1377 818 1411 839 se
1439 807 1552 840 melius
1587 808 1700 842 habere
1734 809 1764 842 in

1020 852 1133 887 libellis
1160 855 1237 894 suis,
1272 863 1301 888 et
1330 855 1514 901 prudentius
1547 869 1580 890 se
1609 869 1700 903 posse
1736 858 1764 891 id

1019 902 1140 949 oloqui,
1170 903 1425 939 submurmurant
1454 906 1483 939 iu
1511 907 1643 941 occulto.
1680 907 1765 941 Licet

1019 960 1122 986 autom
1163 952 1355 988 desiderium
1406 955 1598 1001 intelligendi
1646 956 1767 991 divinas

1019 1001 1208 1048 Scripturas,
1236 1011 1265 1036 et
1283 1003 1456 1038 secuudum
1477 1017 1528 1039 cas
1550 1005 1688 1040 studium
1711 1006 1767 1040 ad-

1021 1051 1161 1085 hortandi
1196 1052 1490 1099 reprehendendum
1526 1067 1587 1089 non
1615 1056 1676 1099 sit,
1710 1056 1764 1090 sed

1019 1101 1124 1147 potius
1145 1101 1442 1143 commendandum,
1468 1104 1497 1137 in
1521 1116 1559 1138 eo
1587 1113 1688 1139 tamen
1710 1117 1767 1152 ap-

1021 1159 1129 1197 parent
1154 1151 1266 1185 merito
1293 1152 1463 1198 arguendi,
1491 1154 1573 1200 quod
1602 1154 1679 1189 tales
1711 1167 1767 1189 oc-

1019 1199 1102 1233 culta
1117 1200 1333 1235 conventicula
1353 1201 1523 1244 celebrant,
1545 1203 1683 1238 officium
1705 1204 1764 1238 sibi

1021 1248 1261 1295 praedicationis
1284 1259 1447 1298 usurpant,
1469 1252 1667 1287 sacerdotum
1690 1254 1766 1288 sim-

1021 1298 1189 1345 plicitatem
1213 1299 1355 1339 eludunt,
1377 1309 1407 1334 et
1435 1313 1546 1336 eorum
1573 1304 1764 1337 consortium

1020 1358 1238 1394 aspernantur,
1273 1350 1324 1395 qui
1354 1349 1466 1384 talibus
1494 1363 1555 1386 non
1590 1352 1764 1387 inhaerent.

1020 1396 1106 1432 Deus
1133 1398 1216 1432 enim
1246 1398 1297 1432 lux
1326 1410 1407 1439 vera,
1434 1413 1513 1446 quae
1546 1413 1673 1436 omnem
1703 1402 1766 1436 ho-

1021 1447 1137 1481 minem
1165 1447 1344 1482 venientem
1373 1449 1401 1483 in
1430 1449 1513 1485 hunc
1544 1451 1697 1486 mundum
1727 1452 1765 1486 il-

1020 1496 1172 1541 luminat,
1201 1497 1230 1531 in
1261 1506 1380 1532 tamum
1406 1499 1471 1534 odit
1505 1512 1597 1547 opera
1620 1501 1766 1536 tenebra·

1020 1558 1100 1585 rum,
1129 1555 1159 1581 ut
1186 1548 1346 1593 apostolos
1367 1560 1441 1583 suos
1469 1551 1498 1584 in
1519 1551 1672 1585 mundum
1692 1553 1766 1586 uni-

1020 1607 1143 1630 versum
1180 1596 1414 1643 praedicaturos
1445 1599 1651 1645 Evangelium
1679 1604 1763 1637 omni

1019 1653 1180 1680 creaturae
1201 1646 1368 1687 missurus,
1402 1648 1448 1683 eis
1474 1658 1581 1695 aperte
1608 1652 1764 1697 praecepit

1019 1694 1147 1729 dicens:
1173 1695 1266 1736 Quod
1288 1696 1360 1730 dico
1383 1698 1469 1732 vobis
1496 1699 1525 1733 in
1549 1700 1699 1743 tenebris,
1722 1701 1764 1735 di-

1019 1745 1078 1778 cite
1100 1745 1130 1778 in
1161 1745 1296 1779 lumine:
1326 1754 1355 1779 rt
1377 1748 1460 1793 quod
1485 1749 1515 1783 in
1535 1761 1609 1783 aure
1631 1750 1761 1791 auditis,

1020 1794 1195 1840 praedicate
1217 1807 1310 1842 super
1328 1804 1425 1831 tecta:
1449 1810 1503 1845 per
1518 1798 1578 1833 hoc
1599 1800 1763 1835 manifeste

1019 1843 1228 1884 denuncians,
1255 1846 1338 1891 quod
1373 1848 1550 1893 evangelica
1573 1849 1762 1895 praedicatio

1020 1904 1080 1927 non
1104 1893 1134 1927 in
1157 1893 1289 1928 occultis
1310 1897 1558 1942 conventiculis,
1583 1899 1662 1933 sicut
1686 1899 1761 1934 hae-

1021 1942 1104 1976 retici
1128 1943 1259 1987 faciunt,
1284 1944 1338 1978 sed
1368 1946 1397 1979 iu
1430 1947 1572 1982 ecclesiis
1593 1949 1676 1983 iuxta
1700 1962 1759 1983 mo·

1019 2004 1083 2025 rom
1112 1992 1298 2028 catholicum
1324 2003 1369 2028 est
1393 1996 1517 2042 publice
1543 1999 1756 2046 proponenda.

1018 2040 1094 2075 Nam
1123 2042 1205 2076 iuxta
1234 2044 1445 2080 testimonium
1473 2047 1620 2087 veritatis,
1656 2050 1758 2083 omnis

1018 2091 1071 2137 qui
1100 2091 1179 2126 male
1209 2093 1283 2138 agit,
1310 2093 1376 2128 odit
1398 2096 1515 2130 lucem:
1540 2106 1570 2130 et
1596 2097 1633 2131 ad
1657 2097 1757 2133 lucem

1018 2152 1078 2174 non
1102 2142 1196 2180 venit,
1223 2154 1262 2176 ne
1284 2143 1352 2177 eius
1373 2157 1467 2191 opera
1489 2155 1672 2192 arguantur.
1696 2146 1757 2188 Qui

1017 2198 1120 2225 autem
1146 2190 1219 2225 facit
1241 2193 1413 2233 veritatem,
1436 2195 1518 2229 veuit
1534 2195 1573 2230 ad
1590 2196 1702 2239 lucem,
1726 2207 1756 2231 ut

1016 2240 1256 2275 manifestentur
1288 2253 1381 2288 opera
1416 2244 1503 2286 eius,
1537 2245 1609 2291 quia
1638 2245 1668 2279 in
1692 2245 1757 2279 Deo

1016 2296 1089 2322 sunt
1116 2289 1209 2324 facta:
1240 2301 1366 2337 propter
1392 2293 1475 2339 quod
1508 2305 1579 2328 cum
1615 2293 1757 2329 Pontifex

1017 2338 1237 2384 interrogasset
1270 2340 1372 2375 Iesum
1400 2342 1438 2375 de
1478 2342 1640 2389 discipulis
1672 2345 1755 2385 suis,

1015 2396 1045 2421 et
1071 2387 1109 2421 de
1134 2387 1271 2423 doctrina
1299 2391 1379 2428 eius,
1408 2392 1582 2437 respondit:
1606 2392 1673 2439 Ego
1696 2406 1756 2441 pa-

1017 2436 1075 2470 lam
1104 2436 1227 2472 locutus
1265 2451 1332 2473 sum
1367 2440 1499 2475 mundo:
1540 2453 1598 2487 ego
1631 2455 1756 2491 semper

1015 2486 1106 2520 docui
1130 2487 1159 2520 iu
1182 2499 1347 2535 synagoga,
1369 2498 1399 2523 et
1425 2490 1455 2524 in
1476 2492 1593 2538 templo
1611 2504 1673 2539 quo
1688 2494 1755 2528 'om-

1016 2547 1068 2569 ncs
1096 2535 1200 2571 ludaei
1219 2539 1420 2582 conveniunt,
1448 2547 1479 2573 et
1505 2541 1535 2575 in
1561 2542 1685 2577 occulto
1706 2544 1755 2578 los

1013 2592 1103 2619 cutus
1129 2598 1198 2621 sum
1222 2588 1310 2622 nihil.
1346 2588 1443 2624 Porro
1465 2590 1489 2624 si
1511 2591 1583 2637 quis
1609 2591 1751 2638 obiiciat,

1013 2634 1094 2679 quod
1127 2635 1208 2670 iuxta
1236 2646 1436 2685 praeceptum
1473 2639 1665 2677 dominicum
1688 2655 1750 2678 uon

1781 1710 1958 1733 Praedicattouon

1777 1744 1797 1762 iu
1813 1744 1903 1767 occulto,
1922 1747 1958 1764 sed

1777 1773 1859 1799 publice
1875 1774 1958 1795 lacten*
