2129 3223
15 300 17 302 η
45 258 97 286 Aa.
117 258 147 286 c.
161 258 229 286 ¹208

242 326 368 362 quoque
394 314 553 349 beatorum
589 314 801 361 apostolorum
836 314 919 350 Petri
958 322 986 349 et

44 362 229 422 „ffffi'ffiffi'iffir’
241 364 343 408 Pauli,
364 375 400 399 ac
418 372 533 401 nostra,
553 364 890 398 excommunicationis
910 376 986 399 sen-

43 423 197 451 snm-nemi
241 414 366 449 tentiam
381 413 621 460 interponimus,
638 425 730 460 quam
746 412 986 459 Salzbnrgensis

238 462 503 509 archiepiscopus,
530 463 584 509 qui
609 475 662 508 pro
698 471 839 509 tempore
882 464 985 502 fuerit,

236 513 373 547 incurrat
400 513 425 546 si
453 512 579 559 quando
601 512 640 546 de
669 513 788 558 gremio
825 512 985 546 Ecclesiae

236 570 356 597 vestrae
374 573 564 609 quemquam
587 561 793 596 denominare
822 573 984 608 praesum-

234 611 345 660 pserit,
367 611 424 645 nisi
453 623 546 658 quem
576 610 612 645 ad
659 610 856 658 praesulatus
902 612 983 655 regi-

233 673 306 696 men
322 669 353 695 et
374 660 511 695 officium
535 660 664 695 vicariae
680 660 823 695 nltiorem
836 663 860 702 (Ι
872 662 984 703 >aesti-

233 711 363 746 maverit
385 709 465 745 bona
494 709 566 744 fide.
594 710 695 752 Quam
721 710 981 756 compositionem

233 767 453 808 procuratores
500 760 556 807 ipsi
601 761 716 806 pariter
761 759 982 806 approbantes,

233 809 364 845 eandem
389 809 550 843 humiliter
572 818 767 856 receperunt.
797 808 861 842 Nos
889 810 980 843 etiam

232 859 270 894 ad
294 858 533 906 postulationem
569 871 678 892 eorum
719 859 979 905 compositionem

232 908 365 944 eandem
391 908 474 943 iuxta
503 909 727 955 praescriptam
764 908 894 942 sormam
937 909 981 942 l'a-

231 965 312 993 ctam
335 970 351 992 a
374 958 466 992 nobis
500 966 531 993 et
553 957 591 992 ab
614 958 689 1004 ipsis
712 957 979 1004 procuratoribus,

230 1009 312 1043 sicut
333 1008 540 1055 praemissum
568 1015 626 1044 est,
670 1007 888 1054 approbatam.
923 1020 981 1041 au-

229 1058 371 1092 ctoritate
417 1056 586 1105 apostolica
634 1056 869 1093 confirmamus,
913 1065 980 1090 sta-

229 1115 366 1145 tuentes.
383 1114 416 1141 ut
439 1118 497 1142 nec
516 1106 682 1145 sententia,
698 1118 755 1140 nec
769 1106 978 1153 privilegium.

228 1165 281 1192 aut
307 1155 469 1204 quodlibet
501 1155 584 1190 aliud
624 1156 869 1190 instrumentum
908 1156 980 1190 liuic

228 1206 449 1254 compositioni
473 1217 610 1252 unquam
634 1205 776 1248 obsistat,
793 1205 870 1252 quin
886 1205 978 1239 etiam

228 1263 381 1303 quantum
416 1255 454 1290 ad
495 1255 554 1289 boc
595 1255 720 1302 penitus
738 1255 800 1288 sint
835 1254 978 1295 invalida,

229 1312 264 1340 ut
284 1305 349 1352 ipsa
371 1305 569 1352 compositio,
583 1305 652 1338 sine
665 1304 776 1351 quovis
798 1303 979 1348 obstaculo,

229 1354 326 1390 robur
350 1354 489 1389 obtineat
512 1362 681 1401 perpetuae
705 1353 866 1388 finnitatis.

276 1403 360 1439 Nulli
400 1415 476 1449 ergo
511 1404 640 1437 omnino
682 1403 848 1437 bominum
889 1402 977 1436 liceat

65 1455 183 1477 ⁶³¹⁰¹¹¹³¹¹‘·
229 1453 309 1488 lianc
355 1453 500 1501 paginam
547 1462 670 1487 nostrae
717 1452 955 1498 compositionis
970 1479 977 1489 ,

229 1503 477 1538 confirmationis
498 1511 528 1537 et
549 1502 782 1537 constitutionis
797 1502 978 1547 insi-ingere,

230 1553 275 1587 rel
302 1553 330 1588 ei
357 1564 435 1588 ausu
464 1552 631 1587 temerario
656 1551 822 1586 contraire.
845 1551 879 1585 Si
906 1551 978 1597 quis

227 1610 333 1638 autem
353 1602 413 1637 boc
434 1610 586 1637 attentare
610 1601 864 1647 praesumpserit,
896 1600 979 1634 indi-

228 1651 407 1697 gnationem
430 1651 656 1699 omnipotentis
672 1649 742 1689 Dei,
765 1658 794 1685 et
815 1650 977 1685 beatorum

229 1701 312 1736 Petri
336 1710 367 1736 et
387 1701 477 1737 Pauli
495 1700 709 1749 apostolorum
725 1701 794 1734 eius
809 1712 842 1733 se
859 1700 979 1734 noverit

229 1751 444 1787 incursurum.

279 1800 392 1836 Datum
414 1800 576 1847 Anagniae
599 1799 693 1834 nonis
722 1798 812 1841 iunii,
853 1798 979 1844 pontili-

228 1858 318 1885 catus
339 1862 412 1885 vero
432 1850 552 1884 domini
583 1849 755 1883 lunocentii
779 1848 883 1894 Papae
898 1848 977 1881 tertii

230 1911 314 1934 anno
337 1900 516 1934 undecimo.

283 1961 343 1991 Dat.
368 1961 415 1991 die
434 1960 448 1990 'i
473 1960 545 1990 iunii
570 1960 654 1994 1208,
672 1959 772 1999 pontis.
793 1969 868 1988 :inno
888 1968 924 1988 xi.

27 858 35 866 ’
51 860 186 883 Confirmant
194 861 219 882 ab

19 907 26 914 .
32 890 169 914 'Innocentim

552 2088 659 2123 Lvttl.

233 2157 374 2192 Decerne
407 2164 496 2202 capu!
536 2164 561 2189 et
598 2156 806 2200 magisterium
852 2156 980 2189 Ordinis

281 2208 392 2242 Sancti
411 2208 548 2252 Spiritus
570 2207 601 2239 in
624 2207 696 2240 urbe
726 2207 822 2239 Roma
849 2218 907 2238 esse
933 2206 981 2238 de—

284 2259 349 2291 bere
371 2259 432 2300 (2).

503 2319 713 2351 stolMARlUM

233 2381 327 2412 Causa
355 2381 444 2411 huius
471 2379 701 2410 constitutionis.
727 2395 764 2400 —
781 2378 979 2416 Magisterimn

274 2426 393 2457 Ordinis
410 2426 519 2456 Romae
535 2433 602 2454 esse
618 2423 713 2453 debet.
730 2439 769 2445 —
784 2423 888 2452 Rector
903 2424 979 2462 apud

275 2470 399 2500 nomem
424 2469 577 2499 Pessulan.
606 2468 759 2506 eligendus
777 2469 811 2497 de
834 2477 979 2497 consensu

275 2514 408 2553 magistri
437 2514 545 2543 Romae
578 2512 743 2542 residentis.
763 2528 800 2534 —
826 2510 981 2541 Clansulae

276 2564 443 2589 consuetae.

273 2617 313 2651 (¹)
332 2616 481 2652 Legendum
498 2619 623 2651 putamus
641 2616 783 2640 utiliorem.
823 2612 862 2648 (2)
883 2614 919 2639 Ex
938 2614 982 2639 Ba·
1000 2591 1005 2652 l

238 2655 301 2688 luz„
319 2656 362 2682 lib.
381 2664 418 2689 xi,
436 2656 520 2691 Epist.
540 2656 599 2682 ¹011.
1000 2655 1005 2685 1

841 258 1053 281 lxNOCENTtt's
1080 260 1116 281 111
1146 260 1193 282 ΡΡ.

1657 256 1727 286 2¹5

1027 318 1199 348 Innocentius
1215 320 1355 356 episcopus
1374 329 1470 351 servus
1489 329 1629 353 servorum
1647 323 1704 357 Dei.
1719 324 1779 354 tra-

1072 368 1163 396 tribus
1172 368 1351 404 nospitauum
1363 371 1456 399 Sancti
1465 371 1586 407 Spiritus
1595 373 1666 408 apud
1683 372 1779 402 urbem

1071 419 1101 446 et
1116 418 1233 446 montem
1251 418 1426 448 Pessutanum
1444 420 1552 450 Domino
1569 421 1776 452 famulantibus.

1795 267 1844 291 An.
1866 265 1894 292 C.
1909 266 1974 292 ¹208

1076 479 1234 515 Defuncto
1249 480 1368 516 Romae
1385 482 1484 517 felicis
1504 496 1674 520 memoriae
1692 484 1775 520 Gui-
1803 496 1868 516 «ῑ-«ω
1913 498 1939 516 Lu
1958 505 1972 517 ει

1027 529 1120 570 done,
1142 530 1195 577 qui
1225 539 1396 566 vestrorum
1426 532 1628 580 hospitalium
1654 532 1947 581 priinns¹‘'”‘¹¹⁰'¹“'“

1026 579 1126 613 extitit
1155 580 1315 615 institutor
1336 590 1365 615 et
1401 591 1520 622 rector,
1549 596 1619 618 cum
1647 584 1772 632 quidam

1025 641 1061 663 ex
1083 629 1231 665 fratribus
1253 631 1363 666 vestris
1386 644 1400 664 a
1425 632 1698 678 Montepessulano
1725 634 1774 668 di-

1026 679 1110 719 recti,
1139 688 1168 714 et
1191 680 1242 714 alii
1272 681 1432 716 venientes
1453 681 1491 715 ab
1514 682 1598 717 Urbe
1622 696 1677 730 pro
1705 684 1773 718 sub·

1024 729 1183 764 stitutione
1212 731 1352 773 rectoris,
1375 731 1404 765 in
1434 740 1538 766 nostra
1561 743 1665 768 essent
1690 746 1774 778 prae-

1024 779 1123 813 sentia
1146 780 1325 820 constituti,
1353 781 1391 815 de
1415 781 1555 827 ipsorum
1586 783 1718 817 consilio
1743 793 1772 817 et

1023 839 1163 868 assensu,
1186 830 1258 876 qnia
1287 829 1450 865 videbatui·
1473 832 1642 878 plurimum
1676 845 1773 879 expe—

1023 876 1100 920 dire,
1128 880 1297 913 statuimus
1320 888 1353 914 ut
1380 890 1523 927 caputet
1554 882 1770 928 magisterium
1808 888 1947 928 ’lb-asisswnun·

1022 925 1151 962 Ordinis
1169 930 1261 964 vestri
1279 938 1429 976 perpetuo
1447 940 1622 975 perseveret
1640 933 1669 966 in
1685 931 1770 967 Urbe
1785 920 1969 971 ἵῖξζῃᾷζιῗ.”””

1021 976 1105 1022 apud
1134 977 1288 1024 hospitale
1317 979 1423 1014 Sancti
1446 980 1584 1027 Spiritus
1612 981 1640 1015 in
1663 981 1769 1020 Satria,

1022 1025 1060 1059 ita
1093 1027 1176 1073 quod
1205 1037 1306 1063 rector
1333 1029 1433 1076 ipsius
1469 1031 1581 1076 praesit
1617 1032 1771 1067 universis

1022 1074 1169 1111 fratribus
1195 1077 1316 1113 ordinis
1339 1080 1429 1113 vestri
1454 1089 1515 1114 tam
1539 1081 1770 1126 praesentibus,

1021 1136 1114 1170 quam
1143 1126 1276 1172 futuris,
1310 1140 1483 1176 omnesque
1509 1130 1567 1164 sibi
1606 1138 1771 1167 teneantur

1022 1174 1204 1221 impendere
1243 1177 1455 1213 obedientiam
1491 1188 1520 1213 et
1564 1181 1768 1216 reverentiam

1022 1229 1206 1274 regularem.
1231 1230 1312 1266 Cum
1346 1241 1449 1267 autem
1487 1234 1661 1279 hospitalis,
1684 1237 1768 1283 quod
1797 1245 1874 1268 flector
1913 1250 1965 1275 apud

1020 1291 1066 1317 est
1092 1284 1175 1330 apud
1198 1285 1336 1320 Montem
1361 1286 1568 1322 Pessulanum
1587 1297 1687 1324 rector
1707 1276 1968 1336 fue-ffiffoeffiiss‘ifili

1020 1337 1058 1370 rit
1093 1337 1272 1384 eligendus,
1312 1339 1351 1374 de
1390 1341 1522 1376 consilio
1568 1351 1599 1377 et
1638 1356 1767 1381 assensu
1783 1340 1966 1397 ξ’ῃζὲἰξῇξᾟῗῐξζξ

1021 1392 1149 1426 rectoris
1171 1393 1335 1440 hospitalis
1356 1395 1440 1441 quod
1470 1404 1514 1429 est
1541 1397 1621 1443 apud
1651 1397 1767 1434 Urbem
1782 1403 1896 1422 ¹²⁸⁵d⁶¹¹¹¹⁵

1021 1445 1204 1489 regulariter
1244 1447 1387 1494 eligatur.
1428 1448 1519 1484 Unde
1563 1463 1621 1485 nos
1659 1464 1770 1488 secun-

1020 1498 1095 1532 dum
1139 1500 1269 1535 formam
1312 1503 1544 1538 constitutionis
1587 1506 1768 1542 huiusmodi

1020 1552 1090 1599 eligi
1120 1554 1252 1589 fecimus
1274 1556 1423 1591 dilectum
1453 1557 1550 1592 lilium
1578 1559 1703 1594 fratrem
1732 1561 1767 1595 P.

1020 1607 1059 1641 de
1081 1607 1236 1643 Grancrio
1265 1610 1295 1643 in
1319 1623 1480 1646 summum
1511 1620 1664 1648 rectorem
1693 1615 1769 1650 bos-

1021 1661 1122 1708 pitalis
1148 1662 1253 1698 Sancti
1281 1663 1420 1711 Spiritus
1451 1665 1482 1699 in
1505 1666 1610 1709 Saxia,
1638 1667 1769 1703 tirmiter

1022 1716 1231 1762 iniungentes7
1255 1726 1286 1752 ut
1313 1718 1352 1753 de
1380 1719 1479 1766 ipsius
1501 1720 1633 1755 consilio
1660 1730 1688 1756 et
1711 1735 1767 1757 as-

1020 1782 1113 1804 sensu
1150 1771 1178 1805 in
1209 1771 1354 1820 hospitali
1383 1772 1490 1808 Sancti
1519 1773 1657 1821 Spiritus
1683 1777 1765 1823 apud

1020 1824 1157 1860 Montem
1181 1825 1390 1861 pessulanum
1418 1836 1520 1863 rector
1547 1828 1681 1864 idoneus
1707 1831 1768 1865 eli-

1020 1886 1122 1926 gatur.
1155 1879 1226 1921 Quo
1259 1881 1341 1915 circa
1370 1882 1601 1918 universitatem
1635 1892 1766 1920 vestram

1022 1945 1076 1979 per
1099 1934 1268 1980 apostolica
1295 1935 1410 1982 scripta
1446 1936 1650 1978 mandamus,
1688 1951 1768 1985 qua-

1022 1999 1113 2022 tenus
1135 1988 1218 2035 quod
1247 2001 1261 2022 a
1285 1989 1376 2024 nobis
1403 1999 1449 2024 est
1475 1991 1643 2026 salubriter
1678 1993 1768 2027 insti-

1022 2049 1140 2081 tutum,
1163 2054 1179 2076 a
1204 2043 1289 2077 vobis
1315 2052 1344 2077 et
1371 2045 1609 2079 successoribus
1641 2047 1768 2088 vestris,

1021 2104 1050 2129 et
1078 2108 1162 2130 nunc
1198 2105 1228 2131 et
1255 2109 1381 2144 semper
1415 2099 1633 2133 inviolabiliter
1659 2099 1769 2134 obser-

1023 2158 1119 2184 vetur.
1147 2149 1287 2185 Caeteris
1310 2152 1338 2185 in
1363 2164 1419 2185 suo
1446 2152 1557 2186 robore
1581 2165 1769 2199 permanen-

1023 2203 1115 2241 tibus,
1143 2217 1223 2251 quae
1246 2205 1275 2239 in
1300 2205 1462 2252 privilegio
1486 2207 1592 2253 utique
1625 2207 1766 2253 hospitali

1021 2271 1036 2291 a
1061 2258 1152 2293 nobis
1180 2259 1299 2294 indulto
1321 2260 1522 2294 continentur
1543 2273 1700 2307 expressa.

1071 2312 1154 2347 Nulli
1191 2325 1267 2359 ergo
1307 2315 1437 2348 omnino
1473 2315 1636 2349 bominum
1679 2315 1767 2350 liceat

1024 2366 1102 2401 lianc
1136 2367 1280 2413 paginam
1313 2375 1437 2402 nostrae
1472 2369 1703 2404 constitutionis
1738 2379 1767 2405 et

1024 2420 1170 2455 iussionis
1190 2421 1371 2467 infringere,
1392 2422 1437 2455 vel
1457 2423 1484 2457 ei
1508 2434 1586 2457 ausu
1603 2425 1768 2460 temerario

1023 2475 1185 2510 contraire.
1222 2475 1254 2509 Si
1288 2475 1358 2521 quis
1385 2484 1488 2510 autem
1525 2477 1583 2512 boc
1616 2486 1768 2514 attentare

1025 2530 1290 2577 praesumpserit,
1335 2529 1580 2576 indignationem
1620 2532 1769 2580 omnipo-

1024 2584 1116 2617 tentis
1149 2583 1205 2618 Dei
1241 2592 1271 2618 et
1299 2584 1458 2619 beatorum
1492 2583 1576 2619 Petri
1617 2593 1647 2619 et
1677 2585 1767 2621 Pauli

1023 2637 1236 2684 apostolorum
1266 2641 1333 2673 eius
1359 2651 1392 2673 se
1416 2639 1532 2674 noverit
1555 2641 1766 2675 incursurum.

1795 2322 1903 2343 clausulae
1915 2329 1966 2344 coti-

1782 2358 1861 2374 ΞΙΙΕῘἋΘ,
