2129 3223
915 278 1103 303 normarum
1124 278 1286 301 ROMANUM
1877 275 1929 306 An.
1945 276 1974 306 C.
1992 277 2060 306 125⁶

137 285 186 312 An.
205 285 234 312 c.
255 286 321 312 iaso
383 275 453 307 1¹94

149 342 170 363 ¹¹·
194 349 262 370 ”w
282 348 319 364 ¹0·
334 351 414 374 nius.
443 338 475 373 In
499 336 610 384 primis
635 335 790 383 siquidem
818 341 1006 374 statuentes,
1041 341 1076 368 ut
1118 332 1248 373 Eibach,
1270 332 1514 368 Ekkartesreute
1531 332 1730 377 Stevendorl',
1758 332 1863 369 Pruk-

135 374 228 397 tutu-ern
253 375 296 394 «lise

135 404 211 428 phuam
237 410 296 424 sirm

135 436 224 455 ismiidatz

154 999 193 1012 ona
238 995 307 1014 omnia

125 1027 240 1044 rnutirmatr

300 382 319 425 ¹1}
331 388 408 423 ordo
425 398 610 429 canonicus,
632 386 684 433 qui
711 385 885 420 secundum
908 384 1023 427 Deum,
1045 391 1074 418 et

331 438 410 473 beati
446 435 614 482 Augustini
643 435 779 482 regulam
812 434 841 468 in
873 434 980 469 eadem
1009 432 1074 467 Ec—

329 487 421 522 clesia
446 486 609 520 institutus
629 496 697 520 esse
721 484 932 531 dignoscitur,
960 495 1072 530 perpe—

328 537 391 572 tuis
413 535 529 571 ibidem
559 533 756 582 temporibus
777 532 995 568 inviolabiliter
1012 532 1071 566 ob-

327 594 478 621 servetur.
505 585 670 620 Praeterea
702 595 917 631 quascumque
945 593 1071 628 posses-

326 636 442 681 siones,
459 646 676 684 quaecumque
697 633 777 668 bona
798 633 906 668 eadem
930 631 1070 666 Ecclesia

325 684 358 720 in
386 685 632 733 praesentiarum
659 684 742 718 iuste
763 695 799 718 ac
825 681 974 718 canonice
996 692 1070 727 pos-

324 735 422 775 sidet,
448 743 501 771 aut
529 735 558 769 in
582 734 718 768 futurum
752 732 955 767 concessione
977 730 1069 765 Pon-

323 784 455 826 tificum,
482 783 645 831 largitione
672 795 783 829 regum
812 782 858 817 vel
878 780 1067 828 principum,

323 834 481 870 oblatione
503 833 655 877 fidelium,
683 844 737 867 seu
760 831 829 866 aliis
856 831 946 866 iustis
968 829 1068 864 modis

324 892 499 930 praestante
523 883 658 919 Domino
678 882 788 930 poterit
811 880 956 928 adipisci,
980 880 1067 914 firma

323 933 421 976 vobis,
444 934 616 980 vestrisque
632 930 881 967 successoribus.
905 938 934 964 et
950 929 1067 964 illibata

322 992 536 1031 permaneant.
565 983 598 1018 In
622 981 738 1030 quibus
760 980 837 1015 haec
858 978 993 1027 propriis
1011 978 1068 1013 du-

322 1033 425 1069 ximus
451 1032 655 1080 exprimenda
679 1030 848 1066 vocabulis.
871 1029 991 1064 Locum
1017 1029 1066 1075 ip-

320 1095 388 1118 sum
418 1084 447 1119 in
476 1095 539 1131 quo
566 1081 702 1130 praelata
736 1079 876 1115 Ecclesia
914 1079 971 1113 sita
1006 1086 1065 1119 est,

319 1145 392 1168 cum
408 1133 556 1168 omnibus
575 1130 771 1180 pertinentiis
791 1130 871 1173 suis,
892 1127 1064 1163 Ecclesiam

319 1182 357 1218 ad
385 1182 519 1230 Hengst,
546 1194 617 1217 cum
645 1188 732 1216 curte
753 1178 934 1218 stabularia,
956 1185 987 1212 et
1002 1190 1066 1212 om-

320 1231 413 1267 nibus
440 1232 637 1281 pertinentiis
668 1229 743 1265 suis.
780 1228 953 1263 Ecclesiam
985 1226 1065 1261 Mal-

318 1281 434 1323 lentiu,
469 1294 542 1318 cum
577 1280 724 1316 omnibus
751 1277 949 1325 pertinentiis
987 1276 1063 1311 suis.

320 1330 617 1370 Parscatchesdorff,
647 1327 881 1371 Meizensteine,
915 1326 1064 1370 Rusnize,

318 1380 534 1422 Rakbanizhe,
561 1392 632 1415 cum
668 1377 874 1414 decimatione
909 1384 938 1410 et
961 1376 1064 1410 omni-

319 1430 379 1465 bus
406 1430 604 1478 pertinentiis
630 1428 705 1463 suis.
729 1427 903 1472 Sedingcn,
926 1437 997 1460 cum
1017 1438 1065 1460 ve-

319 1479 498 1514 nationibus
532 1487 562 1514 et
596 1476 835 1526 piscationibus.
883 1474 1062 1518 Perindorf,

318 1529 504 1571 Perourath,
527 1528 702 1568 Nasilaeha,
725 1524 893 1568 Suarzalia,
919 1523 1063 1563 Gloiacb,

319 1578 550 1626 Albatisperge,
577 1577 686 1620 Sulba,
722 1574 967 1614 Suarcimbacli,
1001 1573 1084 1608 Su-¹

317 1629 388 1663 vein
424 1627 596 1675 Criezpacli
636 1638 707 1662 cum
746 1624 868 1671 navigio
900 1631 931 1657 ct
974 1631 1062 1670 parte

317 1678 422 1725 sylvae
450 1678 550 1725 ipsius
571 1676 642 1712 loci.
667 1675 701 1710 Iu
726 1675 818 1709 Alsca
836 1680 977 1720 quartam
999 1685 1063 1719 par-

318 1736 378 1763 tem
412 1727 545 1771 telonei,
571 1726 679 1760 decem
703 1736 829 1759 mansos
850 1724 880 1756 in
901 1721 1064 1756 Grantem-

317 1789 402 1824 pere.
425 1775 680 1811 Pratmarhowen
703 1786 774 1809 cum
802 1771 950 1807 omnibus
966 1772 1063 1818 perti-

317 1826 442 1862 nentiis.
470 1826 644 1869 Decimam,
667 1836 760 1872 quam
784 1821 903 1857 habetis
925 1821 956 1855 iu
980 1833 1063 1868 prae—

317 1876 377 1911 diis
403 1876 471 1911 sitis
505 1876 537 1910 in
564 1874 746 1917 Cariutliia,
778 1870 990 1918 Merlinspach
1024 1870 1061 1905 ad

317 1938 432 1973 pueros
454 1925 631 1972 Peigartem
660 1923 896 1970 Prateuiperge.
918 1919 1063 1955 Teufen-

317 1976 410 2024 pach,
431 1975 555 2015 Ruede,
576 1973 707 2008 inferius
728 1971 892 2019 Haupach,
919 1978 949 2005 et
967 1982 1063 2016 supe-
1082 1982 1084 2000 s

316 2025 384 2061 rius
422 2024 587 2071 Haupacb.
628 2022 822 2063 Routhaim,
863 2020 1062 2067 Vesperting,
1082 2020 1084 2052 5

320 2075 446 2119 Prathe,
473 2074 648 2121 Sliergaren
681 2071 843 2111 Amdorff,
877 2069 1062 2116 Posopergli

318 2124 450 2160 inferius
475 2132 506 2159 et
533 2123 679 2171 superius
712 2120 966 2159 Lauterbrunne,
999 2117 1085 2160 Ga-;

318 2174 515 2217 balteshaim,
546 2171 746 2214 Miterudorl',
780 2169 1063 2216 Engelhartsperge

318 2223 450 2268 Werde,
476 2222 577 2263 Ocde,
604 2219 848 2267 Prasemph‘ach,
883 2219 968 2257 Axi-e,
990 2217 1064 2252 Bal-

319 2273 515 2315 duvinfdorf,
542 2271 771 2316 Adalmaninge
797 2268 970 2311 Ludhaim,
998 2267 1063 2301 En-

320 2322 551 2371 gelpoltsaede,
589 2318 906 2360 Clialtbenmarcbte,
945 2317 1085 2357 Reme*

320 2372 506 2410 Sheusdorf,
534 2371 658 2411 Wieth‚
685 2368 933 2404 Staineinzounc
965 2366 1064 2406 Lolie,

320 2422 425 2462 Nasla,
447 2420 604 2468 Haslpacb
628 2419 769 2458 inferius,
783 2426 811 2453 et
827 2417 982 2464 superius,
996 2415 1065 2450 Cci-

322 2483 452 2518 saperge
474 2469 679 2514 Wezendorf,
708 2466 968 2513 Dnorigelspacli,
1003 2465 1086 2522 Dl.'{

323 2520 494 2567 thalminge
515 2519 574 2554 sub
595 2518 786 2567 quercubus,
809 2517 956 2562 Peringe,
975 2514 1065 2549 Wei-
1084 2523 1086 2528 ’

324 2581 461 2613 zenawe,
483 2569 705 2616 Ekkenperge,
721 2565 942 2613 Hebenspach,
964 2564 1066 2600 Sleter
1084 2555 1087 2608 l

324 2618 355 2652 in
370 2618 487 2657 Monte,
501 2618 621 2657 Pucbe,
644 2616 826 2664 Stainpacb,
848 2615 949 2656 Oede,
970 2613 1066 2648 Duo·
1085 2611 1087 2626 ¹

325 2666 425 2703 stobe.
448 2666 586 2703 Chobel.
613 2666 817 2702 Oberhoven.
845 2664 1066 2712 Pusenperge,

1116 381 1172 423 ke,
1202 381 1356 428 Kitzinge,
1392 382 1508 423 Asclia,
1535 381 1760 430 Grunenpach‚
1795 382 1862 418 Mi-

1115 431 1268 472 cbeldorl',
1294 431 1508 477 Pramerdorl',
1537 432 1752 467 molendinum
1775 433 1860 480 apud

1114 481 1270 522 Pramam,
1285 481 1491 529 Petheringe,
1516 482 1635 526 Heide,
1657 481 1858 529 Rosspaclie,

1112 530 1324 575 Suellendorf,
1343 531 1429 572 Dori,
1449 531 1561 573 Aicbe,
1577 531 1743 576 Otendorf,
1765 532 1857 568 Uten-

1112 579 1197 615 baim
1233 581 1372 622 inferius,
1403 589 1433 616 et
1463 581 1611 628 superius
1631 581 1857 629 Teufenpacb,

1112 629 1198 665 Lolie
1218 630 1359 670 inferius,
1376 640 1404 666 et
1427 630 1573 678 superius
1589 631 1769 666 Praemawe
1787 632 1857 667 Rei—

1110 680 1296 725 teinsrcute,
1324 680 1467 724 Piriclie,
1506 679 1705 721 Odeinrinte,
1735 681 1856 717 Peuze-

1110 729 1190 764 rinte
1212 729 1351 770 inferius,
1370 738 1398 764 et
1411 730 1568 777 superius,
1584 729 1764 774 Visenhart,
1781 731 1855 767 Sto-

1109 778 1178 823 che,
1206 778 1383 819 Nidehaim,
1406 779 1507 823 Grub,
1534 779 1772 818 Hermansdorl',
1793 780 1854 816 Ge-

1110 828 1268 874 roltinger.
1307 828 1473 864 Praedium
1505 828 1723 870 Niternholze,
1756 829 1853 876 Fui-t,

1108 877 1146 912 ad
1172 877 1349 913 Rubertum
1384 878 1539 919 Fabrum,
1567 878 1728 926 Ungriug,
1753 879 1854 915 Sher-

1108 927 1214 974 (linge,
1236 940 1307 962 cum
1331 928 1557 975 piscationibus
1576 937 1605 963 et
1634 937 1720 976 parte
1739 929 1852 976 navigii

1108 978 1227 1024 ipsius,
1267 977 1448 1018 Eliounicli‚
1482 977 1664 1022 Chemeric,
1702 978 1790 1013 Grub
1820 981 1852 1015 in

1106 1026 1232 1062 Austria
1254 1026 1410 1062 Swaneim
1433 1027 1731 1074 Wazemansperge,
1758 1027 1852 1063 Chol-

1108 1088 1212 1117 munz,
1236 1076 1394 1117 Pireubat,
1421 1076 1632 1124 Cliunilpach.
1665 1077 1852 1113 Rozzohen-

1107 1126 1256 1165 sunstorf,
1283 1126 1479 1174 Nuntlioupt,
1506 1126 1700 1167 Cbrotental‚
1732 1127 1851 1174 Negol-

1106 1175 1206 1210 shaim
1219 1175 1380 1220 Ausliaim,
1399 1176 1562 1215 Snellaim,
1579 1175 1718 1223 Risting,
1736 1176 1850 1218 Narde,

1084 1240 1085 1243 ¹
1106 1224 1440 1272 Obernawe,lnzinge,
1451 1225 1590 1261 Wincbil
1606 1226 1747 1270 inferius,
1762 1226 1851 1270 Awe,

1107 1287 1229 1310 necnon
1259 1282 1357 1309 terras
1378 1283 1407 1310 et
1433 1275 1511 1310 alias
1534 1275 1751 1322 possessiones
1777 1288 1850 1311 cum

1108 1325 1217 1371 pratis,
1259 1324 1375 1364 vineis,
1417 1324 1617 1364 nemoribus,
1647 1325 1789 1372 usuagiis
1821 1335 1851 1360 et

1107 1374 1241 1420 pascuis,
1271 1374 1300 1407 in
1333 1374 1428 1409 bosco
1450 1383 1480 1409 et
1513 1375 1622 1421 plano,
1650 1375 1681 1409 in
1709 1375 1800 1422 aquis
1820 1384 1851 1410 et

1106 1423 1316 1463 molendinis,
1353 1424 1383 1458 in
1411 1424 1466 1458 viis
1488 1432 1518 1459 et
1544 1423 1666 1459 semitis
1691 1432 1722 1459 et
1748 1425 1851 1460 omni·

1107 1473 1164 1506 bus
1191 1473 1260 1507 aliis
1291 1472 1504 1513 libertatibus,
1536 1481 1565 1508 et
1601 1473 1851 1510 immunitatibus

1105 1522 1180 1556 suis.
1227 1521 1310 1556 Sane
1345 1522 1502 1557 novalium
1537 1531 1732 1567 vestrorum,
1769 1536 1849 1571 quae

1106 1571 1240 1618 propriis
1267 1571 1423 1612 manibus,
1451 1580 1503 1606 aut
1530 1572 1713 1619 sumptibus
1735 1573 1848 1615 colitis,

1105 1621 1142 1655 de
1170 1620 1284 1668 quibus
1305 1621 1420 1668 aliquis
1443 1621 1593 1656 liactenus
1614 1634 1677 1656 non
1701 1622 1847 1669 percipit,

1104 1671 1167 1705 sive
1178 1670 1216 1705 de
1236 1678 1409 1705 vestrorum
1429 1670 1612 1705 animalium
1635 1672 1847 1717 nutrimentis,

1104 1720 1210 1754 nullus
1228 1732 1243 1754 a
1267 1719 1355 1754 vobis
1382 1720 1522 1755 decimas
1543 1720 1686 1767 exigere,
1719 1721 1765 1756 vel
1792 1733 1848 1756 ex-

1105 1778 1250 1817 torquere
1278 1779 1465 1816 praesumat.
1488 1769 1593 1804 Liceat
1615 1782 1740 1818 quoque
1762 1771 1848 1806 vobis
1875 1776 1968 1799 meritos
2002 1779 2044 1814 ¹3⁵ss

1861 1813 1940 1835 cosque
1976 1815 2043 1836 recipi

1861 1840 1970 1865 permittit.

1104 1820 1235 1854 clericos
1262 1818 1307 1853 vel
1343 1819 1438 1854 laicos
1460 1819 1576 1855 liberos
1597 1828 1627 1854 et
1653 1819 1814 1855 absolutos
1830 1833 1848 1856 e

1104 1869 1229 1904 saeculo
1262 1868 1418 1916 fugientes
1439 1869 1477 1904 ad
1504 1869 1742 1904 conversionem
1765 1871 1848 1905 reci-

1106 1931 1188 1966 pere,
1211 1931 1247 1953 ac
1269 1931 1322 1953 eos
1344 1919 1462 1966 absque
1480 1918 1727 1954 contradictione
1743 1919 1846 1967 aliqua

1105 1969 1248 2003 retinere.
1282 1968 1493 2003 Proliibemus
1521 1969 1665 2016 insuper,

1105 2075 1205 2102 vestra
1229 2067 1454 2114 professionem
1491 2067 1534 2102 sas
1557 2068 1596 2102 sit
1623 2068 1690 2103 sine
1713 2081 1847 2117 praepo-

1104 2118 1155 2151 siti
1190 2118 1238 2151 sui
1267 2117 1404 2162 lieentia,
1433 2117 1491 2151 nisi
1527 2118 1668 2153 arctioris
1689 2118 1847 2164 religionis

1082 2174 1085 2192 ³
1104 2166 1245 2206 obtentu,
1268 2166 1306 2201 de
1327 2167 1438 2202 eodem
1462 2167 1529 2201 loco
1551 2167 1722 2212 discedere,
1744 2168 1847 2202 disce-

1105 2216 1228 2251 dentem
1252 2228 1324 2250 νει-ο
1351 2217 1469 2264 absque
1491 2217 1705 2251 communium
1728 2217 1847 2252 littera-

1106 2279 1172 2300 rum
1219 2274 1388 2301 vestrarum
1416 2266 1559 2301 cautione
1598 2266 1703 2301 nullus
1735 2267 1847 2302 audeat

1106 2316 1250 2350 retinere.
1289 2315 1368 2350 Cum
1408 2324 1511 2350 autem
1550 2315 1694 2362 generale
1720 2314 2043 2372 interdi-ffiffffiffsc'gffi
2083 2347 2087 2351 .

1084 2367 1190 2400 'ctum
1223 2373 1321 2400 terrae
1355 2365 1458 2410 fuerit,
1490 2365 1580 2400 liceat
1614 2365 1701 2399 vobis
1732 2365 1848 2401 clausis

1106 2415 1228 2458 ianuis,
1267 2414 1402 2450 exclusis
1435 2414 1713 2449 excommunicatis
1739 2422 1769 2449 et
1804 2415 1848 2450 in—

1106 2464 1265 2505 terdictis,
1302 2476 1365 2499 uon
1400 2464 1529 2511 pulsatis
1560 2463 1743 2510 campanis,
1777 2477 1849 2511 sup-

1108 2526 1211 2560 pressa
1231 2526 1306 2548 voce
1328 2513 1432 2548 divina
1447 2512 1546 2548 officia
1568 2511 1737 2553 celebrare,
1760 2513 1850 2548 dum-

1108 2563 1200 2598 modo
1233 2575 1358 2598 causam
1395 2575 1456 2598 non
1491 2561 1641 2597 dederitis
1669 2562 1848 2598 interdicto.

1107 2612 1250 2648 Clirisma
1266 2625 1350 2653 vero,
1372 2612 1484 2647 Oleum
1503 2618 1658 2655 sanctum,
1681 2623 1849 2647 consecra-

1108 2663 1210 2698 tiones
1235 2662 1394 2703 altarium‚
1431 2673 1484 2696 seu
1513 2661 1730 2703 basilicarum,
1757 2661 1850 2697 ordi-

1876 1533 1962 1555 Nuntia
1973 1536 2044 1556 eximit

1864 1570 1874 1584 ο
1888 1565 1982 1586 decimis:

1698 1977 1734 2004 ut
1770 1970 1847 2004 num
1875 1968 1979 1991 Protessts
2009 1971 2043 1991 di-

1821 2020 1827 2025 ,
1861 2003 1962 2023 :cedendi
1979 2002 2044 2024 tacut-

1104 2018 1231 2052 fratrum
1246 2026 1422 2053 vestrorum
1439 2026 1508 2065 post
1527 2018 1639 2053 factam
1662 2019 1692 2053 in
1708 2019 1846 2054 Ecclesia
1861 2035 1924 2053 :aiem
1944 2033 2041 2059 rone-ga:
