2129 3223
40 258 78 286 An
105 258 132 285 C.
155 257 220 285 1202

50 319 161 340 Armeni-c
182 324 219 339 rex

36 350 113 376 optime
130 349 155 370 de
176 347 219 369 ltu-

36 387 95 401 mnnu
124 379 219 401 Eri-lesia

35 412 133 437 merita-3

33 1453 166 1482 rriutegtum
182 1459 202 1478 ei

20 1492 152 1508 mmeesnuni.

831 257 1040 281 lNNOCENTlUS
1062 258 1097 280 ΙΙΙ
1121 257 1169 279 ΡΡ.

233 327 295 350 non
317 315 419 351 solum
443 314 511 358 tibi,
533 313 588 348 sed
611 313 703 348 etiam
727 313 782 347 toti
806 325 903 358 regno
924 323 978 348 tuo

232 365 399 412 specialem
421 363 550 410 gratiam
579 362 742 401 faciamus,
772 371 803 397 et
833 363 874 397 ob
907 371 977 397 tuae

230 414 405 449 devotionis
426 413 572 448 meritum
589 421 684 446 totam
701 413 899 446 Arinenicam
922 412 977 446 Ec—

228 463 354 498 clesiam
382 462 584 498 honoremus.
610 462 656 496 Tu
682 463 764 496 onim
794 474 865 508 prae
892 470 975 496 eete-

227 513 269 547 ris
299 512 596 560 praedecessoribus
622 512 697 555 tuis,
724 523 859 557 quorum
888 519 973 545 extat

226 562 389 603 memoria,
412 561 579 608 specialius
608 562 638 595 in
663 568 783 599 nostra,
811 569 839 594 et
863 560 974 595 Eccle-

225 611 289 646 siae
303 611 464 647 Romanae
485 611 652 646 devotione
671 610 824 658 persistis,
841 618 870 644 et
886 611 973 657 Apo-

224 661 354 696 stolicae
380 660 473 696 Sedis
500 662 666 708 primatum
702 668 732 694 et
757 660 970 706 magisterium

223 721 467 758 recognoscens,
494 710 531 745 ad
566 722 633 745 eam
658 710 742 744 velut
772 709 809 743 ad
839 717 969 744 matrem

223 769 306 796 tuam
322 760 484 796 humiliter
496 769 525 795 et
545 761 654 795 devote
671 760 822 794 recurris:
844 767 971 806 propter

221 811 305 858 qnod
328 810 368 846 ab
388 822 423 845 ea
445 810 542 845 debes
565 809 789 844 rationabiliter
810 808 968 843 honorari.

220 860 415 907 Accepimus
442 867 547 895 autem
581 871 618 894 ex
642 859 752 902 literis,
779 870 859 905 quas
886 859 967 905 regia

220 910 312 945 nobis
332 910 484 945 serenitas
506 918 556 944 tua
584 909 766 951 destinavit,
789 907 872 954 quod
896 920 967 942 cum

219 970 350 1006 regnum
378 960 546 994 Armeniae
574 958 746 1004 obligatum
774 957 849 992 Sedi
879 957 966 1004 Apo-

218 1009 348 1044 stolicae
378 1009 573 1044 obedientiae
594 1008 726 1042 vinculis
747 1019 966 1053 recognoscas,

219 1057 309 1103 illud,
335 1059 417 1094 sicut
445 1071 505 1093 non
538 1056 695 1094 debebas,
719 1057 757 1090 ita
781 1057 874 1091 etiam
903 1070 965 1094 non

217 1108 344 1143 volebas
377 1108 507 1154 obligari
535 1106 663 1142 cuilibet
691 1106 777 1140 alteri
805 1106 966 1143 Ecclesiae

217 1157 396 1193 latinorum.
420 1157 512 1192 Unde
541 1156 668 1204 petebas
695 1155 750 1190 tibi
783 1168 838 1202 per
860 1155 966 1192 literas

216 1207 407 1255 apostolicas
440 1206 615 1252 indulgeri,
638 1214 669 1240 ut
692 1212 814 1252 praeter
841 1204 964 1242 Roma-

217 1261 293 1292 nuin
315 1256 502 1292 Pontificem
527 1255 631 1290 nullus
661 1254 777 1289 latinus
800 1254 830 1288 in
854 1263 894 1295 te,
916 1258 963 1292 vel

217 1312 350 1352 regnum
385 1313 491 1346 tuum,
513 1304 560 1339 vel
594 1304 738 1339 homines
765 1304 871 1349 regui,
899 1306 964 1340 sive

217 1354 340 1397 latinos,
362 1356 426 1390 sive
452 1356 529 1390 alios
550 1355 779 1400 cuiuscumque
807 1354 963 1389 conditio-

217 1405 276 1446 nis,
290 1404 630 1440 excommunicationis
648 1411 699 1437 aut
721 1403 878 1437 interdicti
894 1417 964 1450 pos-

216 1454 256 1490 sit
269 1455 457 1490 sententiam
476 1454 687 1502 promulgare.
701 1451 851 1487 Volentes
868 1454 963 1500 igitur

216 1512 367 1551 quantum
395 1516 466 1539 cum
488 1504 556 1539 Deo
583 1514 752 1550 possumus
777 1509 848 1536 tuae
875 1514 962 1539 sere-

217 1554 306 1589 nitati
327 1554 467 1595 deferre,
497 1562 528 1589 et
553 1565 625 1588 cum
660 1552 824 1586 honestate
857 1561 960 1588 nostra

218 1603 385 1650 petitiones
417 1603 517 1649 regias
538 1601 703 1644 exaudire,
727 1602 788 1636 tuis
816 1602 961 1648 precibus

217 1653 374 1693 inclinati,
405 1653 590 1688 auctoritate
618 1651 826 1698 praesentium
854 1651 961 1686 distri-

215 1703 298 1738 ctius
311 1703 490 1738 inhibemus
512 1714 551 1736 ne
565 1702 636 1749 quis
651 1701 681 1735 in
701 1708 743 1739 te,
763 1701 808 1734 vel
829 1713 959 1746 regnum

214 1760 316 1797 tuum,
329 1761 381 1787 aut
403 1751 549 1786 homines
566 1750 652 1797 regni
673 1750 716 1784 tui
735 1750 960 1798 cuiuscumque

213 1801 406 1837 conditionis
427 1802 573 1844 existant,
599 1801 652 1847 qui
677 1798 888 1834 mediantibus
921 1810 961 1835 ta-

213 1862 285 1886 men
312 1851 454 1886 eiusdem
481 1850 569 1896 regni
594 1848 740 1896 praelatis
770 1848 844 1882 Sedi
873 1850 960 1896 Apo-

213 1899 343 1935 stolicae
372 1901 434 1935 sint
460 1899 610 1939 subiecti,
634 1906 753 1945 praeter
780 1897 958 1933 Romanum

212 1948 397 1984 Pontificem
417 1956 468 1983 aut
490 1949 559 1984 eius
573 1948 722 1994 legatum,
739 1947 784 1981 vel
801 1947 838 1982 de
861 1948 960 1994 ipsius

213 1999 341 2046 speciali
369 1998 525 2042 mandato,
552 1997 779 2032 districtionem
807 1997 960 2032 ecclesia-

212 2048 320 2083 sticam
336 2048 448 2083 audeat
461 2059 617 2082 exercere.
634 2046 716 2080 Nulli
731 2058 807 2092 ergo
829 2048 959 2082 omnino

212 2097 376 2133 hominum
414 2098 506 2133 liceat
538 2097 619 2132 hauc
653 2096 798 2143 paginam
835 2106 960 2132 nostrae

212 2146 412 2182 inhibitionis
437 2156 490 2181 etc.

260 2195 375 2232 Datum
402 2195 548 2231 Laterani
572 2194 718 2228 kalendas
747 2195 838 2229 iunii.

272 2249 333 2279 Dat.
355 2249 402 2280 die
422 2250 433 2279 1
457 2249 529 2279 iunii
549 2248 634 2281 1202,
653 2248 754 2286 pontif.
779 2258 854 2276 :inno
874 2258 896 2277 v.

213 2401 362 2435 Declarat
389 2400 590 2433 cistercienses
610 2397 696 2430 nullo
715 2399 805 2431 modo
827 2398 962 2441 obligari

235 2461 332 2495 posse,
346 2455 379 2483 ul
392 2450 538 2494 fugitivos
550 2448 599 2481 sui
611 2447 727 2480 ordinis
741 2448 888 2492 recipiant
903 2448 929 2489 (t
938 2449 958 2488 ).

481 2506 694 2538 SUMMARIUM

213 2558 379 2589 Exordium.
401 2575 441 2581 —
466 2557 654 2595 Privilegium
680 2557 724 2594 (cle
742 2566 791 2594 quo
812 2556 838 2584 in
859 2555 958 2593 tilulo).

252 2619 291 2625 —
309 2602 475 2633 clausulae.

249 2652 289 2687 (t)
304 2651 342 2678 Ex
362 2650 463 2683 Baluz„
479 2656 538 2685 pag.
556 2649 617 2676 61⁸8.

1644 243 1714 275 1183

1017 316 1188 344 innocentius
1206 316 1346 352 episcopus
1362 322 1455 345 servus
1474 319 1613 344 servorun
1639 312 1694 344 Dei,
1715 311 1762 339 ah-

1060 365 1129 398 bati.
1151 367 1181 394 et
1196 366 1341 394 conventui
1360 364 1546 394 Gistorciensi.

1064 428 1145 463 Cum
1175 430 1240 476 paci
1274 441 1310 463 ac
1343 429 1439 475 quieti
1472 440 1581 463 eorum
1608 426 1660 474 qui
1688 425 1762 460 Ma-

1015 479 1078 512 riae
1104 478 1242 513 officium
1269 479 1433 524 elegerunt
1474 486 1600 524 paterna
1640 474 1763 511 sollici-

1016 528 1124 562 tudine
1161 527 1382 574 providemus,
1415 528 1507 562 oflicii
1547 526 1644 561 nostri
1671 524 1763 559 debi-

1014 585 1074 611 tam
1099 578 1322 624 prosequimur
1348 577 1522 617 actionem,
1557 576 1609 623 qui
1643 582 1762 622 quanto

1014 626 1186 661 ferventius
1213 627 1242 661 in
1265 627 1322 662 Dei
1345 627 1475 661 servitio
1492 637 1690 673 perseverare
1705 636 1763 659 no-

1012 684 1153 720 sruutur,
1180 685 1266 712 tanto
1288 676 1436 723 amplius,
1463 688 1501 710 ue
1524 675 1562 710 ab
1583 687 1620 709 eo
1643 675 1763 709 valeant

1012 727 1166 767 revocari,
1193 725 1309 761 debent
1336 726 1367 760 in
1390 738 1448 761 suo
1471 724 1618 760 laudabili
1647 735 1762 772 propo-

1011 776 1070 809 sito
1092 775 1262 810 confoveri.

1779 249 1826 275 An.
1845 248 1874 274 C.
1891 246 1956 272 ¹202

1058 825 1140 860 Hinc
1157 824 1300 872 estquod
1315 836 1387 859 cum
1403 824 1523 871 fugitivi
1540 823 1760 858 Cisterciensis
1775 826 1906 852 ''fivi‘essium
1920 830 1923 841 *¹
1935 828 1954 847 [ι’

1009 874 1130 909 ordinis
1153 886 1252 921 super
1278 874 1457 921 receptione
1487 886 1542 908 sua
1568 872 1760 920 aliquotiens

1010 923 1105 958 literis
1126 924 1301 971 impetratis
1322 931 1430 958 contra
1455 923 1599 958 debitum
1624 934 1677 957 vos
1696 933 1759 956 mo-

1008 972 1122 1008 lestare
1143 981 1364 1021 praesumant,
1399 973 1439 1008 ob
1472 973 1608 1008 favorem
1632 971 1759 1018 religio-

1009 1023 1057 1057 nis
1083 1032 1113 1058 et
1143 1024 1264 1058 ordinis
1290 1023 1383 1057 vestri
1411 1023 1572 1065 volumus,
1605 1029 1636 1056 et
1670 1033 1758 1056 man—

1007 1071 1129 1117 damus,
1164 1081 1197 1108 ut
1218 1072 1398 1107 huiusmodi
1426 1071 1546 1107 ordinis
1568 1072 1663 1106 vestri
1700 1070 1759 1105 de-

1006 1130 1162 1167 sertoreS,
1197 1123 1221 1157 si
1257 1134 1351 1168 super
1384 1122 1565 1169 receptione
1596 1133 1652 1155 sua
1679 1120 1758 1154 forte

1006 1171 1109 1206 literas
1132 1172 1383 1219 impetraverint,
1411 1172 1440 1206 in
1464 1170 1581 1217 quibus
1609 1182 1671 1205 non
1686 1181 1756 1204 con·

1005 1221 1151 1262 tineatur,
1174 1230 1206 1256 ut
1231 1221 1434 1267 recipiantur,
1456 1220 1539 1255 salva
1566 1220 1685 1255 ordinis
1705 1218 1756 1253 di-

1005 1270 1148 1317 sciplina,
1167 1271 1213 1305 vel
1229 1272 1253 1305 si
1267 1270 1409 1317 regulare
1425 1270 1516 1304 fuerit
1528 1278 1558 1304 et
1574 1270 1754 1307 honestum,

1004 1320 1081 1354 tales
1115 1321 1234 1361 literae,
1262 1333 1301 1354 ne
1328 1320 1466 1366 ipsarum
1493 1319 1659 1354 occasione
1702 1330 1755 1353 os-

1003 1369 1071 1404 sitis
1097 1382 1112 1404 a
1140 1369 1255 1404 divinis
1286 1368 1433 1404 laudibus
1456 1369 1608 1411 revocari,
1636 1331 1752 1402 nuliam

1002 1418 1164 1453 obtineant
1190 1418 1381 1458 firmitatem,
1400 1426 1431 1453 et
1446 1430 1485 1452 ne
1500 1431 1606 1454 earum
1623 1417 1751 1452 obtentu

1002 1468 1039 1502 ad
1069 1467 1274 1515 fugitivorum
1308 1468 1523 1515 receptionem
1557 1467 1671 1514 aliquis
1698 1478 1753 1500 vos

1002 1518 1180 1564 compellat,
1220 1518 1407 1553 auctoritate
1432 1518 1605 1564 apostolica
1641 1516 1752 1564 probi-

1002 1567 1124 1602 bemus.

1050 1617 1134 1652 Nulli
1169 1629 1244 1663 ergo
1282 1616 1414 1652 omnino
1451 1617 1615 1652 hominum
1660 1616 1752 1651 liceat

1002 1667 1082 1701 hanc
1110 1667 1254 1714 paginam
1290 1674 1415 1701 nostrae
1451 1666 1672 1714 prohibitionis
1695 1666 1751 1700 in-

1001 1716 1151 1762 fringere,
1174 1716 1219 1751 vel
1241 1716 1269 1751 ei
1292 1728 1369 1750 ausu
1392 1716 1559 1751 temerario
1581 1715 1749 1750 contraire.

1001 1766 1033 1800 Si
1060 1767 1134 1813 quis
1159 1774 1264 1801 autem
1302 1765 1362 1800 hoc
1401 1774 1553 1801 attentare
1587 1777 1751 1811 praesum-

1000 1816 1097 1862 pserit
1131 1815 1380 1862 indignationem
1413 1815 1641 1862 omnipotentis
1669 1814 1750 1858 Dei,

1000 1874 1030 1900 et
1061 1864 1223 1900 beatorum
1256 1865 1341 1900 Petri
1370 1872 1400 1899 et
1422 1865 1511 1899 Pauli
1534 1863 1749 1913 apostolorum

1000 1926 1068 1949 elus
1089 1926 1122 1949 se
1143 1922 1266 1949 noverit
1293 1927 1508 1950 incursurum.

1050 1963 1164 2000 Datum
1188 1965 1345 2005 Laterani,
1367 1964 1490 2000 decimo
1515 1971 1628 2011 quarto
1647 1961 1749 1997 kalen·

1000 2014 1055 2048 das
1078 2014 1156 2048 iulii.

1051 2072 1112 2102 Dat.
1137 2073 1184 2102 die
1201 2072 1237 2101 18
1260 2072 1334 2101 iunii
1354 2071 1440 2108 1202,
1459 2071 1560 2110 pontif.
1580 2079 1656 2099 anuo
1675 2077 1699 2098 v.

1295 2198 1451 2233 xxxvtt.

1049 2274 1186 2318 Speciale
1210 2273 1405 2315 privilegium
1429 2282 1487 2315 pro
1513 2269 1698 2303 monasterio

1118 2323 1151 2354 S.
1181 2323 1339 2355 Laurentii
1365 2322 1401 2353 de
1427 2322 1543 2353 Aversa
1565 2322 1627 2361 (1).

1269 2388 1483 2419 SUMMARIUM

1001 2454 1186 2484 Procemium.
1202 2469 1240 2474 —
1261 2451 1468 2481 Monasterium
1487 2450 1542 2480 soli
1560 2448 1745 2490 Apostolicae

1039 2498 1106 2527 Sedi
1130 2496 1296 2526 subiectum
1315 2496 1454 2526 declarat.
1478 2512 1516 2518 -—
1533 2494 1610 2525 Bona
1633 2495 1659 2525 ei
1676 2503 1747 2525 con-

1040 2544 1145 2572 firmat.
1164 2558 1204 2564 —
1223 2541 1329 2571 Eximit
1350 2550 1364 2570 a
1387 2550 1572 2580 quacumque
1597 2541 1661 2570 iure
1683 2541 1746 2580 epi-

1040 2587 1162 2627 scopali.
1191 2604 1229 2610 —
1250 2586 1403 2624 privilegia
1434 2585 1572 2616 nonnulla
1595 2586 1744 2624 elargitur.

1035 2644 1074 2680 (l)
1093 2644 1132 2671 Ex
1148 2644 1247 2676 Baluz.‚
1268 2644 1349 2679 Epist.
1370 2643 1431 2669 678.

1774 863 1814 884 quo
1829 859 1849 877 ln
1873 858 1953 883 titulo).

1792 1619 1908 1641 Clausulas.
