2129 3223
70 293 120 323 Λα.
134 293 161 322 Ο,
185 294 252 323 tm

264 362 320 398 per
346 362 440 398 opera
478 351 601 398 pietatis
639 351 805 398 gratiorem
851 359 1007 399 praestant

264 400 427 436 Altissimo
447 400 640 436 famulatum.

81 487 96 509 γ
219 490 222 493 ,
311 453 327 494 5
366 452 397 484 1.
436 449 524 485 Licet
560 458 684 494 autem,
718 449 894 485 secundum
923 452 1008 497 Apo-

67 488 250 548 ω’,ῗζᾭζηζζζζῖ
263 498 390 539 stolum.
413 511 470 535 nec
498 499 552 546 qui
585 500 713 547 plantat,
749 511 807 534 nec
843 500 896 548 qni
929 501 1007 546 rigat

68 552 162 602 '95220122
191 552 249 573 ¹0⁶³·
262 549 302 583 sit
327 548 458 595 aliquid,
489 548 543 584 sed
586 549 637 596 qui
683 550 914 584 incrementum
957 549 1008 583 dat

68 588 87 609 ⁹¹
127 597 130 600 ⁴
166 597 170 601 ’
262 597 359 639 Deus;
381 597 604 645 plantationem
632 606 735 632 tamen
775 607 907 633 vestram
943 611 1007 633 no-

262 647 383 685 vellam,
401 647 589 694 apostolicae
615 648 816 695 protectionis
850 648 1007 695 praesidio

261 696 477 744 disposuimus
499 697 636 744 irrigare,
656 705 811 744 quatenus
831 696 899 732 Deo
922 709 1008 744 prae-

261 753 362 781 stante
383 746 628 782 misericorditer
662 747 905 788 incrementum,
940 747 1007 781 fru-

261 803 346 830 ctum
379 796 515 843 proferat
555 805 750 843 exoptatum.
792 796 836 831 Ea
868 805 1006 844 propter,

260 845 366 881 dilecti
390 845 420 880 in
444 845 579 881 Domino
601 846 665 889 filii,
691 846 800 881 vestris
827 846 917 880 iustis
951 858 1007 893 po-

260 894 480 930 stulationibus
527 895 699 931 clementer
736 896 929 935 annuimus,
976 904 1004 930 et

259 943 431 992 praefatum
467 944 608 980 ordinem
653 945 786 981 Sanctae
833 945 1006 989 Trinitatis,

259 994 319 1029 sub
345 993 380 1029 B.
405 993 487 1029 Petri
509 1002 539 1029 et
574 1003 678 1029 nostra
718 995 911 1043 protectione
952 1007 1006 1030 su-

259 1043 425 1092 scipimus,
447 1051 476 1079 et
496 1045 669 1092 praesentis
699 1045 804 1091 scripti
844 1044 1006 1091 privilegio

191 1093 246 1115 Μ’·
261 1094 507 1129 communimus.
531 1093 722 1131 Statuentes,
739 1101 770 1128 ut
789 1105 1007 1141 quascumque

261 1143 486 1190 possessiones,
532 1155 750 1190 quaecumque
796 1143 876 1177 bona
924 1143 1004 1177 idom

260 1193 337 1228 ordo
364 1193 658 1241 inpraesentiarum
686 1193 766 1227 iuste
788 1205 822 1227 ac
856 1193 1006 1227 canonice

261 1242 419 1288 possidet,
461 1249 513 1276 aut
548 1242 578 1276 in
611 1242 751 1276 futurum
804 1242 1005 1277 concessione

261 1291 462 1333 Pontificum,
478 1291 645 1337 largitione
686 1303 793 1338 regum
831 1291 876 1325 vel
919 1291 1006 1338 prin-

260 1341 381 1388 cipum,
408 1340 566 1376 oblatione
585 1339 739 1385 fidelium,
754 1340 819 1375 sive
835 1340 901 1375 aliis
914 1341 1006 1375 iustis

261 1389 378 1432 modis,
402 1397 581 1437 praestante
615 1390 763 1430 Domino,
789 1390 902 1437 poterit
936 1390 1006 1425 adi-

262 1439 355 1487 pisci,
387 1439 474 1475 firma
505 1439 592 1474 vobis
628 1439 802 1486 vestrisque
839 1451 1005 1474 successo-

261 1489 361 1530 ribus,
383 1497 412 1524 et
434 1488 550 1524 illibata
571 1497 785 1536 permaneant.

308 1543 325 1584 5
346 1542 379 1574 2.
401 1539 435 1575 Si
456 1537 581 1586 quando
604 1550 677 1573 vero
698 1538 765 1573 loca
799 1537 919 1573 deserta
943 1539 1006 1573 fue-

78 1586 325 1624 Ι”’“’““““’“““’“ϊίι)ῑ
344 1588 448 1624 eidem
474 1587 641 1623 venerabili
670 1587 771 1622 ordini
823 1586 862 1622 ab
900 1588 1006 1634 aliquo

263 1638 311 1686 pia
331 1637 498 1673 devotione
519 1637 640 1681 collata,
663 1637 752 1672 liceat
780 1637 866 1671 vobis
904 1637 1006 1672 aedifi-

261 1699 334 1723 care
352 1687 452 1731 villas,
474 1687 633 1727 ecclesias,
656 1686 843 1722 coemeteria
865 1686 902 1721 ad
928 1700 1007 1734 opus

261 1737 424 1772 hominnm
455 1737 569 1772 ibidem
607 1736 798 1771 morantium
844 1735 1006 1777 sabricare;

261 1786 304 1822 ita
331 1795 434 1822 tamen
462 1795 495 1821 ut
521 1785 585 1820 illic
627 1785 752 1826 vicinia,
789 1784 923 1831 abbatia,
959 1786 1005 1820 vel

261 1835 476 1883 religiosorum
503 1835 633 1881 collegia
656 1847 716 1870 non
749 1836 893 1880 existant,
927 1848 1006 1883 quae

261 1885 322 1922 boc
341 1885 439 1920 valeat
465 1884 660 1933 perturbare.

309 1938 325 1980 5
347 1938 378 1970 3.
401 1934 485 1970 Sane
510 1934 668 1969 novalium
695 1942 884 1975 vestrorum,
928 1947 1007 1981 quae

66 1980 192 2034 ninfmffi'
204 1982 248 2003 ω’
262 1984 397 2033 propriis
417 1984 580 2024 manibus,
606 1991 659 2018 aut
680 1983 859 2031 sumptibus
893 1983 1004 2024 colitis,

260 2033 326 2070 sive
343 2033 383 2069 de
396 2033 599 2069 nutrimentis
615 2033 796 2068 animalium
820 2041 1005 2073 vestrorum,

261 2083 436 2127 hortorum,
457 2082 505 2119 vel
533 2094 696 2132 pomorum
716 2082 879 2123 fructibus,
901 2084 1006 2118 nullus

260 2149 276 2172 a
298 2136 387 2173 vobis
407 2136 545 2173 decimas
570 2135 695 2184 exigere
732 2136 779 2172 vel
819 2146 1006 2185 extorquere

259 2199 446 2238 praesumat.

307 2247 324 2289 5
348 2247 383 2279 4.
410 2244 516 2281 Liceat
543 2243 629 2280 robis
656 2244 787 2280 clericos
821 2245 868 2281 vel
898 2245 1005 2290 laicos,

68 2300 248 2356 05:232&ss
261 2297 378 2335 liberos
402 2306 435 2334 et
453 2298 614 2334 absolutos
639 2310 657 2334 a
690 2299 816 2335 saeculo
837 2299 1004 2347 fugientes,

68 2340 196 2390 contenisp
261 2351 300 2388 ad
325 2352 562 2390 conversionem
585 2352 735 2399 recipere,
776 2362 807 2388 et
851 2366 905 2389 eos
937 2355 1005 2390 sine

261 2405 506 2442 contradictione
532 2405 637 2454 aliqua
658 2406 801 2441 retinere.

308 2463 325 2503 5
361 2463 393 2495 5.
422 2459 643 2495 Prohimemus
674 2460 813 2507 iusuper,
854 2469 887 2495 ut
927 2461 1002 2496 nulli

262 2512 389 2548 fratrum
411 2521 583 2549 vestrorum
606 2521 677 2561 post
698 2513 808 2549 factam
835 2513 867 2549 in
894 2515 1004 2552 ordine

263 2573 364 2602 vestro
391 2567 628 2615 professionem,
650 2567 696 2602 fas
716 2567 768 2611 sit,
789 2567 908 2616 absque
943 2569 1003 2604 mi-

263 2619 351 2655 nistri
373 2621 421 2656 sui
443 2620 578 2663 licentia,
602 2622 661 2656 nisi
683 2621 826 2656 arctioris
843 2621 1004 2670 religionis

263 2671 404 2719 obtentu,
425 2674 465 2710 de
485 2675 596 2711 eodem
623 2675 732 2711 ordine
754 2674 926 2711 discedere.
945 2676 1003 2713 Di-

78 1092 153 1121 mque

23 1126 33 1145 ’.
67 1125 135 1146 mia
167 1125 247 1147 conflr—

16 1620 26 1648 j
67 1619 96 1640 cit
120 1619 249 1640 non-stari·

41 1655 43 1657 ·
67 1648 196 1671 alinandi.

80 2510 190 2534 mressos
222 2513 247 2535 ab

67 2540 145 2564 omine
175 2544 250 2565 disce·

68 2572 119 2595 dor·
131 2577 195 2595 vetat.

870 294 1074 320 tmocmtt's
1096 295 1133 319 nl
1156 295 1203 318 ΡΡ.

1673 284 1743 318 255

1048 350 1228 386 scedentem
1254 361 1322 385 vero
1346 350 1462 398 absque
1481 350 1698 386 communium
1724 350 1794 386 lite-

1049 413 1152 436 rarum
1175 400 1320 435 cautione
1343 400 1449 435 nullus
1472 400 1583 436 audeat
1610 400 1754 436 retinere.

1096 453 1111 494 5
1146 451 1177 484 6.
1212 448 1357 484 Chrisma
1385 461 1475 494 vero,
1496 448 1609 485 Oleum
1637 459 1793 495 sanctum,
1816 459 1989 494 meramnum

1048 498 1300 534 consecrationes
1321 498 1475 534 altarium.
1502 511 1556 534 seu
1591 499 1791 535 basilicarum
1806 491 1989 543 8:1¹‚⁰“¹2¹3¹,⁵„'1¹J,¹ff

1047 557 1234 592 vestrarum,
1259 548 1473 584 ordinationes
1507 549 1692 585 clericorum
1740 552 1876 585 ναὶ-’Μ’-

1048 606 1196 639 strorum,
1218 598 1270 645 qui
1303 597 1341 632 ad
1373 609 1478 632 sacros
1511 598 1637 633 ordines
1679 598 1795 634 suerint

1050 647 1265 695 promovendi.
1292 656 1322 682 et
1349 656 1468 682 caetera
1501 647 1710 684 ecclesiastica
1742 660 1794 684 sa-

1048 706 1219 741 cramenta,
1241 709 1256 732 a
1279 696 1464 732 dioecesano
1507 697 1685 744 suscipietis
1723 699 1794 745 epi-

1048 759 1157 794 scopo,
1198 745 1353 794 siquidem
1397 745 1571 780 catholicus
1618 746 1720 787 suerit,
1763 756 1793 782 ct

1048 796 1177 841 gratiam
1217 804 1248 831 et
1284 795 1539 830 communionem
1577 804 1792 832 sacrosanctae

1048 845 1212 881 Romanae
1236 845 1328 881 Sedis
1355 844 1509 885 habuerit,
1556 853 1586 880 et
1628 857 1661 881 ea
1705 845 1792 881 vobis

1048 895 1179 930 voluerit
1199 896 1268 930 sine
1295 894 1443 942 pravitate
1464 894 1605 942 qualibet
1633 894 1792 931 exhibere.

1047 944 1198 992 Alioquin
1225 944 1317 980 liceat
1344 944 1431 979 vobis
1459 956 1693 993 quemcumque
1728 957 1794 980 ma-

1047 993 1168 1030 lueritis
1193 994 1380 1030 catholicum
1403 994 1488 1029 adire
1514 994 1698 1035 antistitem,
1723 1007 1795 1042 gra·

1048 1044 1121 1079 tiam
1149 1053 1178 1079 et
1201 1044 1456 1079 communionem
1478 1044 1676 1091 Apostolicae
1702 1044 1796 1080 Sedis

1047 1093 1227 1134 habentem,
1253 1093 1306 1141 qui
1331 1101 1433 1128 nostra
1462 1093 1559 1128 fretus
1601 1094 1794 1135 auctoritate,

1049 1142 1136 1178 vobis
1162 1142 1246 1190 quod
1275 1142 1447 1190 postulatis,
1469 1142 1643 1190 impendat.

1808 294 1857 322 An.
1872 294 1901 323 C.
1921 294 1989 323 1209

1095 1196 1110 1236 5
1134 1195 1165 1226 7.
1188 1191 1269 1228 Cum
1292 1200 1395 1227 autem
1414 1193 1560 1239 generale
1588 1192 1792 1229 interdictum

1047 1249 1147 1276 terrae
1170 1242 1273 1285 suerit,
1299 1241 1391 1276 liceat
1418 1241 1516 1283 vobis,
1538 1241 1653 1278 clausis
1679 1243 1793 1288 ianuis,

1047 1290 1183 1326 exclusis
1222 1291 1504 1326 excommunicatis
1542 1299 1571 1326 et
1611 1292 1793 1332 interdictis,

1047 1352 1109 1375 non
1139 1340 1267 1387 pulsatis
1288 1342 1459 1386 campanis,
1492 1353 1661 1388 suppressa
1695 1354 1792 1382 voce,

1047 1390 1150 1425 diviua
1175 1390 1275 1425 officia
1298 1389 1466 1425 celebrare.

1096 1442 1112 1483 5
1144 1441 1176 1474 8.
1211 1439 1411 1486 Sepulturam
1455 1448 1610 1486 praeterea
1653 1440 1793 1477 locorum

1047 1497 1220 1524 vestrorum
1244 1489 1371 1524 liberam
1405 1501 1475 1524 esse
1507 1488 1721 1531 decernimus,
1760 1499 1794 1526 ut

1047 1550 1154 1574 corum
1181 1538 1338 1574 devotioni
1374 1546 1404 1574 ct
1437 1547 1595 1574 extremae
1629 1539 1794 1584 voluntati,

1047 1588 1100 1635 qui
1128 1600 1161 1623 se
1183 1588 1246 1623 illic
1279 1588 1412 1636 sepelire
1446 1588 1698 1630 deliberaverint,
1734 1590 1792 1626 nisi

1048 1638 1127 1672 forte
1153 1638 1427 1677 excommunicati,
1454 1638 1498 1673 vel
1529 1638 1687 1674 interdicti
1717 1640 1793 1681 sint,

1814 1205 1929 1233 privtum
1938 1212 1990 1228 non—

1807 1237 1864 1259 nulla
1884 1239 1988 1259 maeodit-

1048 1687 1155 1723 nullus
1178 1687 1318 1722 obsistat.
1342 1687 1433 1723 Salva
1465 1696 1567 1722 tamen
1604 1688 1720 1724 iustitia
1755 1689 1793 1724 il-

1048 1737 1145 1771 larum
1173 1737 1396 1778 Ecclesiarum,
1419 1750 1434 1772 a
1456 1737 1571 1785 quibus
1596 1746 1792 1774 mortuorum

1048 1799 1177 1833 corpora
1199 1795 1411 1822 assumuntur.

1096 1840 1110 1879 ἓ
1133 1838 1165 1872 9.
1193 1836 1339 1872 Obeunte
1361 1849 1433 1872 vero
1467 1844 1496 1872 te
1532 1850 1617 1872 nunc
1646 1837 1789 1873 eiusdem
1817 1847 1902 1870 ommis
1924 1851 1988 1870 mint-

1048 1885 1166 1921 ordinis
1208 1886 1363 1926 ministro,
1399 1886 1444 1922 vel
1485 1895 1608 1922 tuorum
1649 1880 1988 1937 quolibetfflffli'ffiff‘

1047 1948 1279 1975 successorum,
1302 1936 1408 1972 nullus
1430 1936 1471 1972 ibi
1500 1936 1640 1985 qualibet
1677 1936 1789 1972 subre-

1048 1986 1164 2033 ptionis
1186 1986 1297 2021 astutia
1320 1998 1374 2021 seu
1390 1986 1535 2021 violentia
1570 1995 1790 2034 praeponatur,

1048 2035 1105 2069 nisi
1128 2047 1221 2082 quem
1261 2035 1370 2071 fratres
1415 2037 1575 2071 communi
1619 2048 1789 2082 consensu,

1047 2084 1094 2120 vel
1117 2084 1245 2120 fratrum
1279 2097 1350 2132 pars
1387 2086 1508 2121 consilii
1547 2085 1693 2126 sanioris,
1732 2098 1789 2121 se-

1047 2134 1184 2169 cundum
1217 2133 1275 2169 Dei
1311 2135 1470 2180 timorem,
1496 2135 1645 2171 canonice
1685 2136 1789 2183 provi·

1046 2183 1150 2219 derint
1171 2184 1364 2231 eligendum.

1095 2237 1109 2276 5
1142 2236 1195 2268 10.
1237 2233 1307 2268 Paci
1343 2242 1373 2268 et
1406 2233 1621 2280 tranquillitati
1668 2242 1788 2270 vestrae

1048 2291 1173 2330 paterna
1196 2283 1226 2318 in
1249 2291 1407 2330 posterum
1436 2283 1646 2319 sollicitudine
1684 2283 1788 2331 provi-

1046 2332 1119 2367 dere
1137 2331 1288 2376 volentes,
1317 2332 1500 2367 anctoritate
1531 2333 1700 2379 apostolica
1737 2332 1786 2367 di—

1045 2381 1185 2416 strictius
1205 2381 1396 2426 inhibemus,
1427 2390 1459 2416 ut
1496 2382 1572 2416 infra
1610 2383 1785 2419 clausuram

1047 2431 1184 2465 locorum
1208 2438 1381 2465 vestrorum
1409 2430 1515 2466 nullus
1542 2432 1695 2478 rapinam,
1729 2444 1784 2468 seu

1045 2479 1162 2514 furtum
1184 2479 1296 2520 facere,
1316 2480 1420 2526 ignem
1451 2492 1621 2528 opponere,
1655 2482 1786 2529 sangui—

1045 2541 1115 2563 nem
1139 2528 1281 2570 fundere,
1307 2529 1467 2565 hominem
1509 2538 1625 2565 temere
1661 2543 1784 2579 capere,

1044 2577 1092 2613 vel
1134 2578 1320 2620 interficere,
1353 2591 1408 2614 seu
1456 2579 1634 2616 violentiam
1673 2581 1786 2618 audeat

1044 2639 1198 2663 exercere.

1091 2680 1106 2721 5
1138 2679 1189 2711 Η.
1215 2677 1419 2714 Decernimus
1440 2690 1526 2727 ergo,
1548 2687 1582 2715 ut
1611 2679 1689 2716 nulli
1720 2693 1785 2718 om-
