2129 3223
149 291 198 319 An.
217 290 246 318 C.
265 290 332 318 ¹256

154 945 233 966 Causae
249 946 310 972 logis,

398 278 468 312 650

385 342 477 372 ribus⁴
507 359 545 364 —
576 341 689 371 Poenae
709 341 878 372 violatorum
904 342 990 372 huius
1010 342 1094 380 legis.

385 403 422 408 —
441 385 571 424 Exempli
593 385 707 415 ratione
726 385 825 416 delicti
846 391 969 425 possunt
991 395 1095 416 conve-

386 430 441 460 niri
461 438 558 459 coram
578 428 744 460 ordinariis.
762 447 801 452 —
822 429 972 468 Exemptio
995 440 1008 459 a
1032 431 1095 459 iure

384 474 524 504 ordinarii
544 474 574 503 in
595 473 649 503 hoc
671 482 740 503 casu
761 483 817 504 non
842 475 917 505 valet
935 475 990 504 nisi
1015 474 1096 504 exhi-

383 518 486 548 beatur
504 517 688 557 privilegium
708 518 914 557 apostolicum.
938 536 976 540 —
999 518 1093 547 Nova-

383 562 454 592 lium
483 562 628 601 exemptio
653 563 800 602 quomodo
824 563 1024 601 intelligenda.
1057 580 1095 586 —

381 605 506 636 Ordines
529 605 565 636 ab
594 606 649 636 hac
675 606 738 644 lege
760 608 895 646 exempti.
926 625 964 630 -
989 606 1028 637 De
1051 608 1095 636 iu·

382 649 602 680 feudationibus
634 651 787 680 laicorum.
809 667 848 672 —
876 650 1011 681 Decimae
1044 660 1095 689 per

381 694 536 733 religiosos
555 695 722 725 solvendae.
739 711 778 716 —
795 695 964 724 clausulae.

385 770 537 799 Alexander
554 770 697 806 episcopus
719 777 816 799 servus
835 776 975 799 servorum
994 770 1047 803 Dei.

484 819 518 848 ad
536 820 696 856 perpetuam
719 820 759 850 rei
782 819 949 848 memoriam.

388 892 470 934 Quia
488 903 642 939 personae
656 891 821 937 religiosae
838 898 899 924 tam
915 900 1092 938 exemptae,

339 953 434 989 quam
457 941 538 976 aliae
562 939 600 974 de
629 952 726 986 regno
753 939 904 974 Franciae
927 940 1014 987 plura
1044 941 1093 974 di—

339 998 454 1025 cuntur
480 1001 696 1038 praesumere,
723 1001 803 1036 quae
828 990 904 1036 ipsis
931 989 1090 1024 infamiam

339 1040 466 1087 pariunt
492 1047 523 1075 et
555 1038 623 1074 aliis
650 1038 787 1073 inserunt
811 1039 992 1079 laesionem,
1015 1051 1092 1073 cou—

340 1089 421 1123 venit
444 1089 546 1124 taliter
573 1089 602 1122 in
623 1088 680 1122 bac
704 1096 790 1135 parte
815 1100 870 1134 per
891 1087 1091 1135 Apostolicae

338 1138 432 1173 Sedis
457 1137 653 1184 diligentiam
678 1136 847 1184 provideri,
870 1136 955 1184 quod
972 1137 1089 1172 eaedem

339 1199 491 1234 personae
532 1187 598 1230 his,
638 1198 720 1234 quae
754 1186 793 1221 ad
831 1198 885 1221 eas
921 1187 1090 1233 pertinent,

337 1244 455 1272 servata
483 1248 609 1284 semper
635 1235 796 1282 religionis
823 1236 998 1276 honestate
1013 1248 1090 1271 cou-

338 1293 452 1330 tentae,
473 1287 520 1321 sic
542 1298 572 1320 in
595 1285 708 1331 seipsis
730 1284 866 1319 debitam
891 1286 919 1319 in
940 1285 1091 1320 omnibus

337 1335 518 1370 custodiant
541 1334 742 1378 modestiam,
769 1334 855 1381 quod
883 1335 963 1369 alios
991 1347 1089 1370 scan-

337 1384 415 1419 dalis
446 1384 493 1419 vel
521 1383 697 1431 dispendiis
725 1395 786 1418 non
809 1383 1011 1418 conturbent.
1035 1384 1090 1419 ln-

338 1433 516 1468 telleximus
553 1444 706 1480 namque,
742 1432 826 1479 quod
861 1432 990 1467 abbates
1017 1445 1087 1468 cum

337 1482 509 1529 prioribus,
531 1493 610 1529 quos
633 1483 664 1516 in
686 1482 753 1516 suis
776 1482 944 1516 instituunt
967 1482 1089 1529 priora—

336 1531 432 1573 tibus,
460 1539 532 1567 ante
574 1530 619 1566 vel
649 1539 720 1578 post
747 1531 976 1566 institutionem
1009 1543 1089 1566 eon-

338 1582 480 1636 veniunt,
493 1589 528 1615 ut
538 1580 658 1615 eisdem
672 1579 838 1614 abbatibus
850 1579 951 1627 aliqua
963 1592 1086 1616 summa

336 1630 501 1677 pecuniae,
529 1629 574 1664 vel
602 1637 684 1664 certa
719 1629 758 1664 de
783 1629 967 1664 eorumdem
1000 1630 1088 1685 prio-

335 1688 460 1715 ratuum
497 1679 599 1727 portio
635 1679 844 1726 persolvatur,
872 1679 982 1726 sicque
1009 1680 1088 1726 ipsis

336 1728 493 1776 prioribus
526 1727 708 1763 huiusmodi
745 1727 913 1775 pecuniam
942 1728 988 1762 vel
1014 1740 1088 1775 por—

337 1780 473 1833 tionem,
512 1790 568 1813 seu
607 1789 742 1811 annuam
782 1776 860 1812 forte
900 1777 1086 1824 pensionem

335 1828 535 1875 impositam,
573 1826 639 1862 sive
673 1825 854 1861 reddituum
893 1826 1088 1862 solventibus

336 1877 480 1924 praefatis
511 1876 688 1917 abbatibus,
715 1884 865 1910 consueta
894 1876 1088 1923 hospitalitas

334 1934 364 1961 et
390 1926 609 1974 eleemosynae
630 1925 739 1960 solitae
767 1925 797 1959 in
825 1924 944 1960 eisdem
973 1927 1089 1972 priora-

334 1975 418 2011 tibus
459 1974 711 2019 subtrahuntur,
751 1986 786 2009 ae
823 1974 1011 2009 diminuitur
1056 1975 1087 2009 in

334 2025 398 2060 illis
420 2036 572 2060 numerus
598 2024 798 2065 servitorum,
823 2035 946 2058 necnon
964 2035 1088 2058 eorum-

334 2075 406 2110 dem
436 2075 631 2122 prioratuum
660 2073 785 2120 negotia
821 2073 928 2107 minus
954 2073 1086 2108 sollicite

333 2132 554 2172 procurantur,
572 2135 644 2158 cum
664 2124 825 2168 contingat
841 2134 878 2156 ex
901 2122 960 2156 hoc
982 2123 1088 2157 miuus

334 2174 466 2209 idoneos
488 2173 518 2208 in
547 2172 608 2207 illis
627 2172 747 2206 institui
772 2171 816 2206 vel
845 2170 982 2205 ordinari
1006 2172 1088 2218 prio—

334 2236 394 2259 res.
436 2221 590 2258 Nonnulli
631 2221 723 2256 etiam
765 2220 903 2266 religiosi
948 2221 1085 2268 exempti

334 2280 496 2320 praetextu
516 2270 724 2319 quarumdam
745 2269 1011 2316 indulgentiarum
1031 2282 1087 2305 seu

333 2321 568 2377 privilegiorum
592 2319 807 2368 apostolorum
831 2319 894 2362 eis,
918 2327 988 2366 post
1009 2332 1087 2354 con—

334 2371 528 2406 stitutionem
552 2382 569 2405 a
600 2369 701 2404 felicis
729 2368 958 2403 recordationis
984 2369 1088 2403 luno—-

333 2421 437 2456 centio
463 2419 548 2467 Papa
563 2427 687 2467 quarto,
703 2417 943 2465 praedecessore
966 2425 1086 2462 nostro,

334 2471 415 2505 circa
444 2478 608 2516 exemptos
621 2467 750 2512 editam,
771 2478 1009 2511 concessorum,
1036 2478 1088 2502 ve-

334 2519 402 2554 nire
441 2519 488 2553 vet
525 2530 618 2565 agere
651 2528 706 2552 seu
744 2528 946 2564 praesumere
979 2524 1087 2551 contra

336 2567 590 2602 constitutionem
603 2574 786 2602 asseruntur
799 2565 954 2601 eamdem.
972 2565 1088 2607 Quam-

337 2615 443 2663 plures
479 2617 621 2664 insuper,
655 2615 739 2651 sicut
771 2615 887 2659 fertur,
923 2614 1088 2650 occasione

337 2665 572 2713 privilegiorum
600 2665 822 2712 exemptionis,
852 2676 932 2712 quae
960 2664 1086 2706 habent,

937 288 1073 311 BULLARl
1079 289 1122 311 tm
1150 288 1315 312 Romanum

1138 342 1183 378 vel
1216 342 1329 378 habere
1351 355 1385 378 se
1416 343 1540 389 dicunt,
1564 344 1713 380 libertatis
1739 356 1814 380 suae
1848 344 1885 379 li-

1138 392 1228 427 mites
1254 392 1458 434 excedentes,
1481 394 1640 441 privilegia
1664 394 1741 441 ipsa,
1757 406 1795 429 ue
1809 395 1885 430 scia-

1137 449 1186 476 tur
1208 441 1245 476 ad
1274 454 1354 490 quae
1393 450 1424 477 et
1459 443 1490 478 in
1518 452 1670 490 quantum
1698 456 1732 479 se
1759 443 1883 479 illorum

1137 491 1216 526 vires
1234 491 1417 535 extendant,
1443 492 1610 529 ordinariis
1625 492 1766 528 locorum
1784 501 1886 528 osteu-

1135 540 1221 581 dere,
1246 541 1290 576 vel
1318 553 1427 576 eorum
1449 541 1549 577 facere
1576 543 1701 589 copiam
1723 543 1886 578 contradi-

1135 598 1221 625 cunt
1244 590 1283 625 Et
1307 603 1378 626 cum
1402 591 1564 626 nonnullis
1587 591 1742 638 religiosis
1763 604 1779 627 a
1801 592 1885 627 Sede

1135 639 1315 686 Apostolica
1338 641 1377 675 sit
1401 640 1570 695 indultum,
1598 648 1631 676 ut
1652 641 1810 676 novalium
1834 643 1885 676 de-

1134 690 1231 723 cimas
1254 701 1309 736 pro
1327 702 1362 724 ea
1391 690 1544 736 portione,
1567 701 1648 737 quae
1671 697 1792 726 veteres
1813 690 1884 726 illos

1135 739 1331 784 contingunt
1361 740 1520 785 percipere
1549 739 1671 774 valeant
1697 748 1728 775 et
1749 739 1882 781 liaberc3

1136 787 1207 834 ipsi,
1229 789 1311 823 sicut
1330 789 1522 834 accepimns,
1539 796 1701 835 praetextu
1721 788 1885 836 indulgen-

1134 837 1193 871 tiae
1216 837 1395 872 liuiusmodi
1423 850 1534 872 omnes
1556 837 1715 873 interdum
1744 838 1884 873 decimas

1135 886 1180 920 vel
1205 887 1355 921 maiorem
1374 899 1481 922 earum
1506 896 1624 934 partem
1647 887 1686 922 de
1708 886 1883 930 novalibus,

1133 936 1402 982 quemadmodum
1426 936 1494 971 illas
1515 937 1553 972 de
1572 936 1729 972 veteribus
1747 949 1886 973 cousue-

1134 994 1244 1019 verunt
1276 985 1407 1029 habere,
1437 986 1615 1033 percipiunt
1641 986 1678 1021 ad
1708 986 1884 1033 praeterita,

1134 1035 1307 1081 praesentia
1321 1042 1351 1069 et
1367 1035 1468 1069 futura
1482 1035 1601 1070 novalia
1616 1035 1760 1071 eamdem
1776 1035 1884 1071 indul-

1132 1085 1269 1130 gentiam
1293 1084 1511 1119 extendentes
1540 1085 1755 1120 Intelleximus
1777 1086 1883 1128 etiam,

1132 1134 1215 1180 quod
1252 1146 1321 1168 cum
1363 1133 1517 1180 religiosis
1559 1133 1748 1180 generaliter
1787 1135 1827 1170 sit
1867 1148 1882 1170 a

1132 1183 1198 1217 iure
1234 1183 1438 1229 prohibitum,
1473 1195 1511 1218 ne
1547 1183 1686 1219 decimas
1720 1183 1760 1219 de
1787 1195 1883 1220 manu

1132 1231 1281 1267 laicorum
1311 1232 1450 1279 recipere
1478 1233 1547 1267 sine
1568 1244 1726 1268 consensu
1757 1234 1885 1281 episeo-

1131 1293 1242 1329 porum
1283 1290 1496 1328 praesumant,
1537 1282 1661 1329 plurimi
1698 1294 1819 1323 eorum,
1851 1291 1885 1318 et

1133 1331 1313 1378 praesertim
1337 1332 1488 1378 exempti,
1508 1332 1545 1366 ad
1563 1331 1682 1367 fraudis
1704 1332 1828 1378 ingenia
1849 1345 1883 1368 se

1132 1389 1286 1415 vertentes
1314 1380 1534 1416 machinantur
1568 1393 1638 1416 cum
1676 1381 1765 1417 laicis
1795 1381 1883 1417 deti-

1131 1429 1277 1464 tientibus
1300 1429 1451 1475 decimas,
1473 1439 1503 1465 et
1525 1430 1634 1465 dolose
1649 1439 1829 1478 procurant
1849 1439 1884 1467 ut

1132 1479 1205 1513 liant
1241 1479 1472 1515 infeudationes
1511 1479 1551 1514 de
1590 1480 1686 1527 ipsiS‚
1720 1489 1751 1516 et
1785 1480 1881 1516 iidem

1130 1527 1199 1562 laici
1228 1540 1261 1563 se
1290 1528 1359 1563 illas
1381 1528 1419 1563 ab
1441 1528 1560 1565 eisdem
1589 1529 1745 1576 religiosis
1774 1538 1882 1566 tenere

1130 1577 1159 1611 in
1184 1577 1312 1612 seudum
1336 1586 1574 1624 recognoscant,
1600 1587 1757 1625 quatenus
1777 1579 1822 1614 sic
1843 1580 1880 1614 ad

1130 1626 1292 1673 religiosos
1320 1627 1407 1682 ipsos
1439 1627 1556 1662 eaedem
1588 1627 1728 1664 decimae
1761 1628 1881 1675 absque

1129 1688 1286 1710 consensu
1315 1677 1536 1724 episcoporum
1561 1676 1683 1712 valeant
1706 1679 1879 1725 pervenire.

1128 1724 1162 1759 Si
1191 1725 1318 1771 quando
1345 1726 1439 1760 etiam
1464 1734 1572 1766 tet-‚ras
1594 1738 1674 1774 quae
1697 1727 1880 1783 parrochia-

1129 1773 1210 1809 libus
1236 1775 1379 1810 ecclesiis
1405 1774 1528 1810 fuerant
1555 1775 1737 1820 decimales,
1765 1778 1880 1824 acqui-

1131 1832 1213 1867 tunt,
1236 1824 1348 1858 nolunt
1375 1832 1481 1871 postea
1505 1824 1543 1860 de
1566 1825 1627 1860 illis
1653 1825 1806 1870 decimas,
1833 1826 1879 1862 vel

1129 1851 1284 1908 deciinam
1304 1873 1436 1920 integre,
1452 1874 1505 1909 sed
1533 1882 1585 1909 aut
1603 1874 1691 1919 nihil,
1705 1883 1760 1910 aut
1780 1875 1879 1911 solam

1130 1922 1320 1968 trigesimam
1352 1923 1398 1958 rel
1423 1923 1690 1970 quadrigesimam
1719 1924 1879 1960 exhibere.

1129 1970 1209 2006 Cum
1239 1984 1311 2007 vero
1335 1972 1467 2008 maiores
1494 1973 1643 2013 decimas,
1671 1973 1735 2009 sive
1757 1986 1880 2015 omneS,

1128 2021 1193 2056 sive
1220 2021 1343 2056 illarum
1374 2030 1492 2069 partem
1520 2023 1698 2070 acquirunt,
1727 2023 1774 2059 vel
1801 2035 1881 2059 con-

1128 2079 1305 2117 sequuntur
1326 2083 1342 2105 3
1366 2071 1465 2116 laicis,
1484 2072 1508 2106 si
1534 2071 1735 2118 postmodum
1759 2073 1880 2109 novalia

1129 2120 1168 2154 ibi
1193 2120 1277 2164 fiant,
1294 2128 1440 2167 satagunt
1462 2133 1500 2156 ex
1524 2121 1585 2156 illis
1603 2121 1717 2157 habere
1739 2121 1878 2158 decimas

1129 2181 1184 2215 pro
1219 2182 1252 2203 ea
1289 2178 1391 2216 parte,
1431 2183 1503 2225 qua·
1530 2169 1712 2206 huiusmodi
1746 2171 1880 2207 maiores

1129 2219 1317 2266 percipiunt,
1346 2219 1416 2255 licet
1447 2220 1504 2266 ipsi
1537 2219 1607 2255 laici
1634 2219 1714 2255 nihil
1747 2221 1879 2256 omnino

1130 2275 1234 2314 petere
1271 2269 1315 2303 vel
1350 2270 1476 2315 exigere
1515 2276 1644 2317 possent
1674 2269 1713 2304 de
1745 2269 1878 2306 decimis

1129 2316 1286 2352 novalium
1334 2318 1529 2353 eorumdem.
1578 2317 1728 2354 Volentes
1774 2319 1878 2366 itaque

1128 2375 1233 2400 eontra
1266 2367 1353 2411 llaec,
1376 2366 1547 2414 apostolica
1581 2366 1763 2422 diligentia,
1796 2368 1879 2403 sicut

1128 2415 1264 2462 expedit,
1289 2416 1469 2463 providere:
1497 2425 1673 2460 statuimus,
1687 2416 1726 2452 de
1748 2416 1877 2452 fratrum

1129 2472 1308 2500 nostrorum
1338 2465 1481 2506 consilio,
1516 2473 1548 2501 ut
1575 2477 1652 2513 pure
1698 2478 1734 2501 ac
1761 2466 1878 2502 munde

1127 2514 1303 2550 secundum
1326 2514 1428 2550 Deum
1451 2515 1504 2551 fiat
1530 2515 1695 2550 concessio
1720 2527 1776 2551 seu
1812 2517 1878 2552 col-

1128 2563 1201 2598 latio
1225 2565 1432 2610 prioratuum,
1455 2564 1494 2600 ita
1517 2563 1601 2612 quod
1624 2564 1715 2610 pretii
1737 2565 1876 2610 datione,

1129 2612 1175 2648 vel
1202 2614 1261 2648 sub
1288 2613 1432 2660 pactione
1457 2613 1534 2649 nulli
1562 2614 1734 2659 tradantur,
1761 2614 1818 2651 sed
1845 2615 1876 2650 in

1128 2674 1236 2698 eorum
1259 2663 1462 2699 concessione
1494 2663 1620 2711 penitus
1653 2663 1708 2699 ista
1740 2673 1875 2706 cessent,

1899 288 1950 316 An.
1968 289 1998 316 C.
2015 289 2084 317 ¹256

1906 2325 1928 2346 tn
1954 2331 1976 2348 cc
1967 2325 2045 2347 lvi:
2041 2326 2077 2347 .ιί-

1892 2357 1931 2377 bus
1948 2358 2076 2384 prioratuum

1892 2393 1933 2408 noc
1976 2389 2073 2415 priores

1892 2423 1932 2439 nec
1971 2419 2078 2445 prioratus

1892 2448 1928 2468 sut
1932 2448 2017 2470 liniendi
2025 2454 2078 2470 one-

1892 2479 1956 2499 (ibn.
