2129 3223
35 272 128 301 Aine.
147 271 214 299 ¹266
857 267 1001 291 cranaus
1022 267 1056 289 iv
1078 267 1126 289 pr.
1637 253 1704 286 765

1769 262 1817 288 Λα.
1836 261 1863 288 C.
1883 260 1951 288 ¹266

279 326 299 373 S
323 328 352 360 1.
376 324 458 359 Sane
483 325 564 359 sicut
584 332 646 358 tam
669 323 739 358 sacti
767 322 971 370 experientia,

1330 319 1440 355 XVHI.

37 377 64 399 Ει
92 378 217 398 indetermi-

57 412 105 429 mna
122 409 197 429 mnne
231 391 324 427 quam
356 378 503 438 frequens
529 389 587 412 ⁰⁰³
608 377 912 437 clamor.¹¹¹s.[rux'¹'
935 389 973 411 ex
1020 399 1184 431 Wernhero
1210 398 1394 444 Moqumino
1414 399 1640 444 archiepiscopo
1673 410 1756 433 com-

37 439 270 468 ⁸⁰¹²⁰“⁸⁵⁰¹¹⁶²¹’'e⁰
291 432 375 480 (ἱῦοἀ
398 431 537 467 eumdem
560 430 651 466 Sffllffl
674 431 851 478 ben'gn'ffls
872 438 973 465 ‘men‘
1063 449 1204 486 niiuititr,
1226 454 1259 481 ut
1276 448 1454 481 'electionem
1479 448 1650 482 Conradi'nt‘
1673 449 1756 482 Sici-

37 472 220 530 issiiiop'ii‘in-‘ti
232 487 311 523 dens
334 485 474 533 provide,
504 485 586 533 quod
609 485 820 520 Ecclesiarum
848 493 895 520 est
924 485 975 520 ‹le-
1062 498 1121 531 [fae
1142 509 1268 542 ,mnam
1289 498 1460 544 affectantis
1485 499 1519 532 fn
1545 499 1758 543 imperatorem

37 538 101 560 ΝΜ
135 533 219 554 “⁸⁶⁰‘'
232 553 286 577 cor
322 539 480 586 etgloria
516 538 724 586 praelatorum
754 538 887 573 decorus
922 551 975 573 or-

59 1458 162 1481 statutum
190 1459 225 1485 (do

46 1495 86 1517 quo
98 1490 118 1510 in
127 1488 224 1515 rubrica).

37 565 93 586 dtu.

232 602 336 635 natus,
363 601 394 628 et
434 592 555 628 illarum
592 592 750 627 maioritas
786 592 903 627 eminet
938 605 974 626 ex

232 660 342 684 eorum
371 647 491 682 honore
524 647 649 687 maiori;
673 646 831 681 nonnullis
854 647 971 682 abbati-

233 703 292 738 bus
307 710 337 737 et
357 701 502 749 praelatis
519 701 600 742 aliis,
615 700 729 748 quibus
752 700 780 733 id
800 712 837 733 ex
854 700 975 746 propria

233 756 383 803 dignitate
406 767 468 790 non
491 754 652 802 competit,
678 754 843 797 concessit,
868 753 896 787 in
921 754 977 788 Ec-

233 810 396 846 clesiarum
430 821 557 844 suarum
589 807 718 855 gloriam
750 815 780 841 et
813 807 977 849 honorem,

234 872 268 899 ut
288 863 377 899 mitra
400 871 429 898 et
450 862 518 898 aliis
542 861 775 910 pontificalibus
805 869 976 897 uterentur.

233 918 314 965 Ipsis
348 918 378 951 in
410 916 655 964 provincialibus
680 915 825 950 conciliis
855 923 885 950 et
911 915 979 963 epi—

234 970 414 1018 scopalibus
441 970 571 1018 synodis
592 970 683 1004 mitra
706 969 877 1012 utentibus,
904 969 977 1004 dum

234 1037 289 1061 eos
320 1024 566 1072 archiepiscopis
599 1032 628 1059 et
668 1024 825 1070 episcopis
855 1023 981 1058 habitus

236 1079 373 1127 parilitas
395 1079 441 1114 sic
463 1079 592 1113 omnino
620 1077 770 1125 parificat,
800 1085 833 1111 ut
854 1076 893 1110 ab
921 1076 981 1110 illis

237 1145 298 1168 non
323 1133 447 1180 possint
473 1132 542 1167 eius
564 1131 743 1166 diversitate
767 1130 914 1170 discerni,
933 1143 982 1164 ar-

237 1187 459 1235 chiepiscopos
485 1194 516 1221 et
541 1186 709 1233 episcopos
731 1185 816 1232 ipsos
836 1184 982 1231 frequen-

238 1248 284 1276 ter
315 1240 520 1276 scandalizari
553 1239 722 1286 contingit,
754 1250 790 1273 ac
816 1238 897 1272 inter
929 1250 983 1273 eos

237 1293 365 1330 abbates
392 1302 422 1329 et
448 1294 536 1333 alios,
558 1292 742 1329 huiusmodi
771 1292 983 1340 praerogativa

237 1348 423 1396 gaudentes,
449 1348 593 1383 scandala
621 1346 769 1382 suboriri.

287 1402 363 1450 52.
391 1402 455 1437 Nos
482 1403 585 1450 itaque
612 1402 752 1437 volentes
780 1400 810 1435 in
846 1400 906 1435 hoc
940 1400 985 1435 sic

238 1456 406 1492 salubriter
440 1457 623 1503 providere,
656 1454 740 1502 quod
775 1454 924 1494 abbates,
955 1463 985 1489 et

239 1510 291 1546 alii
326 1510 507 1546 huiusmodi
545 1510 749 1546 concessione
781 1509 909 1553 muniti,
947 1509 986 1544 ab

240 1563 487 1611 archiepiscopis
515 1572 545 1599 et
575 1563 736 1611 episcopis
762 1562 898 1599 discerni
927 1576 986 1598 va-

239 1618 335 1657 leant,
365 1630 423 1653 nec
458 1626 560 1653 tamen
590 1617 826 1666 privilegiorum
855 1629 986 1652 suorum

240 1671 432 1707 frustrentur
454 1672 576 1716 effectu,
600 1671 638 1706 de
657 1671 786 1706 fratrum
810 1679 987 1707 nostrorum

241 1726 373 1761 consilio
405 1727 561 1772 praesenti
590 1726 715 1761 decreto
742 1725 929 1765 statuimus,
954 1733 989 1760 ut

242 1778 371 1814 abbates
401 1787 431 1813 et
452 1779 520 1823 alii,
553 1779 669 1826 quibus
696 1779 805 1813 mitrae
840 1791 917 1814 usus
943 1788 988 1814 est

242 1832 281 1867 ab
302 1832 412 1868 eadem
434 1832 516 1868 Sede
538 1845 720 1876 concessus,
751 1833 887 1880 exempti
915 1834 988 1881 qui-

243 1886 328 1931 dem,
354 1887 385 1921 in
416 1887 556 1922 conciliis
582 1896 611 1922 et
638 1887 763 1935 synodis
790 1887 989 1932 memoratis,

243 1940 360 1988 quibus
388 1941 530 1976 nonnulli
565 1954 602 1976 ex
630 1943 676 1976 eis
700 1941 850 1976 interesse
878 1950 989 1976 tenen-

244 2003 307 2039 tur,
329 1995 429 2030 mitris
450 1995 668 2030 tantummodo
694 1995 904 2042 auril'rigiatis‚
929 2008 988 2030 uon

246 2056 350 2084 tamen
377 2060 489 2084 aureas
520 2048 567 2083 vel
590 2057 753 2096 argenteas
774 2049 904 2084 laminas
938 2059 991 2085 aut

245 2114 386 2150 gemmas
408 2102 609 2142 habentibus,
638 2104 681 2138 uti
700 2104 830 2151 possint;
858 2117 919 2139 non
942 2117 992 2139 ex-

247 2157 344 2205 empti
381 2168 454 2192 vero
485 2157 685 2204 simplicibus
719 2158 796 2193 albis
828 2168 857 2193 et
892 2158 992 2205 planis

249 2218 384 2246 utantur.
419 2209 454 2245 In
482 2209 550 2245 aliis
577 2223 648 2245 vero
670 2210 746 2246 locis
771 2213 926 2259 exemptis
962 2221 993 2246 et

250 2278 311 2301 non
327 2265 482 2312 exemptis
506 2264 603 2299 mitris
625 2265 669 2299 uti
689 2265 788 2305 liceat,
812 2273 903 2312 prout
921 2277 994 2300 con-

249 2332 336 2356 cessa
369 2319 413 2355 eis
447 2318 487 2354 ab
512 2318 621 2354 eadem
657 2318 740 2354 Sede
768 2320 886 2355 indulta
920 2333 992 2367 per-

249 2375 388 2409 mittunt.

299 2428 320 2476 g
341 2429 373 2462 ὅ.
396 2427 479 2463 Nulli
502 2438 577 2474 ergo
599 2426 728 2462 omnino
750 2427 991 2468 hominum‚etc.

299 2481 416 2517 Datum
438 2481 588 2524 Viterbii,
610 2480 816 2515 decimonono
849 2480 909 2515 kal.
943 2493 994 2515 se·-

255 2534 427 2583 membris,
460 2535 660 2583 pontificatus
695 2535 790 2570 nostri
823 2546 904 2570 anno
944 2547 995 2570 se-

254 2589 368 2626 cundo.

293 2655 353 2686 Dat.
370 2655 416 2686 die
434 2656 469 2686 14
485 2656 601 2695 augusti
620 2655 703 2690 1266,
717 2654 819 2688 nontif.
837 2663 912 2685 anno
927 2663 956 2685 ιι.

1064 548 1219 591 impediat,
1242 548 1389 584 electores,
1417 548 1562 591 fautores,
1583 549 1687 588 etc.,si
1714 560 1758 583 se-

1064 608 1114 630 cus
1135 597 1261 641 merim,
1287 597 1479 630 anathemate
1496 598 1682 642 percellendo
1703 599 1757 641 (1).

1295 674 1506 706 SUMMARIUM

1017 741 1171 772 Exordium
1201 741 1236 772 ab
1269 742 1398 781 archiep.
1428 741 1589 780 Moguntini
1623 744 1762 783 dignitate

1057 787 1086 816 in
1103 786 1233 816 Ecclesia
1259 787 1399 817 catholica
1423 788 1555 826 petitum.
1575 805 1613 811 -—
1636 789 1662 819 1.
1688 790 1757 820 Con-

1057 831 1152 861 radini
1177 831 1303 861 facinora
1331 832 1472 871 deplorat.
1498 849 1536 854 —
1553 832 1581 862 ἓ.
1602 832 1761 865 Nonnullos

1058 875 1096 905 ait
1121 879 1260 906 tractatus
1282 875 1385 905 iniisse
1409 880 1438 905 ut
1461 886 1526 906 eum
1550 877 1579 906 in
1602 877 1761 917 imperato-

1058 929 1118 950 rem
1142 920 1259 958 eligant.
1287 937 1326 943 —-
1346 920 1441 956 Quare
1464 921 1618 959 eligendus
1640 932 1698 952 non
1717 925 1762 953 sit.

1058 980 1096 986 —
1117 963 1143 994 3.
1173 963 1311 994 Prohibet
1337 964 1471 995 Clemens
1493 967 1652 1005 quominus
1674 967 1765 1006 eliga-

1060 1012 1106 1038 tur
1124 1008 1179 1038 sub
1197 1008 1348 1039 nonnullis
1367 1010 1478 1048 poenis.
1492 1026 1531 1032 —
1544 1010 1574 1040 4.
1593 1010 1767 1042 Excommu-

1060 1053 1137 1083 nicat
1154 1062 1255 1083 omnes
1278 1053 1304 1083 ei
1327 1053 1498 1092 praebentes
1520 1055 1670 1093 auxilium,
1692 1065 1765 1087 con-

1061 1097 1159 1127 silium
1179 1102 1228 1127 etc.
1255 1103 1354 1128 contra
1373 1097 1506 1128 Carolum
1524 1098 1642 1130 Siciliae
1658 1109 1766 1138 regem.

1059 1158 1099 1165 ——
1112 1142 1139 1172 5.
1158 1142 1272 1173 Mandat
1286 1142 1453 1181 Moguntino
1472 1144 1602 1184 archiep.
1621 1144 1673 1175 has
1689 1145 1768 1184 leges

1060 1186 1201 1231 publicet.

1023 1261 1142 1291 clemens
1162 1262 1303 1298 episcopus
1321 1269 1417 1292 servus
1441 1270 1581 1293 sorvorum
1602 1263 1658 1298 Dei.
1692 1271 1769 1294 vene·

1067 1312 1147 1341 rabili
1183 1313 1383 1350 archiepiscopo
1405 1313 1574 1349 moguntino.
1594 1314 1714 1344 salutem
1741 1317 1772 1345 et

1068 1362 1247 1398 apostoticam
1265 1362 1487 1392 benedictionem.

1073 1432 1215 1467 Fundata
1237 1433 1360 1468 Domus
1380 1433 1507 1468 Domini
1533 1446 1628 1482 super
1655 1434 1770 1471 immo·
1796 1437 1907 1473 ¹³¹⁰.¹‘“¹¹¹¹²
1942 1437 1966 1457 δι’

1784 1465 1968 1494 archrap-Mognn-

1026 1482 1088 1516 bile
1104 1482 1357 1526 fundamentum,
1368 1483 1467 1525 cuius,
1484 1484 1660 1519 secundum
1682 1484 1770 1532 Apo-
1785 1500 1822 1520 tini
1837 1499 1966 1525 dianium„

1025 1532 1152 1576 stolum,
1179 1532 1262 1566 aliud
1286 1544 1402 1579 ponere
1425 1545 1517 1568 nemo
1544 1541 1659 1581 potest,
1681 1546 1697 1569 a
1715 1547 1772 1570 co-
1784 1529 1968 1588 ξξξ“ζῗῇ,ζζξ“ο

1027 1581 1143 1616 lumnis
1187 1581 1352 1616 stabilibus
1398 1582 1457 1617 sub
1498 1582 1622 1618 decenti
1663 1583 1772 1619 locatis

1027 1631 1137 1666 ordine
1164 1631 1429 1678 pulchritudinem
1450 1632 1565 1679 recepit
1581 1640 1611 1667 et
1627 1633 1775 1680 splendo-

1028 1692 1105 1720 rem,
1127 1692 1258 1727 quarum
1282 1680 1413 1727 implent
1435 1680 1590 1723 officium,
1612 1682 1664 1730 qui
1688 1695 1775 1730 prae·

1029 1730 1152 1764 lationis
1166 1729 1394 1765 ecclesiasticae
1412 1730 1621 1766 ministerium
1636 1733 1772 1767 assecuti

1029 1778 1191 1826 spirituale
1226 1780 1383 1814 sustinent
1415 1779 1590 1815 aedificium
1618 1789 1648 1815 et
1675 1793 1774 1816 venu-

1030 1836 1151 1863 statem.
1174 1828 1259 1863 Inter
1284 1828 1342 1864 hos
1364 1841 1439 1864 sane
1466 1837 1619 1876 quantum
1644 1830 1677 1865 in
1704 1843 1774 1866 cre-

1030 1877 1091 1913 dita
1120 1877 1173 1912 tibi
1200 1878 1361 1925 provincia
1386 1879 1490 1914 locum
1521 1878 1644 1915 obtines
1668 1880 1776 1916 celsio-

1031 1940 1109 1968 rem,
1137 1936 1255 1975 quanto
1283 1927 1407 1976 pondus
1434 1936 1606 1964 structurae
1639 1931 1775 1966 sustines

1030 1977 1202 2025 amplioris,
1223 1986 1309 2013 tanto
1330 1986 1360 2012 te
1383 1978 1473 2013 decet
1493 1978 1643 2025 gravitate
1665 1980 1773 2015 maiori

1032 2028 1063 2061 in
1096 2026 1244 2062 omnibus
1284 2035 1314 2062 et
1347 2040 1401 2074 per
1428 2040 1532 2063 omnia
1565 2029 1715 2074 stabiliri,
1743 2039 1775 2065 ut

1033 2088 1090 2111 nec
1117 2084 1219 2122 nutes,
1255 2090 1313 2112 nec
1338 2077 1444 2112 devies
1470 2089 1485 2111 a
1518 2078 1704 2113 rectitudine
1730 2080 1773 2114 tui

1032 2134 1144 2166 status,
1165 2138 1204 2160 ne
1227 2126 1368 2174 dilapsus
1390 2127 1419 2161 in
1442 2134 1561 2174 partem
1588 2127 1715 2163 alteram
1738 2140 1775 2162 eo

1034 2188 1104 2210 ruas
1132 2176 1350 2223 periculosius,
1372 2188 1434 2223 quo
1456 2184 1557 2211 tecum
1581 2177 1687 2224 plures
1714 2185 1775 2211 tra-

1033 2225 1124 2259 heres
1145 2225 1181 2259 ad
1204 2225 1341 2260 ruinam:
1370 2238 1477 2260 verum
1500 2225 1538 2260 ad
1563 2225 1634 2261 iusti
1662 2227 1776 2274 pariter

1034 2283 1063 2310 et
1100 2274 1219 2309 honesti
1247 2275 1437 2310 soliditatem
1460 2275 1622 2323 propositi,
1651 2285 1776 2324 propter

1035 2340 1204 2363 commune
1222 2328 1375 2374 debitum,
1397 2341 1459 2376 quo
1481 2337 1511 2364 te
1524 2329 1592 2365 Deo
1614 2329 1779 2366 vehemen-

1036 2390 1081 2417 ter
1107 2382 1267 2417 astrictum
1298 2383 1463 2428 intelligis,
1498 2383 1586 2418 cuius
1613 2384 1777 2419 ministerii

1036 2437 1080 2471 tui
1104 2444 1230 2472 vocatus
1247 2444 1329 2472 sorte
1353 2438 1384 2471 in
1407 2445 1524 2484 partem
1544 2437 1778 2481 sollicitudinis,

1037 2491 1134 2525 ricem
1157 2491 1252 2537 geris,
1274 2491 1467 2526 accumulata
1490 2499 1519 2526 te
1542 2503 1620 2527 nova
1638 2492 1778 2540 obligant

1036 2544 1206 2589 beneficia⁷
1231 2557 1309 2591 quae
1330 2556 1403 2579 cum
1430 2544 1501 2580 aliis
1528 2545 1675 2593 praelatis
1703 2547 1778 2582 Ale-

1071 2618 1110 2653 (t)
1127 2618 1164 2645 Ex
1182 2618 1246 2645 Cod.
1264 2626 1313 2645 ms.
1327 2618 1444 2653 Mogunt.
1461 2619 1543 2646 edidit
1561 2619 1692 2648 Schannat
1718 2621 1780 2648 Vin-

1036 2658 1106 2686 dem.
1119 2659 1240 2686 litterar..
1262 2658 1366 2686 Collect.
1389 2666 1408 2691 1,
1426 2667 1484 2690 nae.
1501 2660 1562 2686 207.
