2129 3223
57 238 108 266 An.
127 237 155 265 C.
172 238 238 264 1219

65 1575 117 1597 ›rati-
132 1577 181 1599 inde
196 1582 234 1598 ex-

53 1610 98 1629 orta
113 1608 216 1635 deplorat.

884 238 1044 261 flONOsstt‘s
1067 239 1103 261 111
1127 239 1173 261 ΡΙ).

254 304 288 327 56
309 303 473 326 excusans.
506 291 567 325 lam
591 291 719 338 qnidam
745 292 875 325 ministri
896 292 1000 327 altaris

254 341 338 376 sicut
375 341 514 376 iumenta
551 352 612 374 non
652 340 753 374 solum
796 341 823 375 111
863 349 1000 377 stercore

253 397 528 437 computrescunt,
546 389 600 424 sed
621 397 782 436 peccatum
802 403 896 425 snum
916 390 1002 426 velut

252 439 389 475 Sodoma
412 439 591 486 praedicate
613 451 670 473 nec
694 439 906 483 abscondunt
930 440 999 475 facti

253 489 342 524 ruina
385 496 413 524 et
449 489 580 535 laqueus
621 488 823 535 populorum.
862 488 998 530 Quidam

252 538 344 573 ctiam
368 538 578 572 Ecclesiarum
616 537 756 584 praelati,
791 538 842 583 qui
880 538 1000 584 gladios

251 586 405 634 ancipites
429 587 476 620 ‘411
518 587 584 621 suis
628 586 774 621 manibus
809 596 999 641 acceperunt

252 636 288 671 ad
313 636 486 671 taciendam
510 635 692 674 vindictam,
710 644 740 670 et
768 635 1000 683 increpationes

254 686 282 719 in
302 685 439 733 populis,
462 692 602 720 errantes
625 697 685 720 non
709 685 881 731 corrigunt⁷
907 698 998 719 mem-

254 734 305 769 bra
334 735 457 782 putrida
482 747 544 769 non
571 735 732 778 excidunt,
760 746 774 768 a
798 735 897 769 caulis
926 748 998 770 ovs-s

251 784 447 830 contagiosas
477 792 505 818 et
534 783 695 818 morbidas
724 796 785 818 non
814 783 998 825 excludunt,

252 832 384 877 vulnus,
418 833 565 877 livorem,
599 841 628 867 et
661 833 781 880 plagam
824 841 997 868 tumentem

252 894 313 916 non
336 882 445 929 ligant,
465 894 522 917 nec
540 891 662 922 curant,
687 894 787 930 neque
808 882 912 917 fovent
930 883 998 917 oleo

251 930 298 966 vel
320 931 490 979 amplasto;
518 939 645 979 propter
667 932 751 978 quod
775 932 847 977 quia
870 932 997 966 cicatrix

252 980 358 1028 populi
393 993 454 1015 non
491 981 677 1018 obducitur,
714 981 743 1014 in
779 980 896 1015 Galaad
935 993 996 1015 non

249 1037 397 1064 censetur
418 1042 485 1064 esse
502 1030 646 1065 medicus
661 1030 705 1065 vel
728 1030 839 1064 resina.
860 1029 997 1064 Proinde

251 1079 280 1113 in
319 1078 484 1114 consilinm
520 1079 717 1114 subditorum
754 1079 859 1113 venite
895 1079 996 1113 anima

251 1127 457 1182 praelatorum
481 1129 690 1171 convincitur,
714 1128 788 1162 dum
814 1128 906 1163 iidem
932 1141 998 1175 pro-

250 1177 406 1212 ximorum
447 1178 530 1212 111115
573 1191 635 1212 11011
678 1177 842 1212 resistunt:
888 1178 997 1224 sicqut

250 1238 361 1261 manus
384 1227 551 1262 mulierum
575 1226 828 1262 misericordium
853 1226 998 1271 [1311111105

249 1287 325 1311 suos
350 1284 502 1323 coquunt.
537 1276 576 1310 Hi
600 1276 691 1310 etiam
721 1275 800 1310 bona
829 1275 887 1309 sibi
916 1288 996 1310 com-

249 1325 343 1360 missa
364 1325 518 1372 dissipant
540 1333 570 1360 et
586 1332 789 1368 consumunt,
811 1324 998 1378 dispergunt

249 1375 416 1410 sanctuarii
440 1375 558 1422 lapides
585 1374 614 1408 in
639 1374 740 1420 ‹apite
767 1386 908 1408 omnium
938 1374 999 1427 pla-

249 1431 384 1468 tearum,
408 1424 554 1471 indignos
583 1430 784 1470 promovent
815 1422 998 1477 perniciosas

249 1472 405 1520 stipendia
429 1473 638 1508 ecclesiastica
663 1471 880 1518 largiuntur,
876 1484 904 1505 in
931 1472 998 1506 suis

249 1521 391 1557 ecclesiis
407 1522 624 1557 conventicula
645 1521 683 1555 de
700 1520 911 1567 sanguinibus
928 1532 997 1555 con

249 1579 427 1618 gregantes.
454 1571 545 1606 Tales
578 1571 686 1617 utiquc
721 1583 783 1605 non
820 1570 997 1608 attendunt

249 1620 332 1667 quod
367 1620 415 1655 Eli
452 1621 531 1655 filios
564 1632 638 1655 suos
676 1619 806 1674 palpans
845 1619 883 1653 de
923 1619 998 1653 sella

249 1677 420 1705 retrorsum
446 1670 580 1711 cecidit,
609 1677 638 1704 et
672 1669 832 1715 principes
863 1668 999 1723 populo-

249 1730 330 1760 rum,
353 1719 425 1766 quia
450 1731 512 1754 non
535 1697 726 1753 cohibebant
757 1717 909 1752 hebraeos
939 1717 998 1751 ini-

249 1768 362 1803 tiantes
382 1768 591 1815 Beelphegor
611 1776 638 1802 et
668 1779 739 1801 cum
762 1766 939 1800 Madianitis
967 1766 997 1800 in

249 1829 359 1852 eorum
373 1817 474 1852 oculis
489 1824 657 1855 coeuntes,
681 1822 847 1862 praecepto
870 1815 997 1849 Domini

250 1866 395 1914 suspensi
423 1874 498 1901 sunt
525 1866 554 1900 in
579 1865 719 1912 patibulo
747 1872 853 1899 contra
887 1864 997 1899 solem.

249 1915 332 1957 Quia
360 1927 432 1950 cum
460 1915 499 1949 de
527 1914 671 1949 manibus
708 1914 915 1961 praelatorum
941 1926 998 1948 ne-

250 1964 436 2011 gligentium
453 1964 582 2010 sanguis
599 1963 776 2011 requiratur
798 1963 997 2009 pereuntium

250 2013 462 2054 subditorum,
484 2013 559 2048 dum
581 2012 763 2048 fortioribus
780 2012 873 2046 instat
892 2012 999 2047 fortior

250 2063 428 2103 cr,nciatus
461 2063 501 2096 sit
534 2062 649 2096 durum
684 2061 832 2096 iudicium
866 2061 910 2096 eis
944 2062 997 2115 qui

251 2120 409 2160 praesunt
434 2110 627 2146 Claustrales
660 2123 753 2157 quam
787 2110 911 2157 plurimi
944 2124 996 2158 qui

250 2161 438 2217 fregerunt
433 2173 552 2207 iugum
581 2167 733 2206 ruperunt
761 2159 894 2199 vincula
922 2172 996 2206 qum

249 2211 343 2246 etiam
366 2210 445 2246 sicut
468 2218 590 2245 stercus
616 2217 715 2243 terrae
734 2209 791 2243 11111
814 2210 997 2255 contempti

250 2259 328 2295 biles
342 2268 417 2295 sunt
439 2259 554 2295 eflecti.
569 2271 601 2293 se
618 2271 678 2292 non
695 2258 868 2303 corrigunt,
884 2258 997 2292 subdi-

251 2317 299 2343 tos
320 2321 384 2344 non
406 2309 569 2354 castigant,
593 2307 729 2354 capitula
763 2308 844 2341 iuxta
874 2307 997 2342 concilii

249 2358 405 2405 generalis
431 2365 582 2392 statutum
607 2369 668 2391 non
692 2356 866 2394 celebrant
897 2369 934 2390 ne
968 2358 997 2390 in

250 2407 352 2442 lucem
382 2407 532 2454 prodeant
565 2418 659 2452 opeia
694 2405 903 2445 tenebrarum
926 2415 955 2440 et
983 2418 997 2439 a

251 2455 371 2492 lumine
397 2464 578 2502 arguantur
603 2455 735 2501 Propter
757 2453 818 2489 hoc
842 2455 997 2508 siquidem

251 2504 397 2541 haereses
417 2505 629 2540 inv.alescunt
653 2504 725 2550 quia
741 2515 813 2538 cum
836 2516 890 2550 per
910 2517 998 2550 pauci

252 2553 346 2589 hodie
372 2567 483 2589 murus
505 2566 622 2589 aeneus
646 2553 692 2587 vel
726 2552 871 2587 columna
902 2553 999 2587 ferrea

251 2603 315 2638 sint
337 2603 475 2651 praelati,
499 2604 545 2638 vix
569 2611 615 2638 est
644 2603 696 2650 qui
721 2613 753 2637 se
776 2609 913 2648 opponat
936 2614 1002 2636 mu-

1671 232 1740 264 565

1044 305 1111 327 rum
1140 306 1196 340 pro
1211 294 1306 329 domo
1328 295 1453 330 Domini
1481 296 1726 332 ascendentibus
1752 310 1789 333 ex

1042 342 1188 376 adverso:
1212 354 1249 377 eo
1265 344 1347 389 quod
1369 345 1562 380 conscientia
1577 346 1789 386 remordente,

1042 391 1117 426 dum
1146 403 1239 426 canes
1267 393 1342 427 muti
1373 394 1546 440 proiectum
1571 396 1602 429 in
1631 404 1711 430 terra
1740 408 1789 430 ra-

1043 440 1229 475 munculum
1267 442 1296 475 in
1333 455 1368 476 os
1403 443 1528 483 hahent,
1563 452 1593 478 et
1620 445 1788 492 sintquaffl

1043 489 1172 525 baculus
1216 491 1429 525 arnndinaeus
1482 493 1539 526 iam
1595 494 1788 535 confractum

1043 551 1099 573 nec
1122 539 1233 574 latratu
1258 552 1314 574 nec
1337 540 1447 575 baculo
1468 550 1570 576 arceat
1597 543 1688 590 lupos
1709 543 1785 578 dila—

1042 596 1184 624 verantes
1206 589 1394 629 Ecclesiam,
1422 599 1451 624 et
1474 590 1502 624 in
1527 590 1626 637 ipsam
1652 593 1789 627 ululatus

1044 638 1159 672 validos
1177 638 1366 673 emittentes
1384 638 1465 674 Cum
1491 640 1583 685 igitur
1606 653 1668 676 non
1692 643 1790 688 possi-

1043 699 1112 721 mus
1127 687 1325 723 dissimularc
1354 687 1393 722 de
1415 696 1538 723 caetero
1555 689 1600 723 vel
1622 691 1789 725 conniven-

1042 736 1126 771 tibus
1148 737 1248 772 oculis
1271 738 1459 784 pertransire
1480 745 1599 773 tantum
1621 739 1695 774 cleri
1718 752 1789 775 cou-

1043 785 1180 831 tagium‚
1207 794 1237 821 et
1269 786 1376 832 populi
1408 787 1573 822 christiani
1606 788 1788 830 discrimen,

1040 834 1126 881 quod
1162 835 1299 882 procedit
1327 843 1356 870 et
1383 836 1505 882 prolicit
1532 849 1569 872 ex
1599 838 1788 892 negligentia

1043 883 1251 930 praelatorum
1285 886 1504 920 evacuantium
1542 898 1595 941 per
1623 887 1787 929 iniuriam

1040 941 1070 967 et
1094 940 1237 981 torpores
1264 934 1443 968 sanctiones
1469 935 1648 980 canonicas,
1675 944 1705 970 et
1726 944 1789 971 sta-

1042 990 1106 1017 tuta
1128 983 1265 1018 salubria
1287 982 1412 1017 concilii
1436 985 1603 1030 generalis,
1624 985 1790 1032 increpatis

1039 1032 1175 1067 securim
1194 1032 1407 1067 cominantem
1431 1033 1587 1068 excidium
1607 1046 1692 1069 nunc
1711 1035 1789 1069 radi-

1039 1081 1131 1116 cibus
1164 1082 1378 1116 infructuosae
1416 1082 1536 1117 arboris
1572 1083 1787 1130 applicamus,

1040 1131 1203 1165 consossae
1240 1130 1393 1166 ficulneae
1429 1132 1601 1178 cophinum
1640 1134 1788 1168 stercoris

1039 1187 1236 1227 apponentes
1250 1187 1416 1227 antequam
1434 1181 1664 1216 maledictionis
1681 1181 1788 1228 gladio

1041 1229 1179 1283 tenatur,
1211 1237 1240 1264 et
1262 1237 1357 1269 areat,
1379 1230 1403 1263 si
1433 1230 1568 1265 fructum
1599 1243 1659 1265 non
1682 1231 1789 1266 fecerit

1042 1279 1070 1312 in
1099 1279 1239 1313 futurum
1275 1290 1369 1332 quem
1398 1278 1457 1313 iam
1487 1278 1606 1313 diutius
1632 1287 1786 1326 expectat.

1807 243 1854 269 An.
1872 243 1899 269 C,

1919 242 1987 269 Hi?

1040 1328 1111 1369 QUO
1144 1328 1225 1362 Circa
1254 1327 1447 1362 universitati
1479 1336 1597 1363 VOSU'ae
1627 1341 1682 1376 per
1710 1341 1787 1376 apo·
1815 1337 1843 1358 ΠΒ
1868 1338 1904 1357 obs
1896 1343 1943 1359 -ver
1947 1344 1984 1358 δη-

1802 1369 1833 1388 dis
1843 1369 1927 1388 statutis
1937 1373 1985 1387 con

1040 1377 1146 1411 stolica
1185 1376 1298 1423 scripta
1336 1376 1540 1417 mandamus,
1580 1385 1610 1412 et
1648 1378 1788 1413 districte
1803 1398 1970 1423 „mmmm

1042 1425 1270 1472 praecipimus,
1307 1433 1464 1473 quatenus
1497 1426 1697 1473 praeteritam
1732 1440 1788 1462 ne-

1039 1474 1220 1520 3113611113111
1252 1488 1332 1510 novo
1362 1475 1467 1510 studio
1502 1475 1704 1516 redimentes,
1733 1489 1788 1524 per

1040 1523 1285 1559 sollicitudinem
1308 1524 1497 1570 geminatam
1513 1525 1558 1559 sic
1581 1525 1708 1572 prael'ati
1725 1533 1789 1560 sta-

1041 1580 1104 1607 tuta
1139 1573 1281 1613 concilii
1327 1582 1357 1608 et
1399 1574 1446 1607 illa
1487 1575 1668 1620 praesertim
1708 1587 1789 1621 quae

1040 1622 1173 1657 salutem
1213 1625 1387 1657 animarum
1418 1623 1605 1678 respiciunt7
1638 1623 1789 1671 deinceps

1041 1672 1233 1706 conserietis
1266 1680 1295 1706 et
1322 1672 1440 1706 faciatis
1467 1684 1482 1705 a
1511 1673 1619 1707 vestris
1653 1673 1788 1708 subditis

1042 1720 1260 1755 inviolabiliter
1307 1720 1488 1764 0115611311,
1532 1721 1617 1768 quod
1663 1723 1788 1768 possitis

1041 1769 1154 1804 exinde
1175 1769 1301 1805 laudern
1325 1770 1476 1817 consequi
1501 1777 1530 1804 et
1556 1778 1681 1805 aeterna
1704 1784 1788 1818 prae-

1042 1820 1101 1853 mia
1137 1820 1320 1866 pr'Otneterl,
1348 1831 1406 1854 nec
1432 1831 1624 1866 quemquam
1649 1827 1787 1855 vestrum

1042 1880 1173 1914 poenam
1214 1875 1356 1915 oporteat
1392 1868 1578 1909 formidare,
1616 1868 1653 1903 ad
1694 1882 1787 1916 quam

1041 1929 1077 1951 ex
1094 1929 1178 1952 nunc
1193 1925 1338 1965 potenter
1355 1918 1560 1964 accingimur,
1578 1927 1685 1953 contra
1708 1919 1786 1955 desi-

1041 1967 1096 2013 des
1130 1974 1161 2001 et
1199 1967 1356 2002 remissos,
1385 1967 1557 2013 lnvigiletis
1587 1975 1691 2003 autem
1716 1981 1789 2016 pro-

1042 2016 1170 2062 pensius
1191 2016 1228 2050 ad
1244 2016 1430 2051 haereticam
1448 2017 1629 2063 pravitatem
1644 2029 1661 2051 e
1680 2019 1789 2053 vestris

1042 2065 1168 2109 linibus7
1185 2065 1211 2100 si
1226 2065 1330 2100 forsan
1351 2066 1524 2113 irrepserit,
1549 2066 1675 2113 penitus
1693 2068 1789 2102 611111·-ξ

1041 2118 1191 2164 pandam:
1226 2120 1298 2166 quia
1335 2119 1431 2165 serpit
1466 2127 1497 2153 ut
1530 2131 1659 2157 cancer,
1687 2120 1788 2166 capita

1041 2179 1074 2206 ut
1097 2172 1191 2218 hydra
1221 2172 1419 2218 multiplicat,
1447 2179 1477 2206 et
1505 2179 1539 2206 ut
1565 2172 1660 2206 draco
1682 2173 1789 2207 stellas

1040 2225 1079 2259 de
1105 2225 1192 2260 coelo
1211 2225 1357 2263 detrahit,
1385 2234 1415 2259 et
1437 2224 1561 2259 mulieri
1586 2224 1685 2259 tendit
1708 2225 1787 2260 iusi-

1040 2278 1120 2315 dias,
1143 2279 1274 2325 cupiens
1303 2278 1413 2315 filium.
1441 2290 1536 2324 quem
1553 2278 1710 2325 concepit,
1732 2278 1790 2313 de-

1042 2344 1159 2367 vorare.
1178 2332 1277 2367 Ponat
1297 2333 1388 2367 etiam
1407 2332 1626 2378 uuusquisque
1649 2332 1787 2378 gladium

1040 2398 1135 2431 super
1178 2385 1280 2420 femur
1329 2397 1383 2432 per
1424 2385 1567 2420 medium
1613 2394 1787 2421 castrorum

1042 2439 1197 2473 transiens
1219 2438 1258 2473 de
1281 2446 1369 2485 porta
1392 2439 1422 2472 in
1448 2445 1581 2486 portam,
1605 2451 1662 2474 nec
1683 2448 1788 2487 parcat

1042 2492 1139 2536 fratri,
1168 2492 1311 2539 proximo
1348 2491 1393 2526 vel
1422 2492 1540 2533 amico,
1574 2493 1627 2540 qni
1665 2494 1790 2528 statutis

1042 2546 1164 2581 concilii
1197 2546 1368 2593 vilipensis.
1386 2558 1508 2581 morum
1532 2548 1578 2581 vel
1603 2547 1682 2582 vitae
1710 2547 1790 2582 abii-

1042 2600 1084 2635 cit
1106 2600 1315 2645 honestatem,
1338 2599 1385 2635 vel
1414 2612 1475 2636 non
1498 2600 1640 2636 observat
1662 2601 1693 2637 in
1717 2609 1790 2637 ton-
