<?xml version="1.0" encoding="UTF-8"?>
<!DOCTYPE html PUBLIC "-//W3C//DTD XHTML 1.0 Transitional//EN"
    "http://www.w3.org/TR/xhtml1/DTD/xhtml1-transitional.dtd">
<html xmlns="http://www.w3.org/1999/xhtml" xml:lang="en" lang="en">
 <head>
  <title>
</title>
<meta http-equiv="Content-Type" content="text/html;charset=utf-8" />
  <meta name='ocr-system' content='tesseract 3.04.00' />
  <meta name='ocr-capabilities' content='ocr_page ocr_carea ocr_par ocr_line ocrx_word'/>
</head>
<body>
  <div class='ocr_page' id='page_1' title='image "./bullarumdiplomat03cath/bullarumdiplomat03cath_0681.png"; bbox 0 0 2129 3223; ppageno 0'>
   <div class='ocr_carea' id='block_1_1' title="bbox 65 221 243 252">
    <p class='ocr_par' dir='ltr' id='par_1_1' title="bbox 65 221 243 252">
     <span class='ocr_line' id='line_1_1' title="bbox 65 221 243 252; baseline -0.006 -1"><span class='ocrx_word' id='word_1_1' title='bbox 65 222 115 251; x_wconf 66' lang='grc' dir='ltr'>ΑΒ.</span> <span class='ocrx_word' id='word_1_2' title='bbox 133 221 162 251; x_wconf 76' lang='lat' dir='ltr'>C·</span> <span class='ocrx_word' id='word_1_3' title='bbox 180 223 243 252; x_wconf 67' lang='lat' dir='ltr'>tatu</span> 
     </span>
    </p>
   </div>
   <div class='ocr_carea' id='block_1_2' title="bbox 49 278 1007 1408">
    <p class='ocr_par' dir='ltr' id='par_1_2' title="bbox 49 278 1007 1408">
     <span class='ocr_line' id='line_1_2' title="bbox 259 278 1006 326; baseline 0.004 -13"><span class='ocrx_word' id='word_1_4' title='bbox 259 285 290 313; x_wconf 87' lang='lat' dir='ltr'>et</span> <span class='ocrx_word' id='word_1_5' title='bbox 313 278 385 326; x_wconf 88' lang='lat' dir='ltr'>plus</span> <span class='ocrx_word' id='word_1_6' title='bbox 399 279 584 323; x_wconf 84' lang='lat' dir='ltr'>verendum,</span> <span class='ocrx_word' id='word_1_7' title='bbox 605 290 699 326; x_wconf 90' lang='lat' dir='ltr'>quam</span> <span class='ocrx_word' id='word_1_8' title='bbox 721 278 953 316; x_wconf 84' lang='lat' dir='ltr'>diffiniendum.</span> <span class='ocrx_word' id='word_1_9' title='bbox 972 280 1006 316; x_wconf 91' lang='lat' dir='ltr'>ln</span> 
     </span>
     <span class='ocr_line' id='line_1_3' title="bbox 258 326 1007 375; baseline 0.005 -13"><span class='ocrx_word' id='word_1_10' title='bbox 258 326 370 363; x_wconf 88' lang='lat' dir='ltr'>horum</span> <span class='ocrx_word' id='word_1_11' title='bbox 398 328 515 375; x_wconf 89' lang='lat' dir='ltr'>quippe</span> <span class='ocrx_word' id='word_1_12' title='bbox 547 328 785 374; x_wconf 70' lang='lat' dir='ltr'>investigatione</span> <span class='ocrx_word' id='word_1_13' title='bbox 819 342 853 365; x_wconf 93' lang='lat' dir='ltr'>ac</span> <span class='ocrx_word' id='word_1_14' title='bbox 887 330 1007 366; x_wconf 84' lang='lat' dir='ltr'>discus-</span> 
     </span>
     <span class='ocr_line' id='line_1_4' title="bbox 256 377 1004 423; baseline 0.005 -12"><span class='ocrx_word' id='word_1_15' title='bbox 256 377 348 412; x_wconf 81' lang='lat' dir='ltr'>sione</span> <span class='ocrx_word' id='word_1_16' title='bbox 368 388 482 412; x_wconf 89' lang='lat' dir='ltr'>sensns</span> <span class='ocrx_word' id='word_1_17' title='bbox 503 377 616 423; x_wconf 78' lang='lat' dir='ltr'>caligat</span> <span class='ocrx_word' id='word_1_18' title='bbox 637 377 787 418; x_wconf 88' lang='lat' dir='ltr'>hominis,</span> <span class='ocrx_word' id='word_1_19' title='bbox 827 391 916 414; x_wconf 87' lang='lat' dir='ltr'>mens</span> <span class='ocrx_word' id='word_1_20' title='bbox 947 379 1004 414; x_wconf 89' lang='lat' dir='ltr'>he-</span> 
     </span>
     <span class='ocr_line' id='line_1_5' title="bbox 255 425 1004 472; baseline 0.004 -12"><span class='ocrx_word' id='word_1_21' title='bbox 255 425 366 470; x_wconf 85' lang='lat' dir='ltr'>bescit,</span> <span class='ocrx_word' id='word_1_22' title='bbox 387 426 567 461; x_wconf 76' lang='lat' dir='ltr'>succumbit</span> <span class='ocrx_word' id='word_1_23' title='bbox 587 426 764 472; x_wconf 83' lang='lat' dir='ltr'>ingenium,</span> <span class='ocrx_word' id='word_1_24' title='bbox 786 435 817 462; x_wconf 87' lang='lat' dir='ltr'>et</span> <span class='ocrx_word' id='word_1_25' title='bbox 833 428 939 463; x_wconf 83' lang='lat' dir='ltr'>deficit</span> <span class='ocrx_word' id='word_1_26' title='bbox 953 428 1004 463; x_wconf 91' lang='lat' dir='ltr'>in-</span> 
     </span>
     <span class='ocr_line' id='line_1_6' title="bbox 253 474 1002 523; baseline 0.005 -14"><span class='ocrx_word' id='word_1_27' title='bbox 253 474 410 518; x_wconf 88' lang='lat' dir='ltr'>tellectus,</span> <span class='ocrx_word' id='word_1_28' title='bbox 435 483 466 510; x_wconf 88' lang='lat' dir='ltr'>et</span> <span class='ocrx_word' id='word_1_29' title='bbox 492 487 557 523; x_wconf 91' lang='lat' dir='ltr'>quo</span> <span class='ocrx_word' id='word_1_30' title='bbox 579 475 651 522; x_wconf 93' lang='lat' dir='ltr'>plus</span> <span class='ocrx_word' id='word_1_31' title='bbox 677 487 750 511; x_wconf 86' lang='lat' dir='ltr'>cura</span> <span class='ocrx_word' id='word_1_32' title='bbox 780 476 856 511; x_wconf 87' lang='lat' dir='ltr'>baec</span> <span class='ocrx_word' id='word_1_33' title='bbox 896 478 1002 513; x_wconf 82' lang='lat' dir='ltr'>inten-</span> 
     </span>
     <span class='ocr_line' id='line_1_7' title="bbox 252 523 1001 571; baseline 0.005 -13"><span class='ocrx_word' id='word_1_34' title='bbox 252 523 349 565; x_wconf 83' lang='lat' dir='ltr'>ditur,</span> <span class='ocrx_word' id='word_1_35' title='bbox 370 534 408 559; x_wconf 85' lang='lat' dir='ltr'>eo</span> <span class='ocrx_word' id='word_1_36' title='bbox 429 524 534 560; x_wconf 88' lang='lat' dir='ltr'>minus</span> <span class='ocrx_word' id='word_1_37' title='bbox 555 524 595 559; x_wconf 90' lang='lat' dir='ltr'>de</span> <span class='ocrx_word' id='word_1_38' title='bbox 613 524 663 559; x_wconf 92' lang='lat' dir='ltr'>his</span> <span class='ocrx_word' id='word_1_39' title='bbox 683 525 944 571; x_wconf 76' lang='lat' dir='ltr'>apprehenditur,</span> <span class='ocrx_word' id='word_1_40' title='bbox 970 535 1001 562; x_wconf 88' lang='lat' dir='ltr'>et</span> 
     </span>
     <span class='ocr_line' id='line_1_8' title="bbox 249 572 999 617; baseline 0.007 -11"><span class='ocrx_word' id='word_1_41' title='bbox 249 572 281 606; x_wconf 85' lang='lat' dir='ltr'>in</span> <span class='ocrx_word' id='word_1_42' title='bbox 299 572 450 608; x_wconf 86' lang='lat' dir='ltr'>maiorem</span> <span class='ocrx_word' id='word_1_43' title='bbox 471 573 584 608; x_wconf 88' lang='lat' dir='ltr'>horum</span> <span class='ocrx_word' id='word_1_44' title='bbox 603 573 856 609; x_wconf 77' lang='lat' dir='ltr'>incertitudinem</span> <span class='ocrx_word' id='word_1_45' title='bbox 878 575 999 617; x_wconf 83' lang='lat' dir='ltr'>incidit,</span> 
     </span>
     <span class='ocr_line' id='line_1_9' title="bbox 249 620 996 670; baseline 0.005 -14"><span class='ocrx_word' id='word_1_46' title='bbox 249 620 302 668; x_wconf 91' lang='lat' dir='ltr'>qui</span> <span class='ocrx_word' id='word_1_47' title='bbox 329 621 369 656; x_wconf 88' lang='lat' dir='ltr'>ad</span> <span class='ocrx_word' id='word_1_48' title='bbox 391 633 500 657; x_wconf 89' lang='lat' dir='ltr'>eorum</span> <span class='ocrx_word' id='word_1_49' title='bbox 524 623 663 657; x_wconf 84' lang='lat' dir='ltr'>notitiam</span> <span class='ocrx_word' id='word_1_50' title='bbox 678 623 790 669; x_wconf 79' lang='lat' dir='ltr'>satagit</span> <span class='ocrx_word' id='word_1_51' title='bbox 812 624 996 670; x_wconf 80' lang='lat' dir='ltr'>pleniorem:</span> 
     </span>
     <span class='ocr_line' id='line_1_10' title="bbox 247 670 995 720; baseline 0.005 -15"><span class='ocrx_word' id='word_1_52' title='bbox 247 670 320 718; x_wconf 85' lang='lat' dir='ltr'>quia</span> <span class='ocrx_word' id='word_1_53' title='bbox 348 671 379 706; x_wconf 89' lang='lat' dir='ltr'>in</span> <span class='ocrx_word' id='word_1_54' title='bbox 404 671 614 718; x_wconf 86' lang='lat' dir='ltr'>perquirenda</span> <span class='ocrx_word' id='word_1_55' title='bbox 647 671 826 707; x_wconf 90' lang='lat' dir='ltr'>divinorum</span> <span class='ocrx_word' id='word_1_56' title='bbox 865 685 995 720; x_wconf 89' lang='lat' dir='ltr'>operum</span> 
     </span>
     <span class='ocr_line' id='line_1_11' title="bbox 247 719 995 770; baseline 0.007 -17"><span class='ocrx_word' id='word_1_57' title='bbox 247 719 367 755; x_wconf 89' lang='lat' dir='ltr'>ratione</span> <span class='ocrx_word' id='word_1_58' title='bbox 389 728 506 756; x_wconf 88' lang='lat' dir='ltr'>temere</span> <span class='ocrx_word' id='word_1_59' title='bbox 528 721 695 766; x_wconf 81' lang='lat' dir='ltr'>cogitatur,</span> <span class='ocrx_word' id='word_1_60' title='bbox 712 721 854 767; x_wconf 76' lang='lat' dir='ltr'>vigilatur</span> <span class='ocrx_word' id='word_1_61' title='bbox 874 723 995 770; x_wconf 89' lang='lat' dir='ltr'>impro-</span> 
     </span>
     <span class='ocr_line' id='line_1_12' title="bbox 245 767 994 811; baseline 0.007 -9"><span class='ocrx_word' id='word_1_62' title='bbox 245 767 328 809; x_wconf 87' lang='lat' dir='ltr'>vide,</span> <span class='ocrx_word' id='word_1_63' title='bbox 350 768 497 804; x_wconf 78' lang='lat' dir='ltr'>studetur</span> <span class='ocrx_word' id='word_1_64' title='bbox 519 769 664 811; x_wconf 90' lang='lat' dir='ltr'>inaniter,</span> <span class='ocrx_word' id='word_1_65' title='bbox 690 778 721 805; x_wconf 86' lang='lat' dir='ltr'>et</span> <span class='ocrx_word' id='word_1_66' title='bbox 747 771 898 806; x_wconf 85' lang='lat' dir='ltr'>inutiliter</span> <span class='ocrx_word' id='word_1_67' title='bbox 911 772 994 808; x_wconf 83' lang='lat' dir='ltr'>labo-</span> 
     </span>
     <span class='ocr_line' id='line_1_13' title="bbox 245 817 993 856; baseline 0.007 -5"><span class='ocrx_word' id='word_1_68' title='bbox 245 825 342 852; x_wconf 87' lang='lat' dir='ltr'>ratur.</span> <span class='ocrx_word' id='word_1_69' title='bbox 368 817 455 854; x_wconf 87' lang='lat' dir='ltr'>Haec</span> <span class='ocrx_word' id='word_1_70' title='bbox 476 818 651 854; x_wconf 90' lang='lat' dir='ltr'>divinarum</span> <span class='ocrx_word' id='word_1_71' title='bbox 680 820 839 855; x_wconf 90' lang='lat' dir='ltr'>actionum</span> <span class='ocrx_word' id='word_1_72' title='bbox 870 821 993 856; x_wconf 89' lang='lat' dir='ltr'>incom-</span> 
     </span>
     <span class='ocr_line' id='line_1_14' title="bbox 243 867 990 914; baseline 0.005 -12"><span class='ocrx_word' id='word_1_73' title='bbox 243 867 468 914; x_wconf 86' lang='lat' dir='ltr'>prehensibilis</span> <span class='ocrx_word' id='word_1_74' title='bbox 505 867 648 908; x_wconf 84' lang='lat' dir='ltr'>altitudo,</span> <span class='ocrx_word' id='word_1_75' title='bbox 688 869 842 905; x_wconf 87' lang='lat' dir='ltr'>humanae</span> <span class='ocrx_word' id='word_1_76' title='bbox 886 882 990 907; x_wconf 86' lang='lat' dir='ltr'>revera</span> 
     </span>
     <span class='ocr_line' id='line_1_15' title="bbox 242 915 991 966; baseline 0.007 -16"><span class='ocrx_word' id='word_1_77' title='bbox 242 915 505 952; x_wconf 79' lang='lat' dir='ltr'>considerationis</span> <span class='ocrx_word' id='word_1_78' title='bbox 531 916 678 952; x_wconf 87' lang='lat' dir='ltr'>obtundit</span> <span class='ocrx_word' id='word_1_79' title='bbox 708 919 820 959; x_wconf 83' lang='lat' dir='ltr'>aciem,</span> <span class='ocrx_word' id='word_1_80' title='bbox 855 927 884 954; x_wconf 91' lang='lat' dir='ltr'>et</span> <span class='ocrx_word' id='word_1_81' title='bbox 917 932 991 966; x_wconf 86' lang='lat' dir='ltr'>per-</span> 
     </span>
     <span class='ocr_line' id='line_1_16' title="bbox 240 964 989 1016; baseline 0.005 -17"><span class='ocrx_word' id='word_1_82' title='bbox 240 964 386 1012; x_wconf 85' lang='lat' dir='ltr'>spicuum</span> <span class='ocrx_word' id='word_1_83' title='bbox 428 965 653 1013; x_wconf 87' lang='lat' dir='ltr'>intelligentiae</span> <span class='ocrx_word' id='word_1_84' title='bbox 688 967 851 1001; x_wconf 81' lang='lat' dir='ltr'>confundit</span> <span class='ocrx_word' id='word_1_85' title='bbox 896 981 989 1016; x_wconf 87' lang='lat' dir='ltr'>aspe-</span> 
     </span>
     <span class='ocr_line' id='line_1_17' title="bbox 240 1015 988 1062; baseline 0.005 -14"><span class='ocrx_word' id='word_1_86' title='bbox 240 1021 326 1049; x_wconf 91' lang='lat' dir='ltr'>ctum</span> <span class='ocrx_word' id='word_1_87' title='bbox 348 1025 421 1061; x_wconf 80' lang='lat' dir='ltr'>erga</span> <span class='ocrx_word' id='word_1_88' title='bbox 459 1015 604 1050; x_wconf 85' lang='lat' dir='ltr'>coelestia</span> <span class='ocrx_word' id='word_1_89' title='bbox 642 1017 755 1062; x_wconf 85' lang='lat' dir='ltr'>pariter</span> <span class='ocrx_word' id='word_1_90' title='bbox 789 1024 819 1051; x_wconf 88' lang='lat' dir='ltr'>et</span> <span class='ocrx_word' id='word_1_91' title='bbox 853 1026 988 1059; x_wconf 88' lang='lat' dir='ltr'>terrena,</span> 
     </span>
     <span class='ocr_line' id='line_1_18' title="bbox 238 1062 989 1102; baseline 0.008 -6"><span class='ocrx_word' id='word_1_92' title='bbox 238 1074 311 1097; x_wconf 89' lang='lat' dir='ltr'>cum</span> <span class='ocrx_word' id='word_1_93' title='bbox 324 1063 392 1098; x_wconf 85' lang='lat' dir='ltr'>viae</span> <span class='ocrx_word' id='word_1_94' title='bbox 404 1062 584 1099; x_wconf 87' lang='lat' dir='ltr'>Conditoris</span> <span class='ocrx_word' id='word_1_95' title='bbox 595 1064 734 1099; x_wconf 89' lang='lat' dir='ltr'>omnium</span> <span class='ocrx_word' id='word_1_96' title='bbox 755 1066 816 1100; x_wconf 91' lang='lat' dir='ltr'>sint</span> <span class='ocrx_word' id='word_1_97' title='bbox 830 1066 908 1102; x_wconf 87' lang='lat' dir='ltr'>adeo</span> <span class='ocrx_word' id='word_1_98' title='bbox 921 1067 989 1102; x_wconf 89' lang='lat' dir='ltr'>abs-</span> 
     </span>
     <span class='ocr_line' id='line_1_19' title="bbox 238 1110 985 1163; baseline 0.008 -17"><span class='ocrx_word' id='word_1_99' title='bbox 238 1110 425 1148; x_wconf 84' lang='lat' dir='ltr'>conditaeac</span> <span class='ocrx_word' id='word_1_100' title='bbox 440 1113 721 1159; x_wconf 86' lang='lat' dir='ltr'>inexplorabilesin</span> <span class='ocrx_word' id='word_1_101' title='bbox 735 1115 887 1162; x_wconf 89' lang='lat' dir='ltr'>utrisque,</span> <span class='ocrx_word' id='word_1_102' title='bbox 900 1117 985 1163; x_wconf 90' lang='lat' dir='ltr'>quod</span> 
     </span>
     <span class='ocr_line' id='line_1_20' title="bbox 239 1161 985 1208; baseline 0.008 -14"><span class='ocrx_word' id='word_1_103' title='bbox 239 1161 368 1197; x_wconf 87' lang='lat' dir='ltr'>omuino</span> <span class='ocrx_word' id='word_1_104' title='bbox 389 1162 582 1208; x_wconf 86' lang='lat' dir='ltr'>ignorantiae</span> <span class='ocrx_word' id='word_1_105' title='bbox 609 1163 718 1198; x_wconf 90' lang='lat' dir='ltr'>nubilo</span> <span class='ocrx_word' id='word_1_106' title='bbox 744 1163 884 1199; x_wconf 82' lang='lat' dir='ltr'>celantur</span> <span class='ocrx_word' id='word_1_107' title='bbox 900 1178 985 1200; x_wconf 87' lang='lat' dir='ltr'>mor-</span> 
     </span>
     <span class='ocr_line' id='line_1_21' title="bbox 237 1208 984 1260; baseline 0.007 -16"><span class='ocrx_word' id='word_1_108' title='bbox 237 1208 364 1252; x_wconf 84' lang='lat' dir='ltr'>talibus,</span> <span class='ocrx_word' id='word_1_109' title='bbox 385 1220 416 1246; x_wconf 86' lang='lat' dir='ltr'>et</span> <span class='ocrx_word' id='word_1_110' title='bbox 441 1223 604 1259; x_wconf 89' lang='lat' dir='ltr'>nunquam</span> <span class='ocrx_word' id='word_1_111' title='bbox 627 1212 674 1247; x_wconf 89' lang='lat' dir='ltr'>eis</span> <span class='ocrx_word' id='word_1_112' title='bbox 694 1213 797 1248; x_wconf 87' lang='lat' dir='ltr'>clarae</span> <span class='ocrx_word' id='word_1_113' title='bbox 829 1214 984 1260; x_wconf 84' lang='lat' dir='ltr'>cognitio-</span> 
     </span>
     <span class='ocr_line' id='line_1_22' title="bbox 235 1258 665 1296; baseline 0.005 -3"><span class='ocrx_word' id='word_1_114' title='bbox 235 1258 286 1293; x_wconf 88' lang='lat' dir='ltr'>nis</span> <span class='ocrx_word' id='word_1_115' title='bbox 306 1258 426 1294; x_wconf 88' lang='lat' dir='ltr'>lumine</span> <span class='ocrx_word' id='word_1_116' title='bbox 453 1261 665 1296; x_wconf 84' lang='lat' dir='ltr'>innotescunt.</span> 
     </span>
     <span class='ocr_line' id='line_1_23' title="bbox 282 1306 983 1359; baseline 0.007 -17"><span class='ocrx_word' id='word_1_117' title='bbox 282 1306 304 1354; x_wconf 71' lang='lat' dir='ltr'>S</span> <span class='ocrx_word' id='word_1_118' title='bbox 331 1311 363 1343; x_wconf 78' lang='lat'>1.</span> <span class='ocrx_word' id='word_1_119' title='bbox 395 1308 503 1345; x_wconf 81' lang='lat' dir='ltr'>Altum</span> <span class='ocrx_word' id='word_1_120' title='bbox 538 1310 636 1357; x_wconf 80' lang='lat' dir='ltr'>igitur</span> <span class='ocrx_word' id='word_1_121' title='bbox 672 1318 703 1345; x_wconf 86' lang='lat' dir='ltr'>et</span> <span class='ocrx_word' id='word_1_122' title='bbox 737 1323 885 1346; x_wconf 85' lang='lat' dir='ltr'>arcanum</span> <span class='ocrx_word' id='word_1_123' title='bbox 914 1325 983 1359; x_wconf 85' lang='lat' dir='ltr'>pro-</span> 
     </span>
     <span class='ocr_line' id='line_1_24' title="bbox 49 1353 980 1408; baseline 0.006 -19"><span class='ocrx_word' id='word_1_124' title='bbox 49 1355 122 1385; x_wconf 57' lang='grc' dir='ltr'>ΦΨ*</span> <span class='ocrx_word' id='word_1_125' title='bbox 139 1360 167 1380; x_wconf 73' lang='lat'>⁸¹²</span> <span class='ocrx_word' id='word_1_126' title='bbox 187 1353 392 1393; x_wconf 71' lang='lat' dir='ltr'>⁵1-videntiae</span> <span class='ocrx_word' id='word_1_127' title='bbox 417 1370 574 1405; x_wconf 86' lang='lat' dir='ltr'>supernae</span> <span class='ocrx_word' id='word_1_128' title='bbox 595 1359 773 1403; x_wconf 89' lang='lat' dir='ltr'>consilium,</span> <span class='ocrx_word' id='word_1_129' title='bbox 805 1370 980 1408; x_wconf 86' lang='lat' dir='ltr'>opportuna</span> 
     </span>
    </p>
   </div>
   <div class='ocr_carea' id='block_1_3' title="bbox 37 1388 981 1457">
    <p class='ocr_par' dir='ltr' id='par_1_3' title="bbox 37 1388 981 1457">
     <span class='ocr_line' id='line_1_25' title="bbox 37 1388 772 1415; baseline 0.008 -6"><span class='ocrx_word' id='word_1_130' title='bbox 37 1389 119 1410; x_wconf 68' lang='lat' dir='ltr'>viu-in</span> <span class='ocrx_word' id='word_1_131' title='bbox 135 1388 241 1411; x_wconf 58' lang='lat' dir='ltr'>vonum.</span> <span class='ocrx_word' id='word_1_132' title='bbox 293 1405 300 1412; x_wconf 91' lang='lat'><strong>.</strong></span> <span class='ocrx_word' id='word_1_133' title='bbox 547 1408 553 1414; x_wconf 89' lang='lat'><strong>.</strong></span> <span class='ocrx_word' id='word_1_134' title='bbox 767 1410 772 1415; x_wconf 94' lang='lat'>.</span> 
     </span>
     <span class='ocr_line' id='line_1_26' title="bbox 37 1408 981 1457; baseline 0.006 -17"><span class='ocrx_word' id='word_1_135' title='bbox 37 1423 83 1440; x_wconf 69' lang='lat' dir='ltr'>enm</span> <span class='ocrx_word' id='word_1_136' title='bbox 111 1414 350 1452; x_wconf 62' lang='lat' dir='ltr'>eiectioneiugtter</span> <span class='ocrx_word' id='word_1_137' title='bbox 368 1419 443 1453; x_wconf 85' lang='lat' dir='ltr'>erga</span> <span class='ocrx_word' id='word_1_138' title='bbox 471 1408 610 1443; x_wconf 81' lang='lat' dir='ltr'>fidelium</span> <span class='ocrx_word' id='word_1_139' title='bbox 650 1409 825 1444; x_wconf 79' lang='lat' dir='ltr'>Ecclesiam</span> <span class='ocrx_word' id='word_1_140' title='bbox 863 1422 981 1457; x_wconf 90' lang='lat' dir='ltr'>oppor—</span> 
     </span>
    </p>
   </div>
   <div class='ocr_carea' id='block_1_4' title="bbox 37 1449 990 2577">
    <p class='ocr_par' dir='ltr' id='par_1_4' title="bbox 37 1449 990 2577">
     <span class='ocr_line' id='line_1_27' title="bbox 37 1449 979 1504; baseline 0.007 -16"><span class='ocrx_word' id='word_1_141' title='bbox 37 1449 153 1477; x_wconf 70' lang='lat'>‘&#39;&#39;¹&#39;⁰⁵⁵¹¹⁰&#39;</span> <span class='ocrx_word' id='word_1_142' title='bbox 232 1461 308 1490; x_wconf 89' lang='lat' dir='ltr'>tune</span> <span class='ocrx_word' id='word_1_143' title='bbox 329 1456 542 1503; x_wconf 88' lang='lat' dir='ltr'>prospiciens,</span> <span class='ocrx_word' id='word_1_144' title='bbox 565 1458 642 1493; x_wconf 85' lang='lat' dir='ltr'>mira</span> <span class='ocrx_word' id='word_1_145' title='bbox 658 1458 688 1493; x_wconf 90' lang='lat' dir='ltr'>in</span> <span class='ocrx_word' id='word_1_146' title='bbox 712 1457 777 1504; x_wconf 88' lang='lat' dir='ltr'>ipsa</span> <span class='ocrx_word' id='word_1_147' title='bbox 792 1459 872 1494; x_wconf 92' lang='lat' dir='ltr'>miro</span> <span class='ocrx_word' id='word_1_148' title='bbox 886 1460 979 1495; x_wconf 92' lang='lat' dir='ltr'>modo</span> 
     </span>
     <span class='ocr_line' id='line_1_28' title="bbox 232 1505 979 1555; baseline 0.008 -17"><span class='ocrx_word' id='word_1_149' title='bbox 232 1515 288 1551; x_wconf 89' lang='lat' dir='ltr'>pro</span> <span class='ocrx_word' id='word_1_150' title='bbox 314 1505 523 1541; x_wconf 86' lang='lat' dir='ltr'>mutabilitate</span> <span class='ocrx_word' id='word_1_151' title='bbox 544 1514 724 1554; x_wconf 90' lang='lat' dir='ltr'>temporum</span> <span class='ocrx_word' id='word_1_152' title='bbox 756 1516 913 1555; x_wconf 84' lang='lat' dir='ltr'>operatur:</span> <span class='ocrx_word' id='word_1_153' title='bbox 949 1517 979 1544; x_wconf 86' lang='lat' dir='ltr'>et</span> 
     </span>
     <span class='ocr_line' id='line_1_29' title="bbox 229 1552 978 1603; baseline 0.007 -16"><span class='ocrx_word' id='word_1_154' title='bbox 229 1552 302 1600; x_wconf 88' lang='lat' dir='ltr'>quia</span> <span class='ocrx_word' id='word_1_155' title='bbox 327 1553 388 1589; x_wconf 89' lang='lat' dir='ltr'>sibi</span> <span class='ocrx_word' id='word_1_156' title='bbox 415 1555 624 1602; x_wconf 89' lang='lat' dir='ltr'>praelatorum</span> <span class='ocrx_word' id='word_1_157' title='bbox 656 1556 795 1602; x_wconf 81' lang='lat' dir='ltr'>regimen</span> <span class='ocrx_word' id='word_1_158' title='bbox 835 1565 882 1593; x_wconf 87' lang='lat' dir='ltr'>est</span> <span class='ocrx_word' id='word_1_159' title='bbox 921 1570 978 1603; x_wconf 92' lang='lat' dir='ltr'>po-</span> 
     </span>
     <span class='ocr_line' id='line_1_30' title="bbox 230 1601 978 1653; baseline 0.008 -17"><span class='ocrx_word' id='word_1_160' title='bbox 230 1601 350 1638; x_wconf 83' lang='lat' dir='ltr'>tissime</span> <span class='ocrx_word' id='word_1_161' title='bbox 371 1605 598 1647; x_wconf 89' lang='lat' dir='ltr'>necessarium,</span> <span class='ocrx_word' id='word_1_162' title='bbox 625 1606 694 1641; x_wconf 84' lang='lat' dir='ltr'>sine</span> <span class='ocrx_word' id='word_1_163' title='bbox 716 1618 779 1653; x_wconf 92' lang='lat' dir='ltr'>quo</span> <span class='ocrx_word' id='word_1_164' title='bbox 801 1606 851 1641; x_wconf 84' lang='lat' dir='ltr'>vix</span> <span class='ocrx_word' id='word_1_165' title='bbox 878 1607 978 1642; x_wconf 92' lang='lat' dir='ltr'>subsi-</span> 
     </span>
     <span class='ocr_line' id='line_1_31' title="bbox 227 1651 976 1702; baseline 0.005 -16"><span class='ocrx_word' id='word_1_166' title='bbox 227 1658 324 1687; x_wconf 83' lang='lat' dir='ltr'>steret</span> <span class='ocrx_word' id='word_1_167' title='bbox 358 1651 441 1689; x_wconf 87' lang='lat' dir='ltr'>inter</span> <span class='ocrx_word' id='word_1_168' title='bbox 474 1655 591 1690; x_wconf 87' lang='lat' dir='ltr'>saeculi</span> <span class='ocrx_word' id='word_1_169' title='bbox 626 1662 852 1702; x_wconf 80' lang='lat' dir='ltr'>tempestates,</span> <span class='ocrx_word' id='word_1_170' title='bbox 895 1657 976 1691; x_wconf 87' lang='lat' dir='ltr'>circa</span> 
     </span>
     <span class='ocr_line' id='line_1_32' title="bbox 228 1699 976 1752; baseline 0.005 -17"><span class='ocrx_word' id='word_1_171' title='bbox 228 1699 468 1747; x_wconf 65' lang='lat' dir='ltr'>praelectionem</span> <span class='ocrx_word' id='word_1_172' title='bbox 497 1704 599 1751; x_wconf 92' lang='lat' dir='ltr'>ipsius</span> <span class='ocrx_word' id='word_1_173' title='bbox 633 1705 811 1749; x_wconf 86' lang='lat' dir='ltr'>praesulum</span> <span class='ocrx_word' id='word_1_174' title='bbox 846 1713 876 1739; x_wconf 88' lang='lat' dir='ltr'>et</span> <span class='ocrx_word' id='word_1_175' title='bbox 915 1718 976 1752; x_wconf 87' lang='lat' dir='ltr'>pa·-</span> 
     </span>
     <span class='ocr_line' id='line_1_33' title="bbox 227 1752 975 1799; baseline 0.007 -15"><span class='ocrx_word' id='word_1_176' title='bbox 227 1756 347 1785; x_wconf 89' lang='lat' dir='ltr'>storum</span> <span class='ocrx_word' id='word_1_177' title='bbox 369 1752 506 1787; x_wconf 89' lang='lat' dir='ltr'>ostendit</span> <span class='ocrx_word' id='word_1_178' title='bbox 528 1754 694 1799; x_wconf 86' lang='lat' dir='ltr'>praecipue</span> <span class='ocrx_word' id='word_1_179' title='bbox 716 1765 790 1788; x_wconf 88' lang='lat' dir='ltr'>suae</span> <span class='ocrx_word' id='word_1_180' title='bbox 804 1754 975 1799; x_wconf 81' lang='lat' dir='ltr'>sapientiae</span> 
     </span>
     <span class='ocr_line' id='line_1_34' title="bbox 228 1799 976 1851; baseline 0.007 -18"><span class='ocrx_word' id='word_1_181' title='bbox 228 1799 475 1846; x_wconf 81' lang='lat' dir='ltr'>magnitudinem</span> <span class='ocrx_word' id='word_1_182' title='bbox 515 1809 546 1836; x_wconf 90' lang='lat' dir='ltr'>et</span> <span class='ocrx_word' id='word_1_183' title='bbox 577 1802 787 1837; x_wconf 89' lang='lat' dir='ltr'>inscrutabilis</span> <span class='ocrx_word' id='word_1_184' title='bbox 822 1802 976 1851; x_wconf 89' lang='lat' dir='ltr'>benepla-</span> 
     </span>
     <span class='ocr_line' id='line_1_35' title="bbox 226 1848 975 1899; baseline 0.007 -17"><span class='ocrx_word' id='word_1_185' title='bbox 226 1848 324 1883; x_wconf 89' lang='lat' dir='ltr'>citum</span> <span class='ocrx_word' id='word_1_186' title='bbox 346 1850 526 1892; x_wconf 74' lang='lat' dir='ltr'>voluntatis,</span> <span class='ocrx_word' id='word_1_187' title='bbox 549 1859 583 1886; x_wconf 92' lang='lat' dir='ltr'>ut</span> <span class='ocrx_word' id='word_1_188' title='bbox 609 1863 688 1898; x_wconf 88' lang='lat' dir='ltr'>quae</span> <span class='ocrx_word' id='word_1_189' title='bbox 716 1852 746 1886; x_wconf 91' lang='lat' dir='ltr'>in</span> <span class='ocrx_word' id='word_1_190' title='bbox 766 1852 815 1887; x_wconf 82' lang='lat' dir='ltr'>liis</span> <span class='ocrx_word' id='word_1_191' title='bbox 836 1865 892 1887; x_wconf 90' lang='lat' dir='ltr'>sua</span> <span class='ocrx_word' id='word_1_192' title='bbox 909 1865 975 1899; x_wconf 93' lang='lat' dir='ltr'>pro-</span> 
     </span>
     <span class='ocr_line' id='line_1_36' title="bbox 225 1895 974 1946; baseline 0.008 -15"><span class='ocrx_word' id='word_1_193' title='bbox 225 1895 321 1933; x_wconf 79' lang='lat' dir='ltr'>funda</span> <span class='ocrx_word' id='word_1_194' title='bbox 343 1898 553 1946; x_wconf 87' lang='lat' dir='ltr'>dispositione</span> <span class='ocrx_word' id='word_1_195' title='bbox 574 1913 646 1935; x_wconf 90' lang='lat' dir='ltr'>curn</span> <span class='ocrx_word' id='word_1_196' title='bbox 669 1901 799 1945; x_wconf 84' lang='lat' dir='ltr'>ratione,</span> <span class='ocrx_word' id='word_1_197' title='bbox 822 1902 893 1937; x_wconf 89' lang='lat' dir='ltr'>licet</span> <span class='ocrx_word' id='word_1_198' title='bbox 919 1915 974 1937; x_wconf 91' lang='lat' dir='ltr'>oc—</span> 
     </span>
     <span class='ocr_line' id='line_1_37' title="bbox 225 1945 972 1992; baseline 0.007 -11"><span class='ocrx_word' id='word_1_199' title='bbox 225 1945 320 1991; x_wconf 84' lang='lat' dir='ltr'>culta,</span> <span class='ocrx_word' id='word_1_200' title='bbox 341 1948 464 1983; x_wconf 88' lang='lat' dir='ltr'>ordinat</span> <span class='ocrx_word' id='word_1_201' title='bbox 490 1957 522 1984; x_wconf 89' lang='lat' dir='ltr'>et</span> <span class='ocrx_word' id='word_1_202' title='bbox 542 1958 717 1992; x_wconf 90' lang='lat' dir='ltr'>consumat,</span> <span class='ocrx_word' id='word_1_203' title='bbox 740 1950 801 1985; x_wconf 83' lang='lat' dir='ltr'>sint</span> <span class='ocrx_word' id='word_1_204' title='bbox 823 1952 972 1986; x_wconf 90' lang='lat' dir='ltr'>nimirum</span> 
     </span>
     <span class='ocr_line' id='line_1_38' title="bbox 224 1995 972 2045; baseline 0.008 -15"><span class='ocrx_word' id='word_1_205' title='bbox 224 1995 409 2033; x_wconf 88' lang='lat' dir='ltr'>bominibus</span> <span class='ocrx_word' id='word_1_206' title='bbox 447 1998 479 2032; x_wconf 89' lang='lat' dir='ltr'>in</span> <span class='ocrx_word' id='word_1_207' title='bbox 514 2006 688 2045; x_wconf 84' lang='lat' dir='ltr'>stuporem.</span> <span class='ocrx_word' id='word_1_208' title='bbox 728 1999 811 2035; x_wconf 89' lang='lat' dir='ltr'>Hinc</span> <span class='ocrx_word' id='word_1_209' title='bbox 848 2002 972 2041; x_wconf 86' lang='lat' dir='ltr'>evenit,</span> 
     </span>
     <span class='ocr_line' id='line_1_39' title="bbox 224 2045 973 2096; baseline 0.008 -17"><span class='ocrx_word' id='word_1_210' title='bbox 224 2045 307 2092; x_wconf 92' lang='lat' dir='ltr'>quod</span> <span class='ocrx_word' id='word_1_211' title='bbox 331 2045 362 2080; x_wconf 92' lang='lat' dir='ltr'>in</span> <span class='ocrx_word' id='word_1_212' title='bbox 389 2046 537 2082; x_wconf 86' lang='lat' dir='ltr'>cathedra</span> <span class='ocrx_word' id='word_1_213' title='bbox 565 2048 722 2094; x_wconf 88' lang='lat' dir='ltr'>pastorali,</span> <span class='ocrx_word' id='word_1_214' title='bbox 744 2061 824 2096; x_wconf 91' lang='lat' dir='ltr'>quae</span> <span class='ocrx_word' id='word_1_215' title='bbox 863 2049 973 2085; x_wconf 82' lang='lat' dir='ltr'>direr-</span> 
     </span>
     <span class='ocr_line' id='line_1_40' title="bbox 223 2099 973 2140; baseline 0.008 -7"><span class='ocrx_word' id='word_1_216' title='bbox 223 2110 330 2134; x_wconf 90' lang='lat' dir='ltr'>sorum</span> <span class='ocrx_word' id='word_1_217' title='bbox 360 2099 584 2137; x_wconf 88' lang='lat' dir='ltr'>substitutione</span> <span class='ocrx_word' id='word_1_218' title='bbox 619 2101 807 2137; x_wconf 84' lang='lat' dir='ltr'>Pontificum</span> <span class='ocrx_word' id='word_1_219' title='bbox 840 2104 973 2140; x_wconf 89' lang='lat' dir='ltr'>varieta-</span> 
     </span>
     <span class='ocr_line' id='line_1_41' title="bbox 224 2155 971 2203; baseline 0.007 -16"><span class='ocrx_word' id='word_1_220' title='bbox 224 2159 286 2188; x_wconf 87' lang='lat' dir='ltr'>tem</span> <span class='ocrx_word' id='word_1_221' title='bbox 315 2164 370 2200; x_wconf 91' lang='lat' dir='ltr'>per</span> <span class='ocrx_word' id='word_1_222' title='bbox 397 2161 536 2201; x_wconf 89' lang='lat' dir='ltr'>tempora</span> <span class='ocrx_word' id='word_1_223' title='bbox 570 2155 704 2202; x_wconf 80' lang='lat' dir='ltr'>suscipit</span> <span class='ocrx_word' id='word_1_224' title='bbox 740 2169 944 2203; x_wconf 88' lang='lat' dir='ltr'>personarum</span> <span class='ocrx_word' id='word_1_225' title='bbox 962 2186 971 2200; x_wconf 95' lang='lat'>,</span> 
     </span>
     <span class='ocr_line' id='line_1_42' title="bbox 223 2205 972 2250; baseline 0.008 -9"><span class='ocrx_word' id='word_1_226' title='bbox 223 2205 381 2242; x_wconf 86' lang='lat' dir='ltr'>interdum</span> <span class='ocrx_word' id='word_1_227' title='bbox 419 2219 511 2243; x_wconf 89' lang='lat' dir='ltr'>senes</span> <span class='ocrx_word' id='word_1_228' title='bbox 551 2208 741 2250; x_wconf 90' lang='lat' dir='ltr'>iunioribus,</span> <span class='ocrx_word' id='word_1_229' title='bbox 777 2218 809 2245; x_wconf 91' lang='lat' dir='ltr'>et</span> <span class='ocrx_word' id='word_1_230' title='bbox 842 2213 972 2248; x_wconf 87' lang='lat' dir='ltr'>iuvenes</span> 
     </span>
     <span class='ocr_line' id='line_1_43' title="bbox 223 2258 971 2309; baseline 0.009 -15"><span class='ocrx_word' id='word_1_231' title='bbox 223 2258 392 2306; x_wconf 87' lang='lat' dir='ltr'>aliquando</span> <span class='ocrx_word' id='word_1_232' title='bbox 412 2260 592 2297; x_wconf 88' lang='lat' dir='ltr'>senioribus</span> <span class='ocrx_word' id='word_1_233' title='bbox 622 2262 851 2309; x_wconf 87' lang='lat' dir='ltr'>praeferuntur.</span> <span class='ocrx_word' id='word_1_234' title='bbox 888 2264 971 2301; x_wconf 88' lang='lat' dir='ltr'>Hinc</span> 
     </span>
     <span class='ocr_line' id='line_1_44' title="bbox 223 2313 969 2365; baseline 0.009 -17"><span class='ocrx_word' id='word_1_235' title='bbox 223 2313 338 2357; x_wconf 87' lang='lat' dir='ltr'>evenit,</span> <span class='ocrx_word' id='word_1_236' title='bbox 370 2314 454 2362; x_wconf 87' lang='lat' dir='ltr'>quod</span> <span class='ocrx_word' id='word_1_237' title='bbox 495 2315 564 2363; x_wconf 92' lang='lat' dir='ltr'>ipsa</span> <span class='ocrx_word' id='word_1_238' title='bbox 601 2328 839 2365; x_wconf 87' lang='lat' dir='ltr'>nonnumquam</span> <span class='ocrx_word' id='word_1_239' title='bbox 873 2319 969 2358; x_wconf 87' lang='lat' dir='ltr'>illos,</span> 
     </span>
     <span class='ocr_line' id='line_1_45' title="bbox 223 2367 969 2418; baseline 0.008 -17"><span class='ocrx_word' id='word_1_240' title='bbox 223 2378 304 2414; x_wconf 86' lang='lat' dir='ltr'>quos</span> <span class='ocrx_word' id='word_1_241' title='bbox 334 2367 465 2404; x_wconf 89' lang='lat' dir='ltr'>virtutes</span> <span class='ocrx_word' id='word_1_242' title='bbox 476 2376 506 2404; x_wconf 94' lang='lat' dir='ltr'>et</span> <span class='ocrx_word' id='word_1_243' title='bbox 522 2369 652 2404; x_wconf 91' lang='lat' dir='ltr'>scientia</span> <span class='ocrx_word' id='word_1_244' title='bbox 667 2371 767 2417; x_wconf 81' lang='lat' dir='ltr'>magis</span> <span class='ocrx_word' id='word_1_245' title='bbox 786 2371 969 2418; x_wconf 86' lang='lat' dir='ltr'>insigniunt,</span> 
     </span>
     <span class='ocr_line' id='line_1_46' title="bbox 223 2423 969 2469; baseline 0.008 -14"><span class='ocrx_word' id='word_1_246' title='bbox 223 2431 463 2469; x_wconf 88' lang='lat' dir='ltr'>nonnumquam</span> <span class='ocrx_word' id='word_1_247' title='bbox 496 2434 567 2457; x_wconf 88' lang='lat' dir='ltr'>vero</span> <span class='ocrx_word' id='word_1_248' title='bbox 601 2423 706 2457; x_wconf 86' lang='lat' dir='ltr'>minus</span> <span class='ocrx_word' id='word_1_249' title='bbox 741 2424 856 2460; x_wconf 88' lang='lat' dir='ltr'>talibus</span> <span class='ocrx_word' id='word_1_250' title='bbox 889 2426 969 2461; x_wconf 89' lang='lat' dir='ltr'>insi-</span> 
     </span>
     <span class='ocr_line' id='line_1_47' title="bbox 222 2473 968 2527; baseline 0.007 -18"><span class='ocrx_word' id='word_1_251' title='bbox 222 2473 328 2520; x_wconf 81' lang='lat' dir='ltr'>gnitos</span> <span class='ocrx_word' id='word_1_252' title='bbox 347 2474 490 2510; x_wconf 88' lang='lat' dir='ltr'>assumit.</span> <span class='ocrx_word' id='word_1_253' title='bbox 513 2475 597 2511; x_wconf 86' lang='lat' dir='ltr'>Hinc</span> <span class='ocrx_word' id='word_1_254' title='bbox 618 2476 710 2511; x_wconf 92' lang='lat' dir='ltr'>etiam</span> <span class='ocrx_word' id='word_1_255' title='bbox 733 2478 852 2523; x_wconf 87' lang='lat' dir='ltr'>evenit,</span> <span class='ocrx_word' id='word_1_256' title='bbox 884 2479 968 2527; x_wconf 91' lang='lat' dir='ltr'>quod</span> 
     </span>
     <span class='ocr_line' id='line_1_48' title="bbox 222 2527 990 2577; baseline 0.009 -15"><span class='ocrx_word' id='word_1_257' title='bbox 222 2527 391 2576; x_wconf 81' lang='lat' dir='ltr'>aliquando</span> <span class='ocrx_word' id='word_1_258' title='bbox 411 2540 481 2564; x_wconf 88' lang='lat' dir='ltr'>eam</span> <span class='ocrx_word' id='word_1_259' title='bbox 503 2529 547 2571; x_wconf 90' lang='lat' dir='ltr'>hi,</span> <span class='ocrx_word' id='word_1_260' title='bbox 569 2528 608 2565; x_wconf 89' lang='lat' dir='ltr'>de</span> <span class='ocrx_word' id='word_1_261' title='bbox 629 2529 746 2577; x_wconf 89' lang='lat' dir='ltr'>quibus</span> <span class='ocrx_word' id='word_1_262' title='bbox 773 2530 877 2566; x_wconf 90' lang='lat' dir='ltr'>minus</span> <span class='ocrx_word' id='word_1_263' title='bbox 903 2544 970 2568; x_wconf 91' lang='lat' dir='ltr'>cre·</span> <span class='ocrx_word' id='word_1_264' title='bbox 988 2547 990 2574; x_wconf 65' lang='grc' dir='ltr'>ς</span> 
     </span>
    </p>
   </div>
   <div class='ocr_carea' id='block_1_5' title="bbox 222 2576 990 2634">
    <p class='ocr_par' dir='ltr' id='par_1_5' title="bbox 222 2576 990 2634">
     <span class='ocr_line' id='line_1_49' title="bbox 222 2576 990 2634; baseline 0.008 -18"><span class='ocrx_word' id='word_1_265' title='bbox 222 2580 309 2617; x_wconf 87' lang='lat' dir='ltr'>ditur</span> <span class='ocrx_word' id='word_1_266' title='bbox 330 2590 360 2617; x_wconf 89' lang='lat' dir='ltr'>et</span> <span class='ocrx_word' id='word_1_267' title='bbox 381 2590 533 2630; x_wconf 88' lang='lat' dir='ltr'>speratur,</span> <span class='ocrx_word' id='word_1_268' title='bbox 555 2583 741 2619; x_wconf 89' lang='lat' dir='ltr'>ascendunt.</span> <span class='ocrx_word' id='word_1_269' title='bbox 764 2583 874 2621; x_wconf 91' lang='lat' dir='ltr'>Simile</span> <span class='ocrx_word' id='word_1_270' title='bbox 893 2576 990 2634; x_wconf 77' lang='lat' dir='ltr'>quo-l</span> 
     </span>
    </p>
   </div>
   <div class='ocr_carea' id='block_1_6' title="bbox 983 1079 1014 2543">
    <p class='ocr_par' dir='ltr' id='par_1_6' title="bbox 983 1079 1014 2543">
     <span class='ocr_line' id='line_1_50' title="bbox 983 1079 1014 2543; baseline 0 0"><span class='ocrx_word' id='word_1_271' title='bbox 983 1079 1014 2543; x_wconf 95' lang='lat' dir='ltr'> </span> 
     </span>
    </p>
   </div>
   <div class='ocr_carea' id='block_1_7' title="bbox 893 225 1175 252">
    <p class='ocr_par' dir='ltr' id='par_1_7' title="bbox 893 225 1175 252">
     <span class='ocr_line' id='line_1_51' title="bbox 893 225 1175 252; baseline 0.007 -2"><span class='ocrx_word' id='word_1_272' title='bbox 893 225 1038 251; x_wconf 66' lang='lat' dir='ltr'>nunnus</span> <span class='ocrx_word' id='word_1_273' title='bbox 1064 226 1098 250; x_wconf 72' lang='lat' dir='ltr'>lv</span> <span class='ocrx_word' id='word_1_274' title='bbox 1122 227 1175 252; x_wconf 75' lang='lat'><strong>1³1².</strong></span> 
     </span>
    </p>
   </div>
   <div class='ocr_carea' id='block_1_8' title="bbox 1676 222 1747 258">
    <p class='ocr_par' dir='ltr' id='par_1_8' title="bbox 1676 222 1747 258">
     <span class='ocr_line' id='line_1_52' title="bbox 1676 222 1747 258; baseline 0.028 -2"><span class='ocrx_word' id='word_1_275' title='bbox 1676 222 1747 258; x_wconf 78' lang='lat'>675</span> 
     </span>
    </p>
   </div>
   <div class='ocr_carea' id='block_1_9' title="bbox 1026 281 1976 1264">
    <p class='ocr_par' dir='ltr' id='par_1_9' title="bbox 1031 281 1795 1019">
     <span class='ocr_line' id='line_1_53' title="bbox 1047 281 1795 336; baseline 0.012 -21"><span class='ocrx_word' id='word_1_276' title='bbox 1047 281 1161 329; x_wconf 90' lang='lat' dir='ltr'>quein</span> <span class='ocrx_word' id='word_1_277' title='bbox 1189 284 1405 329; x_wconf 78' lang='lat' dir='ltr'>praeeminenti</span> <span class='ocrx_word' id='word_1_278' title='bbox 1440 286 1665 334; x_wconf 83' lang='lat' dir='ltr'>Apostolorum</span> <span class='ocrx_word' id='word_1_279' title='bbox 1707 288 1795 336; x_wconf 89' lang='lat' dir='ltr'>prin-</span> 
     </span>
     <span class='ocr_line' id='line_1_54' title="bbox 1046 330 1795 383; baseline 0.009 -17"><span class='ocrx_word' id='word_1_280' title='bbox 1046 331 1126 378; x_wconf 89' lang='lat' dir='ltr'>cipis</span> <span class='ocrx_word' id='word_1_281' title='bbox 1157 330 1242 367; x_wconf 91' lang='lat' dir='ltr'>Sede</span> <span class='ocrx_word' id='word_1_282' title='bbox 1280 335 1445 381; x_wconf 80' lang='lat' dir='ltr'>contingit,</span> <span class='ocrx_word' id='word_1_283' title='bbox 1487 336 1571 383; x_wconf 92' lang='lat' dir='ltr'>quod</span> <span class='ocrx_word' id='word_1_284' title='bbox 1611 337 1795 374; x_wconf 88' lang='lat' dir='ltr'>sedentibus</span> 
     </span>
     <span class='ocr_line' id='line_1_55' title="bbox 1045 379 1793 430; baseline 0.011 -16"><span class='ocrx_word' id='word_1_285' title='bbox 1045 379 1077 415; x_wconf 90' lang='lat' dir='ltr'>in</span> <span class='ocrx_word' id='word_1_286' title='bbox 1108 392 1142 415; x_wconf 91' lang='lat' dir='ltr'>ea</span> <span class='ocrx_word' id='word_1_287' title='bbox 1187 393 1243 427; x_wconf 92' lang='lat' dir='ltr'>pro</span> <span class='ocrx_word' id='word_1_288' title='bbox 1273 389 1417 430; x_wconf 88' lang='lat' dir='ltr'>tempore</span> <span class='ocrx_word' id='word_1_289' title='bbox 1445 396 1575 420; x_wconf 91' lang='lat' dir='ltr'>cursum</span> <span class='ocrx_word' id='word_1_290' title='bbox 1610 386 1793 422; x_wconf 84' lang='lat' dir='ltr'>finientibus</span> 
     </span>
     <span class='ocr_line' id='line_1_56' title="bbox 1044 429 1793 479; baseline 0.011 -16"><span class='ocrx_word' id='word_1_291' title='bbox 1044 429 1123 464; x_wconf 88' lang='lat' dir='ltr'>vitae</span> <span class='ocrx_word' id='word_1_292' title='bbox 1145 442 1232 470; x_wconf 85' lang='lat' dir='ltr'>suae,</span> <span class='ocrx_word' id='word_1_293' title='bbox 1259 431 1309 466; x_wconf 87' lang='lat' dir='ltr'>alii</span> <span class='ocrx_word' id='word_1_294' title='bbox 1348 433 1433 468; x_wconf 83' lang='lat' dir='ltr'>iuxta</span> <span class='ocrx_word' id='word_1_295' title='bbox 1470 435 1678 479; x_wconf 87' lang='lat' dir='ltr'>provisionem</span> <span class='ocrx_word' id='word_1_296' title='bbox 1711 436 1793 471; x_wconf 90' lang='lat' dir='ltr'>divi-</span> 
     </span>
     <span class='ocr_line' id='line_1_57' title="bbox 1044 482 1790 527; baseline 0.012 -15"><span class='ocrx_word' id='word_1_297' title='bbox 1044 489 1140 518; x_wconf 85' lang='lat' dir='ltr'>nam,</span> <span class='ocrx_word' id='word_1_298' title='bbox 1173 487 1350 527; x_wconf 88' lang='lat' dir='ltr'>nutumque</span> <span class='ocrx_word' id='word_1_299' title='bbox 1387 482 1555 518; x_wconf 86' lang='lat' dir='ltr'>coelestem</span> <span class='ocrx_word' id='word_1_300' title='bbox 1591 484 1630 519; x_wconf 86' lang='lat' dir='ltr'>ad</span> <span class='ocrx_word' id='word_1_301' title='bbox 1664 484 1790 520; x_wconf 87' lang='lat' dir='ltr'>culmen</span> 
     </span>
     <span class='ocr_line' id='line_1_58' title="bbox 1041 527 1791 576; baseline 0.011 -15"><span class='ocrx_word' id='word_1_302' title='bbox 1041 527 1250 573; x_wconf 86' lang='lat' dir='ltr'>apostolicum</span> <span class='ocrx_word' id='word_1_303' title='bbox 1286 529 1508 576; x_wconf 84' lang='lat' dir='ltr'>subrogantur,</span> <span class='ocrx_word' id='word_1_304' title='bbox 1535 540 1566 567; x_wconf 91' lang='lat' dir='ltr'>et</span> <span class='ocrx_word' id='word_1_305' title='bbox 1597 534 1791 569; x_wconf 85' lang='lat' dir='ltr'>suscitantur</span> 
     </span>
     <span class='ocr_line' id='line_1_59' title="bbox 1041 576 1788 623; baseline 0.011 -13"><span class='ocrx_word' id='word_1_306' title='bbox 1041 576 1071 610; x_wconf 91' lang='lat' dir='ltr'>in</span> <span class='ocrx_word' id='word_1_307' title='bbox 1093 576 1177 612; x_wconf 84' lang='lat' dir='ltr'>Sede</span> <span class='ocrx_word' id='word_1_308' title='bbox 1199 577 1265 623; x_wconf 89' lang='lat' dir='ltr'>ipsa</span> <span class='ocrx_word' id='word_1_309' title='bbox 1286 579 1465 614; x_wconf 87' lang='lat' dir='ltr'>sacerdotes</span> <span class='ocrx_word' id='word_1_310' title='bbox 1486 588 1516 615; x_wconf 88' lang='lat' dir='ltr'>et</span> <span class='ocrx_word' id='word_1_311' title='bbox 1542 581 1677 617; x_wconf 88' lang='lat' dir='ltr'>ministri</span> <span class='ocrx_word' id='word_1_312' title='bbox 1709 582 1788 617; x_wconf 82' lang='lat' dir='ltr'>tide-</span> 
     </span>
     <span class='ocr_line' id='line_1_60' title="bbox 1040 624 1786 675; baseline 0.012 -17"><span class='ocrx_word' id='word_1_313' title='bbox 1040 624 1095 664; x_wconf 87' lang='lat' dir='ltr'>les,</span> <span class='ocrx_word' id='word_1_314' title='bbox 1117 626 1169 672; x_wconf 91' lang='lat' dir='ltr'>qui</span> <span class='ocrx_word' id='word_1_315' title='bbox 1193 626 1322 673; x_wconf 80' lang='lat' dir='ltr'>vigilent</span> <span class='ocrx_word' id='word_1_316' title='bbox 1347 640 1444 674; x_wconf 90' lang='lat' dir='ltr'>super</span> <span class='ocrx_word' id='word_1_317' title='bbox 1469 640 1609 675; x_wconf 82' lang='lat' dir='ltr'>gregem,</span> <span class='ocrx_word' id='word_1_318' title='bbox 1632 639 1663 665; x_wconf 91' lang='lat' dir='ltr'>et</span> <span class='ocrx_word' id='word_1_319' title='bbox 1702 632 1786 666; x_wconf 83' lang='lat' dir='ltr'>iuxta</span> 
     </span>
     <span class='ocr_line' id='line_1_61' title="bbox 1038 673 1787 727; baseline 0.009 -20"><span class='ocrx_word' id='word_1_320' title='bbox 1038 673 1229 709; x_wconf 89' lang='lat' dir='ltr'>voluntatem</span> <span class='ocrx_word' id='word_1_321' title='bbox 1252 675 1380 710; x_wconf 90' lang='lat' dir='ltr'>Domini</span> <span class='ocrx_word' id='word_1_322' title='bbox 1403 687 1587 724; x_wconf 85' lang='lat' dir='ltr'>operentur.</span> <span class='ocrx_word' id='word_1_323' title='bbox 1610 679 1713 727; x_wconf 82' lang='lat' dir='ltr'>Digne</span> <span class='ocrx_word' id='word_1_324' title='bbox 1727 681 1787 727; x_wconf 81' lang='lat' dir='ltr'>igi-</span> 
     </span>
     <span class='ocr_line' id='line_1_62' title="bbox 1037 723 1786 771; baseline 0.011 -15"><span class='ocrx_word' id='word_1_325' title='bbox 1037 729 1088 756; x_wconf 88' lang='lat' dir='ltr'>tur</span> <span class='ocrx_word' id='word_1_326' title='bbox 1125 723 1328 759; x_wconf 84' lang='lat' dir='ltr'>exclamatur:</span> <span class='ocrx_word' id='word_1_327' title='bbox 1366 725 1394 759; x_wconf 94' lang='grc' dir='ltr'><strong>Ο</strong></span> <span class='ocrx_word' id='word_1_328' title='bbox 1429 727 1695 771; x_wconf 87' lang='lat' dir='ltr'>supereminentia</span> <span class='ocrx_word' id='word_1_329' title='bbox 1729 742 1786 764; x_wconf 82' lang='lat' dir='ltr'>sa-</span> 
     </span>
     <span class='ocr_line' id='line_1_63' title="bbox 1036 771 1785 825; baseline 0.011 -20"><span class='ocrx_word' id='word_1_330' title='bbox 1036 771 1172 818; x_wconf 87' lang='lat' dir='ltr'>pientiae</span> <span class='ocrx_word' id='word_1_331' title='bbox 1197 772 1269 818; x_wconf 90' lang='lat' dir='ltr'>Dei,</span> <span class='ocrx_word' id='word_1_332' title='bbox 1291 785 1385 821; x_wconf 90' lang='lat' dir='ltr'>quam</span> <span class='ocrx_word' id='word_1_333' title='bbox 1408 775 1581 821; x_wconf 78' lang='lat' dir='ltr'>profundae</span> <span class='ocrx_word' id='word_1_334' title='bbox 1601 785 1677 811; x_wconf 88' lang='lat' dir='ltr'>sunt</span> <span class='ocrx_word' id='word_1_335' title='bbox 1698 780 1785 825; x_wconf 89' lang='lat' dir='ltr'>cogi-</span> 
     </span>
     <span class='ocr_line' id='line_1_64' title="bbox 1036 821 1783 870; baseline 0.009 -16"><span class='ocrx_word' id='word_1_336' title='bbox 1036 821 1168 856; x_wconf 86' lang='lat' dir='ltr'>tationes</span> <span class='ocrx_word' id='word_1_337' title='bbox 1193 822 1305 869; x_wconf 83' lang='lat' dir='ltr'>ipsius,</span> <span class='ocrx_word' id='word_1_338' title='bbox 1332 835 1426 870; x_wconf 91' lang='lat' dir='ltr'>quam</span> <span class='ocrx_word' id='word_1_339' title='bbox 1448 823 1584 859; x_wconf 89' lang='lat' dir='ltr'>sublime</span> <span class='ocrx_word' id='word_1_340' title='bbox 1611 832 1641 860; x_wconf 87' lang='lat' dir='ltr'>et</span> <span class='ocrx_word' id='word_1_341' title='bbox 1675 828 1783 862; x_wconf 81' lang='lat' dir='ltr'>occul-</span> 
     </span>
     <span class='ocr_line' id='line_1_65' title="bbox 1034 871 1784 921; baseline 0.013 -19"><span class='ocrx_word' id='word_1_342' title='bbox 1034 876 1098 904; x_wconf 91' lang='lat' dir='ltr'>tum</span> <span class='ocrx_word' id='word_1_343' title='bbox 1121 871 1191 904; x_wconf 89' lang='lat' dir='ltr'>eius</span> <span class='ocrx_word' id='word_1_344' title='bbox 1209 871 1388 914; x_wconf 90' lang='lat' dir='ltr'>consilium,</span> <span class='ocrx_word' id='word_1_345' title='bbox 1418 885 1511 920; x_wconf 83' lang='lat' dir='ltr'>quarn</span> <span class='ocrx_word' id='word_1_346' title='bbox 1553 874 1784 921; x_wconf 77' lang='lat' dir='ltr'>inexquisibilis</span> 
     </span>
     <span class='ocr_line' id='line_1_66' title="bbox 1032 918 1781 970; baseline 0.011 -18"><span class='ocrx_word' id='word_1_347' title='bbox 1032 930 1087 953; x_wconf 86' lang='lat' dir='ltr'>sua</span> <span class='ocrx_word' id='word_1_348' title='bbox 1108 918 1313 966; x_wconf 82' lang='lat' dir='ltr'>dispensatio,</span> <span class='ocrx_word' id='word_1_349' title='bbox 1335 930 1365 956; x_wconf 91' lang='lat' dir='ltr'>et</span> <span class='ocrx_word' id='word_1_350' title='bbox 1400 934 1494 969; x_wconf 90' lang='lat' dir='ltr'>quam</span> <span class='ocrx_word' id='word_1_351' title='bbox 1529 923 1781 970; x_wconf 77' lang='lat' dir='ltr'>impenetrabilis</span> 
     </span>
     <span class='ocr_line' id='line_1_67' title="bbox 1031 971 1568 1019; baseline 0.009 -18"><span class='ocrx_word' id='word_1_352' title='bbox 1031 979 1158 1002; x_wconf 88' lang='lat' dir='ltr'>suarum</span> <span class='ocrx_word' id='word_1_353' title='bbox 1181 971 1400 1014; x_wconf 86' lang='lat' dir='ltr'>operationum</span> <span class='ocrx_word' id='word_1_354' title='bbox 1423 971 1568 1019; x_wconf 84' lang='lat' dir='ltr'>abyssus!</span> 
     </span>
    </p>

    <p class='ocr_par' dir='ltr' id='par_1_10' title="bbox 1026 1017 1976 1264">
     <span class='ocr_line' id='line_1_68' title="bbox 1078 1017 1976 1064; baseline 0.008 -14"><span class='ocrx_word' id='word_1_355' title='bbox 1078 1017 1098 1064; x_wconf 72' lang='lat' dir='ltr'>S</span> <span class='ocrx_word' id='word_1_356' title='bbox 1125 1021 1157 1051; x_wconf 64' lang='grc' dir='ltr'>ἒ.</span> <span class='ocrx_word' id='word_1_357' title='bbox 1185 1018 1268 1054; x_wconf 87' lang='lat' dir='ltr'>Sane</span> <span class='ocrx_word' id='word_1_358' title='bbox 1303 1019 1402 1054; x_wconf 87' lang='lat' dir='ltr'>felicis</span> <span class='ocrx_word' id='word_1_359' title='bbox 1439 1021 1666 1056; x_wconf 87' lang='lat' dir='ltr'>recordationis</span> <span class='ocrx_word' id='word_1_360' title='bbox 1701 1022 1780 1057; x_wconf 75' lang='lat' dir='ltr'>Ate-</span> <span class='ocrx_word' id='word_1_361' title='bbox 1795 1028 1976 1054; x_wconf 47' lang='lat' dir='ltr'>oto-obtimi»</span> 
     </span>
     <span class='ocr_line' id='line_1_69' title="bbox 1030 1062 1910 1116; baseline 0.01 -17"><span class='ocrx_word' id='word_1_362' title='bbox 1030 1065 1148 1100; x_wconf 78' lang='lat' dir='ltr'>xandro</span> <span class='ocrx_word' id='word_1_363' title='bbox 1170 1067 1254 1114; x_wconf 86' lang='lat' dir='ltr'>Papa</span> <span class='ocrx_word' id='word_1_364' title='bbox 1282 1068 1525 1116; x_wconf 85' lang='lat' dir='ltr'>praedecessore</span> <span class='ocrx_word' id='word_1_365' title='bbox 1547 1079 1653 1105; x_wconf 88' lang='lat' dir='ltr'>nostro</span> <span class='ocrx_word' id='word_1_366' title='bbox 1667 1079 1777 1106; x_wconf 90' lang='lat' dir='ltr'>octavo</span> <span class='ocrx_word' id='word_1_367' title='bbox 1790 1062 1863 1084; x_wconf 59' lang='lat' dir='ltr'>unffi</span> <span class='ocrx_word' id='word_1_368' title='bbox 1877 1062 1910 1084; x_wconf 66' lang='lat' dir='ltr'>pp</span> 
     </span>
     <span class='ocr_line' id='line_1_70' title="bbox 1028 1112 1774 1160; baseline 0.011 -13"><span class='ocrx_word' id='word_1_369' title='bbox 1028 1112 1176 1150; x_wconf 85' lang='lat' dir='ltr'>kalendas</span> <span class='ocrx_word' id='word_1_370' title='bbox 1197 1116 1287 1160; x_wconf 90' lang='lat' dir='ltr'>iunii,</span> <span class='ocrx_word' id='word_1_371' title='bbox 1322 1117 1466 1153; x_wconf 87' lang='lat' dir='ltr'>videlicet</span> <span class='ocrx_word' id='word_1_372' title='bbox 1500 1119 1531 1153; x_wconf 90' lang='lat' dir='ltr'>in</span> <span class='ocrx_word' id='word_1_373' title='bbox 1572 1118 1652 1154; x_wconf 82' lang='lat' dir='ltr'>festo</span> <span class='ocrx_word' id='word_1_374' title='bbox 1691 1120 1774 1155; x_wconf 86' lang='lat' dir='ltr'>beati</span> 
     </span>
     <span class='ocr_line' id='line_1_71' title="bbox 1026 1161 1778 1215; baseline 0.011 -18"><span class='ocrx_word' id='word_1_375' title='bbox 1026 1161 1146 1198; x_wconf 85' lang='lat' dir='ltr'>Urbani</span> <span class='ocrx_word' id='word_1_376' title='bbox 1171 1164 1274 1211; x_wconf 83' lang='lat' dir='ltr'>Papae</span> <span class='ocrx_word' id='word_1_377' title='bbox 1295 1173 1326 1201; x_wconf 84' lang='lat' dir='ltr'>et</span> <span class='ocrx_word' id='word_1_378' title='bbox 1359 1167 1514 1215; x_wconf 82' lang='lat' dir='ltr'>martyris,</span> <span class='ocrx_word' id='word_1_379' title='bbox 1536 1167 1576 1203; x_wconf 91' lang='lat' dir='ltr'>de</span> <span class='ocrx_word' id='word_1_380' title='bbox 1598 1168 1703 1203; x_wconf 82' lang='lat' dir='ltr'>carnis</span> <span class='ocrx_word' id='word_1_381' title='bbox 1726 1181 1778 1205; x_wconf 79' lang='lat' dir='ltr'>ne·</span> 
     </span>
     <span class='ocr_line' id='line_1_72' title="bbox 1027 1211 1776 1264; baseline 0.009 -18"><span class='ocrx_word' id='word_1_382' title='bbox 1027 1211 1119 1247; x_wconf 88' lang='lat' dir='ltr'>xibus</span> <span class='ocrx_word' id='word_1_383' title='bbox 1141 1213 1282 1255; x_wconf 88' lang='lat' dir='ltr'>liberato,</span> <span class='ocrx_word' id='word_1_384' title='bbox 1318 1222 1349 1249; x_wconf 89' lang='lat' dir='ltr'>et</span> <span class='ocrx_word' id='word_1_385' title='bbox 1383 1215 1422 1249; x_wconf 92' lang='lat' dir='ltr'>ad</span> <span class='ocrx_word' id='word_1_386' title='bbox 1454 1216 1586 1262; x_wconf 76' lang='lat' dir='ltr'>gloriam</span> <span class='ocrx_word' id='word_1_387' title='bbox 1619 1230 1776 1264; x_wconf 86' lang='lat' dir='ltr'>supernae</span> 
     </span>
    </p>
   </div>
   <div class='ocr_carea' id='block_1_10' title="bbox 1810 235 1989 264">
    <p class='ocr_par' dir='ltr' id='par_1_11' title="bbox 1810 235 1989 264">
     <span class='ocr_line' id='line_1_73' title="bbox 1810 235 1989 264; baseline 0.006 -1"><span class='ocrx_word' id='word_1_388' title='bbox 1810 236 1859 263; x_wconf 74' lang='lat' dir='ltr'>An.</span> <span class='ocrx_word' id='word_1_389' title='bbox 1879 235 1908 264; x_wconf 82' lang='lat' dir='ltr'>C.</span> <span class='ocrx_word' id='word_1_390' title='bbox 1926 236 1989 264; x_wconf 70' lang='lat'>¹20¹</span> 
     </span>
    </p>
   </div>
   <div class='ocr_carea' id='block_1_11' title="bbox 1012 1262 1967 2332">
    <p class='ocr_par' dir='ltr' id='par_1_12' title="bbox 1025 1262 1774 1313">
     <span class='ocr_line' id='line_1_74' title="bbox 1025 1262 1774 1313; baseline 0.009 -18"><span class='ocrx_word' id='word_1_391' title='bbox 1025 1262 1154 1307; x_wconf 81' lang='lat' dir='ltr'>patriae,</span> <span class='ocrx_word' id='word_1_392' title='bbox 1191 1263 1272 1297; x_wconf 87' lang='lat' dir='ltr'>sicut</span> <span class='ocrx_word' id='word_1_393' title='bbox 1311 1276 1487 1311; x_wconf 91' lang='lat' dir='ltr'>speramus,</span> <span class='ocrx_word' id='word_1_394' title='bbox 1517 1274 1704 1313; x_wconf 82' lang='lat' dir='ltr'>assumpto;</span> <span class='ocrx_word' id='word_1_395' title='bbox 1739 1279 1774 1303; x_wconf 83' lang='lat' dir='ltr'>ac</span> 
     </span>
    </p>

    <p class='ocr_par' dir='ltr' id='par_1_13' title="bbox 1023 1309 1774 1406">
     <span class='ocr_line' id='line_1_75' title="bbox 1024 1309 1774 1359; baseline 0.011 -16"><span class='ocrx_word' id='word_1_396' title='bbox 1024 1309 1091 1344; x_wconf 87' lang='lat' dir='ltr'>eius</span> <span class='ocrx_word' id='word_1_397' title='bbox 1128 1323 1272 1359; x_wconf 83' lang='lat' dir='ltr'>corpore,</span> <span class='ocrx_word' id='word_1_398' title='bbox 1296 1321 1365 1358; x_wconf 89' lang='lat' dir='ltr'>post</span> <span class='ocrx_word' id='word_1_399' title='bbox 1405 1313 1578 1348; x_wconf 87' lang='lat' dir='ltr'>celebratas</span> <span class='ocrx_word' id='word_1_400' title='bbox 1616 1315 1774 1351; x_wconf 86' lang='lat' dir='ltr'>solemnes</span> 
     </span>
     <span class='ocr_line' id='line_1_76' title="bbox 1023 1360 1773 1406; baseline 0.009 -14"><span class='ocrx_word' id='word_1_401' title='bbox 1023 1360 1186 1406; x_wconf 81' lang='lat' dir='ltr'>exequias,</span> <span class='ocrx_word' id='word_1_402' title='bbox 1211 1361 1242 1395; x_wconf 88' lang='lat' dir='ltr'>in</span> <span class='ocrx_word' id='word_1_403' title='bbox 1265 1361 1454 1396; x_wconf 86' lang='lat' dir='ltr'>Viterbiensi</span> <span class='ocrx_word' id='word_1_404' title='bbox 1477 1361 1620 1398; x_wconf 88' lang='lat' dir='ltr'>Ecclesia</span> <span class='ocrx_word' id='word_1_405' title='bbox 1641 1364 1773 1399; x_wconf 89' lang='lat' dir='ltr'>honori-</span> 
     </span>
    </p>

    <p class='ocr_par' dir='ltr' id='par_1_14' title="bbox 1023 1407 1773 1455">
     <span class='ocr_line' id='line_1_77' title="bbox 1023 1407 1773 1455; baseline 0.009 -14"><span class='ocrx_word' id='word_1_406' title='bbox 1023 1407 1091 1452; x_wconf 85' lang='lat' dir='ltr'>fice,</span> <span class='ocrx_word' id='word_1_407' title='bbox 1115 1417 1207 1455; x_wconf 90' lang='lat' dir='ltr'>prout</span> <span class='ocrx_word' id='word_1_408' title='bbox 1229 1409 1346 1450; x_wconf 87' lang='lat' dir='ltr'>decuit,</span> <span class='ocrx_word' id='word_1_409' title='bbox 1369 1411 1535 1453; x_wconf 91' lang='lat' dir='ltr'>tumulato,</span> <span class='ocrx_word' id='word_1_410' title='bbox 1562 1411 1673 1447; x_wconf 80' lang='lat' dir='ltr'>fratres</span> <span class='ocrx_word' id='word_1_411' title='bbox 1711 1426 1773 1448; x_wconf 90' lang='lat' dir='ltr'>no-</span> 
     </span>
    </p>

    <p class='ocr_par' dir='ltr' id='par_1_15' title="bbox 1021 1457 1771 1507">
     <span class='ocr_line' id='line_1_78' title="bbox 1021 1457 1771 1507; baseline 0.011 -17"><span class='ocrx_word' id='word_1_412' title='bbox 1021 1457 1074 1490; x_wconf 83' lang='lat' dir='ltr'>stri</span> <span class='ocrx_word' id='word_1_413' title='bbox 1101 1458 1253 1506; x_wconf 89' lang='lat' dir='ltr'>episcopi,</span> <span class='ocrx_word' id='word_1_414' title='bbox 1273 1459 1443 1507; x_wconf 70' lang='lat' dir='ltr'>presbyteri</span> <span class='ocrx_word' id='word_1_415' title='bbox 1472 1468 1503 1495; x_wconf 90' lang='lat' dir='ltr'>et</span> <span class='ocrx_word' id='word_1_416' title='bbox 1540 1461 1664 1497; x_wconf 89' lang='lat' dir='ltr'>diaconi</span> <span class='ocrx_word' id='word_1_417' title='bbox 1702 1475 1771 1498; x_wconf 84' lang='lat' dir='ltr'>cat·-</span> 
     </span>
    </p>

    <p class='ocr_par' dir='ltr' id='par_1_16' title="bbox 1018 1505 1967 1755">
     <span class='ocr_line' id='line_1_79' title="bbox 1021 1505 1967 1556; baseline 0.011 -17"><span class='ocrx_word' id='word_1_418' title='bbox 1021 1505 1140 1541; x_wconf 88' lang='lat' dir='ltr'>dinales</span> <span class='ocrx_word' id='word_1_419' title='bbox 1163 1520 1233 1542; x_wconf 84' lang='lat' dir='ltr'>mox</span> <span class='ocrx_word' id='word_1_420' title='bbox 1257 1520 1314 1556; x_wconf 87' lang='lat' dir='ltr'>pro</span> <span class='ocrx_word' id='word_1_421' title='bbox 1340 1509 1485 1555; x_wconf 78' lang='lat' dir='ltr'>eligendo</span> <span class='ocrx_word' id='word_1_422' title='bbox 1512 1523 1695 1546; x_wconf 84' lang='lat' dir='ltr'>successore</span> <span class='ocrx_word' id='word_1_423' title='bbox 1729 1513 1770 1547; x_wconf 87' lang='lat' dir='ltr'>iu·</span> <span class='ocrx_word' id='word_1_424' title='bbox 1797 1521 1871 1544; x_wconf 68' lang='lat' dir='ltr'>Actum</span> <span class='ocrx_word' id='word_1_425' title='bbox 1891 1528 1967 1545; x_wconf 64' lang='lat' dir='ltr'>aear—</span> 
     </span>
     <span class='ocr_line' id='line_1_80' title="bbox 1020 1552 1965 1607; baseline 0.012 -18"><span class='ocrx_word' id='word_1_426' title='bbox 1020 1554 1111 1590; x_wconf 87' lang='lat' dir='ltr'>simul</span> <span class='ocrx_word' id='word_1_427' title='bbox 1127 1567 1355 1598; x_wconf 87' lang='lat' dir='ltr'>convenerunt,</span> <span class='ocrx_word' id='word_1_428' title='bbox 1374 1558 1504 1594; x_wconf 77' lang='lat' dir='ltr'>affectus</span> <span class='ocrx_word' id='word_1_429' title='bbox 1519 1572 1593 1595; x_wconf 89' lang='lat' dir='ltr'>snos</span> <span class='ocrx_word' id='word_1_430' title='bbox 1611 1561 1769 1607; x_wconf 81' lang='lat' dir='ltr'>erigentes</span> <span class='ocrx_word' id='word_1_431' title='bbox 1782 1552 1908 1605; x_wconf 51' lang='grc' dir='ltr'>ξζζζῐζῗῖξη</span> <span class='ocrx_word' id='word_1_432' title='bbox 1924 1554 1965 1605; x_wconf 58' lang='lat' dir='ltr'>,fif</span> 
     </span>
     <span class='ocr_line' id='line_1_81' title="bbox 1018 1604 1856 1653; baseline 0.01 -15"><span class='ocrx_word' id='word_1_433' title='bbox 1018 1604 1055 1638; x_wconf 89' lang='lat' dir='ltr'>ad</span> <span class='ocrx_word' id='word_1_434' title='bbox 1083 1604 1199 1646; x_wconf 91' lang='lat' dir='ltr'>Deum,</span> <span class='ocrx_word' id='word_1_435' title='bbox 1228 1614 1262 1641; x_wconf 88' lang='lat' dir='ltr'>ut</span> <span class='ocrx_word' id='word_1_436' title='bbox 1287 1608 1423 1653; x_wconf 81' lang='lat' dir='ltr'>generali</span> <span class='ocrx_word' id='word_1_437' title='bbox 1451 1608 1610 1645; x_wconf 79' lang='lat' dir='ltr'>Ecclesiae</span> <span class='ocrx_word' id='word_1_438' title='bbox 1624 1610 1768 1646; x_wconf 85' lang='lat' dir='ltr'>viduatae</span> <span class='ocrx_word' id='word_1_439' title='bbox 1782 1615 1856 1641; x_wconf 61' lang='grc' dir='ltr'><strong>8611ᾰο-</strong></span> 
     </span>
     <span class='ocr_line' id='line_1_82' title="bbox 1020 1655 1767 1700; baseline 0.009 -13"><span class='ocrx_word' id='word_1_440' title='bbox 1020 1662 1176 1700; x_wconf 85' lang='lat' dir='ltr'>pastorem</span> <span class='ocrx_word' id='word_1_441' title='bbox 1204 1655 1355 1690; x_wconf 86' lang='lat' dir='ltr'>idoneum</span> <span class='ocrx_word' id='word_1_442' title='bbox 1384 1666 1533 1692; x_wconf 84' lang='lat' dir='ltr'>consueta</span> <span class='ocrx_word' id='word_1_443' title='bbox 1553 1659 1767 1695; x_wconf 83' lang='lat' dir='ltr'>misericordia</span> 
     </span>
     <span class='ocr_line' id='line_1_83' title="bbox 1019 1703 1767 1755; baseline 0.011 -20"><span class='ocrx_word' id='word_1_444' title='bbox 1019 1703 1193 1748; x_wconf 83' lang='lat' dir='ltr'>largiretur.</span> <span class='ocrx_word' id='word_1_445' title='bbox 1222 1703 1368 1740; x_wconf 85' lang='lat' dir='ltr'>luvocata</span> <span class='ocrx_word' id='word_1_446' title='bbox 1394 1717 1469 1752; x_wconf 87' lang='lat' dir='ltr'>ergo</span> <span class='ocrx_word' id='word_1_447' title='bbox 1496 1706 1601 1742; x_wconf 89' lang='lat' dir='ltr'>Sancti</span> <span class='ocrx_word' id='word_1_448' title='bbox 1629 1707 1767 1755; x_wconf 90' lang='lat' dir='ltr'>Spiritus</span> 
     </span>
    </p>

    <p class='ocr_par' dir='ltr' id='par_1_17' title="bbox 1016 1752 1767 1803">
     <span class='ocr_line' id='line_1_84' title="bbox 1016 1752 1767 1803; baseline 0.011 -18"><span class='ocrx_word' id='word_1_449' title='bbox 1016 1752 1124 1797; x_wconf 87' lang='lat' dir='ltr'>gratia,</span> <span class='ocrx_word' id='word_1_450' title='bbox 1147 1760 1180 1786; x_wconf 89' lang='lat' dir='ltr'>ut</span> <span class='ocrx_word' id='word_1_451' title='bbox 1202 1761 1249 1787; x_wconf 90' lang='lat' dir='ltr'>est</span> <span class='ocrx_word' id='word_1_452' title='bbox 1271 1755 1383 1798; x_wconf 88' lang='lat' dir='ltr'>moris,</span> <span class='ocrx_word' id='word_1_453' title='bbox 1412 1755 1595 1802; x_wconf 87' lang='lat' dir='ltr'>inceperunt</span> <span class='ocrx_word' id='word_1_454' title='bbox 1624 1759 1767 1803; x_wconf 84' lang='lat' dir='ltr'>protinus</span> 
     </span>
    </p>

    <p class='ocr_par' dir='ltr' id='par_1_18' title="bbox 1016 1801 1766 1847">
     <span class='ocr_line' id='line_1_85' title="bbox 1016 1801 1766 1847; baseline 0.009 -13"><span class='ocrx_word' id='word_1_455' title='bbox 1016 1813 1112 1847; x_wconf 85' lang='lat' dir='ltr'>super</span> <span class='ocrx_word' id='word_1_456' title='bbox 1139 1801 1293 1838; x_wconf 89' lang='lat' dir='ltr'>electione</span> <span class='ocrx_word' id='word_1_457' title='bbox 1327 1803 1451 1838; x_wconf 90' lang='lat' dir='ltr'>Summi</span> <span class='ocrx_word' id='word_1_458' title='bbox 1490 1803 1653 1840; x_wconf 82' lang='lat' dir='ltr'>Potitilicis</span> <span class='ocrx_word' id='word_1_459' title='bbox 1692 1806 1766 1841; x_wconf 93' lang='lat' dir='ltr'>dili-</span> 
     </span>
    </p>

    <p class='ocr_par' dir='ltr' id='par_1_19' title="bbox 1015 1851 1765 1896">
     <span class='ocr_line' id='line_1_86' title="bbox 1015 1851 1765 1896; baseline 0.011 -13"><span class='ocrx_word' id='word_1_460' title='bbox 1015 1858 1141 1896; x_wconf 87' lang='lat' dir='ltr'>gentem</span> <span class='ocrx_word' id='word_1_461' title='bbox 1165 1851 1278 1886; x_wconf 87' lang='lat' dir='ltr'>liabere</span> <span class='ocrx_word' id='word_1_462' title='bbox 1301 1861 1474 1887; x_wconf 87' lang='lat' dir='ltr'>tractatum.</span> <span class='ocrx_word' id='word_1_463' title='bbox 1504 1853 1544 1888; x_wconf 90' lang='lat' dir='ltr'>Et</span> <span class='ocrx_word' id='word_1_464' title='bbox 1586 1856 1656 1890; x_wconf 83' lang='lat' dir='ltr'>licet</span> <span class='ocrx_word' id='word_1_465' title='bbox 1695 1863 1765 1891; x_wconf 82' lang='lat' dir='ltr'>stn-</span> 
     </span>
    </p>

    <p class='ocr_par' dir='ltr' id='par_1_20' title="bbox 1015 1899 1764 1949">
     <span class='ocr_line' id='line_1_87' title="bbox 1015 1899 1764 1949; baseline 0.011 -17"><span class='ocrx_word' id='word_1_466' title='bbox 1015 1899 1102 1934; x_wconf 87' lang='lat' dir='ltr'>diose</span> <span class='ocrx_word' id='word_1_467' title='bbox 1125 1900 1292 1935; x_wconf 87' lang='lat' dir='ltr'>institerint</span> <span class='ocrx_word' id='word_1_468' title='bbox 1319 1910 1349 1937; x_wconf 89' lang='lat' dir='ltr'>et</span> <span class='ocrx_word' id='word_1_469' title='bbox 1379 1903 1558 1938; x_wconf 84' lang='lat' dir='ltr'>studuerint</span> <span class='ocrx_word' id='word_1_470' title='bbox 1589 1905 1764 1949; x_wconf 83' lang='lat' dir='ltr'>instanter,</span> 
     </span>
    </p>

    <p class='ocr_par' dir='ltr' id='par_1_21' title="bbox 1017 1950 1763 2000">
     <span class='ocr_line' id='line_1_88' title="bbox 1017 1950 1763 2000; baseline 0.009 -18"><span class='ocrx_word' id='word_1_471' title='bbox 1017 1956 1049 1982; x_wconf 84' lang='lat' dir='ltr'>ut</span> <span class='ocrx_word' id='word_1_472' title='bbox 1075 1950 1136 1983; x_wconf 90' lang='lat' dir='ltr'>cito</span> <span class='ocrx_word' id='word_1_473' title='bbox 1157 1960 1406 1998; x_wconf 88' lang='lat' dir='ltr'>consequeretur</span> <span class='ocrx_word' id='word_1_474' title='bbox 1439 1959 1561 1987; x_wconf 87' lang='lat' dir='ltr'>tautum</span> <span class='ocrx_word' id='word_1_475' title='bbox 1602 1955 1763 2000; x_wconf 82' lang='lat' dir='ltr'>negotium</span> 
     </span>
    </p>

    <p class='ocr_par' dir='ltr' id='par_1_22' title="bbox 1015 1997 1764 2041">
     <span class='ocr_line' id='line_1_89' title="bbox 1015 1997 1764 2041; baseline 0.009 -10"><span class='ocrx_word' id='word_1_476' title='bbox 1015 1997 1108 2032; x_wconf 86' lang='lat' dir='ltr'>finem</span> <span class='ocrx_word' id='word_1_477' title='bbox 1136 1998 1267 2041; x_wconf 89' lang='lat' dir='ltr'>bonum,</span> <span class='ocrx_word' id='word_1_478' title='bbox 1286 2012 1322 2034; x_wconf 86' lang='lat' dir='ltr'>ac</span> <span class='ocrx_word' id='word_1_479' title='bbox 1337 2000 1472 2035; x_wconf 90' lang='lat' dir='ltr'>divinam</span> <span class='ocrx_word' id='word_1_480' title='bbox 1495 2001 1694 2037; x_wconf 85' lang='lat' dir='ltr'>clementiam</span> <span class='ocrx_word' id='word_1_481' title='bbox 1712 2004 1764 2038; x_wconf 88' lang='lat' dir='ltr'>de-</span> 
     </span>
    </p>

    <p class='ocr_par' dir='ltr' id='par_1_23' title="bbox 1014 2049 1762 2098">
     <span class='ocr_line' id='line_1_90' title="bbox 1014 2049 1762 2098; baseline 0.009 -18"><span class='ocrx_word' id='word_1_482' title='bbox 1014 2056 1082 2081; x_wconf 85' lang='lat' dir='ltr'>vota</span> <span class='ocrx_word' id='word_1_483' title='bbox 1118 2055 1149 2082; x_wconf 85' lang='lat' dir='ltr'>et</span> <span class='ocrx_word' id='word_1_484' title='bbox 1174 2049 1282 2083; x_wconf 85' lang='lat' dir='ltr'>sedula</span> <span class='ocrx_word' id='word_1_485' title='bbox 1305 2049 1535 2096; x_wconf 80' lang='lat' dir='ltr'>supplicatione</span> <span class='ocrx_word' id='word_1_486' title='bbox 1558 2052 1762 2098; x_wconf 79' lang='lat' dir='ltr'>pulsaverint,</span> 
     </span>
    </p>

    <p class='ocr_par' dir='ltr' id='par_1_24' title="bbox 1015 2095 1761 2148">
     <span class='ocr_line' id='line_1_91' title="bbox 1015 2095 1761 2148; baseline 0.008 -18"><span class='ocrx_word' id='word_1_487' title='bbox 1015 2104 1047 2130; x_wconf 91' lang='lat' dir='ltr'>ut</span> <span class='ocrx_word' id='word_1_488' title='bbox 1069 2095 1169 2138; x_wconf 87' lang='lat' dir='ltr'>illum,</span> <span class='ocrx_word' id='word_1_489' title='bbox 1191 2098 1246 2145; x_wconf 89' lang='lat' dir='ltr'>qui</span> <span class='ocrx_word' id='word_1_490' title='bbox 1269 2098 1328 2133; x_wconf 90' lang='lat' dir='ltr'>sibi</span> <span class='ocrx_word' id='word_1_491' title='bbox 1352 2109 1605 2147; x_wconf 78' lang='lat' dir='ltr'>essetacceptuS,</span> <span class='ocrx_word' id='word_1_492' title='bbox 1622 2110 1761 2148; x_wconf 86' lang='lat' dir='ltr'>etquem</span> 
     </span>
    </p>

    <p class='ocr_par' dir='ltr' id='par_1_25' title="bbox 1013 2146 1759 2195">
     <span class='ocr_line' id='line_1_92' title="bbox 1013 2146 1759 2195; baseline 0.008 -16"><span class='ocrx_word' id='word_1_493' title='bbox 1013 2146 1095 2192; x_wconf 91' lang='lat' dir='ltr'>apud</span> <span class='ocrx_word' id='word_1_494' title='bbox 1123 2159 1157 2181; x_wconf 89' lang='lat' dir='ltr'>se</span> <span class='ocrx_word' id='word_1_495' title='bbox 1189 2147 1228 2181; x_wconf 91' lang='lat' dir='ltr'>ad</span> <span class='ocrx_word' id='word_1_496' title='bbox 1260 2160 1342 2183; x_wconf 90' lang='lat' dir='ltr'>onus</span> <span class='ocrx_word' id='word_1_497' title='bbox 1378 2150 1567 2195; x_wconf 87' lang='lat' dir='ltr'>apostolicae</span> <span class='ocrx_word' id='word_1_498' title='bbox 1602 2151 1759 2186; x_wconf 85' lang='lat' dir='ltr'>servitutis</span> 
     </span>
    </p>

    <p class='ocr_par' dir='ltr' id='par_1_26' title="bbox 1012 2195 1955 2295">
     <span class='ocr_line' id='line_1_93' title="bbox 1012 2195 1955 2242; baseline 0.004 -14"><span class='ocrx_word' id='word_1_499' title='bbox 1012 2195 1159 2241; x_wconf 84' lang='lat' dir='ltr'>elegerat,</span> <span class='ocrx_word' id='word_1_500' title='bbox 1186 2209 1221 2230; x_wconf 89' lang='lat' dir='ltr'>ac</span> <span class='ocrx_word' id='word_1_501' title='bbox 1242 2208 1338 2242; x_wconf 88' lang='lat' dir='ltr'>super</span> <span class='ocrx_word' id='word_1_502' title='bbox 1364 2198 1453 2232; x_wconf 87' lang='lat' dir='ltr'>cuius</span> <span class='ocrx_word' id='word_1_503' title='bbox 1475 2199 1624 2233; x_wconf 87' lang='lat' dir='ltr'>meritum</span> <span class='ocrx_word' id='word_1_504' title='bbox 1653 2201 1759 2235; x_wconf 87' lang='lat' dir='ltr'>cousi·</span> <span class='ocrx_word' id='word_1_505' title='bbox 1785 2210 1866 2232; x_wconf 69' lang='lat' dir='ltr'>eiectio</span> <span class='ocrx_word' id='word_1_506' title='bbox 1887 2215 1955 2232; x_wconf 35' lang='lat' dir='ltr'>mae</span> 
     </span>
     <span class='ocr_line' id='line_1_94' title="bbox 1012 2241 1827 2295; baseline 0.009 -18"><span class='ocrx_word' id='word_1_507' title='bbox 1012 2244 1183 2278; x_wconf 89' lang='lat' dir='ltr'>derationis</span> <span class='ocrx_word' id='word_1_508' title='bbox 1205 2258 1279 2279; x_wconf 90' lang='lat' dir='ltr'>suae</span> <span class='ocrx_word' id='word_1_509' title='bbox 1302 2245 1409 2281; x_wconf 87' lang='lat' dir='ltr'>radius</span> <span class='ocrx_word' id='word_1_510' title='bbox 1424 2248 1617 2293; x_wconf 85' lang='lat' dir='ltr'>quiescebat,</span> <span class='ocrx_word' id='word_1_511' title='bbox 1640 2249 1757 2295; x_wconf 90' lang='lat' dir='ltr'>populo</span> <span class='ocrx_word' id='word_1_512' title='bbox 1773 2241 1827 2263; x_wconf 72' lang='lat'>‘¹⁸¹⁰‘</span> 
     </span>
    </p>

    <p class='ocr_par' dir='ltr' id='par_1_27' title="bbox 1012 2293 1759 2332">
     <span class='ocr_line' id='line_1_95' title="bbox 1012 2293 1759 2332; baseline 0.008 -6"><span class='ocrx_word' id='word_1_513' title='bbox 1012 2304 1070 2327; x_wconf 88' lang='lat' dir='ltr'>suo</span> <span class='ocrx_word' id='word_1_514' title='bbox 1097 2293 1127 2326; x_wconf 92' lang='lat' dir='ltr'>in</span> <span class='ocrx_word' id='word_1_515' title='bbox 1151 2302 1302 2328; x_wconf 90' lang='lat' dir='ltr'>rectorem</span> <span class='ocrx_word' id='word_1_516' title='bbox 1331 2295 1475 2330; x_wconf 87' lang='lat' dir='ltr'>celeriter</span> <span class='ocrx_word' id='word_1_517' title='bbox 1502 2296 1677 2332; x_wconf 88' lang='lat' dir='ltr'>concedere</span> <span class='ocrx_word' id='word_1_518' title='bbox 1710 2298 1759 2332; x_wconf 90' lang='lat' dir='ltr'>di-</span> 
     </span>
    </p>
   </div>
   <div class='ocr_carea' id='block_1_12' title="bbox 997 2342 1759 2387">
    <p class='ocr_par' dir='ltr' id='par_1_28' title="bbox 997 2342 1759 2387">
     <span class='ocr_line' id='line_1_96' title="bbox 997 2342 1759 2387; baseline 0.008 -12"><span class='ocrx_word' id='word_1_519' title='bbox 997 2350 1174 2387; x_wconf 77' lang='lat' dir='ltr'>gnaretur,</span> <span class='ocrx_word' id='word_1_520' title='bbox 1194 2342 1253 2377; x_wconf 85' lang='lat' dir='ltr'>fuit</span> <span class='ocrx_word' id='word_1_521' title='bbox 1274 2351 1379 2378; x_wconf 90' lang='lat' dir='ltr'>tamen</span> <span class='ocrx_word' id='word_1_522' title='bbox 1394 2356 1502 2379; x_wconf 88' lang='lat' dir='ltr'>eorum</span> <span class='ocrx_word' id='word_1_523' title='bbox 1526 2345 1557 2379; x_wconf 90' lang='lat' dir='ltr'>in</span> <span class='ocrx_word' id='word_1_524' title='bbox 1580 2345 1640 2380; x_wconf 91' lang='lat' dir='ltr'>hoc</span> <span class='ocrx_word' id='word_1_525' title='bbox 1666 2345 1759 2381; x_wconf 85' lang='lat' dir='ltr'>desi-</span> 
     </span>
    </p>
   </div>
   <div class='ocr_carea' id='block_1_13' title="bbox 1010 2390 1757 2632">
    <p class='ocr_par' dir='ltr' id='par_1_29' title="bbox 1010 2390 1757 2632">
     <span class='ocr_line' id='line_1_97' title="bbox 1011 2390 1757 2439; baseline 0.009 -15"><span class='ocrx_word' id='word_1_526' title='bbox 1011 2390 1133 2425; x_wconf 88' lang='lat' dir='ltr'>derium</span> <span class='ocrx_word' id='word_1_527' title='bbox 1161 2391 1345 2439; x_wconf 86' lang='lat' dir='ltr'>aliquandiu</span> <span class='ocrx_word' id='word_1_528' title='bbox 1385 2405 1490 2428; x_wconf 86' lang='lat' dir='ltr'>morae</span> <span class='ocrx_word' id='word_1_529' title='bbox 1530 2394 1757 2431; x_wconf 82' lang='lat' dir='ltr'>interventione</span> 
     </span>
     <span class='ocr_line' id='line_1_98' title="bbox 1011 2441 1757 2491; baseline 0.009 -18"><span class='ocrx_word' id='word_1_530' title='bbox 1011 2451 1214 2486; x_wconf 88' lang='lat' dir='ltr'>suspensum,</span> <span class='ocrx_word' id='word_1_531' title='bbox 1236 2448 1266 2475; x_wconf 91' lang='lat' dir='ltr'>et</span> <span class='ocrx_word' id='word_1_532' title='bbox 1285 2441 1385 2488; x_wconf 88' lang='lat' dir='ltr'>ipsius</span> <span class='ocrx_word' id='word_1_533' title='bbox 1398 2443 1629 2478; x_wconf 86' lang='lat' dir='ltr'>consummatio</span> <span class='ocrx_word' id='word_1_534' title='bbox 1641 2445 1757 2491; x_wconf 83' lang='lat' dir='ltr'>negotii</span> 
     </span>
     <span class='ocr_line' id='line_1_99' title="bbox 1012 2488 1756 2538; baseline 0.009 -16"><span class='ocrx_word' id='word_1_535' title='bbox 1012 2500 1067 2534; x_wconf 90' lang='lat' dir='ltr'>per</span> <span class='ocrx_word' id='word_1_536' title='bbox 1089 2488 1223 2523; x_wconf 89' lang='lat' dir='ltr'>alicuius</span> <span class='ocrx_word' id='word_1_537' title='bbox 1245 2490 1396 2536; x_wconf 87' lang='lat' dir='ltr'>temporis</span> <span class='ocrx_word' id='word_1_538' title='bbox 1417 2492 1553 2538; x_wconf 90' lang='lat' dir='ltr'>spatium</span> <span class='ocrx_word' id='word_1_539' title='bbox 1591 2494 1756 2530; x_wconf 85' lang='lat' dir='ltr'>retardata.</span> 
     </span>
     <span class='ocr_line' id='line_1_100' title="bbox 1010 2536 1757 2580; baseline 0.008 -8"><span class='ocrx_word' id='word_1_540' title='bbox 1010 2536 1089 2573; x_wconf 90' lang='lat' dir='ltr'>Nam</span> <span class='ocrx_word' id='word_1_541' title='bbox 1111 2549 1183 2573; x_wconf 88' lang='lat' dir='ltr'>cum</span> <span class='ocrx_word' id='word_1_542' title='bbox 1210 2537 1250 2574; x_wconf 85' lang='lat' dir='ltr'>de</span> <span class='ocrx_word' id='word_1_543' title='bbox 1271 2551 1396 2575; x_wconf 91' lang='lat' dir='ltr'>summo</span> <span class='ocrx_word' id='word_1_544' title='bbox 1418 2548 1447 2575; x_wconf 88' lang='lat' dir='ltr'>et</span> <span class='ocrx_word' id='word_1_545' title='bbox 1471 2540 1637 2577; x_wconf 82' lang='lat' dir='ltr'>universali</span> <span class='ocrx_word' id='word_1_546' title='bbox 1668 2542 1757 2580; x_wconf 76' lang='lat' dir='ltr'>Prae-</span> 
     </span>
     <span class='ocr_line' id='line_1_101' title="bbox 1010 2586 1756 2632; baseline 0.009 -10"><span class='ocrx_word' id='word_1_547' title='bbox 1010 2587 1089 2632; x_wconf 90' lang='lat' dir='ltr'>sule,</span> <span class='ocrx_word' id='word_1_548' title='bbox 1112 2586 1150 2623; x_wconf 86' lang='lat' dir='ltr'>de</span> <span class='ocrx_word' id='word_1_549' title='bbox 1176 2587 1268 2623; x_wconf 87' lang='lat' dir='ltr'>Patre</span> <span class='ocrx_word' id='word_1_550' title='bbox 1290 2588 1430 2630; x_wconf 80' lang='lat' dir='ltr'>Patrum,</span> <span class='ocrx_word' id='word_1_551' title='bbox 1458 2589 1497 2625; x_wconf 91' lang='lat' dir='ltr'>de</span> <span class='ocrx_word' id='word_1_552' title='bbox 1530 2590 1659 2627; x_wconf 87' lang='lat' dir='ltr'>Pastore</span> <span class='ocrx_word' id='word_1_553' title='bbox 1695 2592 1756 2629; x_wconf 71' lang='lat' dir='ltr'>Pa-</span> 
     </span>
    </p>
   </div>
  </div>
 </body>
</html>
