2129 3223
388 270 458 304 662

384 335 405 382 S
425 335 482 368 ΞΟ.
506 330 638 366 Cunctis
653 335 768 367 autem.
789 327 843 376 qui
862 326 981 362 eisdem
1005 324 1083 359 locis

335 396 389 420 sua
417 383 483 418 iura
505 390 628 416 servare
656 378 825 421 voluerint,
852 377 891 412 sit
921 387 979 423 pax
1013 374 1082 408 Do-

335 432 411 469 mini
435 429 532 466 nostri
551 428 621 463 Iesu
640 426 771 467 Christi,
798 426 953 474 quatenus
975 430 1005 458 et
1031 423 1082 457 hic

334 483 470 517 fructum
509 478 609 513 bonae
648 476 782 511 actionis
823 474 1015 522 percipiant,
1053 479 1083 505 et

333 530 416 579 apud
443 527 619 564 districtum
646 525 786 560 Iudicem
815 523 951 572 praemia
979 528 1083 555 aeter-

334 591 391 615 nae
413 578 500 626 pacis
528 575 701 611 inveniant.
723 574 837 608 Amen.

383 627 496 662 Datum
524 624 654 660 Viterbii
692 635 748 670 per
781 634 910 657 manum
943 618 1082 665 magistri

333 676 457 713 lordani
484 674 519 710 S.
541 674 581 709 R.
609 673 646 708 Ε.
680 669 947 707 vice-cancellarii
970 676 1001 704 et
1023 680 1083 702 no-

333 726 420 770 tarii,
459 722 584 759 decimo
625 722 683 756 kal.
728 720 871 767 augusti,
912 716 1083 753 indictione

333 776 445 824 prima,
475 770 698 808 incarnationis
720 769 897 805 dominicae
918 778 1001 802 anno
1018 766 1082 800 mil-

332 825 444 860 lesimo
457 820 674 857 ducentesimo
687 817 950 866 quinquagesimo
961 823 1082 855 octavo,

333 872 534 922 pontificatus
554 881 628 905 vero
646 868 766 903 domini
786 866 957 902 Alexandri
979 865 1083 911 Papae

332 922 434 970 quarti
462 931 545 955 anno
566 926 688 966 quarto.

388 982 449 1012 Dat.
468 981 515 1012 die
531 980 569 1010 23
587 979 652 1010 iulii
671 978 757 1014 1258,
773 977 876 1017 pontif.
894 986 969 1006 anno
988 984 1024 1005 iv.

140 284 189 310 An.
208 282 235 309 C.
255 281 322 310 {238

660 1125 756 1160 XLV.

336 1201 554 1235 Testimonium
569 1199 742 1234 Alexandri
755 1198 823 1231 PP.
842 1196 983 1229 Castrum
996 1196 1085 1228 Acuti

379 1251 467 1295 pleno
500 1250 565 1283 iure
597 1248 639 1282 ad
678 1247 881 1292 Anaynz'nam
917 1245 1086 1278 Ecclesiam

380 1300 528 1344 pertinere
555 1299 610 1340 (1).

604 1372 817 1404 SUMMARIUM

333 1442 501 1473 Exordium.
528 1456 567 1462 —
588 1438 760 1476 Anagninae
782 1436 933 1467 Ecclesiae
956 1436 1087 1466 de·Ale-

374 1485 483 1515 xandro
505 1484 536 1514 in
568 1481 734 1513 minoribus
768 1485 872 1519 agente
904 1480 1018 1509 merita.
1049 1495 1087 1500 -—

373 1528 507 1559 Castrum
526 1526 611 1557 Acuti
627 1524 773 1565 quomodo
792 1523 828 1553 ab
844 1523 996 1561 Anagnina
1015 1522 1087 1552 alie-

377 1577 477 1603 natum
510 1570 652 1602 Ecclesia.
681 1586 720 1592 —
751 1568 792 1598 Ad
816 1577 879 1598 eam
907 1567 992 1606 pleno
1024 1567 1087 1596 iure

376 1620 509 1657 spectare
531 1615 706 1646 declaratur.

379 1687 529 1716 Alexander
548 1684 689 1720 episcopus
707 1690 802 1712 servus
829 1688 969 1711 servorum
987 1681 1043 1713 net,

469 1736 503 1764 ad
531 1734 693 1770 perpetuam
716 1732 757 1760 rei
786 1731 953 1760 memoriam.

383 1803 430 1838 Ex
470 1807 634 1847 assumpto
674 1798 869 1846 apostolatus
906 1796 1008 1832 officio
1050 1796 1088 1830 ad

171 1851 287 1873 emmim·
335 1853 500 1889 universas
522 1848 751 1898 prospicientes
783 1846 954 1886 Ecclesias,
988 1846 1018 1879 in
1052 1857 1089 1880 eo

337 1900 508 1950 praecipue
520 1899 675 1934 debemus
697 1896 853 1943 vigilantis
866 1893 1090 1930 sollicitudinis

340 1949 490 1986 adhibere
511 1947 651 1983 studium
679 1946 759 1980 circa
781 1957 846 1985 eas,
868 1952 903 1979 ut
929 1955 1001 1978 cum
1024 1943 1090 1978 Do-

336 1999 414 2035 mini
440 1996 597 2033 adiutorio
625 1996 709 2042 ipsas
731 1995 761 2029 in
789 1993 906 2029 salubri
933 2000 1013 2027 statu
1041 2004 1091 2026 re-

338 2059 462 2095 gamus,
483 2054 513 2082 et
535 2055 684 2093 prospera
705 2055 813 2078 earum
833 2044 900 2077 iura
912 2050 1091 2088 opportuno

340 2097 377 2131 ad
402 2096 463 2130 hoc
485 2095 630 2142 impenso
655 2092 828 2127 munimine
860 2092 980 2137 integra
1013 2102 1093 2125 con-

343 2156 520 2188 servemus,
541 2143 579 2178 ad
603 2141 725 2177 vitanda
760 2140 912 2188 pericula,
958 2151 1038 2186 quae
1061 2140 1091 2173 in

340 2195 379 2230 iis
414 2193 534 2229 eisdem
572 2192 718 2238 ingruere
751 2197 880 2237 possent
918 2188 1091 2228 Ecclesiis,

342 2242 518 2279 necessaria
560 2239 699 2276 remedia
734 2238 960 2286 praevidentes.
1004 2237 1092 2271 Hanc

159 2292 423 2347 {W‘fflff‘Aff-‘inter
443 2291 519 2327 alias
540 2289 699 2325 Ecclesias
733 2288 931 2335 Anagninam
969 2294 1093 2321 nostrae

147 2329 226 2391 {5223}ss
245 2329 267 2376 i:
288 2355 328 2375 mi-
342 2341 471 2389 quidem
499 2339 642 2374 tutricem
664 2337 905 2383 adolescentiae,
929 2348 962 2370 ac
995 2335 1094 2381 magi-

147 2386 233 2438 ξζζῗξζξῗ
253 2387 329 2411 ”⁸⁰¹⁸
343 2389 578 2428 stram,affectu
593 2387 742 2423 nimirum
765 2385 926 2433 diligimus
954 2384 1094 2431 speciali,

345 2447 376 2475 et
409 2437 589 2474 dulcedinis
625 2436 757 2471 uberum
792 2446 960 2475 memores,
983 2432 1094 2468 merito

347 2488 547 2524 vehementer
567 2485 783 2529 accendimur,
804 2492 840 2519 ut
862 2483 962 2532 ipsius
993 2482 1096 2517 hono-

347 2548 413 2572 rem
439 2544 470 2572 et
487 2535 690 2572 commodum
711 2533 860 2570 attentius
876 2542 1094 2580 procuremus.

382 2601 423 2636 (¹)
441 2601 480 2628 Ex
501 2600 639 2628 Tabulario
656 2600 787 2627 Ecclesiae
797 2599 877 2626 huius
889 2596 1094 2632 ediditUghell.,

348 2639 405 2667 lul.
424 2639 494 2672 Sac,
512 2644 576 2667 tom.
595 2648 613 2667 ι.

914 270 1102 295 numentum
1130 267 1293 292 ROMANUM

1886 268 1939 296 An.
1956 268 1985 296 C.
1999 268 2069 297 ¹²⁸⁸

1123 322 1169 357 lbi
1192 322 1276 357 enim
1304 321 1394 357 bases
1420 324 1616 369 sumpsimus
1643 321 1739 356 nostri
1760 328 1872 366 status,

1124 371 1165 406 ibi
1193 379 1319 406 nostrae
1350 371 1559 419 provectionis
1585 369 1712 405 exordia
1740 369 1873 417 pullula-

1124 428 1209 464 runt,
1237 421 1303 467 ipsa
1325 420 1518 468 profectibus
1551 420 1668 455 nostris
1701 418 1786 454 dedit
1818 418 1875 453 ini-

1125 470 1215 512 tium,
1237 470 1305 516 ipsa
1327 477 1360 504 ut
1377 461 1476 504 maier
1497 477 1601 504 nostra
1623 468 1691 503 suis
1713 467 1874 503 beneficiis

1125 518 1291 566 pueritiam
1318 518 1476 557 educavit,
1501 525 1531 553 et
1557 517 1595 552 ad
1633 517 1779 552 salutaria
1815 516 1874 552 do-

1124 576 1267 603 cumenta
1311 566 1533 603 ecclesiasticis
1553 565 1700 607 erudivit;
1733 566 1776 600 illi
1816 577 1874 600 nos

1124 617 1204 651 etin
1233 616 1323 651 annis
1362 616 1490 660 teneris,
1528 623 1557 650 et
1592 627 1646 662 per
1682 615 1873 650 incrementa

1127 665 1274 700 firmioris
1317 665 1425 700 aetatis
1466 664 1611 699 sedulum
1659 663 1874 711 impendimus

1125 714 1363 755 famulatum,et
1389 713 1427 748 ab
1453 712 1541 748 illius
1563 712 1773 759 procedentes
1802 723 1874 759 gre-

1125 763 1188 798 mio
1220 763 1375 810 potiorum
1417 762 1661 807 ministeriorum
1697 760 1874 796 subivimus

1125 823 1231 852 onera,
1259 812 1298 846 de
1319 811 1438 858 quibus
1465 810 1666 858 postmodum
1696 810 1728 845 in
1767 809 1876 845 subli-

1125 861 1242 896 miores
1268 861 1404 895 honores
1431 861 1529 894 nostri
1557 871 1691 906 rapuere
1713 859 1876 906 praecelsi;

1125 921 1222 957 quare
1244 910 1401 949 convenit,
1423 917 1456 943 ut
1485 920 1540 955 pro
1568 910 1637 944 eius
1671 908 1876 944 indemnitate

1128 959 1316 1006 propensius
1338 966 1369 992 et
1393 957 1560 992 instantius
1588 957 1767 1004 vigilemus.
1792 957 1879 999 Quia

1126 1008 1222 1054 igitur
1248 1008 1277 1041 in
1302 1007 1369 1054 ipsa
1392 1006 1545 1047 Ecclesia,
1573 1010 1665 1041 cuius
1703 1007 1877 1041 canonicus

1125 1056 1254 1097 fuimus,
1282 1055 1335 1090 diu
1358 1055 1539 1091 continuam
1562 1055 1764 1091 residentiam
1791 1055 1877 1091 feci·—
1917 1067 1933 1075 ·

1126 1117 1211 1147 mus,
1237 1112 1269 1140 et
1295 1105 1325 1138 in
1354 1105 1419 1139 suis
1438 1104 1599 1152 obsequiis
1637 1105 1728 1151 longa
1763 1104 1877 1140 decur-

1125 1154 1225 1189 rimus
1249 1161 1403 1201 tempora,
1426 1163 1454 1188 et
1477 1153 1672 1200 explevimus
1694 1153 1799 1200 plures
1824 1164 1878 1188 an-

1128 1215 1196 1247 nos,
1236 1202 1330 1249 plene
1358 1203 1467 1249 utique
1507 1202 1654 1236 novimus
1691 1203 1770 1243 iura,
1804 1214 1878 1237 mu-

1126 1252 1268 1287 nimenta
1294 1263 1391 1298 super
1413 1251 1512 1298 ipsius
1546 1251 1744 1297 pertinentiis
1782 1251 1877 1286 mani-

1127 1301 1203 1336 festa
1231 1308 1304 1335 sunt
1326 1300 1430 1341 nobis,
1461 1307 1492 1334 et
1529 1299 1569 1334 de
1603 1299 1669 1334 suis
1702 1299 1878 1335 rationibus

1130 1349 1302 1397 plenariam
1326 1347 1547 1384 certitudinem
1569 1348 1762 1390 obtinemus,
1795 1349 1878 1384 sicut

1129 1399 1182 1445 qui
1207 1398 1344 1432 vidimus
1371 1405 1400 1432 et
1434 1397 1717 1444 pertractavimus,
1759 1404 1791 1433 et
1822 1398 1878 1444 qui

1127 1459 1221 1482 curae
1238 1446 1334 1481 liuius
1356 1446 1527 1493 plurimum
1550 1447 1713 1481 extitimus
1734 1445 1878 1491 studiosi,

1128 1496 1289 1530 certificati
1312 1495 1519 1529 nihilominus
1549 1506 1587 1529 ex
1619 1495 1712 1530 dictis
1745 1495 1878 1530 sinceris

1129 1553 1160 1579 et
1188 1543 1525 1592 purisassertionibus
1547 1544 1761 1591 antiquorum.
1784 1543 1879 1580 Unde

1128 1594 1200 1640 quia
1229 1592 1382 1627 veraciter
1417 1600 1447 1627 et
1470 1604 1526 1639 pro
1560 1602 1645 1628 certo
1684 1594 1816 1635 scimus,
1848 1600 1878 1628 et
1905 1612 1998 1634 mmm„
2013 1612 2076 1633 m„

1130 1650 1289 1688 tamquam
1313 1641 1352 1676 de
1374 1653 1406 1675 re
1432 1641 1562 1676 omnino
1597 1642 1718 1677 notoria
1744 1649 1775 1677 et
1805 1642 1878 1677 evi·
1891 1641 2076 1695 ΨΟἻΜἿΙΜ·

1130 1690 1314 1725 (lentissima
1337 1690 1428 1736 plane
1455 1698 1576 1725 constat
1597 1690 1699 1732 nobis,
1722 1690 1806 1738 quod
1821 1690 1877 1726 Ca·
1891 1678 2077 1728 &Risi-3³2*

1129 1747 1229 1774 strum
1267 1738 1360 1772 Acuti
1394 1739 1579 1785 Anagninae
1611 1739 1766 1775 dioecesis
1798 1740 1880 1775 iam-

1130 1787 1251 1822 dudum
1275 1787 1314 1821 ab
1336 1787 1447 1822 cadem
1473 1787 1614 1823 Ecclesia
1644 1789 1803 1836 quondam
1837 1788 1880 1824 Il-

1131 1837 1215 1872 dicio
1238 1836 1332 1871 iudici
1360 1837 1419 1871 civi
1438 1836 1607 1882 Anagnino
1624 1865 1631 1878 ,
1654 1845 1684 1872 et
1716 1838 1785 1874 eius
1806 1850 1881 1873 suc·

1131 1885 1310 1921 cessoribus
1333 1885 1378 1920 vel
1407 1885 1617 1931 haeredibus,
1646 1898 1702 1922 seu
1745 1887 1882 1935 posteris

1134 1946 1234 1981 usque
1261 1935 1293 1968 in
1318 1934 1438 1969 tertiam
1457 1935 1691 1980 generationem
1713 1936 1774 1971 sub
1795 1943 1881 1971 certo

1134 1992 1240 2018 tenore
1258 1984 1408 2028 locatum,
1430 1982 1656 2019 ad‘Ecclesiam
1672 1985 1772 2033 ipsam
1787 1985 1881 2033 pleno

1133 2032 1200 2067 iure
1222 2031 1370 2079 pertinet,
1392 2040 1422 2067 et
1443 2032 1492 2067 sui
1515 2033 1593 2068 iuris
1619 2042 1648 2068 et
1682 2035 1882 2082 proprietatis

1132 2082 1247 2122 existit,
1270 2093 1304 2115 ac
1326 2081 1363 2116 ad
1401 2093 1468 2116 earn
1503 2082 1675 2129 temporale
1712 2083 1777 2118 sive
1812 2094 1882 2118 sae-

1134 2130 1239 2165 culare
1261 2130 1361 2177 ipsius
1379 2129 1473 2165 castri
1500 2131 1689 2176 dominium,
1715 2132 1882 2179 omnisque

1135 2179 1220 2213 illius
1238 2179 1410 2214 iurisdictio
1446 2179 1538 2225 plene
1565 2187 1703 2227 spectat;
1742 2175 1800 2215 nos
1842 2192 1882 2215 ne

1133 2228 1172 2263 de
1193 2227 1254 2262 hoc
1280 2228 1396 2275 ambigi
1420 2229 1519 2276 possit
1545 2228 1577 2263 in
1614 2236 1821 2276 posterum,
1843 2241 1882 2264 ne

1135 2288 1231 2324 super
1257 2277 1368 2312 eodem
1404 2284 1507 2312 castro
1528 2277 1716 2313 calumniam
1741 2276 1796 2313 atit
1811 2279 1883 2312 mo—

1135 2326 1254 2361 lestiam
1270 2326 1374 2373 aliquo
1397 2334 1535 2373 tempore
1557 2326 1717 2374 praedicta
1739 2325 1883 2362 Ecclesia

1136 2375 1280 2421 patiatur,
1296 2374 1442 2419 dicimus,
1463 2386 1681 2411 assecuramus
1700 2382 1731 2410 et
1751 2375 1883 2410 firmiter

1135 2424 1420 2471 attestamur,qu0d
1428 2424 1601 2471 praefatum
1614 2423 1762 2460 Castrum
1775 2423 1881 2465 Acuti,

1135 2484 1206 2507 cum
1228 2473 1376 2508 omnibus
1399 2473 1519 2508 iuribus
1539 2481 1570 2508 et
1581 2472 1779 2520 pertiuentiis
1803 2473 1881 2515 suis,

1136 2522 1265 2569 eiusque
1295 2522 1481 2570 proprietaS‚
1511 2521 1687 2557 dominium
1720 2529 1751 2557 et
1783 2521 1881 2557 iuris·
1907 2534 2076 2562 Arte-mptum

1136 2570 1231 2606 dictio
1253 2571 1383 2618 integre,
1404 2579 1437 2606 ut
1458 2570 1662 2618 praemissum
1683 2577 1741 2613 est,
1762 2570 1802 2606 ad
1821 2565 1939 2607 Ec·um
1979 2568 2079 2592 mem·

1136 2620 1263 2655 clesiam
1286 2621 1423 2667 pertinet
1444 2626 1660 2660 memoratam,
1682 2627 1713 2654 et
1749 2619 1788 2657 ad
1825 2594 2021 2655 fir.⁴‘⁶¹“¹¹¹¹''
