2129 3223
144 300 191 325 Α11.
210 297 238 325 C.
256 299 320 326 ¹227

151 1345 259 1372 flos-pirate
275 1351 322 1365 cum

138 1378 199 1398 bonis
227 1377 322 1398 omnibu·

139 1411 176 1430 sub
204 1410 322 1437 apostolica

139 1442 204 1462 tutela
225 1442 320 1467 suscipit.

158 2337 179 2357 Ε.
202 2344 327 2364 paganorum

146 2368 211 2395 {pult-
230 2369 326 2395 apptteat,

386 287 456 319 424

337 353 410 388 dere
437 353 515 386 circa
546 351 678 399 plantas,
712 363 792 398 quac
813 349 917 384 adltuc
945 347 1082 383 novellae
1101 347 1107 382 l
1126 346 1340 394 probibemus.
1380 346 1543 382 Praesenti
1581 357 1708 394 quoque
1746 344 1872 380 decreto

337 403 457 437 fructus
479 401 592 436 uberes
618 400 763 440 afferunt,
785 408 814 435 et
841 399 1004 433 uberiores
1025 410 1082 431 sno

337 461 475 498 tempore
498 451 729 498 repromittunt.
752 448 832 484 Cum
850 449 944 495 igitur
967 455 1083 481 vestrae

337 500 498 546 religionis
525 499 645 535 novella
669 499 817 547 plantatio
839 499 932 532 flores
963 506 992 531 et
1020 496 1083 530 1111-

335 559 406 584 ctus
432 549 538 584 odoris
572 557 603 583 et
626 549 796 583 honestatis
818 547 1001 594 tempestiva
1017 546 1083 580 foe-

335 599 498 634 cunditate
520 599 713 647 produxerit,
728 606 758 632 et
773 597 839 632 Deo
853 598 1081 631 incrementum

335 649 441 690 dante,
476 648 522 683 sic
563 648 716 696 inceperit
762 646 941 694 expandere
983 656 1084 679 ramos

335 710 422 743 suos,
446 706 479 732 ut
498 698 619 746 copiam
645 697 826 744 promittere
855 695 1007 733 videatur·,
1026 706 1083 728 nos

336 748 390 795 qui
409 748 558 783 custodes
584 748 614 782 in
638 747 795 781 dominica
819 745 905 779 vinea
937 744 1084 791 positi,et

335 797 484 841 entiores,
505 797 586 832 circa
603 796 750 831 virtutum
766 795 915 843 plantaria
931 793 1084 828 debemus

334 846 545 892 diligentioris
571 846 712 881 culturae
739 857 775 880 36
808 856 901 879 curae
945 843 1082 877 studium

334 896 485 931 adbibere
512 895 666 930 novellam
691 894 914 942 plantationem
939 901 1083 932 vestram,

335 957 404 981 rore
426 945 614 993 apostolicae
636 944 754 990 gratiae
775 943 903 989 irrigare
936 941 1084 989 proponi-

334 1007 416 1039 mus,
437 1003 468 1029 et
489 994 734 1029 foecunditatem
762 992 917 1027 honorum
939 1003 1083 1038 operum,

334 1057 397 1092 quo
420 1045 502 1090 viget
522 1043 560 1079 ad
589 1055 748 1090 praesens,
770 1050 801 1076 et
821 1040 939 1088 vigebit
978 1040 1083 1074 divina

335 1094 457 1129 favente
480 1093 577 1140 gratia
595 1093 624 1127 in
648 1092 801 1132 futurum,
826 1090 979 1137 vigilantis
991 1101 1084 1124 curae

335 1143 499 1191 impendio
532 1142 691 1177 adiuvare.
731 1140 776 1175 Ea
806 1148 944 1187 propter,
978 1138 1083 1173 dilecti

335 1193 365 1228 in
393 1192 530 1227 Domino
553 1191 618 1232 fitii,
652 1191 762 1225 vestris
792 1189 882 1224 iustis
901 1188 1085 1236 postulatio-

335 1242 428 1277 nibus
445 1242 618 1277 clementer
638 1240 820 1280 annuimus,
834 1247 863 1273 et
885 1238 1012 1273 domum
1037 1249 1086 1271 ve-

336 1301 445 1333 stram,
467 1304 524 1326 seu
542 1290 695 1337 hospitale
719 1291 750 1324 in
773 1301 836 1336 quo
858 1289 932 1323 estis
954 1287 993 1322 ad
1024 1287 1083 1321 Dei

337 1341 461 1376 laudem
500 1349 531 1376 et
567 1339 698 1386 gloriam
739 1347 832 1385 atque
867 1337 1083 1372 defensionem

336 1402 466 1425 suorum
490 1389 640 1429 fidelium,
666 1396 697 1422 et
739 1387 930 1422 liberandam
967 1385 1084 1421 Cltristi

336 1440 511 1474 Ecclesiam
539 1438 732 1484 congregati,
754 1450 824 1471 cutn
847 1436 994 1471 omnibus
1017 1447 1086 1482 pos-

336 1488 544 1528 sessionibus,
566 1496 597 1522 et
619 1487 710 1521 bonis
731 1487 812 1527 suis,
834 1498 913 1533 quae
935 1486 965 1519 in
989 1496 1085 1531 prae-

336 1538 509 1574 sentiarum
533 1537 673 1583 legitime
712 1535 827 1570 babere
860 1535 1084 1580 cognoscitur,

336 1596 392 1623 aut
415 1588 445 1622 in
473 1587 615 1623 futurum
642 1585 847 1621 concessione
883 1583 1084 1623 Pontificum,

338 1637 502 1684 largitione
526 1648 633 1682 regum
657 1634 703 1669 vel
724 1635 916 1681 principum,
930 1632 1085 1667 oblatione

338 1686 493 1727 fidetium,
515 1698 571 1721 seu
590 1684 659 1720 aliis
678 1684 767 1718 iustis
785 1683 888 1718 modis
910 1690 1084 1730 praestante

337 1736 476 1771 Domino
514 1734 627 1782 poterit
661 1733 814 1780 adipisci,
849 1732 886 1767 ad
923 1731 1086 1778 exemplar

338 1786 438 1821 felicis
460 1785 630 1820 memoriae
656 1782 787 1817 Honorii
818 1781 920 1828 Papae
948 1781 1087 1828 praede—

338 1835 515 1871 decessoris
541 1833 640 1869 nostri
662 1832 723 1867 sub
744 1831 825 1866 beati
855 1831 937 1865 Petri
974 1839 1003 1864 et
1037 1842 1088 1863 no·

338 1893 401 1920 stra
424 1884 620 1932 protectione
647 1881 849 1928 suscipimus,
867 1890 896 1915 et
916 1880 1088 1927 praesentis

338 1934 447 1982 scripti
472 1933 636 1982 privilegio
663 1930 910 1974 communimus,
945 1937 1087 1964 statuen-

339 1992 398 2025 tes,
426 1992 459 2018 ut
475 1982 639 2031 perpetuis
666 1979 777 2015 tuturis
803 1978 999 2026 temporibus
1030 1977 1088 2012 snb

339 2033 539 2080 Apostolicae
568 2031 662 2066 Sedis
699 2028 793 2064 tutela
841 2037 871 2063 et
905 2028 1087 2062 defensione

340 2083 523 2117 consistant.
545 2080 724 2115 Statuimus
745 2080 850 2118 etiam,
875 2085 908 2112 ut
929 2077 1006 2111 ordo
1027 2076 1089 2111 fra-

341 2140 422 2166 trum
447 2130 610 2179 hospitalis
630 2128 906 2174 Hierosolymitan.
923 2127 1004 2161 circa
1018 2137 1090 2172 pau-

342 2193 434 2228 peres
472 2189 503 2215 et
537 2180 700 2218 infirmos,
733 2179 811 2211 ordo
847 2188 919 2211 vero
963 2175 1089 2209 militiae

339 2230 463 2278 Templi
490 2230 571 2264 circa
593 2228 726 2264 clericos
747 2235 777 2260 et
805 2226 930 2267 milites,
952 2237 987 2259 ac
1013 2225 1090 2259 alios

343 2281 451 2315 l'ratres
479 2278 639 2328 perpetuis
662 2277 777 2311 ibidem
806 2275 1003 2322 temporibus
1033 2273 1090 2308 ob-

342 2339 492 2365 servetur.
516 2328 564 2363 Ad
588 2328 664 2363 baec
686 2326 867 2365 statuimus,
890 2333 923 2359 ut
948 2336 1018 2358 cnm
1036 2335 1090 2369 pro

343 2379 457 2414 tuenda
479 2377 632 2414 catholica
654 2376 807 2414 Ecclesia,
829 2381 859 2409 et
880 2386 927 2414 ea,
949 2385 1029 2420 quac
1045 2381 1090 2407 est

343 2429 402 2463 sub
443 2440 636 2476 paganorum
672 2424 850 2474 tyrannide,
881 2423 920 2458 de
952 2423 1089 2470 ipsorum

344 2479 492 2524 spurcitia
515 2476 654 2512 eruenda
678 2474 832 2521 intrepide
870 2472 1028 2516 laboretis,
1053 2471 1092 2505 li-

343 2536 411 2561 6631
431 2527 517 2561 vobis
540 2526 636 2560 libere
665 2525 695 2559 in
725 2536 801 2558 usus
821 2530 939 2557 vestros
960 2533 1092 2556 conver-

344 2586 408 2610 tere
435 2588 483 2620 ea,
511 2587 591 2623 quae
617 2575 656 2609 de
678 2574 787 2621 spoliis
810 2573 947 2618 ipsorum
978 2583 1093 2617 caepe-

347 2625 412 2659 ritis
435 2637 640 2671 paganorum,
662 2632 691 2657 et
715 2634 753 2656 ne
775 2622 813 2655 de
837 2622 873 2654 iis
887 2629 994 2655 contra
1017 2619 1092 2653 velle

347 2682 482 2708 vestrum
507 2674 680 2720 portionem
703 2672 794 2706 alicui
828 2671 901 2704 darc
937 2669 1092 2716 cogamini
1114 2696 1115 2706 ,

928 293 1029 315 BULLA
1034 291 1117 314 ltIUM
1144 290 1258 313 ROMA&
1264 291 1307 312 [M

1888 294 1938 314 An.
1955 286 1986 314 C.
2002 286 2068 313 ¹227

1899 347 2006 369 Fratribus
2015 348 2070 369 obe·-

1123 397 1294 437 sancimus,
1317 404 1350 431 ut
1376 396 1486 432 fratres
1507 397 1538 431 in
1564 396 1658 432 domo
1685 403 1785 431 vestra
1810 394 1872 429 Do·
1886 380 2069 437 3223¹²⁸35m¹3222

1125 446 1210 481 mino
1237 446 1419 490 servientes,
1442 454 1537 490 caste,
1570 455 1600 480 et
1643 446 1710 480 sine
1744 444 1872 492 proprio
1886 445 1926 462 ¹¹⁸·

1124 496 1238 535 vivant,
1260 504 1289 530 et
1317 496 1547 543 possessionem
1582 507 1671 530 suam
1713 494 1805 529 dictis
1842 502 1869 527 et

1124 545 1265 580 moribus
1291 546 1542 593 comprobantes,
1558 545 1706 590 magistro
1732 555 1802 585 suo,
1819 552 1870 578 aut

1123 594 1240 642 quibus
1261 595 1330 642 ipse
1353 595 1546 642 praeceperit
1571 593 1704 629 subiecti
1742 602 1772 628 et
1799 592 1872 627 obe·

1124 644 1244 680 dientes
1260 645 1403 680 existant.
1419 644 1584 679 Praeterea
1599 642 1868 691 quemadmodum
1887 649 1973 689 ‘Dum-‚1³
1995 647 2069 670 “³0¹⁰-

1124 693 1238 728 domus
1260 695 1326 741 ipsa
1346 702 1464 728 vestrae
1493 701 1618 728 sanctae
1645 693 1869 736 institutionis,
1884 680 2021 738 ᾗῇξῖωζᾚῖ,
2036 685 2070 700 ⁰⁹

1124 751 1154 778 et
1180 743 1299 778 ordinis
1322 743 1402 787 fons,
1429 752 1459 777 et
1480 743 1567 789 origo
1585 754 1655 777 esse
1678 742 1869 788 promeruit-,

1124 793 1164 828 ita
1186 793 1327 828 omnium
1345 792 1485 828 locorum
1503 792 1542 827 ad
1556 804 1624 827 eam
1643 792 1867 839 pertinentium

1124 851 1219 890 caput
1245 850 1275 877 61
1298 843 1443 889 magistra
1467 843 1497 876 in
1530 849 1716 889 perpetuum
1753 841 1870 876 babea-

1125 900 1187 926 tur.
1203 891 1253 926 Ad
1281 891 1357 926 haec
1380 892 1551 927 adiicentes
1574 891 1804 938 praecipimus,
1835 899 1869 926 ut

1125 941 1262 976 obeunte
1284 950 1325 981 te,
1347 940 1461 976 dilecte
1487 941 1518 975 in
1546 941 1682 976 Domino
1709 940 1752 975 fili
1788 939 1870 975 Her-

1126 1003 1251 1035 manne,
1274 990 1387 1025 domus
1413 990 1473 1025 iam
1500 990 1601 1025 dictae
1626 990 1789 1037 magister,
1824 991 1869 1024 vel

1125 1048 1250 1075 tuorum
1270 1040 1411 1087 quolibet
1431 1051 1649 1075 successorum
1664 1040 1770 1076 nullus
1783 1039 1871 1076 eius—

1125 1089 1196 1124 dem
1219 1090 1331 1124 domtts
1350 1089 1495 1125 fratribus
1510 1098 1720 1136 praeponatur
1741 1090 1800 1125 nisi
1816 1090 1870 1124 mi-

1125 1139 1223 1174 litaris
1256 1146 1287 1173 et
1308 1138 1452 1185 religiosa
1474 1151 1714 1186 persona,quae
1737 1147 1869 1176 vestram

1125 1189 1308 1235 religionem
1332 1197 1361 1223 et
1388 1188 1527 1223 habitum
1555 1189 1592 1222 sit
1624 1188 1760 1236 professa
1777 1216 1786 1234 ,
1813 1201 1871 1224 nec

1123 1237 1164 1273 ab
1185 1238 1254 1273 aliis
1281 1238 1341 1272 nisi
1364 1237 1402 1272 ab
1430 1237 1578 1272 omnibus
1611 1237 1758 1273 fratribus
1795 1239 1872 1274 insi-

1126 1287 1202 1328 mul,
1226 1287 1271 1322 vel
1289 1299 1305 1321 a
1329 1287 1436 1322 maiori
1461 1296 1490 1322 et
1512 1287 1627 1322 saniori
1644 1296 1729 1334 parte
1750 1300 1872 1332 eorum,

1125 1339 1179 1384 qui
1202 1337 1447 1384 praeponendus
1469 1337 1563 1372 fuerit
1595 1336 1737 1384 eligatur.
1775 1336 1873 1372 Porro

1126 1386 1201 1420 nulli
1225 1386 1470 1427 ecclesiasticae,
1504 1386 1692 1421 saecularive
1723 1399 1873 1433 personae

1127 1436 1293 1482 infringere
1328 1435 1374 1470 vel
1397 1436 1540 1471 minuere
1573 1435 1663 1470 liceat
1700 1444 1873 1472 consuetu-

1126 1485 1217 1520 dines
1238 1485 1274 1519 ad
1300 1494 1416 1520 vestrae
1438 1485 1600 1531 religionis
1633 1493 1662 1519 et
1689 1485 1782 1521 officii
1814 1487 1872 1520 ob—

1126 1535 1311 1569 servantiam
1333 1546 1348 1568 a
1372 1535 1520 1580 magistro
1560 1542 1591 1569 et
1613 1534 1759 1570 fratribus
1789 1535 1874 1570 salu-

1128 1584 1222 1618 briter
1256 1584 1422 1618 institutas.
1467 1583 1601 1618 Easdem
1640 1596 1765 1631 quoqne
1797 1596 1874 1619 con-

1126 1633 1310 1668 suetudines
1337 1645 1353 1667 a
1376 1632 1463 1667 vobis
1477 1633 1636 1679 aliquanto
1660 1641 1801 1680 tempore
1815 1634 1874 1669 ob-

1127 1691 1275 1726 servatas,
1303 1690 1332 1717 et
1353 1682 1469 1728 scripto
1497 1682 1646 1725 firmatas,
1668 1683 1728 1717 nisi
1751 1684 1790 1718 ab
1824 1696 1874 1723 eo,

1127 1732 1179 1779 qui
1206 1732 1353 1778 magister
1375 1732 1521 1773 extiterit,
1536 1732 1753 1767 consentiente
1771 1741 1872 1767 tamen

1127 1782 1242 1816 saniori
1272 1788 1356 1828 parte
1378 1781 1519 1827 capituli,
1547 1793 1608 1816 non
1637 1781 1725 1816 liceat
1757 1782 1870 1816 immu—

1129 1831 1196 1865 tari.
1231 1830 1440 1865 prohibemus
1467 1831 1608 1877 insuper,
1635 1839 1665 1865 et
1691 1831 2070 1871 011111111101111Εζιιιειιιιεῐιυυ·11111

1129 1880 1356 1920 interdicimus,
1392 1892 1431 1914 ne
1460 1880 1519 1914 ulla
1558 1880 1768 1915 ecclesiastica
1805 1893 1875 1915 536-
1890 1867 1994 1887 mmm

1129 1929 1282 1964 cularisve
1305 1941 1437 1976 persona
1457 1942 1471 1963 a
1496 1930 1643 1976 magistro
1665 1938 1696 1964 et
1730 1929 1875 1965 fratribus

1129 1979 1269 2014 eiusdem
1298 1979 1412 2013 domus
1429 1979 1552 2024 exigere
1574 1979 1685 2014 audeat
1701 1979 1875 2021 fidelitates,

1130 2028 1282 2068 hominia,
1307 2029 1492 2071 iuramenta,
1514 2040 1570 2062 seu
1597 2029 1778 2064 securitates
1805 2029 1876 2063 reli-

1131 2089 1221 2124 quas,
1244 2089 1325 2123 quae
1351 2090 1368 2112 a
1390 2077 1604 2112 saecularibus
1626 2077 1876 2125 frequentantur-2

1131 2126 1277 2161 fratribus
1298 2139 1424 2173 quoqne
1446 2127 1557 2161 vestris
1584 2136 1653 2173 post
1692 2127 1803 2162 factam
1845 2128 1874 2161 in

1131 2176 1224 2210 domo
1247 2185 1344 2210 vestra
1384 2175 1634 2223 professionem,
1673 2184 1702 2210 et
1734 2176 1874 2211 habitum
1903 2182 1966 2219 ram
1994 2181 2073 2217 wie?

1132 2225 1292 2270 religionis
1310 2233 1507 2272 assumptum
1537 2226 1708 2259 revertendi
1739 2225 1775 2260 ad
1807 2213 2074 2265 saiJ-{l⁰2{3{l³e⁰¹‘llssf.'

1132 2275 1238 2309 culum
1270 2287 1395 2309 omnem
1436 2275 1650 2309 interdicimus
1689 2275 1949 2314 facttltaten»,²=f0¹·

1134 2336 1190 2358 nec
1216 2323 1306 2358 3116111
1330 2337 1438 2359 60111111
1468 2324 1511 2359 fas
1533 2324 1571 2358 sit
1595 2332 1664 2371 post
1681 2323 1792 2359 factam
1812 2337 1866 2371 prm

1134 2373 1312 2414 sessionem,
1340 2383 1369 2408 et
1396 2374 1491 2408 semel
1514 2381 1706 2420 assumptam
1741 2373 1876 2409 Crucem

1134 2422 1273 2457 habitum
1298 2431 1415 2458 vestrae
1442 2422 1644 2470 professionis
1665 2422 1813 2464 abiicere,
1830 2424 1876 2456 vel

1133 2471 1171 2506 ad
1199 2473 1293 2506 alium
1322 2474 1424 2507 locum
1458 2472 1606 2512 maioris,
1643 2473 1708 2506 sive
1747 2472 1879 2507 minoris

1135 2521 1295 2567 religionis
1321 2523 1449 2557 obtentu
1467 2549 1475 2563 ,
1511 2521 1636 2561 invitis,
1663 2523 1727 2555 sive
1767 2521 1879 2556 incon-

1134 2570 1225 2605 sultis
1247 2570 1404 2614 fratribns,
1430 2579 1483 2606 aut
1509 2582 1545 2605 eo
1568 2571 1620 2617 qui
1644 2571 1790 2617 magister
1824 2583 1879 2606 ex-

1135 2620 1241 2665 titerit⁷
1280 2620 1510 2666 transmigrare.
1544 2619 1690 2666 Nullique
1730 2620 1879 2656 ecclesia-

1135 2669 1229 2703 sticae
1268 2670 1458 2704 saecularive
1487 2666 1635 2715 personae
1672 2669 1754 2715 ipsos
1780 2671 1881 2704 susei-

1898 896 1926 917 06
1949 895 2055 916 electione

1924 928 2025 953 magistri,
