2129 3223
135 251 185 278 An.
203 252 232 278 C.
249 252 316 279 ¹229

144 802 255 827 Ρτῐτιὲρςιε
282 809 313 824 ets

132 835 274 855 e-meeduninr

165 1248 281 1269 rimulae.

384 245 451 277 446

332 315 413 344 trum
431 316 608 344 nostrorum
628 309 762 345 oonsilio
780 322 846 350 vos,
868 318 898 345 et
920 310 1074 345 civitatem

331 364 463 393 vestram
499 369 571 393 cum
606 359 753 394 omnibus
788 359 895 398 bonis,
928 371 1008 406 quae
1042 359 1074 393 in

330 407 577 454 praesentiarum
626 408 849 444 rationabiliter
887 408 1074 456 possidetis,

329 463 383 491 aut
416 456 446 491 in
474 456 612 493 futurum
640 458 730 494 iustis
757 458 860 494 modis
897 466 1075 506 praestante

330 505 466 541 Domino
485 507 627 554 poteritis
638 507 784 556 adipisci,
807 508 867 544 sub
882 508 1075 555 protectione

329 555 528 603 Apostolicae
557 557 651 593 Sedis
679 565 709 593 et
735 565 838 593 nostra
865 557 1075 604 suscipimus,

329 613 359 640 et
386 606 558 652 praesentis
589 607 697 655 scripti
732 607 904 655 patrocinio
930 618 1075 642 commu-

330 655 447 694 nimus:
479 655 633 691 civitatem
666 670 793 705 quoque
825 656 1015 704 praedictam
1044 656 1074 690 in

330 704 479 740 fidelitate
516 704 674 742 Romanae
713 707 869 741 Ecclesiae
903 707 1075 752 persisten-

914 255 1101 278 BULLAan
1123 254 1284 277 ROMANUM

1120 308 1341 356 plicationibus
1376 309 1512 345 inclinati
1549 311 1709 345 civitatem
1743 309 1861 345 Massi—

1118 362 1248 398 liensem
1283 375 1355 398 cum
1379 364 1538 411 personis,
1574 371 1605 399 et
1631 363 1722 399 bonis
1747 363 1863 411 ipsius,

1117 416 1177 452 sub
1204 417 1284 452 beati
1311 417 1404 458 Petri,
1426 426 1457 453 et
1477 425 1582 453 nostra
1605 418 1797 466 protectione
1812 430 1864 453 su—

1116 470 1288 519 scipimus,
1322 480 1353 507 et
1376 472 1529 519 presentis
1551 472 1659 520 scripti
1689 472 1862 520 patrocinio

1117 527 1361 562 communimus.
1413 527 1606 562 Auctoritate
1647 527 1859 575 praesentium

1116 580 1206 615 vobis
1227 580 1432 615 nihilominus
1456 580 1661 628 indulgendo,
1683 590 1718 617 ut
1739 583 1861 618 univer-

1115 635 1190 670 sitas
1217 644 1314 671 vestra
1338 635 1405 670 sine
1430 634 1594 670 manifesta
1628 643 1659 670 et
1684 636 1858 671 rationabili

1115 702 1209 725 causa
1233 701 1293 724 non
1322 689 1419 724 valeat
1441 688 1789 731 excommunicationis,
1812 692 1858 726 vel

330 763 391 790 tem
419 755 615 802 providimus
637 757 667 790 jn
690 756 757 791 ejus
780 756 924 791 demafflo
946 755 984 790 de
1003 767 1075 790 cae-
1094 749 1096 779 Ι
1116 744 1271 779 interdicti
1293 743 1446 778 sententia
1464 742 1617 778 innodari.
1641 742 1689 777 Ad
1708 742 1859 779 indicium

330 813 394 839 tero
415 804 623 840 retinendam.
642 805 861 841 Concedentes
884 804 971 840 vobis
993 817 1074 848 cam,
1094 798 1095 803 ¹
1115 806 1219 833 autem
1254 797 1435 833 huiusmodi
1471 797 1674 845 Ρΐθῑθῦῑίθΰίδ
1705 797 1744 832 ab
1769 798 1860 846 Apo-

329 867 422 901 quam
446 853 561 889 habent
589 855 729 890 civitates
757 855 949 902 Campaniae
979 854 1075 889 liber·
1092 844 1098 877 l
1115 853 1222 888 stolica
1256 852 1339 888 Sede
1380 859 1544 899 perceptae
1583 859 1710 887 centum
1748 852 1861 889 obulos

330 911 435 945 tatem,
458 903 623 939 medietate
640 904 837 940 servitiorum
855 905 884 938 in
906 904 1074 945 frumento,

328 953 474 988 videlicet
507 954 591 995 vino,
619 966 754 994 annona,
789 954 890 994 ferris,
918 953 1014 989 clavis
1043 961 1074 989 et

329 1003 452 1043 calceis,
479 1015 515 1038 ac
532 1003 681 1039 omnibus
703 1004 835 1045 exeniis,
856 1015 935 1051 quae
957 1003 1075 1038 salutes

330 1052 497 1098 vulgariter
519 1061 763 1101 nuncupantur,
791 1066 827 1088 ac
853 1053 921 1088 aliis
950 1052 1075 1087 iustitiis

328 1102 434 1137 curiae
469 1102 594 1147 debitis,
623 1111 653 1138 et
688 1103 834 1138 mandato
871 1103 1073 1150 Apostolicae

328 1151 421 1187 Sedis
442 1151 544 1187 salvis.

376 1200 461 1236 Nulli
500 1213 574 1248 ergo
608 1201 739 1236 omnino
777 1201 941 1236 hominum
983 1202 1074 1237 liceat

329 1250 409 1285 hanc
430 1250 575 1298 paginam
604 1261 730 1286 nostrae
753 1251 968 1299 protectionis,
1001 1264 1074 1299 pro-

330 1300 459 1336 visionis
490 1308 521 1336 et
542 1301 757 1336 concessionis
777 1301 958 1347 infringere,
981 1301 1027 1335 vel
1047 1302 1074 1336 ei

329 1362 408 1385 ausu
430 1350 596 1385 temerario
617 1351 782 1391 contraire3
817 1351 842 1385 si
869 1352 941 1397 quis
970 1359 1074 1386 autem

329 1399 389 1434 hoc
415 1406 566 1435 attentare
589 1401 848 1447 praesumpserit,
884 1400 1073 1446 indignatio-

330 1461 400 1484 nem
424 1449 649 1496 omnipotentis
665 1449 737 1489 Dei,
759 1461 794 1484 ac
813 1449 975 1484 beatorum
993 1450 1074 1484 Petri

330 1506 359 1533 et
384 1497 474 1533 Pauli
502 1499 717 1546 apostolorum
741 1499 809 1534 eius
835 1511 869 1534 se
898 1500 1016 1534 noverit
1031 1500 1074 1534 in-

329 1559 505 1583 cursurum.

379 1596 491 1633 Datum
520 1597 660 1644 Perusiil,
691 1606 801 1645 quarto
841 1597 989 1632 kalendas
1019 1610 1075 1633 se-

330 1646 491 1694 ptembris,
519 1647 718 1694 pontificatus
745 1648 842 1682 nostri
867 1659 950 1683 anno
972 1648 1073 1683 tertio.

369 1708 429 1739 Dat.
447 1708 495 1739 die
513 1708 550 1740 29
566 1709 683 1748 augusti
700 1709 786 1745 1229,
804 1709 905 1748 pontif.
925 1718 971 1739 an.
995 1719 1035 1739 ni.

658 1858 744 1894 xtx.

331 1932 413 1966 Cives
441 1932 648 1966 Massilienses
678 1932 866 1977 recipiuntur
902 1934 955 1966 sub
982 1934 1075 1967 tutela

375 1983 464 2016 Sedis
486 1982 678 2027 Apostolicae
704 1994 772 2015 cum
796 1993 902 2016 annua
926 1989 1074 2027 praesta-

377 2033 456 2065 tione
482 2038 600 2065 centum
633 2032 795 2065 obulorum
822 2043 997 2070 aureorum,
1036 2034 1075 2066 ab

377 2082 450 2127 ipsis
475 2088 580 2126 sponte
601 2081 774 2115 oblatorum
797 2082 858 2123 (1).

327 2164 471 2201 Gregorius
486 2164 626 2201 opiscopus
637 2170 732 2194 servus
740 2170 880 2193 servorum
895 2164 950 2197 nei.
966 2165 1076 2194 dilectis

370 2215 436 2244 filiis
452 2214 556 2244 civibus
572 2213 794 2247 Massiliensibus
823 2213 940 2242 salutem
959 2215 989 2242 et
1011 2220 1073 2249 apoc

371 2265 498 2294 stoltcam
519 2263 739 2293 benedictionem.

376 2331 560 2367 Gaudentes
594 2331 624 2365 in
665 2330 802 2365 Domino
835 2328 921 2377 quod
955 2343 993 2364 eo
1027 2329 1075 2364 in-

327 2383 466 2429 spirante
490 2381 602 2416 reversi
630 2380 705 2415 estis
727 2379 763 2414 ad
787 2378 986 2414 devotionem
1011 2379 1074 2414 Ee-

328 2431 453 2475 clesiae,
475 2443 490 2465 a
518 2442 577 2478 qua
600 2429 723 2465 seducti
761 2428 889 2464 fallaciis
911 2429 1074 2464 tentatoris

329 2480 434 2515 fuistis
454 2481 570 2520 aversi,
603 2490 633 2514 et
660 2487 692 2514 ut
714 2486 834 2514 crescat
868 2487 986 2514 vestrae
1016 2479 1074 2514 de-

330 2530 464 2565 votionis
477 2529 629 2570 affeetus;
648 2528 788 2564 volentes
805 2540 858 2563 ros
872 2527 1074 2583 Apostolicae
1094 2544 1095 2549 ¹

328 2578 421 2614 Sedis
448 2578 612 2614 beneficiis
640 2590 820 2626 provocare,
856 2586 967 2613 vestris
996 2590 1074 2625 sup-

365 2648 403 2682 (l)
420 2648 457 2674 Ex
477 2649 581 2683 Regest.
604 2648 687 2675 Vatic.

1115 918 1226 942 aureos
1252 914 1364 953 sponte
1391 906 1512 941 oblatos
1544 906 1636 941 nobis
1668 914 1699 941 et
1731 919 1860 943 succes—

1115 960 1240 995 soribus
1264 959 1380 995 nostris
1400 961 1492 995 annis
1514 960 1647 1007 singulis
1668 972 1782 997 census
1804 974 1861 997 no-

1115 1014 1200 1050 mine
1227 1014 1420 1062 persolvetis.

1164 1069 1249 1104 Nulli
1289 1081 1362 1116 ergo
1400 1068 1530 1104 omnino
1564 1069 1731 1104 hominum
1771 1070 1860 1106 liceat

1116 1123 1197 1158 hanc
1234 1123 1381 1170 paginam
1424 1130 1548 1158 nostrae
1590 1124 1792 1171 protectionis
1832 1134 1861 1160 et

1116 1178 1333 1213 concessionis
1359 1177 1547 1224 infringere,
1583 1178 1629 1213 vel
1660 1178 1689 1213 ei
1714 1190 1793 1214 ausu
1816 1187 1862 1215 te-

1117 1233 1250 1267 merario
1272 1232 1436 1267 contraire.
1464 1232 1497 1268 Si
1519 1232 1592 1280 quis
1613 1239 1716 1268 autem
1738 1232 1800 1269 hoc
1817 1241 1863 1269 at-

1118 1294 1236 1322 tentare
1250 1286 1506 1334 praesumpserit,
1529 1287 1775 1334 indignationem
1793 1299 1863 1323 om-

1118 1341 1288 1389 nipotentis
1300 1341 1371 1383 Dei,
1393 1354 1428 1376 ac
1447 1341 1610 1377 beatorum
1625 1341 1710 1378 Petri
1729 1349 1760 1377 et
1774 1341 1862 1378 Pauli

1117 1396 1329 1445 apostolorum
1357 1396 1425 1432 eius
1446 1409 1480 1432 se
1502 1397 1623 1432 noverit
1649 1396 1860 1432 incursurum.

1166 1451 1282 1486 Datum
1312 1451 1476 1493 Laterani,
1509 1464 1532 1486 x
1559 1450 1708 1486 kalendas
1738 1450 1862 1499 aprilis,

1118 1504 1318 1552 pontificatus
1345 1505 1444 1540 nostri
1472 1517 1554 1540 anuo
1575 1511 1698 1552 quarto.

1155 1557 1217 1587 Dat.
1237 1558 1285 1588 die
1299 1558 1338 1588 ⁶23
1356 1558 1452 1588 martii
1472 1557 1558 1596 1230,
1577 1557 1679 1597 pontif.
1713 1567 1759 1588 an.
1787 1566 1824 1588 iv.

1458 1676 1529 1711 XX.

1117 1746 1265 1783 Lucanis,
1295 1746 1332 1778 ob
1360 1746 1559 1789 Garfaqnani
1582 1745 1808 1790 occupationem
1826 1747 1864 1780 dc

1164 1796 1230 1829 iure
1259 1795 1347 1829 Sedis
1381 1795 1572 1840 Apostolicae
1610 1796 1863 1830 excommunica-

1165 1845 1256 1879 tionis
1276 1845 1397 1878 vinculo
1410 1845 1473 1878 iam
1491 1845 1659 1884 innodatis,
1679 1846 1863 1891 praefigitur

1166 1895 1310 1928 terminus
1331 1895 1373 1928 ad
1390 1895 1639 1939 resipiscendum,
1665 1906 1725 1940 quo
1742 1895 1859 1940 elapso,

1166 1946 1226 1977 nisi
1245 1945 1438 1989 resipuerint,
1453 1946 1530 1978 sedis
1546 1945 1726 1990 episcopalis
1746 1945 1862 1979 amotio

1164 1995 1302 2038 aliaeque
1349 1995 1507 2038 qraviores
1552 1995 1753 2029 decernuntur
1788 2006 1863 2039 poe-

1164 2056 1222 2078 nae
1245 2046 1305 2085 (4).

1382 2108 1595 2139 sttinMARtUM

1117 2166 1299 2196 Lucanorum
1323 2166 1492 2196 obstinatio.
1510 2183 1549 2189 —-
1574 2166 1669 2202 Quare
1690 2176 1859 2198 excommu-

1155 2207 1252 2235 nicati.
1270 2223 1308 2228 —
1329 2206 1475 2236 Corruunt
1493 2206 1521 2236 in
1541 2207 1649 2245 peiora.
1678 2224 1718 2229 —
1737 2206 1862 2238 Minatur

1155 2247 1197 2275 eis
1220 2246 1339 2284 Gregor.
1377 2247 1616 2286 suppressionem
1638 2247 1810 2285 dignitatum
1834 2254 1862 2278 et

1157 2287 1309 2316 honorum.
1325 2303 1364 2308 —
1381 2287 1486 2316 Pisano
1499 2286 1673 2326 archiepisc.
1692 2287 1819 2325 mandat,
1831 2295 1860 2317 nt

1155 2326 1272 2356 eosdem
1291 2327 1448 2357 admoneat
1469 2327 1504 2357 de
1523 2327 1702 2357 excessibus.

1114 2393 1258 2428 Gregorius
1281 2393 1421 2429 episcopus
1437 2399 1532 2422 servus
1549 2400 1688 2422 servorum
1706 2394 1762 2427 noi,
1781 2401 1860 2424 vene-

1159 2438 1239 2466 rabili
1257 2438 1344 2467 rratri
1366 2438 1564 2475 archiepiscopo
1600 2437 1703 2472 Pisano,
1741 2441 1861 2468 salntem

1160 2484 1190 2512 et
1208 2483 1386 2519 apostoticam
1405 2483 1624 2512 benedictionem.

1166 2541 1329 2582 Veremur,
1352 2553 1391 2576 ne
1418 2543 1499 2577 cives
1526 2542 1656 2587 Lucani,
1688 2543 1741 2590 qui
1763 2555 1858 2591 opere

1115 2590 1264 2626 deberent
1299 2590 1438 2626 alludere
1477 2593 1594 2627 nomini
1633 2592 1768 2627 lucendo
1804 2605 1858 2640 per

1150 2647 1189 2683 (t)
1206 2647 1244 2674 Ex
1262 2648 1366 2683 Regest.
1385 2647 1467 2674 Vatic.

1876 253 1927 280 An.
1941 252 1969 279 C.
1988 252 2058 280 1250
