2129 3223
126 306 176 331 Ati.
195 304 222 330 C.
242 304 308 330 ¹255

131 956 261 975 fflsimiium
273 956 307 976 do-

123 990 204 1006 rotatio

375 292 446 325 6⁶20

917 288 1105 314 mmmmm}
1132 286 1296 310 ROMANPM

324 356 497 392 defendens
519 351 676 392 inductas,
698 361 734 384 ac
755 347 927 382 informans
950 343 1073 390 regula-
1116 345 1268 374 Alexander
1287 345 1427 380 episcopus
1445 350 1539 372 servus
1559 348 1698 372 servorum
1716 341 1772 375 nei,
1791 348 1868 370 vene·

324 406 411 440 ribus
432 402 565 438 alicuius
584 399 745 446 approbati
769 396 888 431 ordinis
909 393 1072 437 institutis,

323 455 383 489 sub
404 464 538 500 quorum
559 448 756 484 observantia
776 445 892 480 ibidem
919 452 1072 490 perpetuo

322 503 460 538 Domino
502 498 706 534 stimulentur:
747 495 870 530 clericis
913 493 1072 528 Ecclesiae

323 551 511 599 praedictae,
535 548 580 582 vel
604 547 743 586 alterius,
770 556 863 590 quam
885 542 931 577 eis
946 553 1073 577 conces-

321 601 399 636 seris
432 601 462 634 in
496 598 566 633 aliis
596 596 691 631 Urbis
717 593 869 630 Ecclesiis
901 591 1072 633 collocatis,

321 650 368 684 vel
392 656 545 684 reservata
570 647 647 693 ipsis
669 643 918 679 substentatione
934 652 1071 686 congrua

321 699 359 733 de
400 696 602 745 proventibus
642 694 878 742 possessionum
913 690 1073 725 Ecclesiae

320 751 366 782 sic
407 758 590 784 concessae,
627 744 729 779 donec
765 741 893 777 cuilibet
932 740 1071 786 ipsorum

321 798 482 844 provisum
507 795 601 830 fuerit
623 793 662 828 de
691 791 844 827 beneficio
859 788 1074 824 ecclesiastico

320 845 527 893 competenti:
551 842 799 878 contradictores
826 851 880 885 per
907 849 1072 873 censuram

320 895 584 933 ecclesiasticam,
628 890 839 938 appellatione
881 887 1072 934 postposita,

321 948 566 997 compescendo.
595 947 665 981 Non
688 945 830 980 obstante
853 942 958 989 aliqua
979 940 1074 975 Sedis

322 1002 520 1049 apostoticae
532 999 728 1046 indulgentia
739 996 993 1044 quibuscumque
1003 1005 1076 1027 con-

321 1068 422 1099 cessa,
445 1066 499 1090 seu
523 1060 639 1088 statuto
653 1061 869 1098 quocumque,
885 1049 1074 1090 iuramento,

322 1108 560 1144 confirmatione
583 1106 675 1142 Sedis
697 1104 885 1152 praedictae,
908 1102 955 1136 vel
983 1101 1075 1135 firmi-

323 1172 383 1197 tate
404 1163 462 1197 alia
485 1161 638 1196 roborato.
662 1159 808 1193 luvocato
827 1157 920 1191 etiam
942 1155 979 1190 ad
1002 1155 1073 1195 hoc,

322 1218 346 1250 si
375 1229 454 1262 opus
481 1215 583 1255 suerit,
606 1214 721 1248 auxilio
747 1211 865 1246 brachii
894 1209 1074 1245 saecularis.

369 1270 484 1304 Datuin
507 1268 671 1314 Anagniae
695 1275 803 1301 octavo
826 1264 975 1299 kalendas
992 1271 1076 1297 octo-

321 1324 396 1365 bris,
420 1321 622 1369 pontificatus
644 1320 739 1354 nostri
768 1330 851 1353 anno
875 1318 988 1365 primo.

361 1389 421 1418 Dat.
440 1389 485 1417 die
502 1388 537 1416 Ἡ
558 1385 736 1425 septembris
755 1385 839 1418 1255,
856 1387 934 1422 pont.
951 1393 997 1412 an.
1014 1392 1033 1413 1.

686 1551 759 1585 XX.

324 1636 528 1670 Canom'zatio
556 1635 592 1667 B.
620 1633 731 1666 Clarae
754 1633 789 1665 de
811 1632 930 1665 civitate
952 1631 1073 1667 Assisii,

371 1690 489 1722 ordinis
529 1687 709 1720 mom’atimn
746 1685 855 1717 Sancti
893 1683 1072 1721 Francisci,

372 1745 492 1787 eiusque
510 1741 676 1784 adscriptio
702 1740 734 1771 in
756 1739 916 1782 cathaloqo
944 1738 1077 1771 Sancta-

374 1807 442 1830 rum
477 1795 636 1839 Vt'rqinum
663 1805 729 1826 cum
751 1793 922 1836 festivitatis
949 1793 1076 1824 institu-

374 1850 488 1882 tutione
511 1859 571 1892 pro
593 1848 641 1880 die
668 1848 710 1880 12
733 1846 841 1878 mensis
868 1845 1001 1888 auqusti.

1158 393 1291 423 rabilibus
1309 393 1448 422 fratribus
1484 392 1620 421 universis
1647 390 1867 428 archiepiscopis,

1159 445 1189 472 et
1207 442 1339 479 episcopis
1357 449 1405 478 pei·
1425 449 1536 478 regnum
1552 441 1679 470 Franciae
1696 441 1867 474 constitutis,

1159 493 1279 522 satutem
1298 493 1328 520 ot
1345 491 1524 528 apostoticam
1539 490 1762 520 benedictionem.

1164 563 1254 599 Clara
1280 563 1374 598 claris
1397 563 1554 610 praeclara
1581 561 1714 602 meritis,
1736 575 1866 608 magnae

1115 614 1145 648 in
1181 613 1270 648 coelo
1305 612 1444 647 claritate
1475 612 1610 658 gloriae,
1642 623 1678 646 ac
1717 612 1747 646 in
1785 619 1864 646 terra

1114 662 1283 708 splendore
1310 661 1536 696 miraculorum
1569 660 1754 695 sublimium
1783 661 1866 696 clare

1115 712 1222 747 claret.
1246 710 1357 746 Clarae
1384 710 1479 745 liuius
1507 718 1590 745 arcta
1617 717 1648 744 et
1668 710 1728 744 alta
1757 710 1866 757 religio

1116 762 1167 796 bic
1188 768 1348 801 coruscat·‚
1376 760 1471 794 huius
1494 772 1619 794 sursum
1641 759 1758 794 aeterni
1782 772 1868 807 prae-

1115 811 1168 845 mii
1197 809 1295 844 radiat
1317 809 1511 855 magnitudo,
1535 808 1629 843 huius
1651 808 1749 843 virtus
1769 810 1868 855 signis

1116 859 1291 906 magnificis
1311 858 1497 894 mortalibus
1515 857 1678 893 illucescit.
1697 857 1780 892 Huic
1793 857 1868 893 Cla-

1116 921 1167 943 rae
1195 908 1385 943 intitulatum
1414 908 1471 942 fuit
1498 919 1640 942 summae
1667 907 1866 954 privilegium

1117 957 1330 1005 paupertatis;
1363 957 1436 992 buic
1463 957 1493 991 in
1527 957 1652 991 excelso
1684 956 1867 1003 rependitur

1116 1005 1357 1041 inaestimabilis
1383 1006 1474 1053 copia
1497 1005 1735 1046 thesaurorum3
1755 1006 1827 1041 huic
1849 1019 1866 1041 a

1116 1056 1281 1091 catholicis
1309 1055 1399 1102 plena
1433 1055 1557 1089 devotio
1588 1062 1619 1090 et
1645 1055 1775 1089 lionoris
1801 1067 1865 1090 cu—

1117 1107 1223 1140 mulus
1253 1104 1436 1145 exhibetur;
1469 1104 1551 1139 hanc
1585 1103 1710 1138 Claram
1744 1105 1774 1138 in
1804 1103 1866 1138 alto

1116 1155 1238 1189 dii-inae
1272 1155 1352 1189 lucis
1383 1152 1533 1188 clarificat
1566 1153 1751 1200 plenitudo:
1787 1153 1868 1188 hanc

1117 1204 1298 1238 christianis
1326 1201 1450 1250 populis
1478 1202 1694 1249 prodigiorum
1720 1203 1788 1237 eius
1817 1204 1868 1237 in-

1117 1254 1216 1300 signia
1240 1251 1396 1297 stupenda
1418 1251 1590 1286 declarant.
1617 1250 1646 1285 Ο
1667 1249 1760 1286 Clara
1786 1252 1869 1287 mul-
1913 1266 1916 1268 ·

1119 1302 1255 1337 timodae
1295 1301 1394 1336 titulis
1425 1300 1564 1347 praedita
1596 1300 1754 1335 claritatis.
1787 1301 1869 1335 Ante

1117 1351 1356 1386 conversionem
1376 1359 1460 1385 tuam
1484 1350 1593 1397 utique
1615 1349 1710 1394 clara,
1736 1351 1768 1384 in
1796 1362 1869 1385 con-

1118 1401 1260 1435 versione
1281 1400 1410 1441 clarior;
1437 1399 1469 1433 in
1502 1398 1659 1434 claustrali
1695 1410 1870 1434 conversa-

1117 1450 1203 1484 tione
1233 1449 1403 1495 praeclara,
1437 1456 1468 1483 et
1498 1456 1568 1495 post
1595 1448 1767 1483 decursum
1790 1448 1869 1484 vitae

1118 1499 1293 1545 praesentis
1315 1498 1449 1545 spatium
1466 1497 1641 1532 clarissima
1659 1497 1801 1532 illuxisti.
1819 1497 1869 1532 Ab

1118 1548 1186 1587 bac,
1227 1547 1308 1581 inter
1329 1546 1534 1581 amoenitates
1571 1546 1736 1587 coelestes,
1773 1558 1868 1581 suave

1118 1596 1218 1631 lilium
1242 1595 1431 1641 virginitatis
1460 1594 1598 1629 offertur.
1623 1595 1671 1629 Ab
1692 1595 1750 1629 hac
1776 1594 1867 1631 Clara

1118 1645 1236 1679 clarum
1272 1644 1408 1691 exempli
1448 1644 1614 1691 speculum
1644 1644 1719 1679 huic
1744 1644 1869 1679 saeculo

1120 1693 1244 1740 prodiit.
1269 1693 1318 1728 Ab
1344 1693 1402 1728 hac
1424 1692 1455 1727 in
1483 1693 1575 1727 terris
1601 1693 1763 1728 manifesta
1786 1693 1869 1728 sub-

1120 1743 1302 1777 ventionum
1329 1741 1465 1776 remedia
1494 1741 1684 1776 sentiuntur.
1712 1742 1740 1777 Ο
1766 1742 1869 1776 admi-

1120 1792 1213 1826 randa
1242 1791 1354 1826 Clarae
1377 1790 1466 1825 beata
1489 1790 1624 1835 claritas,
1646 1803 1726 1838 quae
1752 1801 1870 1838 quanto

1118 1840 1293 1875 studiosius
1326 1852 1380 1886 per
1413 1839 1537 1886 singula
1572 1841 1751 1886 quaeritur,
1787 1847 1871 1876 tanto

1119 1889 1314 1937 splendidior
1336 1889 1364 1923 in
1388 1889 1524 1935 singulis
1545 1889 1714 1924 invenitur.
1735 1889 1873 1925 Emicuit

597 1923 810 1954 SUMMAMUM
1121 1939 1208 1981 haee,
1232 1939 1373 1986 inquam,
1389 1939 1419 1972 in
1433 1938 1492 1973 hoc
1506 1938 1649 1980 saecul0;
1673 1939 1704 1973 in
1722 1938 1872 1986 religione

327 1998 464 2027 Encomia
493 1996 522 2025 B.
546 1995 646 2024 Clarae
669 2003 682 2024 a
704 1995 821 2024 nomine
841 1998 967 2033 sumpta.
996 2010 1033 2016 -—
1056 1994 1078 2023 1.
1121 1987 1300 2035 praefulsit;
1329 1987 1359 2021 in
1382 1987 1476 2022 domo
1499 1987 1601 2021 illuxit
1627 1995 1662 2022 ut
1687 1987 1811 2029 radius;
1839 1989 1870 2023 in

366 2041 454 2071 Breve
473 2041 537 2070 eius
561 2040 640 2087 vitae·
654 2038 873 2077 compendium.
897 2054 934 2059 -—
956 2037 983 2066 2-
1006 2036 1077 2066 Om-
1120 2038 1255 2072 claustro
1278 2037 1455 2071 coruscavit
1483 2044 1515 2071 ut
1541 2036 1658 2083 sulgon
1685 2037 1814 2072 emicuit
1840 2037 1870 2072 in

365 2086 414 2135 nl?
442 2094 495 2135 {¹¹⁸
520 2082 702 2132 Pflsspesl-bqs
731 2082 881 2132 elargitur.
908 2097 946 2103 ·
975 2081 1002 2110 3·
1025 2080 1080 2110 Da·
1122 2086 1199 2126 vita3
1236 2095 1305 2133 post
1340 2093 1474 2120 mortem
1510 2086 1654 2127 irradiat;
1695 2087 1806 2121 claruit
1840 2086 1877 2122 in‘

366 2134 555 2180 mlamlafuln
587 2128 700 2157 Osd¹¹¹¹⁵
717 2135 823 2181 „⁰¹'¹3‘⁰·
847 2142 895 2175 ,-
933 2126 960 2154 4·
991 2124 1100 2177 mam*
1122 2143 1220 2175 terra;
1247 2135 1278 2169 in
1305 2135 1395 2170 coelo
1425 2134 1554 2170 relucet.
1583 2134 1613 2169 O
1634 2144 1750 2182 quanta
1776 2135 1872 2171 huius

367 2174 628 2248 fflfffmdffnffffflffff
656 2188 694 2193 ““
717 2181 751 2244 ἶ.
767 2168 1079 2243 qulalstterp'ffl'sslrfff
1099 2180 1101 2203 ³
1122 2184 1316 2219 vehementia
1352 2183 1493 2227 luminis,
1522 2191 1552 2218 et
1580 2195 1673 2231 quam
1699 2184 1871 2220 vehemens

368 2223 440 2292 ἲξζη
462 2224 792 2297 -Ιῂὲξζυέδέῆοώἓῗ
818 2223 857 2280 ἓ
873 2223 1081 2287 υῗὲἰυ-Μωῧζ
1100 2260 1101 2276 ;
1123 2234 1213 2268 istius
1240 2233 1429 2268 illuminatio
1450 2233 1609 2288 claritatis.
1632 2233 1777 2268 Manebat
1800 2234 1871 2280 qui-

370 2306 493 2356 vigiliae
516 2304 728 2356 epormiones.
747 2320 785 2324 ,,
804 2302 987 2341 Paupertatis
1014 2305 1080 2350 stu·
1121 2283 1191 2366 fient
1215 2282 1292 2317 baec
1320 2282 1372 2351 lux
1397 2289 1527 2337 secretis
1553 2282 1671 2337 inclusa
1697 2282 1873 2338 claustrali-

369 2351 460 2398 diosa.
488 2365 525 2371 -—
551 2352 579 2378 o.
612 2347 815 2396 Recensentur
846 2345 989 2385 quaedam
1017 2355 1081 2375 eius
1146 2345 1201 2386 ¹¹⁵2.
1220 2339 1249 2366 θῑ
1283 2331 1363 2387 solas·
1387 2339 1537 2366 [meantes
1565 2330 1667 2386 radios
1700 2331 1871 2386 emittebat.

369 2393 521 2422 miracula.
551 2409 589 2413 —
617 2390 764 2420 Morhidas
789 2394 871 2419 sanat
896 2397 1021 2418 sorores.
1044 2405 1083 2410 -
1101 2422 1102 2425 Ἴ
1122 2380 1338 2427 Colligebatur
1357 2393 1387 2415 in
1415 2388 1501 2415 arcto
1516 2379 1680 2421 coenobio,
1703 2387 1734 2415 et
1755 2393 1785 2414 tn
1812 2392 1874 2415 am-

370 2437 472 2467 Oleum
505 2436 648 2467 divinitus
682 2435 890 2466 ministratum.
926 2450 964 2456 —
995 2432 1082 2463 Panis
1123 2430 1175 2477 plo
1197 2430 1323 2464 saeculo
1340 2429 1553 2476 spargebatur.
1573 2428 1764 2464 servabatur
1783 2430 1874 2471 intra,

370 2482 594 2530 multiplicatus.
618 2496 655 2529 -Τ
684 2480 706 2508 Α
724 2477 823 2509 Beatis
845 2477 1018 2516 Virginibus
1038 2477 1083 2507 in-
1102 2487 1103 2508 ³
1123 2494 1153 2519 et
1176 2491 1258 2519 extra
1282 2484 1437 2518 manebat.
1463 2483 1590 2518 Latebat
1613 2495 1749 2530 namque
1770 2481 1874 2524 Clara,

350 2552 353 2553 ⁷
373 2530 485 2555 visunt:
503 2541 541 2547 —
561 2526 586 2554 7.
605 2523 743 2554 Miracula
765 2528 831 2562 post
852 2531 1017 2552 excessum.
1046 2536 1084 2543 -

1123 2538 1178 2573 scd
1208 2539 1278 2572 eius
1306 2537 1351 2572 via
1381 2537 1513 2584 patebat.
1545 2535 1663 2571 Silebat
1686 2535 1790 2578 Clara,
1818 2537 1872 2572 sed

1123 2604 1178 2627 sua
1207 2592 1286 2626 sama
1319 2590 1483 2626 clamabat.
1518 2589 1686 2626 Celabatur
1722 2590 1750 2624 in
1779 2590 1874 2633 cella,

1124 2654 1155 2681 et
1190 2645 1220 2680 in
1260 2644 1390 2680 urbibus
1428 2643 1607 2679 docebatur.
1642 2642 1707 2679 Nec
1747 2643 1873 2686 mirum,

372 2569 399 2597 9.
430 2568 508 2598 luter
530 2568 650 2598 Sanctas
678 2567 814 2606 Virgines
836 2566 1024 2597 adscribitur.
1045 2582 1084 2587 —
1102 2578 1104 2592 ι

378 2612 419 2640 tt).
443 2612 511 2642 Eius
539 2612 646 2642 festum
672 2621 769 2642 annue
797 2610 1018 2641 celebrandum.
1045 2612 1105 2670 -ι

376 2655 420 2685 tt.
445 2655 626 2694 ludulgentia
650 2657 684 2686 ad
703 2656 767 2685 eius
791 2655 989 2695 sepulchrum.
1102 2671 1106 2694 Ι

1885 274 1934 308 An.
1956 279 1986 307 c.
1999 279 2067 307 1255

1902 569 2001 590 Encomia
2042 568 2063 590 Β.

1880 601 1953 622 Clarae
1967 607 1979 620 a
1993 601 2066 620 nomi-

1880 637 1906 653 ne
1919 633 2009 658 sumptu.

2063 672 2073 685 ἲ
