2129 3223
60 280 109 305 An.
128 279 157 306 C.
178 280 243 306 ¹¹98

74 389 89 410 Α
105 389 178 416 quibu:
201 391 240 412 de-

60 421 174 447 ponendus.

68 732 94 754 De
109 733 134 754 its
143 733 176 759 qui
193 734 232 753 liu-

53 764 84 785 Ιιη
100 764 177 784 orditus
192 763 232 785 {rii-

54 797 95 816 tres
121 799 169 815 ease
193 801 231 816 vo-

52 825 133 846 luerint.

56 1318 112 1346 Quae
125 1318 224 1341 tratribus

45 1351 112 1374 lacere
135 1358 177 1373 non
196 1352 220 1373 lt-

43 1385 96 1404 eut.

45 1855 69 1877 Bu
99 1857 219 1877 fusionibus.

856 282 1023 307 iNNOCExT·
1032 284 1065 306 (⁸3
1089 286 1121 306 ΉΙ
1148 286 1185 307 vt>

257 335 300 371 illi
328 336 458 372 fecerint
474 336 659 372 auctoritate
681 336 807 372 maioris
829 345 928 373 ratum
948 337 1001 372 ba-

255 385 371 422 beatur.
394 385 494 421 Maior
514 398 587 421 vero
609 387 752 422 minister
774 387 798 421 si
819 400 873 434 pro
895 400 1001 424 exces-

253 435 339 470 sibus
359 435 564 482 corrigendus
583 436 628 471 vel
645 436 851 483 deponendus
869 438 920 481 sit,
945 451 999 484 per

250 492 394 533 quatuor,
427 492 481 520 aut
507 486 650 533 quinque
676 486 835 521 ministros
856 487 996 521 eiusdem

249 534 371 569 ordinis
393 535 492 582 magis
517 534 672 581 religiosis
694 535 753 570 boc
773 536 834 575 liat.
854 537 906 582 qui
923 544 997 571 tunc

248 583 431 618 auctoritate
452 586 607 630 generalis
628 584 757 632 capituli
785 586 822 619 ad
847 585 905 620 boc
924 586 994 633 eligi

248 631 374 669 debent.

295 682 315 730 S
338 685 370 716 7.
405 683 436 718 Si
460 684 531 730 quis
553 684 646 718 buius
669 683 788 717 ordinis
811 684 903 719 frater
925 697 994 721 esse

247 732 391 773 voluerit,
418 733 521 779 primo
544 745 598 780 per
615 745 731 767 annum
751 745 822 768 cum
846 736 993 781 expensis

245 782 327 824 suis,
354 790 476 829 praeter
497 782 625 826 victum,
647 782 752 817 babitu
775 794 848 824 suo,
872 792 901 818 et
923 796 992 818 om-

245 830 339 867 nibus
370 832 436 866 suis
472 833 611 871 retentis,
645 832 674 865 in
702 832 812 866 ordine
847 844 902 879 pro
925 833 991 869 Deo

243 881 368 921 serviat,
390 889 421 915 et
443 890 514 928 post
535 892 665 924 annum,
687 881 711 915 si
736 880 853 916 bonum
876 890 991 917 etcon-

243 930 373 965 veniens
398 930 539 965 videatur
569 930 711 965 ministro
738 930 851 965 domus
876 940 905 966 et
929 932 990 967 l'ra-

242 979 342 1014 tribus
355 988 384 1014 et
397 979 453 1020 itti,
475 989 506 1015 et
524 979 613 1014 locus
626 981 790 1020 vacaverit,
810 980 987 1027 recipiatur.

240 1027 325 1064 Nihil
349 1037 451 1064 tamen
476 1041 531 1076 pro
555 1029 733 1075 receptione
755 1041 810 1064 sua
833 1030 986 1075 exigatur.

239 1077 274 1113 Si
297 1078 370 1126 quid
395 1087 496 1113 tamen
520 1079 618 1125 gratis
643 1077 775 1118 dederit,
804 1080 986 1124 recipiatur;

239 1127 315 1163 dum
345 1136 446 1163 tamen
470 1127 529 1162 tale
556 1128 594 1162 sit
616 1128 654 1162 de
676 1140 739 1175 quo
762 1140 823 1162 non
848 1129 988 1165 videatur

239 1175 398 1212 Ecclesiae
425 1177 560 1223 litigium
589 1177 764 1212 imminere.
795 1177 827 1213 Si
849 1190 920 1214 vero
947 1179 985 1214 de

239 1226 425 1274 cuiusquam
449 1225 590 1261 moribus
611 1227 709 1260 visum
734 1227 825 1261 suerit
842 1227 987 1263 dubitan-

238 1275 332 1319 dum,
362 1275 511 1323 prolixior
532 1275 570 1309 de
593 1287 631 1310 eo
653 1274 797 1322 probatio
820 1276 982 1313 habeatur.

238 1324 272 1359 Si
298 1333 370 1360 ante
398 1325 607 1372 receptionem
631 1325 742 1371 aliquis
769 1337 802 1360 se
823 1326 985 1374 intempe-

238 1383 342 1410 ranter
368 1374 523 1415 habuerit,
548 1381 578 1408 et
603 1375 769 1421 impatiens
790 1374 984 1422 disciplinae,

237 1431 267 1458 et
288 1423 326 1458 ad
348 1423 511 1458 arbitrium
532 1424 665 1459 ministri
690 1436 751 1458 non
771 1426 985 1461 emendaverit

238 1485 340 1509 mores
361 1485 448 1516 suos,
471 1473 625 1508 tribuatur
646 1474 674 1507 ei
696 1473 838 1509 modeste
860 1473 983 1511 licentia

236 1539 308 1562 cum
330 1526 478 1563 omnibus
505 1539 584 1574 quae
605 1526 719 1567 attulit,
743 1527 921 1564 recedendi.
949 1529 983 1564 In

236 1580 347 1616 ordine
375 1593 446 1616 vero
471 1581 585 1628 aliquis
612 1593 675 1616 non
701 1582 871 1629 recipiatur
897 1591 984 1618 ante-

235 1647 328 1683 quam
352 1647 469 1670 annum
506 1635 647 1670 videatur
676 1636 862 1683 vigesimum
889 1650 983 1673 com—

237 1689 380 1736 plevisse.
404 1688 563 1735 Professio
586 1702 658 1724 vero
684 1690 714 1724 in
738 1690 866 1725 arbitrio
889 1693 984 1727 mini-

235 1743 290 1778 stri
317 1742 520 1790 relinquatur.

283 1797 303 1845 g
324 1800 357 1831 8.
379 1796 515 1844 Pignora
538 1809 599 1832 non
623 1798 789 1844 accipiant,
813 1800 871 1835 nisi
895 1801 984 1836 deci-

237 1863 303 1887 mas
324 1863 397 1886 cum
419 1851 544 1888 licentia
566 1853 613 1887 sui
641 1852 795 1899 episcopi,
829 1853 867 1889 de
891 1867 982 1891 manu

236 1906 318 1948 laici.
346 1913 521 1953 {uramenta
550 1930 610 1954 non
634 1917 747 1952 saciant
773 1915 833 1950 nisi
860 1916 891 1949 in
914 1925 983 1948 ma-

237 1979 297 2014 gua
319 1971 518 2013 necessitate,
540 1981 570 2007 et
592 1984 662 2007 cum
684 1971 807 2006 licentia
835 1968 982 2009 ministri,

239 2023 284 2058 vel
308 2024 384 2059 iussi
420 2026 459 2061 ab
488 2029 637 2075 episcopo
664 2038 733 2067 suo,
771 2025 815 2060 vel
850 2024 889 2059 ab
923 2024 983 2059 alio

237 2077 322 2113 vices
353 2081 542 2127 apostolicas
562 2089 701 2128 gerente,
723 2089 752 2115 et
767 2080 828 2115 boc
851 2090 906 2126 pro
924 2078 981 2112 ho·

238 2141 323 2168 nesta
346 2142 378 2168 et
399 2134 477 2169 iusta
505 2148 608 2170 causa.
643 2134 676 2170 Si
706 2134 790 2181 quod
813 2134 919 2168 vitium
950 2133 981 2167 in

238 2198 282 2232 rc,
303 2199 383 2234 quae
405 2188 550 2224 venditur
572 2198 678 2224 notum
700 2187 805 2232 fuerit,
828 2186 983 2221 indicetur

238 2240 384 2287 emptori.
412 2240 597 2289 Depositum
620 2242 698 2282 auri,
726 2241 772 2275 vel
794 2240 913 2286 argenti
933 2239 980 2274 vel

238 2294 389 2340 pecuniae
421 2307 483 2331 non
520 2296 610 2331 liceat
635 2296 681 2331 eis
710 2296 883 2342 suscipere.
911 2294 980 2341 lpsa

238 2347 288 2382 die
310 2361 371 2396 qua
393 2349 536 2385 infirmus
568 2351 702 2394 venerit,
730 2350 775 2385 vel
800 2357 983 2398 apportatus

239 2400 347 2444 suerit,
383 2403 422 2439 de
458 2405 594 2451 peccatis
627 2405 691 2439 suis
724 2404 926 2448 confiteatur,
952 2411 982 2438 et

239 2458 461 2493 communicet.
487 2458 582 2494 Omni
605 2458 739 2493 secunda
762 2457 834 2492 feria
862 2461 982 2506 (prae-

240 2517 380 2557 terquam
403 2512 431 2546 in
451 2514 566 2548 octavis
586 2512 743 2552 Paschae,
777 2521 808 2546 et
830 2511 982 2547 Penteco-

240 2573 303 2599 stes
323 2574 354 2600 et
379 2565 554 2603 Nativitatis
588 2567 724 2610 Domini,
750 2575 780 2601 et
805 2566 982 2602 Circumci—

241 2617 339 2654 sionis
359 2628 390 2655 et
409 2619 617 2668 Epiphaniae,
650 2629 681 2655 et
706 2629 919 2668 praeterquam
951 2621 980 2654 in

244 2672 459 2710 festivitatibus
480 2688 559 2723 quae
589 2675 626 2710 ad
649 2673 981 2721 colendunivpronun-

318 2733 394 2764 Ball.
409 2732 485 2764 va.
509 2734 562 2763 Vol.
580 2730 643 2764 11!.'
788 2732 824 2762 18

1674 284 1736 316 157

1042 339 1194 381 ‹ziantur),
1223 341 1306 376 finita
1331 345 1422 379 missa
1454 358 1509 391 pro
1540 346 1700 390 fidelibus,
1735 350 1785 385 siat

1040 392 1197 429 absolutio
1232 396 1371 431 fidelium
1399 399 1617 436 defunctorum
1651 402 1682 437 in
1714 415 1785 438 cae-

1041 447 1172 483 miterio.
1201 448 1342 496 Singulis
1369 464 1494 499 quoqne
1517 456 1660 491 noctibus
1677 457 1714 492 ad
1731 459 1786 493 mi-

1041 514 1098 537 nus
1121 502 1149 537 in
1179 502 1324 551 hospitali
1363 518 1466 541 coram
1503 510 1694 555 pauperibus
1729 525 1784 559 pro

1038 562 1119 590 statu
1142 565 1172 591 et
1195 570 1268 603 pace
1290 568 1414 595 sanctae
1442 560 1602 598 Romanae
1624 564 1783 602 Ecclesiae

1036 618 1066 644 et
1089 611 1183 646 totius
1210 612 1457 658 christianitatis,
1479 624 1508 650 et
1532 629 1587 663 pro
1609 618 1783 656 benefacto-

1037 664 1122 700 ribus
1144 674 1174 700 et
1196 679 1253 713 pro
1273 667 1320 702 liis
1344 681 1398 715 pro
1412 670 1527 716 quibus
1548 674 1703 718 generalis
1722 675 1782 710 Ec-

1034 718 1128 755 clesia
1175 722 1338 757 consuevit
1374 736 1478 767 orare,
1511 729 1690 763 communis
1729 729 1780 765 fiat

1033 782 1145 809 oratio.

1080 822 1101 870 g
1127 825 1159 859 9.
1183 824 1216 859 In
1248 826 1442 872 regularibus
1478 828 1563 864 boris
1590 842 1709 867 morem
1741 832 1777 868 B.

1032 875 1167 912 Victoris
1182 878 1369 921 observent;
1393 882 1450 916 nisi
1472 882 1549 917 forte
1567 887 1778 932 pausationes,

1034 929 1079 965 vel
1101 931 1178 966 aliae
1207 934 1410 979 prolixitates,
1438 935 1483 970 vel
1513 937 1646 983 vigiliae,
1680 952 1778 976 occa-

1031 984 1118 1020 sione
1141 986 1255 1021 laboris
1277 997 1305 1022 et
1328 990 1491 1035 paucitatis
1513 993 1721 1029 servientium
1739 995 1777 1030 de

1029 1039 1163 1074 consilio
1188 1042 1311 1087 piorum
1340 1051 1371 1077 et
1392 1044 1611 1090 religiosorum
1639 1048 1776 1084 virorum

1030 1092 1145 1128 fuerint
1172 1095 1387 1131 remittendae.
1422 1096 1555 1145 Propter
1590 1102 1775 1147 paucitatem

1029 1148 1144 1183 etenim
1173 1162 1260 1184 suam
1285 1159 1383 1185 tantas
1407 1153 1608 1198 pausationes
1631 1155 1660 1188 in
1691 1157 1776 1203 psal-

1028 1201 1120 1236 lendo
1132 1200 1233 1238 facere
1256 1216 1316 1239 non
1346 1207 1546 1247 tenebuntur,
1575 1221 1631 1243 nec
1647 1210 1686 1245 ita
1702 1219 1776 1246 tem-

1029 1256 1145 1301 pestive
1172 1269 1309 1304 surgere.
1336 1257 1368 1292 ln
1394 1272 1497 1294 rasura
1520 1261 1668 1297 similiter
1688 1265 1775 1299 ordi-

1028 1321 1097 1344 nem
1127 1310 1234 1346 Sancti
1269 1310 1406 1348 Victoris
1439 1324 1612 1361 sequantur
1647 1317 1773 1362 clerici,

1027 1361 1094 1397 laici
1118 1375 1191 1399 vero
1213 1364 1326 1401 barbas
1344 1379 1406 1402 non
1427 1369 1547 1415 radant,
1571 1371 1625 1406 sed
1643 1384 1696 1409 eas
1710 1385 1774 1410 cre-

1026 1428 1113 1452 scere
1137 1417 1278 1454 modeste
1299 1422 1490 1466 permittant.

1074 1470 1160 1507 Nulli
1198 1484 1274 1519 ergo
1313 1475 1442 1510 omnino
1480 1476 1644 1514 bominum
1682 1480 1772 1518 liceat

1027 1525 1105 1561 banc
1146 1527 1291 1574 paginam
1327 1538 1450 1565 nostrae
1490 1535 1705 1571 concessionis
1741 1545 1772 1572 et

1025 1582 1256 1617 constitutionis
1278 1582 1445 1631 infringere
1468 1585 1514 1620 vel
1548 1588 1576 1622 ei
1611 1600 1690 1625 ausu
1725 1599 1771 1626 te-

1027 1636 1158 1671 merario
1178 1639 1342 1673 contraire.
1366 1638 1399 1674 Si
1423 1640 1494 1687 quis
1519 1650 1622 1677 autem
1652 1643 1710 1679 boc
1724 1654 1772 1680 at-

1026 1696 1144 1725 tentare
1162 1693 1418 1739 praesumpserit‚
1437 1695 1683 1741 indignationem
1702 1710 1771 1733 om-

1027 1745 1195 1790 nipotentis
1209 1746 1279 1791 Dei,
1301 1756 1330 1781 et
1348 1746 1509 1782 beatorum
1533 1748 1616 1784 Petri
1636 1759 1666 1785 et
1683 1751 1769 1787 Pauli

1026 1799 1238 1847 apostolorum
1262 1801 1330 1836 eius
1352 1813 1386 1836 se
1411 1803 1531 1837 noverit
1557 1804 1769 1842 incursurum.

1072 1852 1187 1889 Datum
1207 1853 1363 1895 Laterani,
1386 1867 1443 1890 XVt
1457 1856 1606 1893 kalendas
1628 1859 1770 1905 ianuarii,

1025 1920 1107 1942 anno
1131 1908 1354 1943 incarnationis
1375 1909 1565 1951 dominicae,
1600 1913 1769 1949 millesimo

1025 1963 1198 1998 centesimo
1221 1964 1421 2010 nonagesimo
1438 1973 1559 2006 octavo,
1576 1968 1770 2012 pontificatus

1026 2031 1096 2053 vero
1118 2018 1238 2053 domini
1260 2016 1435 2053 Innocentii
1458 2017 1562 2066 Papae
1583 2020 1665 2054 tertii
1686 2033 1768 2057 anno

1026 2073 1136 2118 primo.

1044 2129 1103 2161 Dat.
1122 2130 1168 2161 die
1191 2130 1226 2163 17
1251 2129 1415 2161 decembris
1435 2129 1520 2168 1198,
1540 2131 1641 2170 pontif.
1657 2140 1766 2162 annot.

1338 2308 1452 2344 xvltt.

1122 2385 1323 2419 Canonizatio
1350 2385 1459 2419 Sancti
1483 2384 1668 2419 Homobom'.

1288 2466 1500 2498 SUMMAutUM

1023 2538 1210 2569 Prooemium.
1227 2554 1266 2561 —
1281 2537 1309 2567 B.
1328 2537 1488 2568 llomoboni
1509 2537 1766 2569 virtutes—Eius

1062 2588 1186 2625 gloriosa
1212 2597 1299 2616 mors.
1317 2603 1355 2609 —-
1374 2586 1520 2617 Mirarula.
1538 2602 1577 2609 —
1598 2585 1699 2617 Testes
1731 2589 1766 2617 de

1062 2637 1238 2675 supradictis
1262 2637 1350 2665 relius
1374 2636 1515 2675 requisiti.
1537 2651 1575 2658 —
1593 2635 1765 2666 Sanctorum

1061 2686 1190 2724 catalogo
1214 2685 1399 2716 adscribitur.

1806 295 1851 321 fin.
1874 294 1901 321 C.
1919 298 1982 323 Ηυζ

1816 1490 1935 1523 Qlauflulae.
