2129 3223
160 253 206 278 An.
228 254 244 278 t:
273 253 337 279 1216

163 1785 273 1811 Sepultura
290 1792 332 1806 nm-

149 1817 177 1835 nit
186 1822 209 1836 us
225 1816 298 1837 libera.

157 2179 265 2206 Quomodo
279 2184 333 2204 prio-

151 2215 185 2230 res
200 2209 290 2235 eligendi

403 242 472 274 510

352 319 437 352 gere,
459 313 487 339 et
511 304 699 338 dioecesano
722 303 872 351 episcopo
891 310 1101 350 praesentare,

352 354 478 402 quibus,
505 353 530 387 si
555 352 659 388 idonei
686 352 810 392 fuerint,
843 353 1013 399 episcopus
1044 364 1102 386 eu-

353 415 418 438 ram
439 404 616 438 animarum
644 402 836 441 committat,
866 410 898 436 ut
924 402 950 436 ei
974 401 1013 436 de
1035 401 1101 448 spi-

352 451 530 495 ritualibus,
566 451 654 486 vobis
689 463 761 486 vero
801 451 840 485 de
874 450 1101 498 temporalibus

351 501 486 537 debeant
508 500 710 548 respondere.

400 551 420 598 S
441 553 474 586 8.
498 550 675 586 Statuimus
702 558 876 597 praeterea,
900 557 933 583 ut
955 548 1031 583 nulli
1060 547 1100 581 li-

187 615 194 627 =
247 612 287 627 Τπ
307 614 321 628 2⁴
351 609 419 636 ceat
445 599 606 635 Ecclesiae
629 607 748 634 vestrae
771 611 866 634 novas
887 605 917 633 et
945 597 1101 632 indebitas

350 649 530 685 exactiones
550 649 724 695 imponere,
746 656 799 683 aut
821 649 852 682 in
876 660 930 682 vos
947 647 992 682 vel
1010 659 1100 693 prae-

350 699 464 734 dictam
483 698 658 733 Ecclesiam
684 705 830 737 vestram,
850 697 917 732 sine
936 696 1099 730 manifesta

349 757 380 784 et
410 748 587 783 rationabili
615 759 728 791 causa,
762 746 1100 782 excommunicationis

351 798 396 833 vel
410 797 570 833 interdicti
599 796 773 832 sententias
790 795 999 842 promulgare.
1016 794 1098 829 Cum

349 855 453 883 autem
476 847 621 894 generale
643 845 845 881 interdictum
873 852 973 879 terrae
995 843 1098 883 fuerit,

348 897 440 932 liceat
466 896 567 940 vobis,
593 896 710 931 clausis
732 895 845 934 ianuis,
875 893 1013 929 exclusis
1044 905 1098 927 ex-

347 946 589 982 communicatis
609 953 640 979 et
667 944 852 984 interdictis,
881 955 942 977 non
967 942 1099 990 pulsatis

347 996 523 1043 campanis,
554 1005 722 1042 suppressa
749 1005 836 1037 voce,
870 991 976 1027 divina
998 991 1097 1026 officia

347 1045 516 1080 celebrare.

396 1094 416 1141 S
437 1096 470 1128 9.
493 1093 638 1128 Chrisma
661 1104 733 1127 vero
755 1098 785 1126 et
806 1091 921 1126 Oleum
941 1098 1097 1132 sanctum,

283 1155 299 1169 ¹⁷
326 1143 600 1179 -eonseerationes
626 1141 784 1184 altarium,
806 1152 862 1175 seu
885 1139 1097 1182 basilicarum,

291 1187 298 1199 Γ
322 1187 562 1229 aordinationes
589 1191 795 1234 clericorum,
829 1189 881 1236 qui
918 1188 955 1223 ad
991 1200 1098 1223 saeros

347 1242 477 1278 ordines
497 1240 615 1277 fuerint
633 1238 851 1287 promovendi,
874 1250 891 1272 a
910 1237 1097 1272 dioecesano

347 1291 526 1338 suscipiatis
549 1290 713 1337 episcopo,
740 1287 896 1336 siquidem
921 1286 1097 1331 catholicus

347 1341 460 1385 fuerit,
487 1347 519 1376 et
552 1339 683 1385 gratiam
706 1345 737 1373 et
762 1337 1021 1372 communionem
1043 1347 1097 1370 sa-

346 1398 525 1425 crosanctae
550 1389 709 1423 Romanae
723 1386 816 1422 Sedis
830 1385 988 1429 habuerit,
1009 1393 1040 1419 et
1062 1397 1095 1419 ca

348 1439 435 1473 vobis
462 1438 593 1473 voluerit
621 1437 688 1471 sine
716 1436 865 1482 pravitate
888 1434 990 1481 aliqua
1007 1434 1097 1469 exhi-

348 1488 431 1523 bere.
455 1488 603 1534 Alioquin
626 1486 719 1520 liceat
742 1484 828 1519 vobis
863 1495 1096 1530 quemcumque

348 1537 520 1572 malueritis
555 1535 743 1570 catholicum
783 1533 868 1568 adire
906 1532 1096 1576 antistitem,

347 1586 475 1632 gratiam
521 1594 552 1620 et
599 1582 855 1619 communionem
894 1581 1096 1628 Apostolicae

347 1634 440 1670 Sedis
467 1634 649 1675 habentem,
671 1633 725 1679 qui
748 1639 854 1666 nostra
876 1630 975 1665 fretus
992 1638 1098 1665 aucto-

349 1686 455 1724 ritate,
484 1683 574 1718 vobis
595 1681 678 1729 quod
709 1681 872 1728 postulatis
894 1679 1066 1726 impendat.

396 1733 416 1779 g
443 1735 496 1767 ¹0.
518 1732 723 1780 Sepulturam
757 1741 883 1776 quoque
910 1729 1009 1775 ipsius
1036 1728 1095 1763 loci

348 1783 475 1818 liberam
503 1794 573 1817 esse
600 1779 814 1819 decernimus,
837 1785 874 1812 ut
904 1789 1013 1813 eorum
1041 1777 1097 1812 de-

349 1831 463 1867 votioni
487 1839 518 1866 et
539 1838 697 1866 extremae
724 1827 886 1866 voluntati,
916 1827 969 1874 qui
986 1839 1019 1861 se
1036 1826 1098 1861 illic

346 1880 472 1928 sepeliri
495 1879 738 1915 deliberaverint
771 1877 845 1921 (nisi
868 1876 948 1911 sorte
969 1887 1098 1911 excom-

348 1930 511 1970 municati,
539 1930 585 1964 vel
610 1926 769 1963 interdicti
797 1926 874 1969 sint)
911 1925 1015 1960 nullus
1037 1925 1098 1959 ob-

347 1980 446 2014 sistat.
481 1979 570 2014 Salva
594 1986 696 2012 tamen
724 1975 841 2010 iustitia
875 1974 999 2009 illarum
1029 1974 1096 2009 Ec-

347 2029 531 2071 clesiarum,
558 2040 574 2063 a
601 2025 717 2074 quibus
740 2032 937 2060 mortuorum
964 2035 1097 2070 corpora

347 2085 561 2113 assumuntur.

396 2128 417 2174 g
444 2131 500 2161 11.
524 2125 672 2160 Obeunte
694 2134 767 2158 vero
795 2131 824 2157 te
845 2133 931 2156 nunc
957 2120 1098 2156 eiusdem

349 2176 409 2212 loci
433 2175 550 2223 priore,
576 2174 623 2209 vel
651 2181 777 2208 tuorum
801 2170 943 2218 quolibet
965 2181 1099 2204 succes-

349 2237 475 2265 sorum,
511 2223 619 2259 nullus
644 2222 685 2257 ibi
716 2220 856 2268 qualibet
884 2218 1100 2266 subreptionis

349 2274 478 2317 astutia,
504 2285 560 2308 seu
588 2271 753 2309 violentia,
790 2277 1011 2316 praeponatur,
1038 2268 1098 2302 nisi

349 2336 444 2370 quem
467 2323 578 2358 fratres
600 2319 760 2356 communi
784 2329 952 2356 consensu,
975 2317 1021 2352 vel
1038 2316 1102 2352 fra-

351 2382 430 2407 trum
464 2384 536 2419 pars
574 2370 701 2405 maioris
727 2376 758 2403 et
784 2367 919 2402 sanioris
954 2366 1101 2405 consilii,

349 2421 526 2456 secundum
549 2419 671 2459 Deum,
704 2425 735 2453 et
755 2416 793 2452 Β.
816 2415 987 2462 Augustini
1011 2426 1102 2461 regu-

351 2470 430 2509 lam,
454 2469 644 2516 providerint
667 2466 859 2513 eligendum.

400 2518 420 2561 ,Ε
449 2521 504 2552 42.
534 2518 710 2552 Libertates
732 2527 869 2562 quoque,
892 2521 924 2548 et
950 2513 1104 2548 immuni-

353 2575 432 2600 tates
453 2567 612 2613 antiquas,
640 2574 670 2600 et
704 2563 905 2600 rationabiles
931 2570 1104 2597 consuetu-

353 2615 455 2660 dines,
479 2615 633 2649 Ecclesiae
653 2622 770 2649 vestrae
785 2624 964 2655 concessas,
987 2620 1016 2645 et
1035 2611 1105 2646 hac-

925 249 1024 272 amem
1032 249 1048 271 R
1055 249 1061 270 Ι
1068 248 1111 271 m!
1136 247 1296 270 ROMANUM

1145 310 1236 336 tenus
1263 301 1453 346 observatas,
1482 308 1562 336 ratas
1584 301 1749 344 habemus,
1780 307 1811 335 et
1839 311 1892 335 eas

1145 351 1304 398 perpetuis
1332 350 1527 399 temporibus
1550 350 1684 385 illibatas
1708 361 1891 397 permanere

1143 412 1313 436 sancimus.

1191 450 1211 497 g
1240 452 1295 484 215.
1324 449 1530 485 Decernimus
1557 460 1644 495 ergo,
1668 455 1701 484 ut
1727 447 1804 483 nulli
1828 459 1892 482 om-

1144 500 1219 534 nino
1236 499 1398 534 hominum
1422 498 1514 533 liceat
1533 498 1699 544 praefatam
1715 497 1890 533 Ecclesiam

1143 556 1261 584 temere
1289 548 1483 596 perturbare.
1511 555 1564 582 aut
1585 548 1656 582 eius
1673 547 1891 594 possessiones

1142 598 1280 638 auferre,
1316 598 1361 632 vel
1390 597 1506 632 ablatas
1541 597 1698 637 retinere,
1726 595 1889 631 minuere.

1141 659 1196 682 seu
1223 646 1417 695 quibuslibet
1436 645 1652 680 vexationibus
1674 644 1816 691 fatigare,
1834 645 1889 679 sed

1141 697 1246 731 omnia
1275 696 1393 742 integra
1420 703 1662 737 conserventur,
1688 706 1797 729 eorum
1834 707 1890 741 pro

1141 758 1276 792 quorum
1317 744 1544 792 gubernatione
1577 752 1608 779 et
1642 743 1890 778 substentatione

1142 807 1290 831 concessa
1319 802 1404 834 sunt,
1432 793 1545 828 usibus
1567 792 1758 828 omnimodis
1780 792 1890 839 prosu-

1141 852 1221 888 tura,
1249 844 1331 879 salva
1357 843 1452 878 Sedis
1475 842 1674 890 Apostolicae
1693 841 1890 885 auctoritate,

1141 901 1171 927 et
1198 894 1374 929 dioecesani
1410 890 1552 939 episcopi
1586 892 1737 927 canonica
1761 891 1887 926 iustitia.

1140 942 1173 977 Si
1210 955 1269 990 qua
1311 943 1406 988 igitur
1442 942 1472 976 in
1502 941 1639 976 futurum
1675 940 1888 976 ecclesiastica

1140 992 1346 1027 saecularisve
1375 1002 1506 1038 persona
1528 991 1610 1026 hanc
1632 998 1757 1026 nostrae
1777 990 1890 1025 consti-

1140 1041 1269 1076 tutionis
1297 1040 1442 1088 paginam
1471 1040 1588 1084 sciens,
1610 1048 1717 1075 contra
1743 1050 1812 1074 eam
1840 1047 1889 1074 te-

1141 1103 1225 1125 mere
1253 1091 1356 1125 venire
1384 1089 1563 1134 tentaverit,
1590 1088 1731 1124 secundo
1757 1087 1889 1123 tertiove

1139 1140 1350 1184 commonita,
1379 1139 1436 1173 nisi
1472 1146 1590 1173 reatum
1625 1150 1719 1173 suum
1751 1149 1888 1183 congrua

1138 1188 1349 1224 satisfactione
1370 1188 1550 1231 correxerit,
1582 1187 1764 1235 potestatis,
1786 1186 1890 1221 hono-

1141 1239 1246 1285 risque
1278 1238 1325 1272 sui
1360 1246 1463 1272 careat
1489 1237 1658 1284 dignitate,
1686 1247 1835 1283 reamque
1856 1249 1890 1271 se

1139 1287 1248 1322 divino
1272 1286 1389 1321 iudicio
1415 1287 1550 1322 existere
1572 1285 1610 1321 de
1627 1292 1802 1333 perpetrata
1825 1286 1890 1319 ini-

1138 1337 1257 1383 quitate
1279 1343 1460 1382 cognoscat,
1487 1344 1518 1371 et
1539 1348 1555 1370 a
1577 1335 1791 1370 sacratissimo
1809 1333 1890 1370 Cor-

1140 1398 1214 1432 pore
1241 1398 1276 1420 ac
1302 1385 1466 1431 Sanguine
1505 1384 1562 1419 Dei
1600 1393 1628 1420 et
1657 1384 1785 1419 Domini
1818 1383 1889 1418 Re-

1138 1435 1312 1482 demptoris
1339 1434 1436 1469 nostri
1464 1434 1534 1469 Iesu
1561 1432 1679 1469 Christi
1706 1433 1806 1468 aliena
1825 1433 1889 1474 fiat,

1137 1492 1232 1531 atque
1255 1484 1285 1518 in
1313 1492 1455 1519 extremo
1482 1483 1628 1518 examine
1653 1483 1816 1518 districtae
1840 1483 1889 1517 ul-

1139 1533 1215 1568 tioni
1237 1532 1408 1568 subiaceat.

1187 1582 1207 1629 g
1236 1584 1291 1616 14.
1319 1581 1451 1616 Cunctis
1478 1589 1582 1616 autem
1610 1581 1714 1616 eidem
1737 1581 1807 1617 loco
1833 1593 1889 1617 sua

1140 1630 1205 1666 iura
1232 1630 1442 1674 servantibus,
1469 1631 1510 1664 sit
1547 1643 1604 1677 pax
1639 1630 1766 1665 Domini
1791 1630 1889 1666 nostri

1138 1680 1209 1715 lesu
1238 1679 1372 1715 Christi:
1408 1687 1565 1726 quatenus
1598 1687 1627 1714 et
1667 1679 1720 1714 hic
1753 1680 1888 1716 fructum

1138 1729 1240 1764 bonae
1262 1729 1394 1764 actionis
1430 1729 1627 1776 percipiant,
1661 1736 1692 1763 et
1719 1729 1804 1776 apud
1839 1729 1888 1764 di-

1139 1779 1284 1814 strictum
1311 1778 1450 1813 Iudicem
1477 1778 1616 1826 praemia
1641 1785 1784 1813 aeternae
1803 1778 1889 1826 pacis

1140 1828 1308 1863 inveniant.
1338 1827 1452 1868 Amen,
1480 1839 1583 1862 amen.

1188 1877 1261 1912 EGo
1304 1877 1473 1912 Homines
1516 1876 1688 1912 catholicae
1728 1876 1889 1912 Ecclesiae

1140 1927 1307 1973 episcopus
1333 1926 1518 1972 subscripsi.

1189 1975 1258 2022 Ego
1283 1974 1433 2010 Nicolaus
1466 1974 1677 2010 Tusculanen.
1705 1975 1887 2022 episcopus.

1190 2024 1258 2071 Ego
1280 2024 1385 2059 Guido
1412 2024 1610 2059 praenestin.
1635 2024 1814 2071 episcopus.

1190 2073 1258 2120 Ego
1293 2073 1449 2120 Ugolinus
1479 2073 1623 2108 Hostien.
1656 2081 1686 2108 et
1721 2073 1890 2108 Velletren.

1141 2128 1324 2174 episcopus.

1191 2180 1258 2226 Ego
1280 2181 1428 2227 Pelagius
1455 2181 1608 2216 Albanen.
1632 2180 1814 2228 episcopus.

1191 2234 1259 2279 Ego
1285 2234 1442 2280 Cintliyus
1480 2234 1559 2268 tituli
1599 2234 1633 2269 S.
1668 2233 1829 2268 Laurentii
1860 2234 1891 2267 in

1143 2288 1263 2322 Lucina
1291 2287 1453 2335 presbyter
1475 2286 1652 2322 cardinalis.

1193 2341 1260 2387 Ego
1283 2342 1347 2376 Leo
1371 2341 1448 2376 tituli
1477 2341 1510 2376 S.
1540 2340 1652 2376 Crucis
1677 2340 1707 2374 in
1734 2340 1893 2375 Hierusa-

1145 2395 1203 2429 lem
1232 2395 1393 2442 presbyter
1419 2394 1597 2430 cardinalis.

1194 2449 1261 2494 Ego
1282 2449 1441 2483 Robertus
1468 2448 1546 2483 tituli
1574 2448 1606 2482 S.
1635 2446 1714 2482 Sixti
1738 2447 1768 2481 in
1789 2446 1894 2483 Monte

1145 2503 1251 2537 Caelio
1279 2502 1441 2550 presbyter
1467 2501 1646 2537 cardinalis.

1195 2556 1262 2602 Ego
1283 2556 1465 2603 Stephanus
1488 2555 1635 2591 basilicae
1663 2555 1723 2589 Xll
1754 2555 1894 2602 Aposto—

1146 2610 1246 2645 lorum
1279 2610 1442 2657 presbyter
1468 2607 1646 2643 cardinalis.

1907 244 1957 271 An.
1970 244 2000 271 C.
2021 243 2088 270 ¹216

1937 448 2054 470 Clausulas.

1926 1885 2013 1907 Honorii
2028 1883 2066 1905 Pr<

1904 1990 1924 2007 et
1946 1987 1965 2007 S⁴
1988 1986 2009 2007 tt,
2031 1985 2086 2007 Eccl.

1925 2017 2062 2039 cardinalium

1905 2049 2080 2075 subscriptiones.
