2129 3223
29 238 79 268 Art.
93 238 122 266 C.
143 238 209 265 tatu

45 331 190 358 notoni-orum,

26 362 136 388 numium,
164 366 205 385 ste.

26 397 114 421 poenae.

27 1733 57 1757 De
89 1736 195 1763 suspectis

15 1770 78 1793 uapor
103 1766 196 1788 tueor-st.

821 238 1032 262 tNNoanrttts
1060 240 1093 261 tv
1115 239 1163 261 ΙΨ.

272 295 287 335 g
316 295 345 326 l.
378 292 454 327 Item
495 300 682 338 receptores,
721 292 902 327 defensores
934 301 965 327 et

223 340 361 377 fautores
379 341 603 376 haereticorum
631 343 963 377 excommunicationis

221 392 395 426 sententiae
416 390 617 426 decernimus
630 391 801 427 subiacere.
818 391 965 427 Firmiter

220 448 402 481 statuentes,
431 449 463 475 ut
485 440 509 474 si
534 448 696 488 postquam
712 441 840 488 quilibet
857 441 961 476 talium

221 489 312 525 fuerit
337 489 664 525 excommunicatione
692 499 829 534 notatus,
850 504 867 524 a
907 504 961 526 sua

219 551 314 586 super
335 539 393 574 boc
428 551 489 574 non
517 540 668 574 curaverit
707 541 961 587 praesumptione

218 600 353 633 cessare,
375 589 442 635 ipso
470 589 536 623 iure.
558 590 595 623 sit
620 589 715 624 factus
742 590 876 629 infamis,
905 602 962 625 nec

217 637 255 673 ad
284 638 410 685 publica
432 638 531 672 officia
560 650 615 673 seu
652 639 791 678 consilia,
829 652 885 674 nec
923 640 959 673 ad

217 688 429 723 testimonium
456 687 646 722 admittatur.
674 687 720 722 Sit
747 689 839 723 etiam
875 689 959 723 inte-

217 736 348 777 stabilis,
370 746 405 771 nt
432 749 489 772 nec
510 739 684 772 testamenti
708 737 821 773 babeat
849 738 960 772 factio-

218 798 301 826 nem,
329 799 386 822 nec
417 786 454 820 ad
489 786 689 821 baereditatis
726 788 957 822 successionem

215 836 354 871 accedat.
376 836 488 870 Nullus
507 844 663 883 praeterea
686 837 744 883 ipsi
767 849 863 884 super
880 849 957 883 quo-

215 897 351 933 cumque
373 886 513 931 negocio,
535 886 588 920 sed
618 886 684 932 ipse
716 886 784 920 aliis
827 899 958 933 respon-

214 934 289 970 dere
315 942 453 982 cogatur.
477 935 569 976 Quod
593 935 618 970 si
647 935 724 970 forte
746 935 838 970 iudex
874 937 957 970 exti-

215 984 309 1024 terit,
350 986 420 1019 eius
459 985 610 1019 sententia
654 984 770 1019 nullam
817 985 957 1020 obtineat

214 1033 404 1074 firmitatem,
427 1046 485 1068 nce
507 1046 618 1068 causae
657 1034 778 1081 aliquae
813 1035 849 1069 ad
890 1036 956 1070 eins

213 1082 404 1118 audientiam
433 1083 636 1130 perferantur.
660 1083 694 1118 Si
731 1083 819 1118 fuerit
857 1084 954 1119 advo-

213 1140 312 1173 catus,
339 1134 407 1168 eius
444 1133 647 1180 patrocinium
688 1133 865 1167 nullatenus
900 1134 956 1168 ad-

213 1182 363 1218 mittatur.
379 1182 410 1217 Si
430 1182 565 1223 tabellio,
587 1183 794 1216 instrumenta
817 1182 953 1218 confecta

213 1243 270 1279 per
291 1232 392 1279 ipsum
422 1231 537 1266 nullius
564 1232 688 1279 penitus
709 1232 771 1266 sint
792 1233 953 1269 momenti,

212 1281 266 1316 sed
292 1293 363 1316 cum
385 1288 512 1316 auctore
534 1281 680 1315 damnato
701 1281 900 1316 damnentur:
925 1290 955 1316 et

214 1331 244 1365 in
266 1330 421 1365 similibus
447 1330 527 1365 idem
553 1330 761 1377 praecipimus
783 1330 952 1365 observari.

211 1379 244 1414 Si
268 1392 341 1414 vero
362 1379 495 1415 clericus
522 1379 638 1423 fuerit,
661 1380 700 1414 ab
731 1380 816 1414 omni
850 1380 953 1415 officio

211 1438 241 1463 et
273 1428 426 1464 beneficio
459 1429 644 1476 deponatur.
685 1429 717 1463 Si
755 1430 807 1476 qui
847 1438 951 1464 autem

211 1478 299 1519 tales,
326 1486 491 1526 postquam
518 1478 556 1512 ab
578 1477 717 1512 Ecclesia
741 1477 853 1513 fuerint
890 1478 952 1513 de-

211 1527 320 1572 notati,
342 1528 457 1563 evitare
491 1528 749 1575 contempserint,
775 1540 952 1563 excommu-

210 1576 375 1612 nicationis
415 1577 566 1612 sententia
608 1576 841 1624 percellantur;
878 1578 952 1611 alias

209 1626 478 1662 animadversione
499 1626 602 1661 debita
625 1626 785 1673 puniendi.

257 1680 326 1720 55.
350 1675 410 1718 Qui
443 1684 546 1711 autem
581 1676 697 1710 inventi
735 1675 849 1710 fuerint
886 1676 950 1710 sola

209 1725 388 1773 suspicione
422 1725 589 1765 notabiles,
630 1725 687 1760 nisi
727 1726 810 1759 iuxta
849 1726 952 1759 consi-

209 1774 403 1810 derationem
447 1774 659 1821 suspicionis,
707 1774 950 1821 qualitatemque

209 1835 370 1871 personae,
393 1824 549 1871 propriam
572 1823 779 1858 innocentiam
811 1835 948 1870 congrua

209 1874 394 1920 purgatione
436 1873 699 1917 monstraverint,
745 1872 950 1908 anathematis

208 1922 312 1969 gladio
335 1921 493 1966 feriantur,
515 1930 544 1956 et
571 1934 670 1969 usque
691 1920 728 1955 ad
760 1921 949 1958 satisfactio-

209 1984 280 2007 nem
302 1971 489 2018 condignam
525 1971 563 2005 ab
589 1970 735 2005 omnibus
771 1971 947 2007 evitentur:

210 2022 249 2056 ita
275 2020 358 2069 quod
386 2022 410 2056 si
434 2033 488 2068 per
508 2033 624 2055 annum
664 2021 693 2054 iu
732 2022 949 2056 excommuni-

207 2071 330 2107 catione
352 2070 554 2118 perstiterint,
577 2082 613 2104 ex
640 2078 715 2105 tunc
730 2070 811 2104 velut
840 2071 949 2105 baere-

209 2120 259 2155 tici
285 2120 548 2156 condemnentur.
574 2119 650 2154 Item
689 2119 948 2165 proclamationes

207 2178 261 2204 aut
281 2169 506 2217 appellationes
532 2168 710 2204 huiusmodi
746 2181 947 2215 personarum

208 2220 336 2254 minime
361 2218 537 2254 audiantur.
566 2218 642 2252 Item
675 2218 811 2258 iudices,
851 2220 948 2253 advo—

207 2269 266 2303 cati
288 2276 319 2304 et
340 2268 451 2303 notarii
475 2267 549 2302 nulli
569 2279 676 2302 eorum
696 2267 832 2302 officium
856 2281 946 2303 suum

208 2317 402 2366 impendant;
423 2317 558 2364 alioquin
585 2316 695 2351 eodem
736 2318 838 2352 officio
879 2331 949 2365 per-

209 2375 302 2413 petuo
327 2367 388 2402 sint
410 2366 529 2414 privati.
554 2366 630 2401 ltem
658 2366 760 2401 clerici
794 2379 854 2401 non
895 2380 948 2402 ex-

209 2416 335 2452 hibeant
374 2415 552 2451 huiusmodi
591 2415 809 2462 pestilentibus
847 2417 949 2452 eccle-

207 2466 330 2501 siastica
356 2473 560 2506 sacramenta,
587 2477 645 2500 nec
665 2464 879 2513 eleemosynas
897 2475 949 2500 aut

208 2514 380 2550 oblationes
397 2527 505 2550 eorum
530 2515 689 2561 recipiant.
717 2513 868 2550 Similiter
890 2515 949 2550 Ho-

209 2563 382 2612 spitalarii,
424 2573 476 2599 aut
510 2564 702 2611 Templarii,
749 2576 785 2598 ac
818 2565 948 2611 quilibet

209 2613 376 2659 regulares:
405 2613 542 2661 alioquin
566 2626 623 2648 suo
658 2613 817 2661 priventur
837 2613 947 2653 officio,

1630 230 1697 263 589

1005 293 1042 327 ad
1064 294 1146 341 quod
1181 306 1350 341 ntunqnam
1388 296 1592 330 restituantur
1629 295 1746 344 absquo

1005 342 1125 377 indulto
1146 342 1238 378 Sedis
1260 344 1458 391 Apostolicae
1495 344 1634 392 speciali.
1669 345 1745 381 Item

1003 392 1194 440 quicumque
1216 393 1292 428 tales
1315 394 1582 442 praesumpserint
1598 394 1746 430 ecclesia-

1003 442 1099 476 sticae
1121 442 1242 478 tradere
1263 442 1454 490 sepulturae,
1482 456 1583 491 usque
1610 444 1648 480 ad
1689 458 1745 480 sn-

1003 491 1209 527 tisfactionem
1235 492 1392 532 idoneam,
1413 495 1745 530 excommunicationis

1002 541 1174 576 sententiae
1199 553 1233 576 se
1256 543 1396 577 noverint
1422 542 1596 584 subiacere,
1619 555 1677 579 nec
1689 545 1745 579 abL

1002 590 1166 625 solutionis
1181 591 1367 626 beneficium
1389 601 1578 633 mereantur,
1602 594 1660 628 nisi
1676 607 1732 641 pru

1003 640 1078 687 priis
1109 640 1253 675 manibus
1293 640 1416 688 publice
1455 642 1674 684 extumulent;
1715 653 1741 678 et

1003 689 1165 735 proiiciant
1196 690 1374 725 huiusmodi
1409 703 1539 737 corpora
1574 691 1743 727 damnato-

1001 750 1080 779 rum,
1092 747 1122 773 et
1136 739 1223 774 locus
1237 739 1286 774 ille
1296 748 1442 788 perpetua
1455 749 1558 775 careat
1572 743 1740 789 sepultura.

1048 793 1062 831 ξ
1085 789 1116 822 6.
1144 788 1220 823 Item
1244 789 1374 824 firmiter
1396 789 1587 834 inhibemus,
1609 803 1647 826 ne
1674 793 1741 826 cui-
1770 802 1836 838 paim
1858 805 1883 825 ae
1899 804 1939 825 naa

999 850 1091 885 quam
1120 837 1214 873 laicae
1237 851 1386 885 personae
1414 838 1503 874 liceat
1529 840 1666 886 publice,
1692 842 1740 876 vel
1755 834 1862 885 flffl'm
1896 840 1937 855 '¹⁶¹³

1000 887 1140 934 privatim
1163 887 1202 922 de
1225 888 1284 922 lide
1307 888 1457 923 catbolica
1484 889 1659 936 disputare.
1677 891 1738 933 Qui

999 948 1070 970 vero
1108 945 1214 971 contra
1250 937 1375 981 fecerit,
1408 939 1741 975 excommunicationis

999 985 1109 1032 laqueo
1131 987 1314 1021 innodetur}
1697 999 1700 1002 ·

1044 1039 1059 1078 g
1084 1039 1113 1069 7.
1136 1035 1213 1070 Item
1236 1037 1260 1070 si
1284 1036 1355 1083 quis
1389 1036 1564 1072 haereticos
1601 1038 1738 1083 sciverit,
1767 1042 1796 1077 Aa
1816 1042 1936 1064 *metim

998 1084 1043 1119 vel
1081 1085 1203 1131 aliquos
1241 1086 1361 1120 occulta
1394 1086 1612 1121 conventicula
1652 1089 1738 1123 cele·
1752 1073 1936 1131 2¹23?ssssssssssss

997 1133 1134 1174 branteS,
1167 1147 1223 1170 seu
1258 1147 1274 1170 a
1307 1136 1467 1170 communi
1502 1137 1813 1172 conversationenonu

997 1182 1150 1224 fidelium,
1172 1184 1231 1218 vita
1253 1193 1283 1219 et
1310 1184 1449 1219 moribus
1464 1184 1666 1231 dissidentes,
1683 1199 1738 1223 eos

996 1232 1122 1268 studeat
1149 1233 1287 1269 indicare
1313 1233 1485 1269 confessori
1512 1247 1583 1276 suo,
1610 1236 1657 1271 vel
1686 1238 1736 1271 alii

997 1294 1051 1329 per
1072 1294 1166 1329 quem
1193 1282 1300 1318 credat
1320 1283 1358 1318 ad
1383 1283 1507 1330 praelati
1534 1285 1583 1318 sui
1624 1293 1656 1320 et
1688 1286 1738 1321 in-

994 1331 1181 1378 quisitorum
1205 1331 1380 1367 haereticae
1408 1334 1567 1379 pravitatis
1598 1335 1735 1370 notitiam

995 1381 1175 1428 pervenire:
1221 1381 1358 1429 alioquin
1399 1384 1737 1419 excommunicationis

994 1430 1146 1465 sententia
1171 1431 1369 1476 percellatur.

1041 1484 1055 1522 §
1083 1483 1115 1513 8.
1139 1479 1295 1515 Haeretici
1322 1488 1426 1515 autem
1449 1490 1479 1516 et
1513 1489 1736 1529 receptatores,
1758 1490 1922 1527 Effereueucon

993 1528 1175 1564 defensores
1196 1537 1228 1564 et
1254 1529 1391 1564 fautores
1422 1543 1544 1570 eorum,
1580 1532 1736 1577 ipsorum-
1750 1527 1797 1573 {22¹2
1811 1523 1932 1574 Ξάςιῗῖἶξ]

992 1590 1054 1625 que
1082 1578 1134 1612 filii
1160 1590 1259 1625 usque
1285 1579 1322 1613 ad
1342 1581 1514 1614 secundam
1556 1582 1809 1627 generatio-¹³⁰⁸!-

993 1640 1077 1671 nem,
1099 1627 1136 1662 ad
1164 1628 1286 1662 nullum
1320 1628 1570 1664 ecclesiasticum
1615 1630 1735 1666 benefi-

991 1677 1074 1711 cium
1104 1689 1160 1712 seu
1180 1676 1317 1712 officium
1340 1678 1554 1713 admittantur.
1577 1679 1670 1721 Quod
1710 1682 1734 1715 si

991 1738 1081 1761 secus
1101 1734 1205 1760 actum
1235 1727 1336 1765 fuerit,
1374 1727 1575 1763 decernimus
1612 1730 1733 1764 irritum

991 1783 1020 1809 et
1047 1776 1150 1810 inane.
1180 1775 1242 1810 Nos
1263 1776 1345 1811 enim
1366 1777 1550 1824 praedictos,
1584 1786 1615 1813 et
1640 1791 1735 1826 quos-

991 1836 1127 1870 cumque
1150 1825 1230 1859 viros
1251 1825 1489 1868 ecclesiasticos,
1507 1827 1561 1874 qui
1582 1827 1621 1862 ad
1662 1841 1733 1875 pre-

991 1885 1044 1908 ces
1067 1874 1245 1909 huiusmodi
1278 1875 1487 1922 pestilentium
1528 1889 1732 1924 personarum

990 1924 1178 1969 dignitateS,
1206 1932 1412 1971 personatus,
1441 1933 1471 1960 et
1513 1938 1733 1975 quaecumque

990 1973 1046 2007 alia
1069 1973 1277 2008 ecclesiastica
1300 1974 1452 2010 beneficia
1471 1983 1544 2010 sunt
1562 1976 1680 2025 adepti,
1695 1989 1732 2012 ex

990 2035 1073 2057 nunc
1096 2023 1252 2070 privamus
1279 2023 1381 2058 taliter
1394 2025 1565 2072 acquisitis:
1593 2026 1732 2062 volentes

990 2080 1023 2106 ut
1049 2071 1138 2117 tales,
1160 2081 1190 2107 et
1217 2072 1329 2107 habitis
1351 2082 1502 2122 perpetuo
1529 2085 1664 2117 careant,
1702 2085 1731 2110 et

989 2121 1027 2156 ad
1075 2122 1132 2157 alia
1163 2121 1212 2156 vel
1249 2122 1361 2157 similia
1405 2135 1602 2172 nequaquam
1638 2126 1731 2172 inpo-

989 2179 1105 2205 sterum
1133 2171 1346 2206 admittantur.
1369 2172 1496 2208 lllorum
1519 2182 1621 2209 autem
1653 2174 1731 2209 filioa

990 2233 1058 2255 rum
1098 2221 1377 2267 emancipationem
1410 2223 1526 2258 nullius
1557 2235 1625 2258 esse
1663 2236 1731 2259 mo-

990 2269 1087 2304 menti
1120 2270 1275 2311 volumus,
1312 2283 1446 2317 quorum
1479 2280 1623 2318 parentes
1662 2281 1731 2320 post

989 2319 1268 2366 emancipationem
1310 2319 1490 2355 huiusmodi
1516 2322 1553 2356 ad
1597 2323 1729 2357 invicem

990 2368 1219 2415 superstitionis
1246 2368 1420 2404 baereticae
1441 2382 1457 2405 a
1484 2371 1529 2406 via
1556 2371 1730 2407 declinasse

989 2425 1162 2452 constiterit
1185 2425 1329 2452 veritatis.

1038 2467 1153 2501 Datum
1183 2466 1344 2513 Anagniae
1386 2467 1643 2517 decimoseptimo
1676 2470 1731 2505 ka-

990 2516 1098 2551 lendas
1125 2516 1202 2557 iulii,
1231 2516 1427 2564 pontificatus
1448 2519 1544 2553 nostri
1571 2531 1654 2554 anno
1677 2533 1733 2554 un-

989 2565 1121 2600 decimo.

1027 2622 1086 2651 Dat.
1109 2623 1155 2652 die
1182 2623 1215 2652 15
1234 2623 1307 2653 iunii
1332 2624 1415 2658 1254,
1439 2625 1539 2663 pontifi
1561 2635 1635 2656 anno
1653 2635 1691 2657 xl.

1763 241 1810 267 An.
1829 241 1856 267 C.
1877 241 1940 269 {25'1
