2129 3223
70 275 119 303 Αη.
134 276 162 303 C.
182 276 251 303 ¹·2t0

73 973 184 1002 vrivuegia
191 982 243 997 uon-

61 1005 114 1026 nulia
135 1007 241 1028 coneedit.

853 273 1066 298 lh'xoessnrics
1087 275 1126 298 nl
1148 276 1196 298 PP-

263 329 357 365 deant
377 328 532 370 libertate,
554 340 612 364 nec
629 327 732 375 aliqua
761 341 814 375 per
847 330 1013 376 episcopos

261 377 469 421 decimarum,
503 385 558 413 aut
593 377 722 413 alterius
766 379 809 414 rei
851 379 1013 414 exactione

260 435 436 475 graventur.
464 426 635 475 Liceatque
676 427 765 462 vobis
788 441 842 475 pei·
881 428 1013 464 clericos

261 485 382 513 vestros
418 476 550 513 idoneos
588 476 715 512 easdem
751 477 909 512 Ecclesias
939 491 1011 513 cuin

259 527 326 563 suis
348 525 496 574 plebibus
526 525 716 573 gubernare;
750 539 809 562 nec
848 527 1012 563 interdicto

259 588 315 624 per
363 576 552 623 episcopos,
600 576 645 611 vel
691 577 1011 612 excommunicationi

258 625 445 667 subdantur,
493 625 547 661 sed
582 626 628 661 sas
666 626 704 661 sit
741 626 841 663 vobis.
874 634 936 661 tam
981 627 1010 662 in

258 675 366 711 maiori
384 675 526 711 Ecclesia
548 688 629 723 quae
648 684 742 723 caput
765 675 858 711 fuerit
878 676 1011 720 ordinis,

257 737 351 773 quam
385 726 416 760 in
445 725 506 760 illis
527 726 632 767 etiam,
665 726 947 760 excommunicatis
980 735 1012 760 et

257 774 432 810 interdictis
454 774 604 820 exclusis,
627 774 730 810 divina
753 787 881 822 semper
908 775 1009 811 officia

257 824 426 860 celebrare.
459 824 622 860 Praeterea
651 837 690 859 ne
726 825 872 860 humanis
911 837 1010 861 vexa-

256 873 398 910 tionibus
421 883 451 909 et
478 874 646 910 calumniis
667 887 681 909 a
708 874 891 910 defensione
924 876 1008 910 chri⁴

257 924 430 971 stianorum
454 924 569 960 retrahi
592 924 730 965 valeatis,
752 924 922 972 apostolica
952 937 1010 960 au-

256 973 400 1010 ctoritate
417 973 630 1009 decernimus:
646 974 692 1009 Ne
712 986 862 1021 personas
878 982 1008 1020 vestras,

257 1031 381 1070 praeter
402 1023 538 1070 legatum
562 1024 762 1070 Apostolicae
785 1023 878 1059 Sedis
914 1037 931 1060 a
962 1024 1010 1059 la-

253 1080 321 1109 tere
341 1072 478 1109 Romani
499 1073 663 1109 Pontificis
690 1072 894 1118 destinatum,
917 1074 1006 1109 inter·
1027 1099 1029 1125 f

254 1122 358 1158 dicere
374 1123 554 1170 quisquam,
569 1131 621 1158 aut
635 1124 909 1159 excommunicare
925 1136 1006 1170 prae-

253 1181 370 1214 sumat,
391 1172 475 1220 quod
499 1173 594 1208 etiam
616 1173 656 1208 de
678 1172 803 1208 familiis
825 1180 855 1208 et
874 1174 1006 1209 servien-

253 1221 339 1258 tibus
361 1223 473 1258 vestris
494 1223 675 1266 statuimus,
698 1222 751 1270 qui
774 1223 929 1270 stipendia
955 1235 1008 1258 ve-

253 1279 316 1307 stra
354 1271 533 1320 percipiunt
567 1272 670 1307 donec
720 1272 869 1307 iustitiam
910 1274 1006 1319 parati

254 1320 370 1357 fuerint
403 1320 565 1362 exhibere;
601 1321 660 1356 nisi
705 1321 782 1356 forte
813 1322 882 1356 talis
915 1320 1028 1372 suerit:

254 1370 358 1418 culpa,
385 1383 422 1406 ex
451 1382 513 1418 qua
549 1373 618 1418 ipso
649 1371 730 1406 facto
763 1371 1027 1406 ecclesiasticam,

253 1432 423 1456 censuram
442 1420 613 1460 incurrant,
629 1420 775 1456 Chrisma
796 1433 879 1462 vero,
891 1420 1006 1456 Oleum

253 1477 411 1513 sanctum,
443 1470 695 1506 consecrationes
735 1470 904 1508 altarium,
950 1482 1005 1506 seu

254 1519 466 1563 basilicarum,
492 1519 708 1555 ordinationes
736 1519 924 1555 clericorum
953 1532 1006 1556 ve-

253 1577 389 1606 strorum
426 1569 479 1616 qui
513 1569 551 1604 ad
588 1581 695 1605 sacros
728 1569 854 1604 ordines
891 1570 1007 1605 suerint

255 1618 472 1666 promovendi,
493 1631 509 1653 a
532 1618 719 1655 dioecesano
739 1620 919 1665 suscipietis
938 1620 1007 1667 epi-

253 1680 364 1716 scopo,
385 1668 544 1716 siquidem
567 1668 739 1704 catholicus
766 1668 870 1708 fuerit,
888 1677 917 1704 et
939 1682 1008 1716 gra-

254 1718 328 1754 tiam
369 1725 465 1765 atque
503 1718 761 1753 communionem
806 1718 1027 1765 apostolicae*

254 1766 349 1803 Sedis
375 1767 531 1808 habuerit,
558 1777 588 1802 et
609 1780 646 1803 ea
680 1768 788 1815 gratis,
824 1776 854 1803 et
887 1768 1027 1816 absque,

256 1817 318 1852 ulla
361 1817 512 1864 pravitate
556 1817 643 1852 vobis
683 1817 815 1852 voluerit
847 1818 1005 1853 exhibere.

256 1865 405 1914 Alioquin
428 1867 519 1902 liceat
555 1866 641 1901 vobis
674 1879 909 1914 quemcumque
947 1862 1029 1912 τηε-ξ

257 1915 377 1952 lueritis
402 1915 490 1951 adire
510 1915 694 1956 antistitem,
715 1916 769 1964 qui
799 1925 904 1952 nostra
945 1917 1008 1952 ful·

257 1974 309 2002 tus
331 1965 626 2012 auctoritate‚qn0d
641 1966 816 2013 postulatur
837 1966 1006 2013 indulgeat.
1026 1977 1029 2004 ἒ

257 2015 366 2051 Liceat
386 2022 546 2063 praeterea
574 2015 678 2056 vobis,
714 2016 745 2051 in
783 2016 858 2051 locis
900 2013 1029 2052 vestris'

1681 271 1752 305 245

1053 330 1188 377 aliquem
1230 339 1377 372 vestrum,
1415 333 1543 370 fratrum
1580 334 1725 371 videlicet
1755 336 1803 371 vel

1053 391 1209 419 sororum.
1236 380 1388 417 violentas
1416 395 1527 419 manus
1561 384 1715 427 iniecerit,
1741 397 1804 421 ex—

1052 430 1348 465 communicationis
1387 435 1539 468 sententia
1571 434 1611 469 sit
1645 434 1803 475 astrictus,

1052 486 1083 514 et
1104 478 1180 513 illud
1222 479 1303 514 idem
1337 493 1392 527 pro
1423 482 1531 518 tutela.
1549 491 1649 519 vestra
1679 492 1741 520 tam
1771 485 1802 520 in

1051 528 1217 573 sententia,
1240 542 1334 577 quam
1357 530 1387 564 in
1416 544 1515 577 poena
1541 541 1682 569 servetur
1716 534 1802 582 quod

1052 577 1112 612 sub
1152 578 1251 613 felicis
1288 581 1456 616 memoriae
1494 581 1578 630 Papa
1616 582 1803 619 Innocentio

1053 627 1296 674 praedecessore
1323 637 1440 671 nostro,
1476 631 1515 667 de
1545 632 1677 668 tuitione
1710 633 1803 669 cleri-

1051 689 1159 712 corum
1180 678 1319 724 generali
1355 680 1487 716 concilio
1532 682 1671 717 noscitur
1708 683 1800 718 insti-

1051 734 1164 761 tutum.
1192 727 1400 764 Decernimus
1421 741 1497 776 ergo
1520 739 1553 765 ut
1575 731 1651 766 nulli
1673 733 1802 768 omnino

1051 776 1216 812 hominum
1239 777 1330 813 liceat
1351 778 1416 813 iura
1441 779 1487 815 vel
1507 781 1726 827 possessiones
1747 795 1801 818 ve-

1050 833 1129 862 stras
1151 835 1270 862 temere
1294 828 1487 875 perturbare,
1508 838 1561 864 aut
1588 838 1688 866 vestra
1721 831 1800 868 bona

1049 875 1189 917 auferre,
1236 877 1283 912 vel
1329 877 1428 913 ablata
1471 879 1623 920 retinere,
1659 880 1801 917 minuere

1049 937 1104 960 seu
1132 925 1325 974 quibuslibet
1350 928 1566 964 vexationibus
1587 929 1726 977 fatigare,
1745 931 1799 967 sed

1050 974 1167 1010 illibata
1199 977 1305 1011 omnia
1340 985 1371 1011 et
1409 980 1530 1024 integra
1562 987 1800 1025 conserventur,

1048 1036 1172 1070 eorum,
1188 1038 1243 1072 pro
1265 1039 1398 1073 quorum
1421 1027 1649 1073 gubernatione
1683 1041 1719 1064 ac
1750 1043 1801 1065 su-

1048 1077 1237 1110 stentatione
1259 1088 1407 1111 concessa
1429 1087 1516 1121 sunt,
1544 1078 1654 1113 usibus
1693 1081 1798 1115 omni-

1027 1148 1028 1164 ,
1048 1124 1150 1159 modis
1177 1125 1350 1172 profutura:
1379 1126 1461 1162 salva
1483 1127 1576 1162 Sedis
1598 1128 1797 1175 Apostolicae

1047 1174 1241 1209 auctoritate.
1265 1175 1313 1210 Ad
1337 1175 1488 1211 indicium
1515 1185 1619 1212 autem
1654 1178 1749 1214 huius
1780 1192 1797 1214 a

1047 1223 1131 1258 Sede
1157 1224 1339 1270 Apostolica
1367 1234 1534 1273 perceptae
1552 1226 1715 1272 libertatis,
1744 1228 1797 1264 de-

1047 1285 1114 1308 cem
1145 1273 1337 1309 malachinos
1360 1275 1451 1310 nobis
1478 1276 1656 1324 nostrisque
1676 1289 1798 1314 succes·

1047 1322 1172 1357 soribus
1193 1324 1283 1357 annis
1303 1324 1438 1371 singulis
1460 1326 1656 1372 persolvetis.
1679 1325 1712 1362 Si
1735 1340 1797 1375 qua

1048 1372 1142 1418 igitur
1174 1372 1203 1406 in
1234 1372 1374 1408 futurum
1414 1374 1626 1411 ecclesiastica
1654 1377 1797 1413 saccula-

1048 1422 1129 1456 risve
1156 1434 1302 1468 persona‚
1324 1422 1405 1459 hanc
1422 1431 1546 1459 nostrae
1563 1425 1797 1462 constitutionis

1047 1471 1192 1518 paginam
1219 1472 1336 1517 sciens,
1347 1481 1455 1509 contra
1472 1485 1541 1509 eam
1559 1481 1676 1510 temere
1691 1477 1798 1512 venire

1046 1521 1220 1560 tentaverit,
1246 1522 1398 1567 secundo,
1427 1523 1560 1559 tertiove
1593 1526 1797 1567 commonita,

1046 1570 1105 1605 nisi
1130 1572 1417 1618 praesumptionem
1445 1585 1534 1608 suam
1575 1574 1668 1621 digna
1706 1576 1797 1611 satis-

1047 1620 1182 1655 factione
1204 1622 1384 1662 correxerit,
1413 1624 1574 1669 potestatis
1604 1624 1797 1673 honorisque

1046 1670 1093 1704 sui
1121 1669 1274 1717 dignitate
1297 1673 1409 1716 careat,
1433 1685 1581 1721 reamque
1617 1686 1652 1709 se
1689 1674 1796 1710 divino

1047 1719 1164 1754 iudicio
1190 1720 1323 1756 existere
1345 1721 1384 1756 de
1418 1730 1594 1770 perpetrata
1633 1724 1797 1771 iniquitate

1047 1778 1226 1815 cognoscat,
1248 1778 1278 1804 ct
1299 1782 1316 1805 a
1341 1772 1554 1807 sacratissimo
1589 1771 1729 1820 Corpore
1761 1786 1796 1809 ac

1046 1817 1207 1865 Sanguine
1237 1819 1307 1861 Dei,
1342 1830 1372 1855 et
1409 1821 1537 1856 Domini
1570 1821 1796 1870 Redemptoris

1048 1868 1144 1903 nostri
1172 1867 1242 1903 Iesu
1270 1869 1386 1905 Christi
1413 1870 1514 1907 aliena
1547 1872 1610 1913 fiat,
1639 1881 1733 1921 atque
1765 1873 1794 1908 in

1047 1925 1188 1953 extremo
1209 1919 1353 1955 examine
1380 1920 1540 1956 districtae
1579 1922 1689 1958 ultioni
1723 1922 1796 1958 sub-

1049 1967 1154 2003 iaceat.
1177 1966 1310 2004 Cunctis
1335 1978 1439 2005 autem
1474 1970 1562 2006 vobis
1594 1980 1695 2008 vestra
1729 1973 1795 2008 iura

1049 2017 1258 2059 servantibus,
1285 2019 1326 2054 sit
1344 2032 1402 2067 pax
1428 2020 1556 2056 Domini
1591 2022 1689 2057 nostri
1723 2021 1792 2058 Iesu

259 2064 311 2101 ubi
352 2073 490 2112 quatuor
523 2063 572 2099 vel
602 2064 708 2112 plures
742 2065 853 2101 fratres
881 2066 1007 2106 suerint,
1047 2065 1176 2111 Christi,
1199 2075 1355 2116 quatenus
1375 2078 1406 2105 et
1438 2070 1488 2106 hic
1518 2070 1657 2107 fructum
1695 2071 1795 2107 bonae

258 2115 392 2150 oratoria
413 2121 609 2158 construere,
631 2114 661 2149 in
689 2115 805 2163 quibus
833 2115 943 2151 fratres
978 2125 1008 2151 et
1027 2116 1029 2167 2
1048 2116 1178 2151 actionis
1217 2118 1401 2165 percipiant,
1436 2127 1467 2155 et
1499 2120 1584 2168 apud
1618 2121 1794 2157 districtum

259 2163 396 2201 familiae
418 2172 538 2199 vestrae
560 2171 690 2204 tantum,
713 2173 744 2200 et
773 2164 915 2201 divinum
950 2178 1008 2201 au-
1028 2177 1029 2215 ᾗ
1048 2166 1186 2202 Iudicem
1205 2170 1343 2215 praemia
1365 2178 1508 2205 aeternae
1522 2170 1608 2218 pacis
1626 2171 1794 2207 inveniant.

260 2213 328 2250 dire
348 2213 484 2250 officium
512 2221 543 2248 et
572 2213 765 2261 sepulturam
806 2215 1007 2250 christianam
1028 2218 1029 2247 i
1049 2216 1162 2251 Amen.

262 2263 383 2311 possint
404 2263 531 2299 babere.
555 2262 598 2297 Ita
621 2263 704 2298 enim
726 2263 872 2300 volumus
899 2260 1029 2315 neces-J
1098 2265 1212 2301 Datum
1235 2266 1379 2302 Lateran.
1408 2280 1463 2313 pei·
1489 2280 1617 2304 manum
1649 2269 1796 2305 Iohannis

262 2313 344 2349 nitati
366 2321 488 2349 vestrae
511 2312 689 2356 consulere,
717 2320 751 2347 ut
777 2324 839 2349 non
875 2314 1010 2350 debeant
1028 2339 1029 2358 i
1048 2315 1181 2351 Sanctae
1202 2315 1318 2351 Mariae
1345 2317 1376 2352 in
1399 2316 1570 2353 Cosmedin
1592 2318 1713 2354 diaconi
1733 2331 1797 2355 car·

263 2375 301 2398 ex
327 2362 388 2398 hoc
408 2362 589 2398 adiacentes
610 2362 769 2397 Ecclesiae
800 2363 945 2399 iniuriam
960 2377 1010 2400 su-
1027 2361 1030 2401 ἱ
1049 2364 1173 2409 dinalis,
1189 2373 1314 2400 sanctae
1326 2365 1488 2402 Romanae
1505 2367 1663 2403 Ecclesiae
1676 2368 1796 2404 cancel-

263 2413 392 2448 stinere.
414 2411 495 2447 Cum
523 2420 628 2447 autem
649 2411 795 2459 generale
809 2412 1008 2449 interdictum
1028 2420 1030 2462 j
1050 2413 1128 2454 larii,
1149 2421 1258 2449 octavo
1285 2414 1356 2449 idus
1381 2417 1494 2457 martii,
1533 2417 1703 2453 indictione
1744 2418 1797 2453 de·

265 2470 364 2498 terrae
385 2461 490 2503 luerit,
511 2461 601 2497 liceat
627 2461 725 2506 vobis,
759 2461 874 2498 clausis
897 2463 1008 2504 ianuis,
1028 2465 1030 2495 ἰ
1049 2462 1230 2504 cimatertia‚
1259 2463 1479 2500 incarnationis
1514 2465 1692 2503 dominicae
1712 2480 1796 2504 anno

264 2511 398 2547 exclusis
437 2511 717 2546 excommunicatis
755 2517 787 2546 et
824 2511 1008 2553 interdictis,
1028 2502 1031 2525 Ι
1049 2512 1216 2548 millesimo
1233 2512 1451 2549 ducentesimo
1475 2527 1569 2557 nono,
1598 2517 1796 2563 pontificatus

265 2572 327 2596 non
357 2560 488 2608 pulsatis
523 2561 697 2608 campanis,
734 2573 902 2608 suppressa
934 2575 1010 2598 voce
1028 2579 1031 2603 i
1051 2574 1122 2597 vero
1144 2562 1262 2597 domini
1284 2563 1457 2600 Innocentii
1483 2565 1585 2613 Papae
1611 2566 1692 2602 tertii
1712 2580 1796 2603 anno

265 2609 370 2645 divina
390 2609 490 2646 officia
516 2610 685 2646 celebrare.
706 2610 865 2646 Praesenti
895 2612 1010 2648 nihilo·
1028 2609 1032 2661 ξ
1050 2611 1276 2648 tertiodecimo.

267 2659 371 2701 minus
395 2659 522 2695 decreto
555 2660 711 2695 sancimus
727 2687 735 2700 ,
769 2668 800 2695 ut
839 2662 938 2708 siquis
979 2662 1008 2696 in
1028 2666 1032 2706 Ι
1077 2669 1136 2699 Dat.
1160 2670 1205 2700 die
1224 2671 1241 2700 8
1261 2672 1357 2702 martii
1382 2671 1464 2709 1210,
1484 2673 1585 2712 pontis.
1609 2683 1683 2705 anno
1706 2683 1764 2706 xm.

1820 283 1870 310 An.
1888 284 1916 311 c.
1935 281 2003 312 12¹⁰

1847 746 1962 768 timum<
