2129 3223
26 245 75 273 Αη.
90 245 118 272 C.
137 246 204 272 ¹2¹5

49 848 176 870 clericorum

25 886 96 902 munus
123 886 144 900 in
178 885 203 901 eo

25 912 116 932 exercitu
142 910 203 938 qunle

12 1788 18 1818 ’Ὗ
38 1788 72 1812 tis
125 1788 205 1810 fructus

7 1821 123 1847 (commit
155 1827 206 1841 suo-

4 1853 69 1882 »ῗῑινιιιιι
89 1852 207 1874 beneficio-

7 1880 76 1913 ἕψω.

10 1917 18 1927 ,,

15 2021 144 2063 {historiis
150 2040 181 2055 rna
185 2039 208 2054 n-

9 2063 61 2098 ³3⁸²
74 2065 207 2091 crucesigna-

5 2096 14 2106 '‘
23 2095 60 2116 tos
69 2098 166 2116 none-nt
181 2095 206 2116 de

818 243 986 267 lsxocm'si
993 242 1026 265 (IS
1048 243 1085 265 111
1110 242 1154 264 ΡΡ.

219 299 433 346 disposuimus
455 306 526 333 tuuc
543 297 669 335 adesse2
686 306 842 344 quatenus
861 304 966 332 nostro

219 348 349 384 consilio
381 356 411 383 et
442 347 563 382 auxilio
596 347 750 382 exercitus
780 347 966 381 christianus

219 397 385 433 salubriter
421 397 598 438 ordinetur,
633 409 705 431 cum
746 396 966 431 benedictione

219 447 323 482 divina
344 455 374 482 et
395 446 563 494 apostolica
588 445 793 492 profecturus

266 496 286 539 Ε
312 496 411 531 1.Αά
431 495 576 531 eumdem
597 507 724 543 quoque
747 495 912 529 terminum
933 507 966 529 se

218 546 365 581 studeant
379 558 573 594 praeparare,
590 558 642 593 qui
663 552 896 592 proposuerunt
913 557 966 591 per

218 604 331 631 terram
345 595 526 650 proficisci,
561 594 766 641 significaturi
799 594 857 628 hoc
885 594 967 628 inte-

217 645 277 680 rim
293 644 396 683 nobis,
420 654 451 679 ut
473 657 517 679 eis
531 644 569 679 ad
585 644 751 679 consilium
771 651 800 677 et
815 643 965 677 auxilium

217 695 352 741 legatum
376 695 526 729 idoneum
550 694 587 728 de
611 701 718 728 nostro
741 693 834 728 latere
857 704 967 727 conce-

217 744 339 779 damus.

266 793 286 840 S
311 797 344 827 2.
370 792 556 828 Sacerdotes
583 799 700 831 antem,
728 800 756 826 et
779 792 829 826 alii
849 791 966 834 clerici,

218 844 269 890 qui
305 843 418 877 suerint
451 843 479 876 in
515 843 653 877 exercitu
686 841 867 881 christiano,
905 848 966 875 tam

217 892 334 927 subditi
357 904 450 938 quam
475 892 615 938 praelati,
643 891 773 926 orationi
796 900 823 926 et
853 890 967 925 exhor-

218 941 325 976 tationi
353 941 520 988 diligenter
547 942 701 985 insistant,
732 941 880 976 docentes
914 952 967 975 eos

219 991 313 1027 verbo
335 991 449 1038 pariter
470 998 498 1025 et
526 991 683 1038 exemplo,
706 998 735 1024 ut
766 990 909 1024 timorem
938 997 967 1023 et

217 1052 354 1076 amorem
387 1052 512 1087 semper
549 1040 685 1075 habeant
722 1039 862 1074 divinum
896 1047 967 1073 ante

217 1089 339 1134 oculos,
366 1089 481 1137 nequid
511 1089 613 1125 dicant
648 1097 700 1124 aut
727 1089 854 1129 faciant,
884 1089 967 1135 quod

218 1139 355 1174 divinam
390 1139 584 1174 maiestatem
625 1138 770 1174 offendat
804 1138 868 1173 Etsi
905 1138 967 1172 ali-

217 1188 342 1236 quando
374 1188 451 1236 lapsi
486 1188 602 1224 fuerint
630 1189 659 1223 in
697 1196 877 1235 peccatum,
913 1200 969 1234 pei

219 1249 322 1274 veram
351 1238 577 1285 poenitentiam
611 1251 686 1273 mox
710 1244 884 1284 resurgant,
906 1250 968 1284 ge-

219 1295 322 1324 rentes
346 1287 554 1323 humilitatem
578 1288 682 1323 cordis
706 1295 736 1322 et
758 1287 911 1334 corporis,
938 1295 968 1321 et

219 1345 279 1372 tam
303 1337 332 1371 in
356 1337 450 1380 victu,
478 1349 572 1384 quam
597 1338 628 1372 in
657 1336 769 1371 vestitu
798 1336 968 1371 mediocri—

219 1395 311 1421 tatem
338 1394 509 1430 servantes,
536 1386 749 1425 dissensiones
771 1394 798 1421 et
829 1385 967 1421 aemula-

218 1436 320 1471 tiones
340 1436 470 1471 omnino
497 1436 636 1479 vitando,
660 1447 787 1470 rancore
809 1447 844 1470 ac
870 1435 968 1470 livore

218 1498 234 1520 a
255 1497 290 1521 se
310 1485 436 1533 penitus
451 1485 605 1532 relegatis.
626 1485 667 1521 Ut
685 1485 730 1520 sic
752 1485 968 1533 spiritualibus

219 1542 249 1570 et
280 1534 493 1570 materialibus
527 1535 623 1571 armis
659 1535 790 1575 muniti,
819 1534 968 1569 adversus

218 1584 325 1620 hostes
344 1583 433 1619 Fidei
455 1585 599 1620 securius
621 1584 825 1632 praelientur,
848 1597 909 1619 non
929 1584 967 1619 de

219 1646 274 1669 sua
296 1643 531 1681 praesumentes
554 1635 703 1682 potentia,
726 1633 779 1668 sed
802 1634 840 1669 de
862 1633 968 1668 divina

221 1683 332 1718 virtute
353 1692 525 1730 sperantes.

267 1732 341 1780 §3-
365 1733 446 1780 Ipsis
474 1741 578 1768 autem
602 1733 723 1768 clericis
756 1733 968 1778 indulgemus,

222 1789 254 1816 ut
281 1782 433 1817 beneficia
467 1794 522 1817 sua
552 1783 669 1828 integra
705 1782 879 1829 percipiant
915 1795 969 1837 per

221 1831 403 1876 triennium,
430 1844 466 1866 ac
487 1832 511 1866 si
539 1839 643 1867 essent
668 1831 696 1865 in
721 1831 864 1866 ecclesiis
893 1832 969 1866 iesi-

221 1880 348 1926 dentes,
375 1888 405 1915 et
437 1881 461 1915 si
490 1893 619 1916 necesse
650 1880 754 1925 suerit,
789 1893 822 1916 ea
852 1893 905 1927 per
939 1881 968 1915 id

220 1938 345 1978 tempus
368 1931 489 1977 pignori
513 1932 631 1965 valeant
657 1930 805 1976 obligare.

268 1979 289 2027 ἓ
310 1982 343 2014 4.
370 1979 416 2014 Ne
438 1979 532 2026 igitur
558 1980 618 2015 hoc
650 1988 793 2015 sanctum
827 1980 970 2026 proposi—

221 2036 287 2064 tum
311 2028 455 2077 impediri
479 2029 524 2064 vel
548 2029 695 2065 retardari
719 2029 889 2075 contingat,
907 2030 969 2064 uni-

222 2078 321 2114 versis
334 2078 547 2115 Ecclesiarum
566 2079 708 2126 praelatis
726 2079 866 2114 districte
887 2092 971 2127 prae-

221 2128 370 2175 cipimus,
388 2136 423 2163 ut
440 2129 553 2175 singuli
575 2141 628 2175 per
649 2128 716 2164 loca
736 2142 791 2163 sua
814 2129 894 2167 illos,
917 2142 969 2175 qui

220 2178 345 2224 signum
368 2178 480 2214 Crucis
497 2178 717 2225 disposuerunt
740 2191 908 2222 resumere,
934 2191 970 2212 ac

220 2234 283 2261 tam
307 2228 402 2275 ipsos,
428 2240 521 2275 quam
557 2228 635 2262 alios
666 2228 914 2274 crucesignatos,
941 2236 969 2263 et

220 2287 300 2323 quos
339 2278 441 2313 adbuc
466 2277 589 2323 signare
624 2277 801 2321 contigerit.
833 2277 869 2312 ad
899 2277 970 2312 red-

221 2325 360 2362 dendum
383 2334 452 2363 vota
475 2339 529 2361 sua
548 2327 684 2361 Domino
706 2327 869 2373 diligenter
896 2340 969 2362 mo-

221 2383 312 2411 veant
337 2384 368 2411 et
401 2376 561 2416 inducant,
596 2384 624 2411 et
656 2376 681 2411 si
716 2388 843 2411 necesse
867 2376 968 2420 fuerit,

222 2435 277 2471 per
308 2426 645 2462 excommunicationis
678 2426 707 2459 in
755 2438 902 2472 personas
939 2434 968 2460 et

222 2473 380 2511 interdicti
399 2477 568 2511 sententias
583 2476 613 2510 in
634 2483 730 2510 terras
744 2487 864 2519 eorum,
883 2476 967 2509 omni

224 2525 475 2571 tergiversatione
497 2533 649 2564 cessante,
671 2523 876 2571 compellant
909 2525 969 2559 illis

223 2570 384 2610 dumtaxat
415 2576 570 2623 exceptis,
603 2574 719 2622 quibus
751 2573 809 2608 tale
840 2574 969 2620 impedi-

223 2631 365 2659 mentum
392 2625 574 2668 occurrerit,
598 2632 721 2671 propter
748 2622 831 2670 quod
853 2634 968 2658 secun-

1637 230 1699 263 501

1006 295 1081 331 dum
1104 294 1198 330 Sedis
1222 294 1421 341 Apostolicae
1444 294 1687 342 providentiam,
1705 307 1755 329 vo·

1006 353 1072 380 tum
1100 356 1208 379 eorum
1232 345 1416 380 commutari
1440 344 1550 380 debeat
1573 344 1686 380 merito
1707 343 1754 378 vel

1006 394 1133 430 differri

1055 450 1069 486 ,ξ
1098 446 1129 477 5
1167 442 1212 477 Ad
1250 443 1343 480 haec
1378 455 1415 478 ue
1449 443 1522 491 quid
1559 443 1589 478 in
1624 443 1755 491 negocio
1788 453 1882 480 uosqu-
1927 453 1950 473 ³¹

1007 494 1076 529 lesu
1098 493 1215 528 Christi
1242 492 1281 527 de
1307 493 1561 540 contingentibus
1583 501 1755 538 omittatur,
1769 484 1860 536 „¹2⁶1”
1887 489 1936 535 ξᾩ..

1007 544 1151 578 volumus
1184 550 1213 577 et
1248 542 1449 581 mandamus
1484 550 1519 577 ut
1552 543 1755 590 patriarchae,
1769 549 1824 566 Μ’

1007 592 1245 640 archiepiscopi,
1269 592 1419 647 episcopi,
1435 592 1563 627 abbates
1581 601 1610 628 et
1631 593 1681 628 alii
1703 605 1754 639 qui

1007 655 1113 678 curam
1141 642 1283 677 obtinent
1308 642 1500 682 animarum,
1522 642 1662 677 studiose
1689 655 1757 689 pro-

1008 700 1125 740 ponant
1156 691 1215 727 sibi
1255 691 1433 726 commissis
1467 691 1594 726 verbum
1627 691 1755 731 Crucis

1007 742 1207 777 obsecrantes
1241 753 1295 788 per
1320 740 1456 781 Patrem,
1492 749 1522 775 et
1559 741 1694 785 Filium,
1727 749 1757 776 et

1008 791 1157 838 Spiritum
1192 790 1356 830 Sanctum,
1384 802 1481 825 unum
1515 790 1617 826 solum
1649 803 1755 826 verum

1007 850 1168 876 aeternum
1191 839 1307 882 Deum,
1329 852 1430 887 reges,
1456 840 1563 881 duces,
1586 841 1757 888 principes,

1008 889 1218 934 marchiones,
1240 889 1371 925 comites
1394 897 1426 924 et
1448 889 1591 931 barones,
1617 890 1758 946 aliosque

1007 948 1179 987 magnates,
1213 951 1336 974 necnon
1371 940 1613 975 communitates
1644 940 1758 975 civita-

1009 998 1087 1030 tum,
1109 989 1266 1033 villarum,
1285 989 1488 1037 oppidorum
1510 997 1544 1024 ut
1564 990 1616 1038 qui
1647 1002 1757 1036 perso-

1009 1039 1118 1074 naliter
1131 1051 1193 1074 non
1208 1039 1398 1074 accesserint
1412 1051 1442 1073 in
1455 1038 1629 1074 subsidium
1643 1039 1757 1074 Terrae

1007 1089 1152 1129 Sanctae,
1167 1095 1399 1136 competentem
1414 1088 1575 1124 conferant
1590 1101 1756 1124 numerum

1009 1138 1211 1183 bellatorum,
1238 1150 1309 1173 cum
1343 1138 1489 1186 expensis
1521 1137 1557 1173 ad
1588 1139 1755 1173 triennium

1008 1188 1204 1243 necessariis,
1225 1187 1401 1223 secundum
1421 1188 1562 1235 proprias
1583 1188 1756 1228 facultates,

1008 1238 1039 1272 in
1056 1238 1273 1272 remissionem
1290 1245 1488 1284 peccatorum
1504 1250 1645 1278 suornm,
1665 1247 1758 1285 prout

1009 1288 1039 1322 in
1067 1287 1268 1334 generalibus
1291 1287 1402 1322 litteris
1429 1295 1474 1321 est
1502 1299 1698 1334 expressum,
1727 1296 1758 1322 et

1009 1337 1046 1372 ad
1074 1337 1224 1371 maiorem
1248 1336 1402 1371 cautelam
1428 1336 1519 1370 etiam
1551 1336 1682 1371 inferius
1703 1350 1757 1372 ex-

1009 1386 1195 1433 primemus.
1236 1385 1337 1421 Huius
1376 1386 1571 1420 remissionis
1615 1386 1757 1422 volumus

1008 1448 1077 1472 esse
1099 1435 1280 1482 participes,
1302 1447 1364 1470 nou
1386 1434 1488 1470 solum
1512 1447 1565 1470 eos
1586 1435 1641 1482 qui
1664 1448 1758 1472 naves

1011 1485 1151 1533 proprias
1183 1485 1348 1527 exhibent,
1375 1484 1428 1519 sed
1457 1485 1548 1519 etiam
1587 1485 1672 1525 illos,
1703 1486 1756 1533 qui

1009 1542 1136 1583 propter
1170 1535 1229 1569 hoc
1265 1547 1344 1581 opus
1376 1547 1470 1569 nares
1510 1534 1687 1570 studuerint
1713 1535 1758 1569 fa-

1010 1585 1140 1619 bricare.

1057 1639 1072 1677 g
1099 1636 1130 1667 6.
1162 1632 1378 1668 Renuentibus
1401 1641 1518 1678 autem,
1544 1634 1569 1668 si
1597 1633 1651 1680 qui
1680 1633 1756 1668 sorte
1791 1643 1936 1680 nonu-„timus

1011 1692 1070 1718 tam
1095 1683 1204 1729 ingrati
1233 1683 1349 1717 luerint
1376 1682 1513 1718 Domino
1541 1683 1607 1717 Deo
1633 1680 1823 1728 nostro,{f„¹3
1839 1674 1948 1727 ὓῗῃζζιῃῖξζ

1010 1746 1046 1768 ex
1077 1740 1160 1778 parte
1182 1732 1351 1779 apostolica
1379 1732 1508 1767 firmiter
1535 1740 1755 1780 protestentur,
1770 1740 1853 1758 ”emur

1010 1793 1043 1817 ut
1065 1794 1098 1817 se
1131 1782 1229 1816 sciant
1263 1794 1360 1829 super
1391 1782 1452 1817 hoc
1476 1782 1568 1817 nobis
1594 1782 1625 1816 in
1652 1782 1756 1817 novis-

1009 1832 1089 1866 simo
1115 1831 1265 1866 disctricti
1287 1831 1439 1866 examinis
1470 1832 1531 1873 die,
1565 1843 1669 1867 coram
1691 1839 1757 1868 tre-

1012 1880 1124 1915 mendo
1151 1880 1267 1916 iudicio
1289 1893 1506 1929 responsuros.
1533 1881 1627 1917 Prius
1653 1889 1755 1917 tamen

1011 1930 1255 1971 considerantes,
1283 1943 1344 1978 qua
1371 1931 1563 1967 conscientia
1588 1944 1688 1980 quave
1710 1945 1757 1967 se-

1010 1981 1140 2015 curitate
1161 1981 1300 2016 confiteri
1328 1988 1477 2028 poterunt
1497 1993 1601 2016 coram
1640 1983 1755 2028 unige-

1011 2030 1076 2064 nito
1095 2029 1151 2064 Dei
1188 2030 1250 2065 filio
1282 2030 1352 2065 Iesu
1391 2030 1533 2071 Christo,
1567 2031 1616 2065 cui
1651 2033 1754 2066 omnia

1011 2079 1102 2114 Pater
1123 2079 1207 2114 dedit
1235 2080 1264 2114 in
1288 2092 1410 2120 manus,
1432 2080 1456 2114 si
1489 2081 1515 2115 ei
1558 2093 1614 2135 pro
1641 2093 1755 2136 pecca-

1011 2128 1132 2163 toribus
1158 2128 1319 2164 Crucifixo
1345 2130 1460 2164 servire
1476 2137 1635 2164 renuerint
1648 2143 1679 2164 in
1695 2130 1754 2165 hoc

1011 2178 1141 2225 negocio
1168 2179 1255 2225 quasi
1284 2180 1408 2233 proprie
1430 2179 1488 2213 sibi
1511 2191 1650 2226 proprio,
1664 2192 1754 2214 cuius

1011 2240 1143 2262 munere
1165 2229 1284 2267 vivunt
1311 2241 1402 2263 cuius
1438 2228 1588 2263 beneficio
1627 2236 1753 2263 susten-

1011 2285 1125 2317 tantur,
1152 2277 1228 2323 quin
1251 2277 1343 2312 etiam
1371 2277 1460 2312 cuius
1491 2278 1645 2324 sanguine
1680 2285 1751 2312 sunt

1011 2327 1174 2373 redempti.

1059 2380 1073 2418 ξ
1097 2379 1127 2409 7.
1154 2375 1200 2409 Ne
1239 2387 1310 2409 vero
1345 2375 1374 2409 in
1406 2375 1553 2410 humeros
1588 2375 1749 2411 hominum
1777 2386 1834 2413 Quae
1856 2388 1889 2408 det
1910 2387 1945 2408 tn-

1010 2437 1103 2459 onera
1137 2424 1239 2470 gravia
1272 2432 1301 2458 et
1324 2424 1544 2470 ‘importabilia
1590 2425 1750 2472 imponere
1764 2422 1947 2476 ffiffnufmz'ss

1010 2474 1184 2518 rideamur,
1207 2485 1287 2520 quae
1309 2473 1405 2520 digito
1433 2482 1539 2509 nostro
1561 2487 1685 2511 movere
1701 2488 1750 2511 no·
1764 2479 1829 2500 ‘¹⁰⁰0-

1009 2524 1115 2567 limus,
1142 2523 1262 2558 similes
1300 2523 1358 2557 illis
1391 2524 1443 2570 qui
1483 2523 1591 2559 dicunt
1629 2525 1750 2573 utique,

1009 2573 1064 2608 sed
1088 2585 1149 2608 non
1174 2573 1300 2613 tactuum
1328 2584 1401 2607 ecce
1420 2585 1478 2608 nos
1499 2573 1538 2609 de
1564 2574 1611 2609 his
1627 2602 1634 2615 ,
1668 2588 1748 2622 quae

1010 2622 1087 2657 ultra
1120 2623 1309 2658 necessarias
1331 2630 1361 2656 et
1384 2622 1557 2658 moderatas
1597 2636 1750 2671 expensas

1772 240 1820 267 An.
1841 240 1867 267 C.
1884 240 1949 267 1313
