2129 3223
6 309 10 312 ,
30 281 72 309 An
100 280 210 309 &1257

830 281 1022 305 ALEXANDER
1044 283 1078 304 iv
1100 283 1147 305 1³1².

222 335 254 370 in
276 335 393 383 aliquo,
421 335 468 370 vel
489 333 727 381 quomodolibet
756 335 969 381 retardentur,

222 383 340 420 faciens
362 384 583 424 nihilominus,
611 383 695 431 quod
724 391 837 420 statuta
872 398 969 432 quae-

221 432 296 468 libet
327 433 385 481 ipsi
421 433 547 479 negotio
582 434 756 477 contraria,
791 442 821 469 et
853 434 968 481 quibus

221 490 327 530 posset
357 482 616 529 impedimentum
639 482 766 529 aliquod
795 483 966 530 inquisito-

219 531 307 578 ribus
333 531 434 566 afferri
457 530 590 572 eisdem,
613 543 676 578 quo
699 532 804 567 minus
828 544 882 578 per
901 544 965 573 eos,

219 580 303 616 iuxta
326 579 456 619 formam
480 580 539 615 sibi
567 593 583 615 a
611 580 768 628 praedicta
798 581 881 616 Sede
905 590 967 617 tra-

217 630 325 674 ditam,
344 629 472 678 procedi
496 629 594 665 libere
614 630 710 664 valeat
732 630 763 664 in
786 630 909 670 eodem,
935 632 964 666 in
986 641 987 645 ’

216 678 340 714 civitate
363 679 520 725 praefata,
555 679 601 714 vel
635 679 706 714 alibi
735 679 765 713 in
789 680 888 726 ipsius
916 680 966 714 di-

215 727 323 763 strictu
357 727 539 764 nullatenus
571 728 785 763 observentur.
822 729 965 765 Potesta-

215 784 290 821 tem,
313 776 478 818 Antianos,
497 785 528 812 et
543 777 710 812 consilium
727 777 862 812 civitatis
883 778 966 813 eius-

213 825 300 870 dem,
323 838 378 874 per
392 826 751 862 excommunicationem
767 827 797 861 in
813 839 964 874 personas

215 886 324 909 eorum
346 883 377 910 et
390 874 568 910 Commune
592 876 802 922 praedictum,
831 888 885 923 per
908 877 965 911 iu-

212 924 334 959 terdicti
353 924 384 959 in
408 924 565 959 civitatem
590 926 688 972 ipsam
717 926 902 969 sententiam,
924 926 961 960 ad

210 972 253 1013 id,
290 973 503 1020 appellatione
524 975 706 1021 postposita,
730 974 960 1021 compellendo.

259 1021 376 1058 Datum
399 1022 549 1066 Viterbii,
576 1022 812 1070 decimoquinto
848 1024 962 1058 kalen-

209 1071 266 1106 das
291 1071 434 1112 ianuarii,
458 1072 658 1119 pontificatus
686 1073 782 1107 nostri
806 1085 888 1107 anno
911 1085 959 1107 111.

208 1131 271 1162 Dat.
291 1133 337 1162 dle
357 1133 393 1162 18
411 1132 576 1163 decembris
596 1133 681 1169 10257,
701 1134 803 1172 pontif.
823 1143 899 1164 anno
920 1143 960 1164 111.

530 1308 639 1342 XLIII.

212 1388 414 1433 Confirmatio
438 1389 671 1433 prt'vi'leqiorum
710 1391 959 1434 archt'hospitalis

258 1442 368 1475 Sancti
401 1442 537 1486 Spiritus
574 1443 606 1475 in
640 1443 743 1476 Samia
783 1444 819 1476 de
861 1444 955 1480 Urbe,

256 1495 378 1540 eiusque
404 1496 601 1538 hospitalium
627 1503 654 1528 et
678 1499 896 1541 grangiarum,
934 1506 959 1530 et

253 1549 416 1594 praecipue
439 1549 553 1583 Montis
577 1550 735 1583 Pessulan.
758 1550 958 1584 subiectorum

255 1603 442 1637 enumeratio
466 1605 527 1646 (1).

475 1684 687 1716 SUMMARtUM

207 1749 420 1789 Hospitalitatis
437 1752 613 1781 encomium.
632 1768 670 1774 —
685 1751 836 1789 Hospitale
852 1751 880 1781 S.
895 1752 959 1790 Spi-

247 1795 323 1824 ritus
351 1794 381 1824 in
410 1793 494 1824 Saxia
523 1794 577 1824 sub
607 1795 693 1824 tutela
727 1795 851 1833 suscipit
889 1805 959 1834 apo-

248 1838 363 1868 stolica.
389 1854 429 1861 —
449 1836 528 1867 Bona
553 1838 648 1867 omnia
676 1838 702 1866 ei
728 1838 889 1868 confirmat.
920 1855 959 1861 —

248 1880 328 1917 Quae
363 1881 503 1911 servanda
536 1881 595 1910 sint
626 1881 654 1910 in
692 1881 826 1911 ecclesiis
863 1882 958 1911 eidem

250 1924 389 1964 hospitali
420 1924 572 1956 subiectis.
604 1941 643 1947 —
668 1923 817 1963 I‘lospitale
839 1924 959 1955 Montis—

248 1969 398 2009 pessulan.
417 1968 452 1998 ab
469 1969 571 1998 eodem
592 1968 770 1998 disiunctum
783 1979 790 2004 3
805 1985 842 1990 ——
857 1968 957 1999 Eidem

248 2021 316 2043 vero
334 2012 510 2043 subiectum.
530 2030 570 2035 —
585 2012 713 2052 Uterque
740 2014 881 2051 magister
903 2014 958 2044 soli

249 2055 380 2087 Romano
398 2056 532 2087 Pontifici
556 2056 717 2086 subiectuS.
736 2072 775 2078 —
793 2056 875 2086 Cartl.
892 2067 959 2096 pro-

250 2101 368 2131 tectoris
390 2101 548 2130 auctoritas
568 2099 674 2140 qualis,
702 2116 741 2122 —
768 2099 807 2130 De
830 2106 959 2140 recepto-

249 2145 332 2175 ribus
353 2145 615 2184 eleemosynarum.
630 2161 669 2166 —
689 2144 854 2182 Privilegia.
873 2161 911 2167 —-
926 2144 957 2174 ln

250 2188 454 2226 spiritualibus
477 2188 661 2218 dioecesanis
684 2188 829 2227 episcopis
852 2188 957 2219 fratres
977 2212 979 2228 ζ

250 2232 459 2262 suhiiciuntur.
483 2248 522 2254 ——
545 2232 607 2261 Alia
638 2231 797 2270 priVilegia.
824 2249 863 2255 —-
891 2232 958 2262 Post

250 2275 354 2307 factam
381 2275 594 2316 professionem
617 2275 728 2305 nemini
747 2275 781 2305 ab
798 2276 959 2306 ordinevdi-

249 2322 369 2351 scedere
392 2321 468 2351 licet.
492 2338 527 2342 -
551 2319 686 2358 Magistro
705 2329 772 2350 vero
791 2321 858 2350 licet
887 2322 956 2351 inu-·
978 2358 979 2363 ¹

249 2365 316 2395 tiles
344 2369 395 2396 etc.
431 2364 585 2404 expellere.
615 2380 654 2386 —
678 2363 892 2403 Exemptiones.
919 2381 957 2387 —

248 2407 406 2440 Clausulae
428 2418 479 2448 pro
498 2408 628 2438 locorum
648 2408 847 2438 indemnitate.

208 2484 356 2514 Alexander
368 2485 510 2520 episcopus
519 2489 612 2512 servus
623 2488 761 2510 servorum
776 2481 831 2514 Dei.
849 2482 959 2511 dilectis

254 2533 320 2563 filiis
337 2534 474 2570 magistro
497 2532 646 2569 hospitatis
673 2531 786 2559 sanotae
810 2530 910 2560 Mariae
932 2532 959 2560 in

255 2583 338 2613 suia
355 2584 388 2612 de
406 2584 484 2616 urbo.
503 2584 614 2619 eiusque
631 2580 767 2610 fratribus
801 2580 860 2608 tam
877 2588 959 2616 prae-

247 2648 288 2684 (l)
303 2648 342 2676 Ex
359 2649 464 2684 Regest.
482 2649 566 2676 Vatic.

1640 277 1711 311 655

1055 340 1185 374 sentibus.
1207 347 1288 377 quam
1307 342 1410 372 tuturis
1429 344 1584 380 regularem
1600 346 1687 376 vitam
1699 353 1759 382 pro·

1053 389 1138 419 fessis
1156 390 1183 419 'in
1201 392 1372 426 perpetuum.
1394 393 1512 422 satutem
1534 395 1564 422 et
1580 395 1759 431 apostoticam

1053 439 1274 468 benedictionem.

1058 505 1142 540 luter
1167 517 1260 553 opera
1274 507 1409 553 pietatm,
1429 521 1511 555 quac
1524 511 1701 546 secundum
1715 511 1757 546 Α·

1009 554 1164 601 postolum
1177 556 1417 603 promissionem
1434 557 1551 594 habent
1565 560 1655 601 vitae,
1675 572 1756 607 quae

986 631 987 634 ,
1008 615 1092 638 nunc
1118 612 1164 639 est
1192 605 1306 651 pariter
1333 613 1363 641 et
1384 605 1520 651 futurae,
1555 609 1756 656 hospitalita-

985 661 1068 687 ¹tem
1097 652 1188 688 nobis
1227 654 1405 701 specialiter
1440 664 1469 690 et
1504 656 1684 704 frequenter
1705 658 1756 693 di-

1007 702 1076 736 vina
1098 701 1261 748 Scriptura
1294 704 1509 746 commendat,
1538 715 1644 753 utpote
1675 719 1755 754 quae

1007 751 1057 785 illa
1084 752 1190 786 omnia
1225 753 1485 800 comprehendit,
1521 764 1647 802 propter
1674 768 1754 802 quae

1008 799 1161 835 Dominus
1188 800 1218 835 in
1246 801 1357 836 ultimo
1379 802 1588 838 discussionis
1609 806 1754 841 examine

1005 858 1278 885 remuneraturum
1294 863 1327 886 se
1341 851 1452 896 bonos,
1475 861 1502 887 et
1521 853 1620 888 malos
1642 855 1754 889 asserit

1005 898 1202 945 puniturum.
1225 898 1310 934 Haec
1331 901 1413 935 enim
1443 903 1541 948 pascit
1567 903 1752 943 esurientes.

1003 947 1143 982 sitientes
1171 955 1274 994 potat,
1307 949 1427 996 colligit
1455 950 1614 997 hospites,
1652 952 1754 987 nudos

1004 996 1105 1040 vestit,
1133 1005 1163 1031 et
1186 1008 1248 1031 non
1275 997 1377 1033 solum
1407 998 1547 1034 infirmos
1570 1000 1682 1046 visitat,
1697 1001 1752 1036 sed

1003 1057 1112 1080 eorum
1136 1046 1166 1080 in
1189 1057 1223 1080 se
1250 1046 1445 1082 infirmitates
1466 1060 1643 1089 assumens,
1667 1049 1753 1085 infir-

1003 1095 1156 1130 mantium
1184 1107 1290 1130 curam
1318 1096 1396 1142 agit,
1423 1096 1453 1130 in
1486 1109 1609 1133 carcere
1632 1099 1752 1145 positos

1002 1142 1161 1185 subvenit,
1194 1152 1224 1178 et
1256 1144 1372 1191 quibus
1407 1146 1482 1180 vivis
1515 1146 1544 1180 in
1570 1147 1752 1183 infirmitate

1001 1193 1231 1233 communicat,
1260 1194 1425 1241 participat
1453 1195 1483 1229 in
1510 1196 1671 1242 sepultura
1693 1195 1753 1231 de—

1003 1241 1127 1276 functis.
1151 1241 1211 1276 Per
1233 1242 1313 1277 hanc
1327 1242 1454 1290 quidem
1477 1244 1598 1290 angelis
1619 1245 1753 1291 receptis

1002 1289 1137 1336 hospitio
1151 1290 1336 1337 placuerunt
1356 1303 1428 1326 cum
1449 1292 1606 1328 Abrabam
1626 1301 1655 1328 et
1670 1293 1751 1328 Loth

1002 1339 1203 1384 hospitalitati
1237 1347 1383 1375 vacantes
1413 1341 1543 1387 angelos
1569 1351 1753 1377 meruerunt

1001 1387 1168 1434 hospitari,
1198 1400 1252 1434 per
1287 1401 1368 1435 quos
1389 1390 1548 1425 Abraham
1573 1391 1631 1425 iam
1655 1404 1752 1426 senex

1001 1435 1122 1471 futurae
1149 1436 1265 1471 sobolis
1288 1438 1531 1484 promissionem
1553 1440 1692 1486 accepit,
1721 1447 1752 1474 et

1000 1485 1080 1518 Loth
1102 1485 1158 1519 suit
1179 1485 1218 1520 de
1241 1486 1388 1521 incendio
1410 1487 1568 1522 Sodomae
1589 1488 1750 1524 liberatus.

1000 1533 1071 1567 Duo
1094 1546 1219 1580 quoque
1242 1534 1405 1582 discipuli,
1424 1536 1478 1584 qui
1497 1537 1602 1571 Iesum
1617 1537 1752 1585 hospitio

1000 1592 1199 1629 receperunt,
1224 1596 1317 1630 quem
1334 1586 1363 1618 in
1384 1586 1582 1632 expositione
1603 1586 1752 1633 Scriptu-

1001 1643 1052 1666 rae
1080 1644 1140 1666 non
1165 1642 1326 1673 noverant,
1350 1633 1381 1667 in
1410 1634 1498 1680 panis
1520 1634 1669 1669 fractione
1692 1648 1753 1670 no-

1000 1688 1122 1714 verunt.
1152 1680 1213 1715 Per
1230 1682 1310 1716 hanc
1329 1683 1489 1728 superflua
1505 1683 1649 1727 divitum,
1671 1696 1752 1731 quae

1000 1737 1185 1774 congregata
1211 1730 1288 1764 forte
1311 1739 1513 1766 servarentur
1538 1731 1574 1766 ad
1598 1740 1750 1771 mortem,

1001 1778 1031 1811 in
1066 1779 1268 1813 necessitates
1310 1791 1484 1826 pauperum
1517 1789 1685 1826 erogantur
1711 1781 1749 1816 ad

1000 1826 1104 1860 vitam.
1135 1826 1196 1860 Per
1219 1827 1298 1861 hanc
1320 1835 1441 1863 terrena
1470 1829 1500 1863 in
1523 1829 1692 1872 coelestia,
1718 1838 1750 1864 et

1000 1875 1177 1910 transitoria
1218 1876 1251 1910 in
1284 1885 1409 1912 aeterna
1444 1877 1524 1913 felici
1559 1880 1749 1914 commercio

999 1932 1249 1969 commutantur,
1275 1925 1351 1960 dum
1375 1938 1430 1973 per
1452 1939 1564 1962 manus
1591 1927 1749 1963 thesauri-

1000 1985 1107 2008 zamus
1122 1985 1294 2020 pauperum
1310 1975 1340 2009 in
1354 1975 1462 2020 coelis,
1478 1975 1529 2010 ubi
1546 1988 1604 2011 nec
1618 1988 1748 2023 aerugo,

1000 2034 1058 2057 nec
1084 2023 1168 2057 tinea
1190 2023 1369 2068 demolitur,
1396 2032 1426 2059 et
1447 2024 1502 2059 ubi
1525 2025 1608 2060 fures
1630 2038 1691 2061 nou
1708 2026 1749 2061 ef·

1000 2071 1133 2113 fodiunt,
1168 2073 1404 2117 necfurantur,
1439 2082 1470 2108 et
1492 2074 1624 2109 facimus
1657 2075 1749 2109 nobis

999 2121 1038 2155 de
1062 2132 1238 2156 mammona
1262 2122 1436 2170 iniquitatis
1451 2123 1580 2168 amicos,
1602 2124 1655 2170 qui
1676 2136 1748 2158 cum

999 2169 1209 2204 defecerimus
1225 2198 1232 2209 ,
1260 2171 1292 2205 in
1319 2179 1443 2206 aeterna
1467 2171 1667 2207 tabernacula
1690 2184 1747 2206 nos

999 2219 1173 2253 admittant.
1201 2219 1285 2254 Haec
1320 2220 1415 2266 igitur
1448 2220 1657 2264 attendentes,
1675 2221 1748 2256 hos-

1000 2267 1095 2314 pitale
1134 2277 1290 2312 vestrum,
1334 2269 1419 2315 quod
1455 2281 1516 2304 non
1557 2269 1658 2304 solum
1691 2282 1747 2316 pro

1001 2325 1120 2357 nostra,
1143 2317 1198 2351 sed
1222 2316 1499 2362 praedecessorum
1526 2330 1562 2352 ac
1589 2329 1748 2353 successo-

977 2382 1067 2411 ¹rum
1097 2377 1126 2403 et
1154 2369 1280 2404 fratrum
1305 2379 1484 2405 nostrorum
1511 2371 1746 2418 episcoporum,

977 2423 1272 2470 ¹presbyterorum,
1312 2431 1405 2470 atque
1440 2423 1645 2459 diaconorum
1685 2424 1746 2461 Ro—

977 2473 979 2516 i
1000 2488 1108 2511 manae
1122 2475 1279 2510 Ecclesiae
1294 2476 1500 2511 cardinalium
1513 2484 1576 2512 tam
1593 2477 1744 2519 vivorum,

977 2541 1092 2577 2quam
1128 2529 1220 2563 etiam
1260 2528 1480 2564 defunctorum
1514 2530 1625 2571 salute,
1662 2531 1745 2579 apud

977 2605 979 2623 .
999 2583 1144 2618 Sanctam
1171 2582 1300 2617 Mariam
1330 2583 1359 2617 in
1382 2583 1486 2628 Saxi-a,
1512 2584 1613 2619 locum
1636 2585 1757 2634 utique-

975 2625 1074 2684 lsatis
1100 2635 1265 2681 idoneum,
1299 2636 1336 2670 ad
1364 2636 1581 2685 hospitalitatis
1606 2637 1744 2675 officium

1774 289 1825 317 An.
1843 291 1871 317 C.
1887 291 1953 318 1238

1785 521 1938 548 Rupit-litatis

1797 553 1923 574 encomlum.

1775 2380 1884 2408 {inspirate
1922 2381 1936 2402 s

1761 2410 1850 2438 Spiritus
1863 2413 1885 2433 in
1905 2412 1940 2432 Sa*

1762 2443 1793 2462 sia
1821 2443 1859 2463 sub
1879 2444 1931 2464 tutet

1760 2474 1847 2500 suscipit
1861 2478 1934 2502 aposto

1760 2503 1807 2524 tica.
