2129 3223
95 289 144 316 An.
164 289 276 316 C.12t17

93 345 202 372 Quomodo
212 351 235 367 so
245 351 278 371 ge-

94 383 141 397 rere
159 377 234 397 debeat
250 378 278 397 vi·

94 408 180 433 eustorgi

105 1965 127 1986 Ei
149 1964 177 1984 nil
201 1964 275 1985 octul-

91 1996 183 2020 taudum.
220 1995 274 2023 quod

92 2028 273 2047 admoiiasterium

91 2059 205 2084 peritum⁴

107 2608 168 2630 Βοῖει
175 2613 205 2630 tue
227 2614 277 2630 eor-

95 2640 182 2666 vluna?

342 278 411 311 55⁶2

294 343 368 377 illud
403 349 447 375 est
471 339 605 375 sollicite
641 336 880 385 providendum,
909 344 939 371 ut
961 335 1039 383 qui-

292 403 441 437 cumque,
465 388 511 423 vel
533 387 708 434 generalis,
730 386 777 421 vel
800 386 892 421 etiam
923 384 1037 420 alicubi

291 439 459 486 aliquando
494 437 641 484 specialis
676 435 916 472 constituendus
949 434 1039 468 fuerit

292 490 441 532 visitator,
470 487 542 522 talis
569 485 663 521 debet
693 485 856 525 constitui,
885 484 923 518 de
946 484 1037 517 cuius

291 538 433 584 religiosa
457 538 518 572 vita
546 531 576 571 et
603 535 744 570 moribus
782 544 874 581 atque
897 533 957 568 lide
980 544 1038 566 no-

291 588 354 622 titia
395 587 483 634 plena
522 593 552 620 et
589 584 739 619 securitas
773 583 944 622 habeatur,
984 581 1038 628 qui

289 649 361 671 cum
400 635 437 671 ad
480 634 704 670 monasterium
743 632 869 680 aliquod
911 631 1039 666 veniens

290 686 380 720 fuerit
404 686 628 731 introgressus,
649 683 694 717 sic
717 695 749 717 se
773 694 828 729 per
849 681 953 715 omnia
977 692 1038 714 ex-

291 735 395 769 hibeat
421 743 451 769 et
478 733 642 772 ostendat,
667 742 697 766 ut
726 732 764 766 de
792 731 874 765 bono
904 730 940 764 ad
972 742 1038 763 me-

289 784 350 818 lius
373 791 529 830 provocet,
557 790 586 817 et
609 781 647 817 ad
667 781 724 815 Dei
747 791 885 815 amorem
909 787 937 813 et
957 779 1038 812 inter

288 846 321 867 se
345 841 484 868 mutuam
511 831 692 866 charitatem
716 841 841 876 semper
866 828 1037 862 inflammet

290 882 404 929 pariter
421 889 451 916 et
470 881 634 919 accendat;
659 887 688 914 et
706 878 834 927 quando
856 877 1036 912 monasterii

289 931 422 966 claustra
450 930 487 965 ad
516 929 706 965 visitandum
743 926 922 969 intraverit,
958 925 1037 960 duos

290 981 453 1026 religiosos
477 987 507 1014 et
530 979 663 1013 idoneos
684 977 786 1012 socios
804 988 912 1011 secum
932 975 1037 1018 ducat,

288 1030 340 1076 qui
365 1028 511 1063 videlicet
530 1027 607 1062 socii
632 1027 723 1061 simul
748 1032 893 1060 maneant
916 1033 945 1059 et
960 1024 1035 1058 dum

289 1078 403 1113 fuerint
426 1078 503 1112 intra
528 1076 699 1111 claustrum
723 1075 761 1110 ab
783 1075 917 1109 invicem
942 1073 1039 1108 nulla-

289 1136 380 1162 tenus
402 1134 600 1174 separentur.
624 1124 707 1160 Sane
727 1124 764 1158 de
787 1135 930 1158 sororum
953 1131 1036 1157 statu

289 1185 317 1211 et
347 1176 542 1211 observantia
575 1186 652 1209 suae
679 1173 839 1219 religionis
870 1172 908 1207 ab
935 1171 1038 1206 omni-

289 1226 349 1261 hus
376 1224 562 1272 generaliter
589 1232 618 1258 et
653 1223 830 1270 specialiter
852 1233 867 1255 a
905 1221 1038 1267 singulis

290 1275 424 1321 inquirat
457 1273 618 1308 studiosus
649 1273 822 1314 veritatem,
849 1278 880 1305 et
908 1270 958 1305 ubi
978 1270 1037 1304 ali-

290 1324 362 1370 quid
393 1322 625 1357 reformandum
659 1322 703 1356 vel
733 1319 954 1366 corrigendum
987 1319 1038 1353 in-

290 1373 421 1411 venerit,
444 1372 510 1406 zelo
528 1371 699 1409 charitatis,
721 1379 750 1405 et
772 1381 879 1404 amore
902 1368 1037 1403 iustitiae

289 1435 361 1456 cum
384 1421 576 1455 discretione
593 1420 727 1465 corrigat
751 1427 779 1453 et
797 1418 954 1457 reformet,
975 1425 1036 1451 tam

291 1471 321 1504 in
349 1470 463 1516 capite,
495 1481 588 1515 quam
618 1469 647 1502 in
673 1467 838 1511 membris,
860 1467 940 1501 sicut
969 1478 1038 1500 mc-

290 1520 349 1554 lius
375 1518 489 1553 viderit
513 1517 671 1564 expedire.
699 1516 829 1551 Modum
857 1524 960 1550 autem
985 1517 1037 1549 lo·-

289 1568 408 1616 quendi
431 1567 587 1602 custodiat
613 1565 876 1612 suprascriptum,
900 1572 932 1600 ut
955 1565 1038 1600 vide-

289 1618 374 1660 licet,
393 1624 445 1651 aut
462 1628 534 1651 cum
554 1615 715 1659 omnibus,
734 1622 784 1648 aut
802 1627 873 1649 curn
895 1614 1038 1661 pluribus

289 1666 383 1701 simul
422 1666 587 1712 loquatur,
623 1664 673 1698 vet
707 1671 828 1698 secrete
856 1675 926 1698 cum
964 1676 1036 1708 una,

289 1716 356 1750 aliis
382 1722 484 1749 tamen
508 1713 545 1748 ad
569 1713 676 1748 minus
703 1712 827 1747 duabus
854 1712 883 1746 in
907 1720 1036 1759 aspectu

290 1764 357 1799 eius
379 1775 440 1798 non
465 1763 557 1809 longe
579 1761 778 1805 sedentibus,
800 1770 834 1796 ut
857 1774 912 1808 per
933 1763 1036 1797 omnia

289 1813 390 1848 bonae
416 1811 517 1846 famae
544 1811 706 1858 integritas
732 1817 950 1851 conservetur,
978 1811 1035 1845 nisi

289 1862 326 1897 ad
350 1862 536 1897 locutorium
560 1873 631 1895 cum
659 1872 732 1901 una,
756 1860 801 1894 vel
826 1860 970 1905 pluribus
995 1860 1038 1894 lo-

289 1911 342 1959 qui
358 1911 489 1946 voluerit
504 1910 542 1944 de
558 1910 606 1953 iis,
628 1921 707 1957 quae
727 1909 763 1944 ad
786 1909 922 1944 officium
942 1921 1035 1944 suum

291 1961 446 2006 pertinere
481 1967 665 1994 noscuntur.
701 1958 812 1994 Caveat
842 1965 944 1993 autem
980 1959 1037 1993 ab·

290 2010 421 2054 batissa,
449 2021 488 2043 ne
515 2021 529 2043 a
553 2021 603 2050 se,
633 2008 679 2043 vel
707 2009 744 2043 al)
779 2008 846 2042 aliis
877 2007 1038 2043 sororibus

289 2066 388 2095 status
409 2058 457 2093 sui
482 2057 663 2093 monasterii
702 2057 850 2092 visitatori
886 2057 1038 2104 aliquate-

290 2122 349 2143 nus
375 2107 597 2152 abscondatur,
623 2107 694 2153 quia
727 2106 843 2141 malum
879 2114 962 2141 esset
989 2107 1038 2140 in-

289 2158 416 2201 ditium,
439 2165 468 2192 et
490 2156 606 2191 offensa
629 2156 764 2203 graviter
779 2155 953 2204 punienda:
976 2156 1037 2190 imo

288 2208 436 2242 volumus
462 2214 493 2241 et
528 2205 725 2246 mandamus,
761 2213 794 2240 ut
825 2205 851 2240 ei
880 2217 961 2252 quae
988 2217 1037 2240 se-

289 2256 429 2292 cundum
463 2256 544 2290 vitae
582 2266 656 2289 suae
682 2254 811 2290 formam
850 2254 1037 2293 statuenda,

290 2305 337 2340 vel
366 2304 562 2340 emendanda
590 2303 722 2348 fuerint,
752 2303 879 2351 publice
908 2316 944 2338 ac
972 2303 1038 2351 pri-

292 2355 384 2390 vatim
412 2355 493 2389 sicut
515 2353 627 2388 melius
659 2353 752 2388 suerit
774 2352 964 2393 faciendum,
992 2352 1040 2386 vi-

290 2404 408 2438 sitatori
425 2403 592 2451 diligenter
613 2411 781 2450 suggerant
799 2411 828 2437 et
852 2410 1039 2450 proponant,

290 2454 338 2487 cui
376 2460 542 2488 teneantur
569 2452 599 2486 in
627 2452 775 2487 omnibus
804 2451 934 2487 firmiter
963 2451 1039 2485 obe-

291 2502 366 2536 dire.
391 2501 480 2544 Quae
502 2509 607 2537 autem
630 2501 718 2536 aliter
741 2500 1040 2545 fecerint,avisita-

292 2558 373 2592 tore,
397 2559 456 2586 tam
493 2551 664 2592 abbatissa,
692 2563 784 2598 quam
814 2549 904 2593 aliae,
932 2549 1038 2596 digne,

293 2607 385 2646 prout
411 2600 575 2645 convenit,
602 2600 794 2647 puniantur:
823 2599 975 2638 similiter,
1010 2607 1039 2633 et

292 2648 495 2695 cappellanus
526 2650 551 2683 si
580 2650 608 2681 in
643 2649 749 2689 aliquo
787 2647 1040 2695 reprehensibilis

888 281 1076 305 summunt
1099 278 1262 302 ROMANU'M

1081 333 1190 377 fuerit,
1221 333 1252 367 in
1279 344 1343 380 quo
1369 332 1593 368 convenienter
1624 342 1688 366 non
1715 332 1827 379 possit,

1082 394 1140 417 nec
1166 381 1279 417 debeat
1311 382 1501 428 supportari,
1529 380 1703 416 monitione
1737 391 1828 428 prae-

1081 432 1189 476 missa,
1210 443 1226 466 a
1250 431 1406 466 visitatore
1433 430 1575 466 modeste
1595 438 1625 465 et
1657 429 1827 465 rationabi—

1081 481 1162 525 liter,
1189 480 1272 516 sicut
1300 480 1452 520 decuerit,
1485 480 1669 526 corrigatur.
1696 478 1731 514 Si
1753 491 1827 514 vero

1082 530 1234 575 noluerit,
1260 530 1306 565 vel
1334 530 1560 575 contempserit
1591 527 1775 570 emendare,
1809 541 1826 564 a

1080 580 1270 615 monasterio
1292 591 1347 627 per
1367 578 1513 614 eumdem
1542 586 1737 614 removeatur
1757 590 1827 614 om—

1080 629 1166 664 nino.
1189 629 1364 665 Statuimus
1385 629 1530 675 insuper,
1556 627 1642 675 quod
1673 628 1828 674 generalis

1079 687 1110 714 et
1134 678 1333 726 provincialis
1348 677 1483 712 ministri
1505 677 1580 712 dicti
1602 676 1723 717 ordinis
1737 676 1828 723 dum·

1080 735 1162 763 taxat
1189 740 1244 775 per
1264 739 1309 768 se,
1332 727 1380 761 vel
1405 738 1460 772 per
1481 726 1558 761 alios
1585 724 1720 761 idoneos
1752 739 1827 762 suos

1079 776 1189 812 fratres
1212 777 1242 811 in
1269 776 1407 823 generali
1434 774 1571 823 capitulo
1597 775 1763 822 deputatos
1787 776 1827 810 ab

1080 827 1168 872 ipsis,
1191 826 1279 861 vobis
1299 833 1362 860 tam
1379 825 1409 859 in
1433 825 1547 871 capite,
1567 836 1661 872 quam
1683 824 1714 859 in
1731 835 1826 860 mem-

1079 875 1144 910 bris
1165 875 1302 910 officium
1331 873 1513 910 visitationis
1534 873 1736 922 impendant;
1758 885 1826 921 pos·
1853 880 1896 901 50¹¹
1919 882 2022 906 mini-tri·

1078 925 1141 959 sint
1163 932 1266 960 tamen
1287 924 1444 971 generalis
1464 931 1495 958 et
1514 923 1713 971 provincialis
1735 935 1826 970 prae·
1839 911 2024 970 ζῖζξῖῗῗζῖ

1079 974 1131 1009 sati
1156 974 1186 1008 in
1212 973 1381 1021 provinciis
1394 973 1460 1008 suis
1480 984 1634 1014 excausa,
1655 973 1824 1019 specialem
1839 975 1888 1010 ‘¹3¹³'
1918 972 2022 995 ”⁰³¹²¹⁰¹

1080 1024 1268 1059 visitatorem
1309 1022 1467 1057 interdum
1501 1022 1540 1056 de
1583 1021 1732 1057 fratribus
1765 1022 1824 1058 sibi
1839 1008 1933 1026 ''⁹¹¹⁸‘'

1079 1072 1257 1108 commissis
1290 1071 1326 1106 ad
1366 1072 1426 1106 hoc
1462 1071 1610 1106 idoneum
1644 1070 1828 1111 destinare,

1079 1122 1162 1157 iuxta
1195 1122 1326 1157 sormam
1362 1120 1402 1156 ab
1429 1120 1630 1155 universitate
1663 1120 1827 1156 ministro·

1080 1184 1147 1207 rum
1188 1170 1331 1206 traditam
1371 1170 1402 1204 in
1435 1169 1572 1217 capitulo
1607 1169 1758 1217 generali.
1789 1169 1823 1205 In

1078 1221 1218 1268 quolibet
1240 1219 1430 1255 monasterio
1449 1231 1544 1254 unum
1567 1226 1688 1254 tantum
1710 1219 1823 1255 ostium
1853 1222 1918 1244 “⁰³²⁰
1941 1226 2020 1256 ‘utum

1079 1270 1230 1305 habeatur
1250 1269 1290 1305 ad
1313 1268 1494 1304 intrandum
1517 1268 1701 1309 claustrum,
1723 1276 1754 1304 et
1769 1280 1826 1304 ex·
1838 1254 1956 1311 imiimi?
1973 1259 2022 1306 ”⁰02

1079 1319 1218 1354 eundum
1247 1331 1319 1353 cum
1342 1318 1529 1364 oportuerit,
1552 1318 1635 1352 iuxta
1663 1317 1765 1364 legem
1786 1317 1826 1353 de
1839 1316 2022 1371 22¹⁰2⁰⁶⁰⁰⁰⁵¹⁰'

1079 1369 1222 1415 ingressu
1243 1376 1274 1403 et
1295 1379 1422 1414 egressu
1445 1367 1577 1414 positam
1593 1367 1622 1401 in
1644 1366 1703 1402 hac
1716 1367 1826 1409 forma,
1862 1354 1888 1370 ⁰⁰
1904 1355 1945 1371 ω’

1079 1426 1109 1452 et
1137 1418 1221 1452 istud
1253 1417 1367 1452 ostium
1403 1416 1454 1451 fiat
1488 1416 1519 1450 in
1547 1416 1675 1451 sublimi
1709 1424 1826 1464 quanto

1078 1468 1179 1512 magis
1194 1466 1260 1501 fieri
1283 1465 1419 1514 potuerit
1440 1473 1662 1511 congruenter,
1682 1465 1722 1500 ita
1742 1466 1825 1513 quod

1079 1516 1114 1550 ad
1139 1516 1242 1563 ipsum
1264 1527 1322 1562 per
1341 1514 1456 1550 scalam
1480 1514 1658 1549 levatoriam
1686 1517 1826 1552 exterius

1078 1565 1276 1609 ascendatur,
1298 1575 1379 1612 quae
1404 1563 1486 1598 scala
1513 1575 1569 1610 per
1589 1572 1731 1600 catenam
1762 1565 1826 1601 fer-

1080 1626 1164 1649 ream
1191 1625 1228 1648 ex
1252 1621 1338 1660 parte
1360 1624 1504 1647 sororum
1532 1613 1672 1648 studiose
1697 1613 1824 1661 ligatam

1078 1675 1094 1697 a
1121 1662 1337 1709 Completorio
1368 1661 1453 1696 dicto
1494 1673 1594 1708 usque
1620 1663 1657 1697 ad
1685 1663 1824 1700 Primam

1079 1711 1141 1747 diei
1175 1712 1338 1759 sequentis
1368 1711 1515 1746 continue
1540 1711 1580 1745 sit
1605 1723 1768 1759 suspensa,
1795 1723 1825 1749 et

1080 1769 1221 1808 tempore
1256 1760 1387 1795 diurnae
1419 1759 1618 1795 dormitionis
1651 1770 1682 1796 et
1714 1763 1825 1798 visita-

1079 1810 1187 1850 tionis,
1216 1809 1274 1844 nisi
1310 1809 1395 1844 aliud
1423 1809 1580 1844 interdum
1612 1810 1742 1846 evidens
1777 1823 1826 1847 re-

1078 1860 1178 1906 quirat
1215 1860 1388 1895 necessitas
1420 1859 1464 1894 vel
1499 1859 1615 1894 utilitas
1650 1860 1824 1897 manifesta.

1078 1908 1126 1943 Ad
1155 1908 1327 1955 praefatum
1362 1915 1466 1943 autem
1494 1909 1607 1943 ostium
1642 1910 1827 1946 custodien-

1079 1957 1156 1993 dum
1188 1957 1290 2006 aliqua
1325 1958 1395 1993 talis
1425 1969 1464 1993 ex
1489 1957 1653 1993 sororibus
1687 1959 1827 2007 depute-

1080 2016 1149 2052 tur,
1185 2019 1267 2054 quae
1292 2006 1422 2043 omuino
1460 2007 1560 2042 Deum
1590 2008 1713 2051 timeat,
1746 2022 1826 2057 quae

1078 2057 1118 2091 sit
1146 2064 1265 2091 matura
1300 2056 1462 2100 moribus,
1489 2057 1528 2091 sit
1555 2056 1690 2104 diligens
1720 2066 1749 2093 et
1777 2059 1826 2093 di-

1079 2113 1191 2149 sci-eta,
1223 2113 1325 2153 sitque
1352 2106 1570 2141 convenientis
1590 2107 1715 2151 aetatis,
1747 2120 1827 2155 quae

1081 2167 1173 2190 unam
1209 2155 1308 2201 ipsius
1345 2155 1415 2190 ostii
1449 2155 1568 2190 clavem
1603 2156 1648 2191 sic
1686 2156 1828 2204 diligen-

1081 2213 1127 2239 ter
1153 2204 1327 2249 custodiat,
1357 2213 1389 2240 ut
1412 2216 1582 2252 numquam
1610 2217 1657 2249 ea,
1685 2205 1732 2241 vel
1759 2204 1827 2241 eius

1078 2253 1162 2289 socia
1194 2254 1378 2300 ignorante,
1414 2253 1529 2288 ostium
1561 2254 1730 2302 aliquando
1768 2267 1827 2289 va-

1080 2303 1139 2337 leat
1172 2303 1303 2349 aperiri:
1330 2303 1482 2351 reliquam
1518 2315 1590 2338 vero
1624 2304 1743 2339 clavem
1777 2304 1828 2338 di-

1082 2364 1199 2386 versam
1223 2352 1261 2387 ab
1283 2352 1340 2388 alia
1368 2352 1522 2388 custodiat
1547 2352 1713 2394 abbatissa,
1735 2353 1774 2388 sit
1796 2362 1827 2388 et

1080 2401 1137 2436 alia
1160 2413 1258 2448 aeque
1276 2401 1386 2438 idonea
1408 2402 1435 2436 ei
1457 2401 1543 2436 socia
1563 2402 1723 2449 deputata,
1744 2414 1826 2450 quae

1081 2450 1148 2485 eius
1183 2451 1280 2485 vicem
1315 2451 1345 2486 in
1373 2451 1520 2487 omnibus
1546 2458 1719 2498 exequatur
1754 2463 1826 2487 cum

1081 2500 1148 2546 ipsa
1170 2500 1273 2547 aliqua
1301 2500 1475 2536 rationabili
1497 2512 1602 2541 causa,
1623 2500 1671 2536 vel
1697 2512 1827 2549 occupa-

1081 2550 1164 2584 tione
1200 2550 1375 2586 necessaria
1401 2558 1552 2597 occupata
1585 2549 1677 2584 suerit
1702 2558 1732 2585 et
1765 2551 1828 2586 de—

1081 2605 1176 2633 tenta.
1210 2598 1350 2635 Caveant
1386 2607 1489 2634 autem
1516 2597 1762 2644 studiosissime,
1798 2607 1830 2635 et

1083 2656 1263 2694 procurent,
1296 2661 1334 2683 ne
1357 2659 1493 2695 unquam
1520 2648 1636 2683 ostium
1665 2649 1705 2683 sit
1737 2660 1829 2696 aper-

1845 274 1894 301 An.
1917 273 1945 300 C.
1961 273 2028 301 ¹247
