2129 3223
152 251 190 279 An
221 251 250 279 C.
267 250 332 277 11οθ

396 241 464 274 ΗΟ
917 249 1106 273 nrmmcu
1132 247 1293 270 nomxrss
1887 244 1936 270 Au.
1950 243 1979 269 c.
1999 241 2066 269 1199

346 319 451 342 roien]
482 306 650 352 petulonis⁴
675 317 731 352 pro
754 317 812 351 qua
832 305 1000 352 episcopus
1028 316 1089 339 me-

346 368 502 402 moratus,
528 367 559 392 et
589 358 638 393 alii
665 358 836 404 supradicti
865 370 903 393 ex
926 367 1009 405 parte
1035 370 1084 392 ve-

347 422 408 449 stra
431 412 633 447 veliementer
654 411 822 452 instabant,
844 423 1029 447 concurrere
1051 413 1092 445 vi-

347 468 504 505 deremus,
534 466 574 501 de
601 465 731 500 fratrum
754 475 934 500 nostrorum
961 465 1092 500 consilio

348 531 418 569 post
440 520 572 555 multam
587 519 846 555 deliberationem
862 519 1001 556 habitam
1020 533 1092 555 cum

348 574 466 610 eisdem
493 574 740 621 archiepiscopis
760 584 790 608 et
813 574 987 621 episcopis,
1015 587 1094 620 quos

349 641 445 675 super
477 629 536 663 lioc
565 630 603 663 ad
628 627 795 663 consilium
824 638 966 663 nostrum
993 629 1095 663 admi-

350 683 461 724 simus,
495 682 533 717 de
567 682 670 716 divina
698 682 930 721 misericordia,
957 691 986 717 et
1009 684 1096 718 eius-

351 737 421 771 dem
447 736 553 771 Sancti
592 737 714 770 meritis
746 735 957 773 confidentes,
992 739 1095 782 ipsum

156 794 532 847 ..sifflff‘ssss'ss'n‘rss³³¹¹⁶¹⁰f¹¹¹¹¹
572 790 713 833 catalogo
747 789 896 824 duximus
937 792 1097 826 ascriben-

351 844 446 885 dum;
483 852 657 879 statuentes
691 852 723 878 ut
751 844 779 878 in
809 844 859 879 die
893 844 1098 891 depositionis

352 898 461 945 ipsius,
487 898 627 933 eiusdem
652 898 802 932 festivitas
831 897 943 932 devote
970 910 987 934 a
1010 899 1099 935 vobis

351 960 382 986 et
408 952 477 987 aliis
511 951 770 987 christifidelibus
791 952 882 986 annis
903 953 1037 999 singulis
1061 954 1099 987 de

351 1014 475 1041 caetero
505 1004 693 1040 celebretur.
722 1005 798 1039 lude
833 1013 881 1040 est
914 1006 998 1052 quod
1030 1008 1100 1041 uni-

353 1060 529 1095 versitatem
553 1068 685 1094 vestram
715 1071 861 1105 rogamus
899 1060 930 1093 in
963 1059 1101 1095 Domino

353 1122 383 1149 et
404 1126 584 1153 monemus,
614 1126 668 1160 per
690 1114 859 1160 apostolica
883 1113 998 1161 scripta
1016 1127 1103 1162 prae-

354 1168 500 1215 cipiendo
535 1168 737 1207 mandantes,
770 1176 926 1213 quatenus
959 1168 1102 1204 eiusdem

354 1221 462 1257 Sancti
485 1222 680 1261 memoriam,
704 1230 797 1268 prout
812 1220 930 1255 dictum
954 1229 1012 1261 est,
1030 1233 1101 1256 curn

354 1275 534 1311 celebritate
562 1276 664 1311 debita
692 1284 896 1318 venerantes,
923 1275 993 1310 eius
1019 1275 1102 1322 apud

354 1330 458 1365 Deum
480 1330 624 1376 suffragia
648 1329 808 1364 humiliter
830 1329 1022 1375 imploretis,
1050 1342 1105 1376 per

356 1384 446 1418 cuius
472 1384 582 1419 merita
605 1383 643 1418 ad
678 1383 789 1430 gaudia
825 1392 949 1418 aeterna
985 1384 1104 1430 pertin-

357 1449 430 1484 gere
452 1437 590 1472 valeatis.

405 1490 522 1526 Datum
548 1490 706 1529 Laterani,
729 1502 754 1526 ιι
772 1490 844 1525 idus
862 1490 1007 1525 ianuarii.

379 1547 443 1580 nai,
461 1548 508 1579 die
531 1547 568 1579 12
590 1547 717 1578 ianuarii
737 1547 823 1583 1199,
841 1547 943 1586 pontif.
967 1555 1042 1577 anno
1065 1555 1082 1576 1.

690 1669 773 1704 XIX.

362 1738 531 1771 Flandriao
567 1738 685 1771 comites
719 1738 774 1770 sub
805 1738 988 1788 protectione
1022 1738 1109 1771 Sedis

410 1791 603 1835 Apostolicoe
644 1791 854 1835 recipiuntur,
903 1791 1110 1835 nonnullaque

410 1846 519 1878 eisdem
540 1845 743 1878 conceduntur
760 1845 925 1889 privileqia
951 1847 1011 1889 (l).

629 1916 842 1948 summumst

403 2019 460 2050 bus
493 2020 577 2050 bonis
605 2020 660 2050 sub
684 2021 864 2058 protectione
896 2021 995 2058 Apost.
1026 2020 1112 2052 Sedis

405 2065 548 2103 suscipit3
564 2079 604 2088 -
618 2062 727 2094 Statuit
742 2072 777 2093 ne
793 2064 902 2104 aliquis
917 2064 945 2094 in
964 2065 1030 2095 illos
1046 2075 1113 2096 sen-

407 2108 525 2140 tentium
547 2109 862 2138 excommunicationis
897 2108 988 2146 serat;
1014 2126 1051 2133 —
1083 2109 1113 2142 Si

407 2154 463 2184 lata
483 2154 581 2190 suerit,
600 2154 711 2183 irritam
731 2162 797 2184 esse
815 2153 953 2183 declarat.

367 2223 539 2254 Innocentius
554 2223 696 2261 episoopus
713 2230 809 2253 servus
824 2230 962 2254 servorum
981 2224 1036 2258 net,
1056 2224 1113 2256 sat·

411 2274 490 2305 dcino
505 2274 600 2304 comiti
614 2273 766 2306 flandrias.
781 2275 813 2303 et
827 2274 927 2304 martas
946 2275 1027 2304 uxori
1046 2275 1114 2304 eius,

418 2340 600 2389 Apostolica
617 2340 731 2382 Sedes,
746 2353 838 2388 quae,
853 2341 1042 2389 disponente
1056 2341 1116 2378 Do·
1136 2365 1137 2370 =

207 2406 326 2430 exordium.
372 2397 470 2439 mino,
492 2404 678 2431 cunctorum
709 2395 850 2431 fidelium
872 2405 972 2432 mater
993 2406 1040 2433 est
1066 2411 1117 2445 ge-

372 2451 499 2489 neralis,
525 2450 596 2485 licet
619 2462 731 2486 omnes
752 2457 1051 2497 teneatur,paterno
1077 2451 1116 2487 af-

373 2505 454 2538 fectu
476 2504 620 2550 diligere,
645 2504 674 2538 in
697 2516 751 2539 eos
773 2512 876 2539 tamen
901 2505 1029 2540 uberius
1053 2517 1116 2554 gra-

375 2559 447 2593 tiam
480 2571 554 2593 suae
585 2557 763 2593 dilectionis
789 2558 934 2598 effundit,
968 2571 1047 2607 quos
1079 2560 1117 2594 ad

411 2623 450 2657 (t)
466 2622 503 2650 Ex
520 2623 619 2655 Batus„
638 2623 682 2650 lib.
703 2625 744 2656 tt,
761 2623 845 2659 Epist.
863 2623 907 2651 αὖ.

1130 301 1304 337 exhibenda
1332 300 1392 336 sibi
1414 309 1498 347 grata
1521 300 1700 335 devotionis
1720 298 1872 346 obsequia

1131 355 1248 389 invenit
1282 354 1501 402 promptiores.
1537 351 1745 390 Attendentes
1777 352 1872 399 igitur

1131 408 1308 444 dilectionis
1320 409 1483 452 fervorem,
1501 419 1594 455 quam
1618 407 1874 456 praedecessores

1132 463 1224 498 vestri
1251 463 1288 497 ad
1323 462 1500 498 Romanam
1526 461 1699 497 Ecclesiam
1727 460 1875 496 babuisse

1135 526 1324 560 noscuntur,
1362 526 1392 551 et
1429 516 1626 551 devotionem
1670 515 1876 550 nihilominus

1134 582 1228 618 quarn
1251 584 1304 605 vos
1330 571 1367 606 ad
1402 582 1568 618 personam
1596 578 1735 605 nostram
1762 568 1876 604 habere

1136 626 1328 671 proponitis,
1369 625 1458 659 firmo
1484 624 1625 670 gerimus
1659 624 1690 657 in
1719 623 1878 670 proposito

1136 678 1322 721 voluntatis,
1355 689 1506 725 personas
1529 685 1647 712 vestras
1672 677 1766 711 oculo
1788 676 1881 711 beni-

1136 733 1236 777 gniori
1254 734 1419 779 respicere,
1437 741 1467 766 et
1489 731 1670 766 sincerioris
1692 730 1879 767 dilectionis.

1137 794 1168 820 et
1192 787 1310 833 gratiae
1330 786 1468 822 brachiis
1489 784 1677 832 amplexari:
1709 796 1747 820 ac
1766 784 1797 819 in
1819 784 1881 823 his,

1138 853 1217 888 quae
1245 853 1261 875 a
1283 840 1374 875 nobis
1399 839 1575 875 secundum
1598 838 1702 874 Deum
1725 839 1882 874 duxeritis

1140 895 1338 943 requirenda,
1353 902 1510 942 gratanter
1525 894 1613 929 vobis
1628 905 1791 929 assensum
1806 904 1884 940 apo-

1140 950 1286 985 stolicum
1332 949 1493 996 impertiri.
1536 948 1709 996 Eapropter
1742 948 1885 983 volentes
1910 955 2020 976 flandriae
2042 959 2081 974 ⁶⁰·

1141 1016 1195 1038 vos
1229 1012 1376 1051 tanquam
1415 1003 1568 1050 speciales
1608 1001 1768 1037 Ecclesiae
1802 1001 1884 1038 filios
1896 989 2080 1038 ffilssiss'fflfssss

1144 1068 1306 1106 protegere
1347 1058 1459 1104 pariter
1485 1065 1515 1092 et
1540 1057 1639 1100 tueri,
1662 1068 1812 1103 personas
1832 1070 1887 1093 ve·
1898 1046 2082 1107 ξῗξξῖζῖξεζ

1142 1122 1222 1147 stras
1245 1124 1317 1147 cum
1344 1111 1492 1146 omnibus
1517 1110 1618 1147 bonis.
1645 1122 1726 1157 quae
1747 1112 1778 1145 in
1802 1109 2043 1158 prae-⁶³⁸⁵⁰‘⁰‘¹’⁵'·

1143 1167 1313 1202 sentiarum
1335 1165 1559 1199 rationabiliter
1577 1164 1759 1210 possidetis,
1779 1172 1834 1200 aut
1855 1165 1890 1200 iu*

1122 1221 1284 1255 =futurum
1311 1227 1377 1261 etc„
1405 1230 1499 1264 usquo
1531 1221 1573 1252 od
1607 1220 1730 1253 verbum
1752 1219 1891 1266 suscipi-

1145 1288 1226 1310 mus.
1255 1273 1448 1309 Auctoritate
1475 1274 1687 1319 praesentium
1717 1273 1892 1309 districtius

1146 1329 1338 1367 inhibentes,
1366 1339 1405 1362 ne
1435 1326 1550 1374 aliquis
1583 1327 1652 1361 sine
1677 1327 1840 1362 manifesta
1861 1335 1892 1362 et

1147 1382 1320 1418 rationabili
1342 1393 1446 1419 causa,
1473 1381 1504 1414 in
1528 1392 1680 1428 personas
1700 1388 1822 1416 vestras
1841 1393 1894 1416 ex-

1147 1435 1460 1474 communicationis,
1496 1443 1549 1470 aut
1580 1435 1610 1469 in
1646 1442 1744 1470 terras
1774 1442 1894 1470 vestras

1148 1490 1304 1525 interdicti
1334 1497 1512 1536 praesumat
1546 1488 1718 1523 sententias
1749 1489 1894 1536 promul-

1147 1555 1231 1591 gare.
1264 1543 1313 1579 Ad
1340 1543 1417 1578 liaeo
1439 1542 1623 1577 adiicientes
1649 1544 1829 1586 statuimus,
1862 1550 1896 1578 ut

1148 1600 1172 1633 si
1201 1609 1256 1631 vos
1282 1597 1314 1631 in
1341 1596 1445 1643 aliquo
1466 1597 1702 1643 praesenseritis
1723 1596 1896 1643 aggravari,

1149 1651 1245 1686 libere
1282 1650 1372 1685 vobis
1403 1651 1491 1685 liceat
1527 1650 1642 1685 Sedem
1681 1651 1894 1698 Apostolicam

1149 1704 1317 1753 appellare.
1345 1702 1378 1738 Si
1408 1704 1480 1750 quis
1515 1716 1586 1738 vero
1613 1713 1684 1751 post
1709 1706 1897 1752 appellatio-

1151 1772 1221 1794 nem
1249 1759 1286 1793 ad
1310 1771 1366 1792 nos
1384 1758 1521 1804 legitime
1553 1758 1766 1804 interpositam
1789 1760 1820 1795 in
1844 1774 1898 1796 vos

1153 1814 1197 1848 vel
1222 1822 1318 1847 terras
1341 1820 1456 1846 vestras
1478 1813 1817 1849 excommunicationis
1846 1825 1898 1850 aut

1152 1866 1309 1902 interdicti
1331 1866 1502 1900 sententias
1529 1866 1786 1913 promulgaverit,
1813 1869 1899 1916 ipsas

1131 1919 1353 1956 ‘decernimus
1380 1932 1441 1955 uon
1465 1929 1579 1956 tenere.

362 1975 531 2008 Exordium.
554 1992 591 1999 =-
612 1974 769 2006 Flandr‘nie
792 1977 914 2005 comites
933 1985 1001 2008 cum
1017 1978 1112 2007 omni.
1132 1980 1133 2004 l

1201 1974 1285 2010 Nulli
1308 1987 1382 2020 ergo
1403 1982 1470 2016 ota,
1498 1976 1712 2021 protectionis,
1735 1975 1900 2012 inhibitio—-

1155 2041 1204 2064 nis
1230 2037 1260 2063 et
1281 2036 1489 2068 iustitutionis
1515 2037 1567 2063 etc.

1202 2081 1317 2117 Datum
1340 2081 1498 2120 Lateran.,
1527 2096 1557 2118 ιν
1580 2083 1638 2119 kal.
1666 2084 1751 2118 maii.

1133 2158 1135 2175 ἲ
1180 2138 1243 2171 Dat..
1262 2139 1309 2170 die
1330 2137 1368 2170 28
1390 2139 1494 2178 aprilis
1517 2139 1604 2176 1199,
1626 2140 1728 2179 pontis.
1746 2149 1822 2170 anno
1839 2148 1869 2170 u.

1492 2263 1563 2298 XX.

1158 2338 1317 2372 Nonnulla
1344 2339 1475 2382 fratrum
1497 2341 1533 2373 de
1563 2340 1730 2374 Colalravo
1762 2342 1902 2375 instituta

1248 2396 1274 2421 et
1306 2387 1469 2433 privilegio
1497 2391 1718 2431 confirmantur
1745 2391 1806 2431 (Ι).

1422 2462 1634 2493 SUMMARlUM

1157 2522 1324 2555 Exordium.
1340 2539 1377 2547 -—
1396 2524 1503 2555 Locum
1521 2526 1556 2555 de
1574 2524 1722 2555 Calatrava
1735 2526 1790 2556 sub
1806 2532 1902 2566 prote-

1197 2569 1293 2599 ctione
1310 2570 1411 2609 recipit
1427 2570 1594 2609 apostolica.
1615 2586 1652 2593 —
1669 2569 1801 2600 lnstituta
1820 2571 1864 2601 eis
1885 2581 1901 2601 a

1194 2624 1232 2657 (l)
1249 2625 1284 2652 Hx
1307 2626 1406 2658 Baluz.y
1424 2626 1467 2653 lib.
1490 2628 1529 2659 tt,
1547 2627 1630 2662 Epist.
1647 2627 1690 2654 51.
