2129 3223
355 248 425 281 408

305 312 481 361 dominicae
507 322 591 345 anno
625 309 794 345 millesimo
837 310 1055 346 ducentesimo

305 356 455 407 vigesimo
476 367 600 408 quarto,
616 359 816 416 pontificatus
839 372 912 395 vero
933 359 1054 395 domini

304 409 435 444 Honorii
457 408 561 456 Papae
585 409 666 444 tertii
689 421 771 444 anno
793 418 913 444 octavo

344 465 404 496 Dat.
423 465 471 496 die
490 466 526 496 19
546 466 614 496 maii
635 465 721 503 41224
740 466 842 506 pontif
861 476 936 496 anno
957 476 1015 496 viti.

105 258 164 284 'Am
179 256 208 283 C:
223 257 290 283 mn

611 585 752 621 LXXIII.

306 653 471 698 Exemptio
521 654 638 687 ordinis
686 653 886 687 cisterciensis
939 663 1056 684 numa—

353 703 479 737 chnrum
504 703 539 736 S.
570 703 725 736 Benedicti
751 715 771 736 α
797 703 947 735 solucione
967 702 1057 734 deci-—

353 763 484 786 marum.

570 820 786 852 SUMMARIUM

302 884 515 914 cistercienses
527 883 563 913 ad
576 883 685 912 monita
698 881 863 911 innocentii
879 880 915 910 lll
932 890 1054 920 compo-

343 933 416 958 nunt
434 937 500 957 cum
525 926 723 957 Ecclesiarum
753 925 890 965 praelatis
909 925 944 955 de
971 925 1056 955 deci-

344 973 409 1002 mis.
424 989 462 994 —
480 971 685 1011 inquietantur
700 970 735 1000 ab
747 970 869 1000 eisdem.
881 968 1056 1008 ——ldeoque

343 1025 357 1045 a
391 1015 538 1046 novalium
569 1015 716 1044 solutione
739 1013 825 1043 liberi
859 1012 1056 1042 declarantur.

302 1081 432 1110 Honorius
448 1081 589 1117 episcopus
613 1087 709 1109 servus
732 1085 873 1108 servorum
894 1078 952 1111 Dei,
980 1086 1056 1107 vene-

346 1130 479 1159 rabilibus
497 1130 634 1158 fratribus
653 1128 863 1165 archiepiscopis
884 1130 914 1157 et
926 1128 1058 1164 episcopis

346 1185 378 1207 ac
400 1178 511 1207 dilectis
529 1178 594 1207 111115
606 1179 763 1209 abbatibus,
778 1177 925 1213 prioribus,
938 1177 1056 1210 decanis,

347 1227 551 1260 archidiaconis,
566 1225 740 1259 officialibus,
761 1227 791 1255 et
800 1225 863 1254 aliis
879 1226 1058 1254 Ecclesiarum

345 1276 492 1314 praetatis,
513 1277 547 1305 ad
563 1283 631 1312 quos
649 1276 722 1304 istae
740 1275 853 1304 litterae
872 1275 1056 1311 pervenerint,

348 1326 467 1354 satutem
486 1326 516 1354 et
537 1325 717 1362 apostoticam
735 1324 958 1354 benedictionem.

353 1387 435 1422 Cum
458 1387 588 1422 abbates
609 1386 794 1421 Cistercien.
818 1385 939 1420 ordinis
983 1395 1057 1421 tem-

135 1442 167 1462 ⁶¹
160 1444 221 1463 “r
219 1448 264 1463 ¹⁵⁶⁰
267 1449 290 1465 es
307 1449 382 1485 pore
404 1436 528 1471 concilii
556 1435 722 1482 generaliS,
753 1435 792 1469 ad
827 1435 1058 1470 commonitio-

106 1474 230 1525 :malua
231 1473 291 1525 0¹2⁰-
307 1498 378 1521 nem
400 1485 502 1521 felicis
524 1497 618 1520 mem.
641 1483 817 1519 Innocentii
840 1483 943 1531 Papae
966 1496 1057 1532 prae-

107 1538 251 1585 Ffflfflssunuffl
254 1534 293 1585 '³⁰⁰'
306 1535 479 1570 decessoris
501 1534 598 1569 nostri
637 1533 825 1578 statuerint,
854 1541 886 1567 ut
913 1533 952 1568 de
979 1545 1057 1568 cae-

107 1571 292 1616 isst'tsieaepinus.
307 1592 373 1619 tero
400 1583 536 1618 fratres
531 1583 631 1631 ipsius
653 1583 785 1622 ordinis,
813 1594 852 1617 ne
891 1583 1057 1618 occasione

308 1633 544 1680 privilegiorum
567 1644 697 1667 suorum
724 1631 887 1666 Ecclesiae
927 1631 1057 1666 ulterius

305 1690 521 1729 gravarentur,
548 1682 586 1716 de
612 1681 723 1716 alienis
746 1681 845 1720 terris,
885 1688 917 1715 et
949 1680 988 1714 ab
1019 1693 1056 1716 eo

306 1741 447 1778 tempore
469 1730 681 1779 acquirendis,
704 1730 729 1765 si
751 1742 803 1765 eas
827 1729 962 1776 propriis
995 1742 1057 1764 ma-

305 1780 400 1815 nibus
433 1789 487 1815 aut
508 1779 691 1827 sumptibus
721 1779 883 1820 coierent,
919 1779 1057 1814 decimas

305 1829 518 1876 persolverent
530 1829 692 1870 Ecclesiis,
708 1828 826 1875 quibus
840 1827 959 1862 ratione
974 1840 1056 1875 prae-

304 1879 429 1914 diorum
455 1887 545 1914 antea
568 1877 780 1919 solvebantur,
807 1877 865 1912 nisi
889 1889 960 1911 cum
991 1878 1057 1912 eis-

304 1927 375 1962 dem
398 1928 553 1963 Ecclesiis
573 1927 663 1962 aliter
684 1926 836 1962 ducerent
859 1938 1057 1972 componen-

305 1976 402 2018 dum;
433 1977 515 2012 idern
559 1975 782 2022 praedecessor
815 1983 944 2015 noster,
984 1975 1056 2022 quia

304 2026 461 2081 sperabat
483 2034 517 2060 ut
551 2025 768 2061 Ecclesiarum
811 2024 938 2072 praelati
984 2036 1057 2071 pro-

306 2076 411 2111 niores
432 2085 464 2111 et
484 2074 674 2110 efficaciores
700 2075 869 2109 existerent
894 2072 932 2107 ad
967 2073 1058 2107 exbi-

308 2124 447 2160 bendum
470 2125 516 2160 eis
542 2123 582 2159 de
616 2125 682 2159 suis
716 2121 969 2158 malefactoribus
1009 2123 1058 2157 iu-

306 2174 406 2209 stitiae
433 2173 701 2221 complementum
728 2171 924 2211 huiusmodi,
956 2179 1056 2205 ratum

308 2223 438 2262 babens,
460 2231 490 2257 et
512 2230 646 2269 gratum,
673 2222 734 2256 hoc
763 2222 864 2268 ipsum
908 2220 944 2254 ad
980 2220 1058 2254 alios

309 2272 478 2327 regulares
500 2272 554 2318 qui
575 2271 713 2318 gaudent
739 2270 895 2306 similibus
932 2269 1058 2316 privile-

308 2321 380 2367 giis,
402 2321 530 2356 extendi
554 2320 652 2356 voluit
673 2328 703 2355 et
726 2320 894 2355 mandavit.

357 2370 377 2418 S
401 2373 432 2405 1
460 2369 524 2405 Sed
547 2369 631 2417 quod
654 2369 796 2404 dolentes
828 2368 1004 2408 referimus,
1027 2367 1057 2402 in

112 2420 206 2471 ’ῗιζζῦζ
197 2426 245 2441 ⁶¹²⁰·
249 2420 500 2454 “bcontrarium
525 2430 574 2454 res
600 2427 648 2454 est
671 2430 770 2458 versa,
792 2418 866 2473 quia
904 2419 987 2453 sicut
1022 2429 1058 2451 ex

309 2468 398 2503 allata
441 2469 569 2516 querela
610 2467 760 2502 abbatum
798 2468 899 2514 ipsius
942 2465 1060 2502 ordinis

311 2516 490 2564 trequenter
512 2517 705 2556 audivimus,
728 2517 870 2551 nonnulli
900 2515 1060 2551 Ecclesia-

895 256 1082 279 BULLARIUM
1109 255 1271 278 ROMANUM

1859 254 1909 280 An.
1926 252 1955 279 C.
1973 252 2040 280 ¹225

1095 309 1205 344 dentes
1233 309 1385 344 malitiose
1413 310 1552 356 ipsorum
1581 316 1756 356 pervertere
1795 308 1845 342 iu-

1095 358 1267 402 tellectum,
1305 371 1358 394 eos
1400 358 1616 406 multipliciter
1658 357 1843 405 inquietant.

1095 407 1173 442 Nam
1197 420 1269 442 cum
1296 409 1337 442 sit
1365 408 1440 456 ipsis
1467 407 1636 451 indultum,
1665 414 1698 442 ut
1719 406 1758 442 de
1785 417 1845 441 no-

1097 456 1228 496 valibus,
1255 469 1334 504 quae
1363 457 1495 504 propriis
1517 457 1673 496 manibus,
1695 464 1848 491 autsum-

1097 505 1205 552 ptibus
1226 507 1385 546 excolunt,
1400 507 1465 541 sive
1492 506 1531 541 de
1565 506 1674 546 hortis,
1703 505 1847 552 virgultis

1096 563 1126 589 et
1154 555 1379 602 piscationibus
1400 556 1478 595 suis,
1501 555 1548 590 vel
1563 555 1602 590 de
1623 567 1754 590 suorum
1775 554 1847 590 ani—

1097 604 1225 639 malium
1250 605 1462 645 nutrimentis,
1486 604 1592 639 nullus
1617 604 1656 639 ab
1676 604 1723 639 eis
1759 603 1847 639 deci-

1097 665 1163 688 mas
1185 654 1312 700 exigere
1340 653 1387 688 vel
1414 662 1601 700 extorquere
1641 661 1846 701 praesumat;

1097 702 1224 749 quidam
1250 714 1395 750 perverso
1418 703 1576 737 intellectu
1610 702 1756 744 conficto,
1796 701 1848 736 di-

1097 759 1205 786 centes
1226 752 1311 799 quod
1341 764 1403 787 non
1433 760 1566 799 possunt
1592 751 1749 798 intelligi,
1789 751 1846 786 nisi

1098 800 1137 834 de
1165 801 1224 840 liis,
1251 814 1331 848 quae
1353 809 1426 835 sunt
1469 810 1540 836 ante
1581 800 1702 836 dictum
1738 801 1849 835 conci-

1099 849 1174 884 lium
1198 851 1360 898 acquisita,
1384 851 1468 896 ipsos
1495 863 1591 898 super
1613 851 1660 886 liis
1682 849 1846 897 multiplici

1098 899 1260 934 exactione
1287 899 1428 936 fatioant.

1146 948 1252 995 §⁶24
1244 948 1308 983 Nos
1331 950 1427 995 igitur
1448 960 1557 983 eorum
1580 949 1679 996 quieti
1718 956 1846 995 paterna
1874 954 1923 975 ¹·nte
1913 959 1966 982 que
1982 960 2045 975 ηο-

1098 997 1310 1032 sollicitudine
1333 998 1496 1045 providere
1523 999 1674 1042 volentes,
1698 985 2046 1038 universi-si'0¹¹'2¹'1..,0,}⁰,¹1¹2]

1099 1047 1150 1080 tati
1176 1055 1294 1082 vestrae
1322 1060 1377 1094 per
1402 1047 1572 1093 apostolica
1612 1048 1727 1094 scripta
1756 1055 1869 1081 man·
1860 1048 1891 1068 ‘³¹
1895 1051 1974 1069 ’Μ’

1098 1097 1221 1136 (lamus,
1240 1105 1395 1143 quatenus
1417 1096 1546 1131 abbates
1567 1105 1597 1131 et
1624 1096 1733 1131 t'ratres
1762 1096 1847 1130 eius-

1098 1145 1169 1179 1103]
1197 1145 1329 1185 otdinis,
1356 1159 1371 1180 a
1401 1147 1609 1192 praestatione
1639 1145 1847 1185 decimarum,

1099 1202 1160 1228 tam
1184 1195 1222 1229 de
1245 1195 1500 1242 possessionibus
1527 1194 1642 1229 habitis
1663 1203 1735 1229 ante
1770 1206 1849 1245 con·-

1098 1243 1207 1278 cilium
1235 1253 1457 1284 memonatum,
1480 1253 1510 1278 et
1532 1244 1571 1279 de
1594 1237 1849 1288 novalibus‚sive

1098 1300 1181 1335 ante,
1208 1294 1272 1328 sive
1300 1303 1369 1349 post
1392 1294 1475 1329 idem
1495 1292 1664 1329 concilium
1686 1292 1849 1340 acquisitis

1099 1354 1179 1389 quae
1210 1344 1345 1390 piopriis
1374 1343 1520 1378 manibus
1541 1356 1576 1378 ac
1598 1342 1781 1389 sumptibus
1798 1353 1849 1377 ex-

1098 1391 1216 1431 colunt,
1238 1405 1331 1440 quam
1359 1393 1398 1427 de
1425 1392 1534 1432 hortis
1560 1392 1715 1438 virgultis,
1738 1393 1847 1439 pisca-

1099 1441 1237 1476 tionibus
1255 1454 1331 1481 suis.
1360 1454 1395 1476 ac
1418 1442 1456 1477 de
1498 1453 1630 1476 suorum
1664 1440 1847 1476 animalium

1098 1490 1310 1532 nutrimentis,
1329 1490 1445 1538 singuli
1474 1500 1610 1526 vestrum
1637 1490 1769 1525 omnino
1787 1501 1847 1526 ser-

1098 1548 1208 1574 ventur
1235 1540 1401 1575 immunes.

1149 1589 1265 1624 Datum
1280 1588 1424 1624 Laterani
1440 1590 1552 1636 quinto
1570 1588 1641 1624 idus
1657 1588 1848 1657 novembris,

1098 1639 1299 1688 pontificatus
1321 1639 1417 1674 nostri
1441 1650 1524 1673 anno
1543 1650 1637 1673 nono.

1118 1697 1177 1727 Dat.
1197 1697 1244 1726 die
1263 1697 1280 1725 9
1303 1696 1470 1726 novembris
1493 1703 1569 1726 anno
1591 1695 1707 1726 Domini
1742 1694 1829 1732 1224,

1337 1740 1439 1779 pontif.
1470 1749 1546 1770 anno
1574 1748 1611 1770 1x.

1396 1893 1540 1928 LXXIV.

1143 1968 1213 1999 Alia
1236 1967 1399 2000 consimilis
1421 1968 1619 2012 exemptionis
1648 1969 1805 2001 concessio.

1366 2034 1581 2066 SUMMARIUM

1098 2094 1174 2125 Ordo
1191 2094 1311 2125 Cisterc.
1334 2105 1348 2125 a
1373 2096 1521 2126 solutione
1553 2096 1735 2128 decimarum
1753 2097 1849 2129 decla-

1138 2144 1220 2169 ratur
1238 2141 1389 2170 immunis.

1098 2205 1227 2234 Honorius
1247 2205 1388 2241 opiscopus
1401 2212 1496 2234 servus
1516 2213 1655 2236 servarum
1672 2206 1729 2241 Dei.
1742 2207 1851 2237 ducetis

1138 2254 1203 2282 filiis
1220 2255 1374 2288 abbatibus,
1396 2257 1424 2284 et
1441 2254 1580 2285 fratribus
1603 2256 1762 2286 cistercien.
1778 2257 1850 2287 ordi-

1142 2303 1195 2337 nis,
1234 2304 1352 2333 salutem
1370 2304 1400 2333 et
1430 2304 1606 2340 apostoticam
1629 2304 1849 2335 benedictionem,

1148 2366 1230 2402 Cum
1269 2367 1437 2415 aliquando
1474 2375 1606 2414 cogente
1640 2367 1848 2410 necessitate,

1101 2416 1146 2451 vel
1182 2416 1314 2452 utilitate
1355 2417 1478 2465 propria
1519 2417 1720 2464 requirente,
1753 2425 1852 2453 terras

1100 2472 1218 2501 vestras
1236 2474 1306 2501 aute
1322 2467 1467 2513 generale
1484 2467 1653 2501 concilium
1666 2466 1849 2514 acquisitas,

1100 2515 1322 2551 concesseritis
1343 2515 1413 2550 aliis
1438 2515 1638 2560 excolendas,
1660 2527 1700 2550 ne
1727 2528 1784 2563 pro
1812 2528 1850 2552 eo

312 2578 379 2600 rum
407 2566 546 2613 praelati.
570 2573 600 2601 et
626 2566 677 2601 alii
699 2565 817 2609 clerici,
851 2577 960 2600 eorum
994 2565 1059 2612 pri-
1101 2555 1186 2611 qu‘od
1213 2564 1253 2599 de
1281 2565 1537 2620 possessionibus
1559 2572 1627 2611 post
1655 2564 1739 2599 idem
1770 2577 1849 2601 con-

311 2614 424 2660 vilegia
451 2623 567 2650 temere
589 2623 848 2651 contemnentes
870 2622 901 2649 et
927 2614 1085 2673 conten-1

1101 2614 1207 2648 cilium
1230 2614 1402 2661 acquisitis,
1424 2613 1564 2648 decimas
1589 2613 1722 2650 solvitis.
1750 2614 1776 2649 si
1810 2614 1850 2649 ad
