2129 3223
32 247 83 276 An.
99 245 129 274 c.
142 246 209 274 ¹230

58 302 186 324 mmmm
227 301 402 337 devotionis
428 310 458 336 et
493 301 563 336 fidei
592 301 778 347 puritatem,
812 312 881 336 vera
909 300 971 335 sint
990 315 991 332 ι
1013 300 1062 347 pie
1086 298 1288 346 prophanatis
1301 299 1356 333 Dei
1372 300 1568 345 sanctuariis,
1592 298 1756 335 diruerunt

61 334 174 355 obstinatio

43 947 113 973 Quare
127 953 212 968 exrom-

31 978 138 998 niu-timi.

47 2035 141 2058 Currum

37 2068 117 2094 qeiora.

195 2037 216 2056 in

820 246 1004 269 cneconn's
1031 246 1063 268 rx
1094 246 1142 268 pr».
1637 236 1706 267 447

227 350 297 386 tuce
320 351 440 398 privati,
469 351 498 384 in
521 350 636 397 qnibns
655 350 799 396 alligare,
823 349 906 397 quod
926 349 971 384 fa·
990 349 992 378 1
1012 358 1041 383 ct
1081 349 1110 383 in
1158 349 1292 383 cinerem
1335 357 1364 383 et
1402 349 1534 384 favillam
1570 349 1755 396 redegerunt

226 408 312 435 ctum
327 408 404 440 erat,
427 400 572 447 pastorali
588 400 748 444 diligentia
772 400 830 434 nisi
848 412 970 439 sumus,

230 458 260 484 et
286 449 454 490 reducere,
476 449 559 496 quod
583 448 758 493 abiectum,
785 449 838 484 scd
863 450 892 484 in
916 461 971 483 co-

228 511 297 534 rum
327 499 428 546 plaga,
450 511 530 546 quac
552 499 646 545 longo
668 507 808 545 tempore
832 499 890 533 iam
911 498 972 533 ‹lu-

227 548 318 589 ravit,
345 547 545 583 obfirmatum
591 548 768 583 invenimus
790 548 971 583 firmamen-
991 544 993 581 ἶ

1012 398 1185 442 ΙῧεοΙθεῑοε,
1225 407 1255 433 et
1295 397 1399 433 altaria
1422 400 1513 434 ctiam
1549 398 1755 434 suffoderunt.

1012 448 1116 491 Quare
1140 447 1235 494 digno
1270 447 1387 482 iudicio
1413 449 1532 495 agitur,
1567 457 1599 484 ut
1631 447 1754 483 illorum

1012 505 1172 533 crescente
1195 505 1376 544 contemptu
1399 506 1515 533 crescat
1537 506 1566 532 et
1585 509 1696 546 poena,
1726 505 1756 532 ct

1013 547 1160 595 qnoniam
1191 546 1381 593 apostolicae
1407 548 1521 593 gratiae
1551 559 1585 582 se
1620 546 1754 582 reddunt

228 605 306 638 tum,
329 597 369 632 ita
384 598 467 645 quod
484 610 545 632 non
569 598 825 632 inconvenienter
841 597 972 644 deipsis
990 582 993 631 l
1014 609 1141 644 prorsus
1173 597 1323 643 ingratOS,
1356 597 1445 644 quasi
1473 597 1540 632 eins
1567 596 1754 632 beneficium

228 659 395 694 possumus
417 647 565 695 conqueri
588 660 659 682 cum
683 646 841 694 Propheta
862 646 972 681 dicen·
991 647 993 671 1
1013 654 1232 693 aspernantes.
1271 658 1332 681 non
1371 654 1528 681 remaneat
1553 646 1649 694 gratia
1683 657 1754 681 cum

227 705 288 732 tes:
316 695 506 732 Curavimns
533 696 736 735 Babilonem,
764 704 794 731 et
828 708 890 731 non
925 704 972 730 est
1014 696 1153 742 ingratis,
1178 703 1212 730 ut
1232 707 1312 734 eam,
1339 708 1431 743 quam
1456 708 1517 730 non
1540 703 1755 742 cognoverunt

226 753 353 784 sanata3
389 747 530 794 quinimo
578 747 743 792 instigante
791 745 864 789 illo,
917 746 970 793 qui
991 748 992 789 l

227 795 379 830 malorum
411 796 552 830 omnium
588 804 635 830 est
663 796 824 835 incentor,
863 795 908 830 sic
940 795 993 837 in,

226 844 292 880 suis
311 845 533 892 iniquitatibus
555 844 751 884 duruerunt,
786 844 870 892 quod
894 856 972 879 con·
992 847 993 853 ¹

226 894 290 929 triti
317 906 379 928 non
407 894 526 938 dolent,
564 902 594 928 et
621 895 759 941 percussi
796 906 858 928 non
892 894 993 929 reci-¹

229 943 319 990 piunt
340 943 548 991 disciplinam.
576 943 660 979 Sane
690 943 764 979 dicti
794 943 877 978 cives
899 944 993 990 spi—¹

229 993 287 1028 ritu
311 992 436 1036 furoris,
463 1003 493 1028 et
515 993 651 1028 stimulis
672 992 839 1040 superbiae
858 993 971 1027 conci-
992 1015 993 1024 2

228 1042 293 1082 tati,
314 1041 407 1077 Sedis
433 1043 632 1090 Apostolicae
654 1043 887 1089 patrimonium,
910 1049 972 1076 ter-

228 1103 293 1127 ram
317 1091 461 1127 videlicet
487 1091 676 1139 Garfagnani
705 1100 811 1126 contra
838 1092 971 1132 monita,

228 1140 482 1181 obsecrationes,
527 1150 558 1176 et
602 1141 804 1176 inhibitiones
850 1148 972 1176 nostras

228 1190 418 1238 multiplices
432 1191 579 1226 invadere
595 1198 885 1238 praesumpserunt,
902 1202 971 1225 eam
992 1213 993 1221 1

227 1239 373 1275 ancillare
397 1240 546 1283 volentes,
574 1248 604 1275 et
625 1252 699 1275 suae
721 1240 876 1275 subiicere
898 1252 972 1275 ser-

228 1289 334 1332 vituti,
367 1297 495 1337 propter
521 1289 603 1337 quod
637 1302 693 1324 eos
718 1289 757 1324 ab
779 1289 892 1324 iniuria
914 1301 972 1324 no-

227 1345 301 1379 stra,
323 1346 354 1373 et
375 1351 390 1373 a
413 1339 514 1374 sutura
536 1339 722 1374 confusione
744 1351 799 1374 sua
827 1350 971 1373 revocare

227 1396 384 1427 curantes,
426 1388 514 1435 ipsos
547 1387 909 1432 excommunicavimus,
942 1395 993 1422 et,

228 1445 339 1472 terram
369 1449 479 1473 eorum
502 1438 714 1473 ecclesiastico
741 1438 972 1484 supposuimus
992 1479 993 1489 ἵ

227 1486 404 1522 interdicto.
444 1486 542 1522 lidem
582 1499 656 1522 vero
696 1487 884 1534 contemptis
917 1499 972 1521 ex·
992 1495 993 1501 ¹

228 1536 522 1571 communicationis
555 1545 585 1571 et
613 1536 768 1571 interdicti
795 1536 993 1577 sententiis,2

228 1586 434 1632 proterviores
461 1585 573 1627 effecti,
613 1586 746 1633 prolapsi
781 1597 907 1633 semper
941 1586 993 1620 in³

227 1633 379 1680 deterius,
401 1635 506 1682 peiora
530 1635 568 1669 de
583 1635 634 1670 dic
656 1636 686 1669 in
710 1635 793 1670 diem
815 1635 972 1682 prioribus
992 1633 993 1657 ³

227 1685 463 1719 commiserunt.
499 1684 592 1719 Unde
626 1694 732 1720 contra
771 1697 825 1719 eos
860 1697 972 1719 manus

227 1732 322 1768 Sedis
342 1733 542 1780 Apostolicae
565 1743 786 1780 aggravantes,
814 1734 845 1768 in
873 1734 973 1768 maio-

228 1793 293 1817 rem
316 1782 531 1818 confusionem
560 1783 695 1829 ipsorum
725 1782 893 1830 praefatam
917 1779 994 1819 ter-l

228 1843 293 1866 ram
311 1830 502 1878 Garfagnani
525 1844 542 1867 a
564 1832 680 1867 ditione
695 1832 812 1867 Lucani
834 1833 972 1879 episcopi
993 1866 994 1869 ,

229 1880 378 1926 dux-imus
403 1881 651 1917 subducendam.
678 1881 761 1928 quod
790 1882 847 1928 ipsi
872 1882 995 1929 parvi-3

1013 745 1169 786 habendo,
1199 744 1308 780 saltem
1344 745 1516 780 amittendo
1550 752 1756 792 cognoscant,

1015 795 1160 843 illamque
1193 806 1226 829 se
1261 794 1384 830 doleant
1411 795 1565 830 amisisse..
1595 794 1754 841 Asperiori

1013 857 1086 891 ergo
1126 844 1354 879 medicamento
1394 845 1481 892 periti
1520 843 1633 879 medici
1669 855 1756 878 more

1013 902 1157 937 utentes,
1184 894 1237 940 qni
1268 893 1383 929 ferrum
1413 893 1597 929 vulneribus
1631 892 1757 928 adhibet

1013 956 1082 978 cum
1111 943 1318 978 fomentorum
1347 955 1408 977 non
1447 943 1587 978 sentiunt
1624 941 1757 977 medici-

1014 1005 1095 1028 nam.
1124 992 1332 1028 Attendcntes
1365 993 1457 1028 etiam
1491 993 1573 1040 quod
1601 991 1679 1027 nihil
1710 1000 1757 1026 est

1014 1043 1138 1084 iustius,
1160 1054 1252 1089 qnam
1280 1043 1362 1090 quod
1388 1042 1417 1076 in
1441 1054 1478 1077 eo
1500 1042 1571 1090 quis
1592 1041 1755 1089 puniatur,

1772 244 1822 270 An.
1842 243 1952 270 (21250

1783 1008 1872 1029 Minatur
1922 1010 1953 1029 eis

1770 1039 1857 1065 Gregor.
1869 1045 1954 1065 supres-

1728 1090 1734 1096 ,
1771 1072 1851 1091 sionem
1862 1071 1951 1096 dignita-

1014 1092 1044 1126 in
1072 1104 1134 1139 quo
1162 1092 1300 1126 noscitur
1334 1092 1523 1139 deliquisse,
1555 1091 1594 1126 de
1623 1090 1757 1126 consilto

1014 1142 1141 1176 fratrum
1175 1149 1352 1176 nostrorum
1381 1142 1560 1181 statuimus,
1587 1140 1646 1176 nisi
1674 1152 1756 1187 prae·

1014 1191 1064 1225 fati
1092 1191 1175 1225 cives
1200 1191 1236 1225 ad
1274 1191 1455 1226 mandatum
1493 1200 1632 1225 nostrum
1655 1202 1757 1237 usque

1013 1240 1050 1274 ad
1088 1241 1229 1287 proxime
1266 1249 1432 1275 venturum
1471 1240 1584 1275 festum
1620 1239 1758 1274 Assum-

1015 1290 1129 1336 ptionis
1151 1289 1265 1324 Beatae
1286 1289 1424 1336 Virginis
1446 1297 1641 1324 revertantur
1662 1300 1758 1336 super

1015 1339 1068 1378 iis,
1107 1351 1161 1384 pro
1183 1338 1300 1386 quibus
1325 1338 1586 1374 excommunicati
1609 1346 1701 1377 sunt,
1727 1346 1756 1372 et

1015 1388 1171 1423 interdicti
1211 1388 1453 1423 satisfactionem
1491 1384 1662 1435 plenariam
1696 1387 1757 1421 im-

1014 1437 1161 1485 pensuri,
1188 1449 1242 1472 eos
1268 1437 1439 1485 episcopali
1473 1437 1604 1475 honore,
1631 1448 1695 1484 quo
1724 1448 1758 1471 se

1015 1486 1219 1521 reddiderunt
1243 1487 1403 1534 indignos,
1425 1494 1456 1523 et
1477 1487 1637 1522 Ecclesiae
1657 1485 1757 1521 cathe-

1013 1537 1108 1571 dralis
1135 1536 1302 1572 canonicos
1324 1536 1486 1583 dignitate,
1513 1537 1537 1571 si
1572 1548 1664 1584 quam
1700 1535 1758 1570 ha—

1014 1586 1107 1621 beant
1133 1586 1172 1621 ab
1193 1586 1373 1633 Apostolica
1395 1585 1490 1631 Sede,
1518 1585 1697 1633 privandos,
1724 1593 1757 1619 ut

1014 1637 1058 1670 sic
1080 1635 1208 1670 demum
1238 1635 1364 1671 doleant
1391 1636 1496 1670 datum
1519 1635 1629 1670 alienis
1654 1634 1756 1669 hono-

1015 1698 1078 1719 rem
1112 1686 1264 1732 ipsorum,
1298 1693 1327 1720 et
1350 1686 1381 1719 in
1408 1685 1532 1720 labores
1557 1696 1633 1719 snos
1653 1691 1757 1719 extra-

993 1735 994 1768 }
1015 1747 1089 1769 neos
1111 1735 1267 1775 introisse,
1296 1735 1386 1769 nobis
1415 1743 1490 1769 tunc
1515 1746 1588 1769 cum
1608 1733 1758 1780 Sapiente

1015 1784 1162 1819 dicturis:
1190 1783 1316 1829 vocavi,
1349 1793 1379 1819 et
1406 1791 1598 1824 renuerunt,
1632 1782 1757 1818 extendi

1015 1845 1125 1868 manns
1147 1845 1243 1878 meas,
1278 1842 1308 1868 et
1329 1846 1391 1869 non
1427 1834 1483 1868 fnit
1509 1834 1562 1881 qui
1593 1833 1758 1880 aspiceret,

1015 1883 1227 1930 despexerunt
1259 1894 1352 1918 omne
1386 1883 1550 1918 consilium
1578 1894 1702 1927 meum,
1729 1889 1759 1917 et

231 1929 415 1977 pendentes,
447 1931 527 1965 sicut
548 1938 578 1964 et
599 1942 761 1965 censuram
784 1931 973 1966 ecclesiasti·
993 1930 995 1967 l
1015 1933 1246 1980 increpationes
1274 1945 1358 1968 meas
1389 1934 1513 1980 penitus
1543 1932 1757 1978 neglexerunt.

229 1990 286 2014 cae
310 1979 508 2026 disciplinae,
532 1980 696 2014 noluerunt
712 1992 728 2015 a
751 1981 796 2015 via
819 1993 872 2015 sua
894 1981 972 2015 mala
1015 1982 1086 2023 Quo
1107 1983 1187 2017 circa
1216 1982 1395 2017 fraternitati
1425 1991 1495 2017 tuae
1513 1994 1569 2029 per
1589 1982 1758 2029 apostolica

232 2029 360 2069 reverti,
387 2029 441 2063 sed
469 2029 513 2064 eis
536 2029 646 2064 fortius
679 2029 844 2064 obstinatis
872 2039 902 2064 et
929 2030 974 2064 in-
1015 2032 1127 2078 scripta
1151 2031 1290 2066 districte
1314 2031 1536 2080 praecipiendo
1559 2031 1757 2075 mandamus,

231 2077 418 2113 durantibus
456 2077 564 2114 faciem
596 2090 689 2125 supra
719 2088 848 2125 petram,
877 2081 975 2114 incre·
993 2076 995 2121 j
1015 2089 1170 2127 quatenus
1203 2089 1351 2116 statutum
1380 2081 1559 2117 huiusmodi
1584 2092 1645 2115 non
1672 2079 1759 2115 diffe-

230 2126 370 2162 dibiliter
384 2139 467 2162 nunc
482 2136 646 2162 creverunt
661 2128 841 2174 iniquitates
852 2140 972 2170 eorum,
994 2169 995 2180 ¹
1016 2142 1064 2164 ras
1088 2130 1257 2177 publicare.
1292 2130 1330 2165 Et
1360 2132 1384 2165 si
1408 2130 1571 2165 memorati
1603 2130 1688 2165 cives
1710 2142 1758 2164 us·

230 2176 348 2224 quibus
375 2176 599 2224 multiplicatis.
623 2178 749 2223 sangnis
770 2178 892 2212 videtur
906 2191 975 2213 san·
994 2181 995 2184 ’
1015 2192 1076 2225 qne
1098 2181 1134 2214 ad
1166 2189 1378 2227 praetaxatum
1415 2180 1582 2215 terminum
1618 2191 1680 2214 non
1714 2190 1756 2213 re-

231 2226 358 2272 guinem
382 2226 538 2273 tetigisse,
560 2234 687 2273 propter
713 2226 796 2273 quod
820 2228 856 2262 ad
889 2227 972 2262 illam
994 2228 996 2275 1
1016 2230 1142 2272 dierint,
1169 2238 1326 2276 tamquam
1355 2242 1427 2276 prae
1450 2228 1665 2275 magnitudine
1686 2227 1757 2263 cul-

233 2275 450 2310 necessitatem
479 2276 545 2309 suis
579 2288 636 2309 nos
662 2276 809 2322 operibus
843 2276 975 2312 induxe-
994 2280 996 2310 ἱ
1018 2291 1073 2325 pac
1109 2278 1214 2313 divino
1250 2279 1365 2313 iudicio
1399 2278 1553 2326 reprobati
1585 2277 1757 2312 sententias

232 2332 318 2365 runt,
339 2333 373 2359 ut
393 2325 513 2360 etiamsi
541 2325 687 2367 velimus,
713 2325 831 2360 eisdem
862 2326 975 2373 impoe-
994 2317 997 2355 1
1018 2327 1150 2373 prolatas
1181 2337 1242 2362 tam
1271 2328 1301 2361 in
1334 2328 1416 2362 cives
1449 2327 1636 2375 praedictOS,
1663 2338 1756 2374 quam

234 2373 406 2409 nitentibus
432 2386 559 2421 parcere
586 2385 647 2408 non
672 2376 841 2420 possimus,
863 2376 976 2410 acim-
1018 2378 1047 2411 in
1066 2377 1200 2411 fautores
1225 2389 1332 2411 eornm
1357 2377 1504 2412 innovare
1528 2388 1688 2424 procures,
1711 2385 1759 2411 to-

236 2422 333 2469 pietas
368 2423 509 2458 videatur
543 2435 638 2469 snper
666 2424 877 2470 impietatibus
909 2426 976 2460 suis
996 2447 997 2470 i
1018 2434 1143 2472 tamque
1174 2434 1286 2460 terram
1319 2427 1457 2473 ipsorum
1490 2427 1665 2462 arctissimo
1687 2438 1760 2474 sup-

236 2472 379 2518 pietatem
402 2472 527 2508 habere.
564 2473 673 2519 Nuper
705 2485 840 2520 namque
862 2481 975 2510 terram
995 2479 998 2515 l
1018 2488 1134 2523 ponere
1157 2476 1338 2520 interdictO,
1362 2477 1400 2510 ita
1423 2476 1508 2522 quod
1536 2485 1658 2523 praeter
1684 2488 1760 2525 poe·

235 2521 423 2567 praedictam
448 2522 601 2557 hostiliter
622 2522 832 2563 destruentes,
859 2531 890 2558 et
911 2536 978 2559 cru·
996 2535 998 2571 ¹,
1018 2525 1162 2559 nitentias
1185 2525 1400 2566 morientium,
1422 2533 1451 2560 et
1474 2525 1661 2573 baptismata
1687 2538 1759 2575 par-

234 2569 392 2606 delitatem
422 2571 551 2606 nimiam
584 2580 778 2612 exercentes,
813 2572 895 2608 inter
916 2574 976 2609 alia
996 2574 999 2617 ξ
1018 2574 1158 2609 vulorum
1195 2574 1277 2609 nulla
1316 2574 1356 2609 ibi
1391 2584 1584 2611 sacramenta
1610 2576 1760 2612 ecclesia-

235 2619 381 2664 nefanda,
406 2632 485 2667 quae
512 2622 737 2656 commiserunt
759 2621 888 2664 ibidem,
909 2623 977 2657 im·
994 2621 999 2665 j
1018 2625 1092 2658 stica
1120 2623 1330 2659 conferantur.
1360 2623 1521 2660 Praeterea
1549 2625 1673 2674 populis
1697 2627 1761 2661 cir-

1770 1105 1812 1122 tem
1845 1104 1865 1121 et
1884 1100 1953 1121 hono-

1771 1138 1822 1153 rum.

1784 2143 1860 2165 Pisano
1881 2145 1951 2164 archi-

1772 2178 1837 2202 epist:⁴
1855 2176 1952 2200 mandat,

1771 2210 1793 2227 ut
1811 2207 1896 2227 eosdem
1917 2207 1951 2226 ad-

1771 2240 1856 2258 moneat
1870 2237 1895 2257 de
1915 2241 1953 2256 ox-

1771 2267 1873 2289 censibus.
