<?xml version="1.0" encoding="UTF-8"?>
<!DOCTYPE html PUBLIC "-//W3C//DTD XHTML 1.0 Transitional//EN"
    "http://www.w3.org/TR/xhtml1/DTD/xhtml1-transitional.dtd">
<html xmlns="http://www.w3.org/1999/xhtml" xml:lang="en" lang="en">
 <head>
  <title>
</title>
<meta http-equiv="Content-Type" content="text/html;charset=utf-8" />
  <meta name='ocr-system' content='tesseract 3.04.00' />
  <meta name='ocr-capabilities' content='ocr_page ocr_carea ocr_par ocr_line ocrx_word'/>
</head>
<body>
  <div class='ocr_page' id='page_1' title='image "./bullarumdiplomat03cath/bullarumdiplomat03cath_0140.png"; bbox 0 0 2129 3223; ppageno 0'>
   <div class='ocr_carea' id='block_1_1' title="bbox 170 278 350 304">
    <p class='ocr_par' dir='ltr' id='par_1_1' title="bbox 170 278 350 304">
     <span class='ocr_line' id='line_1_1' title="bbox 170 278 350 304; baseline -0.011 0"><span class='ocrx_word' id='word_1_1' title='bbox 170 278 207 304; x_wconf 80' lang='grc' dir='ltr'>Αη</span> <span class='ocrx_word' id='word_1_2' title='bbox 237 278 254 303; x_wconf 73' lang='grc' dir='ltr'>(ἶ</span> <span class='ocrx_word' id='word_1_3' title='bbox 285 278 350 303; x_wconf 52' lang='lat' dir='ltr'>tta&amp;</span> 
     </span>
    </p>
   </div>
   <div class='ocr_carea' id='block_1_2' title="bbox 176 1520 358 1604">
    <p class='ocr_par' dir='ltr' id='par_1_2' title="bbox 176 1520 358 1604">
     <span class='ocr_line' id='line_1_2' title="bbox 189 1520 358 1547; baseline 0.006 -6"><span class='ocrx_word' id='word_1_4' title='bbox 189 1520 287 1547; x_wconf 64' lang='lat' dir='ltr'>[tegulam</span> <span class='ocrx_word' id='word_1_5' title='bbox 311 1526 358 1542; x_wconf 75' lang='lat' dir='ltr'>ser—</span> 
     </span>
     <span class='ocr_line' id='line_1_3' title="bbox 176 1553 357 1573; baseline 0 -1"><span class='ocrx_word' id='word_1_6' title='bbox 176 1554 262 1573; x_wconf 71' lang='lat' dir='ltr'>vandam</span> <span class='ocrx_word' id='word_1_7' title='bbox 273 1553 304 1573; x_wconf 72' lang='lat' dir='ltr'>sis</span> <span class='ocrx_word' id='word_1_8' title='bbox 314 1555 357 1572; x_wconf 70' lang='lat' dir='ltr'>tra-</span> 
     </span>
     <span class='ocr_line' id='line_1_4' title="bbox 176 1585 212 1604; baseline -0.056 0"><span class='ocrx_word' id='word_1_9' title='bbox 176 1585 212 1604; x_wconf 79' lang='lat' dir='ltr'>dn.</span> 
     </span>
    </p>
   </div>
   <div class='ocr_carea' id='block_1_3' title="bbox 184 2267 370 2324">
    <p class='ocr_par' dir='ltr' id='par_1_3' title="bbox 184 2267 370 2324">
     <span class='ocr_line' id='line_1_5' title="bbox 196 2267 370 2288; baseline -0.017 0"><span class='ocrx_word' id='word_1_10' title='bbox 196 2267 322 2288; x_wconf 66' lang='lat' dir='ltr'>obedientia</span> <span class='ocrx_word' id='word_1_11' title='bbox 333 2272 351 2286; x_wconf 85' lang='lat' dir='ltr'>m</span> <span class='ocrx_word' id='word_1_12' title='bbox 366 2272 370 2285; x_wconf 83' lang='lat' dir='ltr'>i</span> 
     </span>
     <span class='ocr_line' id='line_1_6' title="bbox 184 2299 369 2324; baseline -0.005 -7"><span class='ocrx_word' id='word_1_13' title='bbox 184 2302 252 2317; x_wconf 61' lang='grc' dir='ltr'>*τμη-Λ</span> <span class='ocrx_word' id='word_1_14' title='bbox 260 2299 369 2324; x_wconf 59' lang='lat' dir='ltr'>praestru-</span> 
     </span>
    </p>
   </div>
   <div class='ocr_carea' id='block_1_4' title="bbox 203 2513 355 2533">
    <p class='ocr_par' dir='ltr' id='par_1_4' title="bbox 203 2513 355 2533">
     <span class='ocr_line' id='line_1_7' title="bbox 203 2513 355 2533; baseline -0.02 0"><span class='ocrx_word' id='word_1_15' title='bbox 203 2513 323 2533; x_wconf 48' lang='lat' dir='ltr'>Redditus-m</span> <span class='ocrx_word' id='word_1_16' title='bbox 338 2513 355 2531; x_wconf 75' lang='lat' dir='ltr'>&#39;Ji</span> 
     </span>
    </p>
   </div>
   <div class='ocr_carea' id='block_1_5' title="bbox 417 269 1120 299">
    <p class='ocr_par' dir='ltr' id='par_1_5' title="bbox 417 269 1120 299">
     <span class='ocr_line' id='line_1_8' title="bbox 417 269 1120 299; baseline -0.004 -1"><span class='ocrx_word' id='word_1_17' title='bbox 417 269 479 299; x_wconf 63' lang='lat'>154</span> <span class='ocrx_word' id='word_1_18' title='bbox 935 273 1120 296; x_wconf 57' lang='lat' dir='ltr'>surranum</span> 
     </span>
    </p>
   </div>
   <div class='ocr_carea' id='block_1_6' title="bbox 363 326 1150 2688">
    <p class='ocr_par' dir='ltr' id='par_1_6' title="bbox 363 326 1128 2196">
     <span class='ocr_line' id='line_1_9' title="bbox 364 326 1106 378; baseline -0.007 -13"><span class='ocrx_word' id='word_1_19' title='bbox 364 331 438 372; x_wconf 87' lang='lat' dir='ltr'>tuti,</span> <span class='ocrx_word' id='word_1_20' title='bbox 475 329 534 378; x_wconf 91' lang='lat' dir='ltr'>piis</span> <span class='ocrx_word' id='word_1_21' title='bbox 555 328 707 363; x_wconf 88' lang='lat' dir='ltr'>debemus</span> <span class='ocrx_word' id='word_1_22' title='bbox 728 327 891 363; x_wconf 81' lang='lat' dir='ltr'>affectibus</span> <span class='ocrx_word' id='word_1_23' title='bbox 925 326 1106 372; x_wconf 75' lang='lat' dir='ltr'>suffragari,</span> 
     </span>
     <span class='ocr_line' id='line_1_10' title="bbox 363 377 1106 424; baseline -0.007 -9"><span class='ocrx_word' id='word_1_24' title='bbox 363 388 392 415; x_wconf 86' lang='lat' dir='ltr'>et</span> <span class='ocrx_word' id='word_1_25' title='bbox 412 391 478 420; x_wconf 86' lang='lat' dir='ltr'>eos,</span> <span class='ocrx_word' id='word_1_26' title='bbox 500 390 572 413; x_wconf 90' lang='lat' dir='ltr'>cum</span> <span class='ocrx_word' id='word_1_27' title='bbox 596 389 612 412; x_wconf 88' lang='lat' dir='ltr'>a</span> <span class='ocrx_word' id='word_1_28' title='bbox 634 377 772 413; x_wconf 83' lang='lat' dir='ltr'>caritatis</span> <span class='ocrx_word' id='word_1_29' title='bbox 796 377 898 412; x_wconf 79' lang='lat' dir='ltr'>radice</span> <span class='ocrx_word' id='word_1_30' title='bbox 921 377 1106 424; x_wconf 86' lang='lat' dir='ltr'>procedunt,</span> 
     </span>
     <span class='ocr_line' id='line_1_11' title="bbox 364 425 1105 477; baseline -0.009 -12"><span class='ocrx_word' id='word_1_31' title='bbox 364 428 537 477; x_wconf 83' lang='lat' dir='ltr'>perducere</span> <span class='ocrx_word' id='word_1_32' title='bbox 567 427 605 462; x_wconf 89' lang='lat' dir='ltr'>ad</span> <span class='ocrx_word' id='word_1_33' title='bbox 643 427 805 467; x_wconf 79' lang='lat' dir='ltr'>effectuni3</span> <span class='ocrx_word' id='word_1_34' title='bbox 842 426 1024 474; x_wconf 83' lang='lat' dir='ltr'>praesertim</span> <span class='ocrx_word' id='word_1_35' title='bbox 1054 425 1105 460; x_wconf 90' lang='lat' dir='ltr'>ubi</span> 
     </span>
     <span class='ocr_line' id='line_1_12' title="bbox 363 475 1107 527; baseline -0.005 -14"><span class='ocrx_word' id='word_1_36' title='bbox 363 478 447 527; x_wconf 89' lang='lat' dir='ltr'>quod</span> <span class='ocrx_word' id='word_1_37' title='bbox 469 477 640 526; x_wconf 89' lang='lat' dir='ltr'>quaeritur,</span> <span class='ocrx_word' id='word_1_38' title='bbox 662 476 732 512; x_wconf 86' lang='lat' dir='ltr'>Iesu</span> <span class='ocrx_word' id='word_1_39' title='bbox 760 475 876 511; x_wconf 87' lang='lat' dir='ltr'>Christi</span> <span class='ocrx_word' id='word_1_40' title='bbox 902 483 959 520; x_wconf 86' lang='lat' dir='ltr'>est,</span> <span class='ocrx_word' id='word_1_41' title='bbox 992 484 1021 510; x_wconf 91' lang='lat' dir='ltr'>et</span> <span class='ocrx_word' id='word_1_42' title='bbox 1044 476 1107 522; x_wconf 84' lang='lat' dir='ltr'>pri-</span> 
     </span>
     <span class='ocr_line' id='line_1_13' title="bbox 364 524 1108 564; baseline -0.004 -3"><span class='ocrx_word' id='word_1_43' title='bbox 364 536 450 564; x_wconf 87' lang='lat' dir='ltr'>vatae</span> <span class='ocrx_word' id='word_1_44' title='bbox 471 527 650 563; x_wconf 88' lang='lat' dir='ltr'>communis</span> <span class='ocrx_word' id='word_1_45' title='bbox 675 526 789 561; x_wconf 87' lang='lat' dir='ltr'>utilitas</span> <span class='ocrx_word' id='word_1_46' title='bbox 810 526 991 561; x_wconf 62' lang='lat' dir='ltr'>antefertutx</span> <span class='ocrx_word' id='word_1_47' title='bbox 1026 524 1108 559; x_wconf 87' lang='lat' dir='ltr'>Sane</span> 
     </span>
     <span class='ocr_line' id='line_1_14' title="bbox 363 574 1108 618; baseline -0.004 -8"><span class='ocrx_word' id='word_1_48' title='bbox 363 590 435 612; x_wconf 75' lang='lat' dir='ltr'>cum</span> <span class='ocrx_word' id='word_1_49' title='bbox 459 585 503 618; x_wconf 89' lang='lat' dir='ltr'>tu,</span> <span class='ocrx_word' id='word_1_50' title='bbox 525 576 638 611; x_wconf 85' lang='lat' dir='ltr'>dilecte</span> <span class='ocrx_word' id='word_1_51' title='bbox 661 575 690 610; x_wconf 87' lang='lat' dir='ltr'>in</span> <span class='ocrx_word' id='word_1_52' title='bbox 714 575 840 610; x_wconf 79' lang='lat' dir='ltr'>Christo</span> <span class='ocrx_word' id='word_1_53' title='bbox 869 575 909 609; x_wconf 85' lang='lat' dir='ltr'>tili</span> <span class='ocrx_word' id='word_1_54' title='bbox 939 576 1030 608; x_wconf 80' lang='lat' dir='ltr'>frater</span> <span class='ocrx_word' id='word_1_55' title='bbox 1059 574 1108 607; x_wconf 87' lang='lat' dir='ltr'>lo-</span> 
     </span>
     <span class='ocr_line' id='line_1_15' title="bbox 365 624 1106 671; baseline -0.008 -8"><span class='ocrx_word' id='word_1_56' title='bbox 365 628 485 663; x_wconf 85' lang='lat' dir='ltr'>hannes</span> <span class='ocrx_word' id='word_1_57' title='bbox 506 627 666 666; x_wconf 77' lang='lat' dir='ltr'><strong>minister,</strong></span> <span class='ocrx_word' id='word_1_58' title='bbox 692 625 730 660; x_wconf 91' lang='lat' dir='ltr'>ad</span> <span class='ocrx_word' id='word_1_59' title='bbox 754 633 891 660; x_wconf 90' lang='lat' dir='ltr'>nostram</span> <span class='ocrx_word' id='word_1_60' title='bbox 914 624 988 659; x_wconf 91' lang='lat' dir='ltr'>olim</span> <span class='ocrx_word' id='word_1_61' title='bbox 1016 636 1106 671; x_wconf 89' lang='lat' dir='ltr'>prae-</span> 
     </span>
     <span class='ocr_line' id='line_1_16' title="bbox 364 675 1109 722; baseline -0.008 -10"><span class='ocrx_word' id='word_1_62' title='bbox 364 678 496 712; x_wconf 78' lang='lat' dir='ltr'>sentiam</span> <span class='ocrx_word' id='word_1_63' title='bbox 518 676 716 719; x_wconf 77' lang='lat' dir='ltr'>accessisses,</span> <span class='ocrx_word' id='word_1_64' title='bbox 737 683 768 709; x_wconf 89' lang='lat' dir='ltr'>et</span> <span class='ocrx_word' id='word_1_65' title='bbox 790 675 984 722; x_wconf 88' lang='lat' dir='ltr'>propositum</span> <span class='ocrx_word' id='word_1_66' title='bbox 1009 681 1109 713; x_wconf 87' lang='lat' dir='ltr'>tuum,</span> 
     </span>
     <span class='ocr_line' id='line_1_17' title="bbox 365 724 1111 773; baseline -0.005 -12"><span class='ocrx_word' id='word_1_67' title='bbox 365 727 448 773; x_wconf 85' lang='lat' dir='ltr'>quod</span> <span class='ocrx_word' id='word_1_68' title='bbox 472 739 506 761; x_wconf 83' lang='lat' dir='ltr'>ex</span> <span class='ocrx_word' id='word_1_69' title='bbox 528 724 732 772; x_wconf 78' lang='lat' dir='ltr'>inspiratione</span> <span class='ocrx_word' id='word_1_70' title='bbox 755 724 858 758; x_wconf 88' lang='lat' dir='ltr'>divina</span> <span class='ocrx_word' id='word_1_71' title='bbox 881 724 1019 758; x_wconf 89' lang='lat' dir='ltr'>creditur</span> <span class='ocrx_word' id='word_1_72' title='bbox 1042 735 1111 769; x_wconf 89' lang='lat' dir='ltr'>pro-</span> 
     </span>
     <span class='ocr_line' id='line_1_18' title="bbox 365 773 1110 820; baseline -0.008 -9"><span class='ocrx_word' id='word_1_73' title='bbox 365 777 508 815; x_wconf 80' lang='lat' dir='ltr'>cessisse,</span> <span class='ocrx_word' id='word_1_74' title='bbox 531 775 621 810; x_wconf 86' lang='lat' dir='ltr'>nobis</span> <span class='ocrx_word' id='word_1_75' title='bbox 637 774 796 809; x_wconf 79' lang='lat' dir='ltr'>humiliter</span> <span class='ocrx_word' id='word_1_76' title='bbox 809 773 985 820; x_wconf 74' lang='lat' dir='ltr'>significare</span> <span class='ocrx_word' id='word_1_77' title='bbox 1000 785 1110 807; x_wconf 82' lang='lat' dir='ltr'>curas-</span> 
     </span>
     <span class='ocr_line' id='line_1_19' title="bbox 366 822 1111 870; baseline -0.007 -10"><span class='ocrx_word' id='word_1_78' title='bbox 366 839 433 864; x_wconf 63' lang='lat' dir='ltr'>ses,</span> <span class='ocrx_word' id='word_1_79' title='bbox 457 825 662 860; x_wconf 84' lang='lat' dir='ltr'>intentionem</span> <span class='ocrx_word' id='word_1_80' title='bbox 685 832 769 858; x_wconf 89' lang='lat' dir='ltr'>tuam</span> <span class='ocrx_word' id='word_1_81' title='bbox 793 822 955 870; x_wconf 88' lang='lat' dir='ltr'>postulans</span> <span class='ocrx_word' id='word_1_82' title='bbox 983 830 1111 869; x_wconf 84' lang='lat' dir='ltr'>aposto—</span> 
     </span>
     <span class='ocr_line' id='line_1_20' title="bbox 368 871 1110 911; baseline -0.008 -1"><span class='ocrx_word' id='word_1_83' title='bbox 368 876 427 910; x_wconf 89' lang='lat' dir='ltr'>lico</span> <span class='ocrx_word' id='word_1_84' title='bbox 454 874 629 909; x_wconf 83' lang='lat' dir='ltr'>munimine</span> <span class='ocrx_word' id='word_1_85' title='bbox 656 873 853 911; x_wconf 82' lang='lat' dir='ltr'>confirmaii;</span> <span class='ocrx_word' id='word_1_86' title='bbox 883 884 939 906; x_wconf 88' lang='lat' dir='ltr'>nos</span> <span class='ocrx_word' id='word_1_87' title='bbox 967 879 998 906; x_wconf 90' lang='lat' dir='ltr'>ut</span> <span class='ocrx_word' id='word_1_88' title='bbox 1025 871 1110 905; x_wconf 84' lang='lat' dir='ltr'>(lesi-</span> 
     </span>
     <span class='ocr_line' id='line_1_21' title="bbox 367 920 1114 967; baseline -0.007 -7"><span class='ocrx_word' id='word_1_89' title='bbox 367 925 488 960; x_wconf 89' lang='lat' dir='ltr'>derium</span> <span class='ocrx_word' id='word_1_90' title='bbox 512 932 601 958; x_wconf 91' lang='lat' dir='ltr'>tuum</span> <span class='ocrx_word' id='word_1_91' title='bbox 626 923 785 957; x_wconf 77' lang='lat' dir='ltr'>fundatum</span> <span class='ocrx_word' id='word_1_92' title='bbox 810 923 840 955; x_wconf 86' lang='lat' dir='ltr'>in</span> <span class='ocrx_word' id='word_1_93' title='bbox 868 920 1007 961; x_wconf 82' lang='lat' dir='ltr'>Christo,</span> <span class='ocrx_word' id='word_1_94' title='bbox 1029 933 1114 967; x_wconf 79' lang='lat' dir='ltr'>prae—</span> 
     </span>
     <span class='ocr_line' id='line_1_22' title="bbox 367 970 1114 1022; baseline -0.007 -14"><span class='ocrx_word' id='word_1_95' title='bbox 367 984 413 1010; x_wconf 87' lang='lat' dir='ltr'>ter</span> <span class='ocrx_word' id='word_1_96' title='bbox 438 985 534 1022; x_wconf 89' lang='lat' dir='ltr'>quem</span> <span class='ocrx_word' id='word_1_97' title='bbox 562 973 634 1020; x_wconf 87' lang='lat' dir='ltr'>poni</span> <span class='ocrx_word' id='word_1_98' title='bbox 661 984 722 1006; x_wconf 88' lang='lat' dir='ltr'>uon</span> <span class='ocrx_word' id='word_1_99' title='bbox 751 979 848 1017; x_wconf 86' lang='lat' dir='ltr'>potest</span> <span class='ocrx_word' id='word_1_100' title='bbox 873 970 984 1005; x_wconf 87' lang='lat' dir='ltr'>stabile</span> <span class='ocrx_word' id='word_1_101' title='bbox 1006 970 1114 1004; x_wconf 80' lang='lat' dir='ltr'>funda-</span> 
     </span>
     <span class='ocr_line' id='line_1_23' title="bbox 367 1019 1114 1069; baseline -0.008 -10"><span class='ocrx_word' id='word_1_102' title='bbox 367 1032 523 1063; x_wconf 86' lang='lat' dir='ltr'>mentum,</span> <span class='ocrx_word' id='word_1_103' title='bbox 551 1022 674 1069; x_wconf 78' lang='lat' dir='ltr'>plenius</span> <span class='ocrx_word' id='word_1_104' title='bbox 701 1032 915 1059; x_wconf 74' lang='lat' dir='ltr'>nosceremus,</span> <span class='ocrx_word' id='word_1_105' title='bbox 949 1019 985 1053; x_wconf 81' lang='lat' dir='ltr'>ad</span> <span class='ocrx_word' id='word_1_106' title='bbox 1020 1031 1114 1054; x_wconf 88' lang='lat' dir='ltr'>vene-</span> 
     </span>
     <span class='ocr_line' id='line_1_24' title="bbox 368 1069 1115 1116; baseline -0.009 -7"><span class='ocrx_word' id='word_1_107' title='bbox 368 1073 497 1109; x_wconf 88' lang='lat' dir='ltr'>rabilem</span> <span class='ocrx_word' id='word_1_108' title='bbox 534 1072 657 1106; x_wconf 71' lang='lat' dir='ltr'>fratrem</span> <span class='ocrx_word' id='word_1_109' title='bbox 686 1077 826 1104; x_wconf 80' lang='lat' dir='ltr'>nostruin</span> <span class='ocrx_word' id='word_1_110' title='bbox 855 1069 1052 1116; x_wconf 86' lang='lat' dir='ltr'>episcopum,</span> <span class='ocrx_word' id='word_1_111' title='bbox 1085 1077 1115 1102; x_wconf 90' lang='lat' dir='ltr'>et</span> 
     </span>
     <span class='ocr_line' id='line_1_25' title="bbox 368 1117 1116 1158; baseline -0.008 -1"><span class='ocrx_word' id='word_1_112' title='bbox 368 1123 518 1158; x_wconf 86' lang='lat' dir='ltr'>dilectum</span> <span class='ocrx_word' id='word_1_113' title='bbox 543 1121 639 1155; x_wconf 78' lang='lat' dir='ltr'>filiuni</span> <span class='ocrx_word' id='word_1_114' title='bbox 668 1119 811 1154; x_wconf 80' lang='lat' dir='ltr'>abbatem</span> <span class='ocrx_word' id='word_1_115' title='bbox 841 1118 945 1153; x_wconf 79' lang='lat' dir='ltr'>Sancti</span> <span class='ocrx_word' id='word_1_116' title='bbox 978 1117 1116 1152; x_wconf 79' lang='lat' dir='ltr'>Victoris</span> 
     </span>
     <span class='ocr_line' id='line_1_26' title="bbox 369 1167 1116 1207; baseline -0.007 -1"><span class='ocrx_word' id='word_1_117' title='bbox 369 1172 519 1207; x_wconf 63' lang='lat' dir='ltr'>parisien.</span> <span class='ocrx_word' id='word_1_118' title='bbox 555 1183 625 1205; x_wconf 89' lang='lat' dir='ltr'>cum</span> <span class='ocrx_word' id='word_1_119' title='bbox 654 1170 770 1205; x_wconf 80' lang='lat' dir='ltr'>nostris</span> <span class='ocrx_word' id='word_1_120' title='bbox 793 1176 821 1202; x_wconf 83' lang='lat' dir='ltr'>te</span> <span class='ocrx_word' id='word_1_121' title='bbox 848 1167 996 1202; x_wconf 84' lang='lat' dir='ltr'>duximus</span> <span class='ocrx_word' id='word_1_122' title='bbox 1019 1167 1116 1202; x_wconf 87' lang='lat' dir='ltr'>literis</span> 
     </span>
     <span class='ocr_line' id='line_1_27' title="bbox 370 1216 1117 1266; baseline -0.004 -12"><span class='ocrx_word' id='word_1_123' title='bbox 370 1220 606 1259; x_wconf 62' lang='lat' dir='ltr'>remittendum</span> <span class='ocrx_word' id='word_1_124' title='bbox 635 1227 667 1254; x_wconf 90' lang='lat' dir='ltr'>ut</span> <span class='ocrx_word' id='word_1_125' title='bbox 688 1230 742 1266; x_wconf 89' lang='lat' dir='ltr'>per</span> <span class='ocrx_word' id='word_1_126' title='bbox 763 1230 827 1258; x_wconf 88' lang='lat' dir='ltr'>eos,</span> <span class='ocrx_word' id='word_1_127' title='bbox 858 1225 963 1264; x_wconf 76' lang='lat' dir='ltr'>utpote</span> <span class='ocrx_word' id='word_1_128' title='bbox 987 1216 1038 1264; x_wconf 85' lang='lat' dir='ltr'>qui</span> <span class='ocrx_word' id='word_1_129' title='bbox 1061 1216 1117 1251; x_wconf 90' lang='lat' dir='ltr'>de-</span> 
     </span>
     <span class='ocr_line' id='line_1_28' title="bbox 369 1266 1117 1315; baseline -0.007 -10"><span class='ocrx_word' id='word_1_130' title='bbox 369 1270 519 1305; x_wconf 85' lang='lat' dir='ltr'>siderium</span> <span class='ocrx_word' id='word_1_131' title='bbox 556 1278 644 1304; x_wconf 90' lang='lat' dir='ltr'>tuum</span> <span class='ocrx_word' id='word_1_132' title='bbox 681 1267 848 1315; x_wconf 85' lang='lat' dir='ltr'>perfectius</span> <span class='ocrx_word' id='word_1_133' title='bbox 883 1273 1052 1311; x_wconf 84' lang='lat' dir='ltr'>noverant,</span> <span class='ocrx_word' id='word_1_134' title='bbox 1079 1266 1117 1300; x_wconf 85' lang='lat' dir='ltr'>de</span> 
     </span>
     <span class='ocr_line' id='line_1_29' title="bbox 371 1315 1119 1355; baseline -0.005 -2"><span class='ocrx_word' id='word_1_135' title='bbox 371 1321 543 1355; x_wconf 87' lang='lat' dir='ltr'>intentione</span> <span class='ocrx_word' id='word_1_136' title='bbox 579 1327 664 1355; x_wconf 84' lang='lat' dir='ltr'>tua,·</span> <span class='ocrx_word' id='word_1_137' title='bbox 681 1325 709 1352; x_wconf 87' lang='lat' dir='ltr'>et</span> <span class='ocrx_word' id='word_1_138' title='bbox 739 1317 919 1351; x_wconf 88' lang='lat' dir='ltr'>intentionis</span> <span class='ocrx_word' id='word_1_139' title='bbox 946 1315 1049 1350; x_wconf 79' lang='lat' dir='ltr'>fructu</span> <span class='ocrx_word' id='word_1_140' title='bbox 1084 1327 1119 1350; x_wconf 89' lang='lat' dir='ltr'>ac</span> 
     </span>
     <span class='ocr_line' id='line_1_30' title="bbox 372 1364 1118 1404; baseline -0.008 0"><span class='ocrx_word' id='word_1_141' title='bbox 372 1370 570 1404; x_wconf 85' lang='lat' dir='ltr'>institutione</span> <span class='ocrx_word' id='word_1_142' title='bbox 593 1367 730 1404; x_wconf 76' lang='lat' dir='ltr'>ordinis.</span> <span class='ocrx_word' id='word_1_143' title='bbox 753 1375 780 1400; x_wconf 89' lang='lat' dir='ltr'>et</span> <span class='ocrx_word' id='word_1_144' title='bbox 806 1365 927 1399; x_wconf 72' lang='lat' dir='ltr'>mendi</span> <span class='ocrx_word' id='word_1_145' title='bbox 952 1364 1046 1399; x_wconf 83' lang='lat' dir='ltr'>modo</span> <span class='ocrx_word' id='word_1_146' title='bbox 1070 1365 1118 1399; x_wconf 90' lang='lat' dir='ltr'>in-</span> 
     </span>
     <span class='ocr_line' id='line_1_31' title="bbox 371 1414 1120 1461; baseline -0.009 -7"><span class='ocrx_word' id='word_1_147' title='bbox 371 1420 492 1459; x_wconf 68' lang='lat' dir='ltr'>structi,</span> <span class='ocrx_word' id='word_1_148' title='bbox 519 1428 682 1453; x_wconf 81' lang='lat' dir='ltr'>assensum</span> <span class='ocrx_word' id='word_1_149' title='bbox 708 1423 847 1450; x_wconf 80' lang='lat' dir='ltr'>nostruin</span> <span class='ocrx_word' id='word_1_150' title='bbox 871 1414 925 1449; x_wconf 88' lang='lat' dir='ltr'>tibi</span> <span class='ocrx_word' id='word_1_151' title='bbox 956 1426 1120 1461; x_wconf 81' lang='lat' dir='ltr'>possemus</span> 
     </span>
     <span class='ocr_line' id='line_1_32' title="bbox 371 1463 1119 1511; baseline -0.005 -10"><span class='ocrx_word' id='word_1_152' title='bbox 371 1469 514 1503; x_wconf 54' lang='lat' dir='ltr'>securius</span> <span class='ocrx_word' id='word_1_153' title='bbox 535 1476 564 1502; x_wconf 86' lang='lat' dir='ltr'>et</span> <span class='ocrx_word' id='word_1_154' title='bbox 591 1466 748 1501; x_wconf 77' lang='lat' dir='ltr'>efficacius</span> <span class='ocrx_word' id='word_1_155' title='bbox 771 1464 933 1511; x_wconf 84' lang='lat' dir='ltr'>impertiri.</span> <span class='ocrx_word' id='word_1_156' title='bbox 958 1463 1037 1505; x_wconf 86' lang='lat' dir='ltr'>Quia</span> <span class='ocrx_word' id='word_1_157' title='bbox 1062 1464 1119 1509; x_wconf 77' lang='lat' dir='ltr'>igi-</span> 
     </span>
     <span class='ocr_line' id='line_1_33' title="bbox 374 1514 1119 1559; baseline -0.009 -6"><span class='ocrx_word' id='word_1_158' title='bbox 374 1528 433 1556; x_wconf 76' lang='lat' dir='ltr'>tur,</span> <span class='ocrx_word' id='word_1_159' title='bbox 468 1518 551 1552; x_wconf 86' lang='lat' dir='ltr'>sicut</span> <span class='ocrx_word' id='word_1_160' title='bbox 583 1528 619 1550; x_wconf 78' lang='lat' dir='ltr'>ex</span> <span class='ocrx_word' id='word_1_161' title='bbox 650 1527 759 1550; x_wconf 87' lang='lat' dir='ltr'>eorum</span> <span class='ocrx_word' id='word_1_162' title='bbox 792 1514 888 1549; x_wconf 91' lang='lat' dir='ltr'>literis</span> <span class='ocrx_word' id='word_1_163' title='bbox 914 1514 1119 1559; x_wconf 80' lang='lat' dir='ltr'>cognovimus</span> 
     </span>
     <span class='ocr_line' id='line_1_34' title="bbox 372 1562 1119 1610; baseline -0.008 -8"><span class='ocrx_word' id='word_1_164' title='bbox 372 1567 548 1609; x_wconf 76' lang='lat' dir='ltr'>evidenter,</span> <span class='ocrx_word' id='word_1_165' title='bbox 569 1564 688 1600; x_wconf 86' lang='lat' dir='ltr'>Christi</span> <span class='ocrx_word' id='word_1_166' title='bbox 710 1563 832 1599; x_wconf 89' lang='lat' dir='ltr'>lucrum</span> <span class='ocrx_word' id='word_1_167' title='bbox 859 1569 1006 1610; x_wconf 87' lang='lat' dir='ltr'>appetere</span> <span class='ocrx_word' id='word_1_168' title='bbox 1032 1562 1119 1596; x_wconf 67' lang='lat' dir='ltr'>videu</span> 
     </span>
     <span class='ocr_line' id='line_1_35' title="bbox 374 1612 1121 1663; baseline -0.008 -12"><span class='ocrx_word' id='word_1_169' title='bbox 374 1617 449 1651; x_wconf 90' lang='lat' dir='ltr'>mini</span> <span class='ocrx_word' id='word_1_170' title='bbox 486 1615 556 1663; x_wconf 90' lang='lat' dir='ltr'>plus</span> <span class='ocrx_word' id='word_1_171' title='bbox 589 1627 684 1662; x_wconf 89' lang='lat' dir='ltr'>quam</span> <span class='ocrx_word' id='word_1_172' title='bbox 721 1621 877 1653; x_wconf 88' lang='lat' dir='ltr'>vestrum,</span> <span class='ocrx_word' id='word_1_173' title='bbox 916 1612 1054 1647; x_wconf 81' lang='lat' dir='ltr'>volentes</span> <span class='ocrx_word' id='word_1_174' title='bbox 1089 1619 1121 1646; x_wconf 92' lang='lat' dir='ltr'>ut</span> 
     </span>
     <span class='ocr_line' id='line_1_36' title="bbox 373 1661 1121 1714; baseline -0.008 -14"><span class='ocrx_word' id='word_1_175' title='bbox 373 1666 580 1714; x_wconf 77' lang='lat' dir='ltr'>apostolicum</span> <span class='ocrx_word' id='word_1_176' title='bbox 608 1663 696 1698; x_wconf 88' lang='lat' dir='ltr'>vobis</span> <span class='ocrx_word' id='word_1_177' title='bbox 718 1663 798 1698; x_wconf 77' lang='lat' dir='ltr'>adsit</span> <span class='ocrx_word' id='word_1_178' title='bbox 826 1661 1038 1710; x_wconf 87' lang='lat' dir='ltr'>praesidium,</span> <span class='ocrx_word' id='word_1_179' title='bbox 1072 1673 1121 1696; x_wconf 89' lang='lat' dir='ltr'>re-</span> 
     </span>
     <span class='ocr_line' id='line_1_37' title="bbox 374 1711 1123 1762; baseline -0.008 -12"><span class='ocrx_word' id='word_1_180' title='bbox 374 1716 476 1762; x_wconf 72' lang='lat' dir='ltr'>gulam</span> <span class='ocrx_word' id='word_1_181' title='bbox 503 1715 586 1749; x_wconf 79' lang='lat' dir='ltr'>iuxta</span> <span class='ocrx_word' id='word_1_182' title='bbox 608 1725 701 1761; x_wconf 90' lang='lat' dir='ltr'>quam</span> <span class='ocrx_word' id='word_1_183' title='bbox 721 1712 825 1746; x_wconf 90' lang='lat' dir='ltr'>vivere</span> <span class='ocrx_word' id='word_1_184' title='bbox 851 1711 1011 1754; x_wconf 76' lang='lat' dir='ltr'>debeatis,</span> <span class='ocrx_word' id='word_1_185' title='bbox 1032 1711 1123 1746; x_wconf 90' lang='lat' dir='ltr'>cuius</span> 
     </span>
     <span class='ocr_line' id='line_1_38' title="bbox 375 1760 1124 1809; baseline -0.008 -10"><span class='ocrx_word' id='word_1_186' title='bbox 375 1775 515 1799; x_wconf 72' lang='lat' dir='ltr'>tenorem</span> <span class='ocrx_word' id='word_1_187' title='bbox 539 1764 613 1799; x_wconf 83' lang='lat' dir='ltr'>dicti</span> <span class='ocrx_word' id='word_1_188' title='bbox 637 1762 805 1809; x_wconf 77' lang='lat' dir='ltr'>episcopus</span> <span class='ocrx_word' id='word_1_189' title='bbox 828 1768 858 1795; x_wconf 90' lang='lat' dir='ltr'>et</span> <span class='ocrx_word' id='word_1_190' title='bbox 873 1760 967 1794; x_wconf 84' lang='lat' dir='ltr'>abbas</span> <span class='ocrx_word' id='word_1_191' title='bbox 985 1761 1050 1794; x_wconf 81' lang='lat' dir='ltr'>suis</span> <span class='ocrx_word' id='word_1_192' title='bbox 1065 1772 1124 1794; x_wconf 90' lang='lat' dir='ltr'>no-</span> 
     </span>
     <span class='ocr_line' id='line_1_39' title="bbox 376 1809 1124 1850; baseline -0.007 -1"><span class='ocrx_word' id='word_1_193' title='bbox 376 1816 423 1850; x_wconf 82' lang='lat' dir='ltr'>bis</span> <span class='ocrx_word' id='word_1_194' title='bbox 445 1814 602 1849; x_wconf 88' lang='lat' dir='ltr'>inclusum</span> <span class='ocrx_word' id='word_1_195' title='bbox 620 1812 716 1846; x_wconf 86' lang='lat' dir='ltr'>literis</span> <span class='ocrx_word' id='word_1_196' title='bbox 731 1810 971 1846; x_wconf 89' lang='lat' dir='ltr'>transmiserunt</span> <span class='ocrx_word' id='word_1_197' title='bbox 990 1822 1058 1844; x_wconf 80' lang='lat' dir='ltr'>cuni</span> <span class='ocrx_word' id='word_1_198' title='bbox 1077 1809 1124 1844; x_wconf 81' lang='lat' dir='ltr'>his</span> 
     </span>
     <span class='ocr_line' id='line_1_40' title="bbox 375 1859 1124 1912; baseline -0.009 -13"><span class='ocrx_word' id='word_1_199' title='bbox 375 1876 455 1912; x_wconf 72' lang='lat' dir='ltr'>«piae</span> <span class='ocrx_word' id='word_1_200' title='bbox 478 1863 517 1898; x_wconf 88' lang='lat' dir='ltr'>de</span> <span class='ocrx_word' id='word_1_201' title='bbox 539 1861 744 1908; x_wconf 75' lang='lat' dir='ltr'>dispositione</span> <span class='ocrx_word' id='word_1_202' title='bbox 768 1869 890 1904; x_wconf 87' lang='lat' dir='ltr'>nostra,</span> <span class='ocrx_word' id='word_1_203' title='bbox 920 1867 947 1893; x_wconf 84' lang='lat' dir='ltr'>et</span> <span class='ocrx_word' id='word_1_204' title='bbox 974 1859 1124 1906; x_wconf 85' lang='lat' dir='ltr'>petitione</span> 
     </span>
     <span class='ocr_line' id='line_1_41' title="bbox 377 1908 1124 1957; baseline -0.005 -10"><span class='ocrx_word' id='word_1_205' title='bbox 377 1923 441 1957; x_wconf 90' lang='lat' dir='ltr'>tua,</span> <span class='ocrx_word' id='word_1_206' title='bbox 469 1913 510 1947; x_wconf 79' lang='lat' dir='ltr'>lili</span> <span class='ocrx_word' id='word_1_207' title='bbox 542 1912 697 1954; x_wconf 73' lang='lat' dir='ltr'>minister,</span> <span class='ocrx_word' id='word_1_208' title='bbox 732 1911 880 1945; x_wconf 79' lang='lat' dir='ltr'>duximus</span> <span class='ocrx_word' id='word_1_209' title='bbox 901 1908 1124 1954; x_wconf 64' lang='lat' dir='ltr'>adiungenda,</span> 
     </span>
     <span class='ocr_line' id='line_1_42' title="bbox 380 1958 1126 2010; baseline -0.009 -12"><span class='ocrx_word' id='word_1_210' title='bbox 380 1963 589 2010; x_wconf 88' lang='lat' dir='ltr'>praesentium</span> <span class='ocrx_word' id='word_1_211' title='bbox 612 1960 700 1995; x_wconf 92' lang='lat' dir='ltr'>vobis</span> <span class='ocrx_word' id='word_1_212' title='bbox 722 1969 751 1995; x_wconf 89' lang='lat' dir='ltr'>et</span> <span class='ocrx_word' id='word_1_213' title='bbox 767 1958 1002 1994; x_wconf 82' lang='lat' dir='ltr'>successoribus</span> <span class='ocrx_word' id='word_1_214' title='bbox 1019 1958 1126 1992; x_wconf 77' lang='lat' dir='ltr'>vestris</span> 
     </span>
     <span class='ocr_line' id='line_1_43' title="bbox 381 2008 1127 2054; baseline -0.007 -8"><span class='ocrx_word' id='word_1_215' title='bbox 381 2013 562 2048; x_wconf 71' lang='lat' dir='ltr'>auctoritate</span> <span class='ocrx_word' id='word_1_216' title='bbox 583 2011 789 2046; x_wconf 79' lang='lat' dir='ltr'>concedimus</span> <span class='ocrx_word' id='word_1_217' title='bbox 811 2018 840 2043; x_wconf 91' lang='lat' dir='ltr'>et</span> <span class='ocrx_word' id='word_1_218' title='bbox 874 2008 989 2042; x_wconf 86' lang='lat' dir='ltr'>illibata</span> <span class='ocrx_word' id='word_1_219' title='bbox 1015 2019 1127 2054; x_wconf 82' lang='lat' dir='ltr'>perpe-</span> 
     </span>
     <span class='ocr_line' id='line_1_44' title="bbox 384 2057 1126 2099; baseline -0.008 -3"><span class='ocrx_word' id='word_1_220' title='bbox 384 2072 436 2096; x_wconf 89' lang='lat' dir='ltr'>tuo</span> <span class='ocrx_word' id='word_1_221' title='bbox 455 2072 582 2096; x_wconf 84' lang='lat' dir='ltr'>manere</span> <span class='ocrx_word' id='word_1_222' title='bbox 609 2059 778 2095; x_wconf 75' lang='lat' dir='ltr'>sancimus.</span> <span class='ocrx_word' id='word_1_223' title='bbox 808 2057 951 2099; x_wconf 85' lang='lat' dir='ltr'>Quorum</span> <span class='ocrx_word' id='word_1_224' title='bbox 975 2065 1126 2094; x_wconf 88' lang='lat' dir='ltr'>tenorem,</span> 
     </span>
     <span class='ocr_line' id='line_1_45' title="bbox 386 2106 1128 2155; baseline -0.011 -7"><span class='ocrx_word' id='word_1_225' title='bbox 386 2120 419 2148; x_wconf 90' lang='lat' dir='ltr'>ut</span> <span class='ocrx_word' id='word_1_226' title='bbox 444 2110 621 2147; x_wconf 90' lang='lat' dir='ltr'>evidentius</span> <span class='ocrx_word' id='word_1_227' title='bbox 646 2109 850 2155; x_wconf 79' lang='lat' dir='ltr'>exprimatur,</span> <span class='ocrx_word' id='word_1_228' title='bbox 874 2106 1005 2142; x_wconf 81' lang='lat' dir='ltr'>inferius</span> <span class='ocrx_word' id='word_1_229' title='bbox 1034 2107 1128 2141; x_wconf 90' lang='lat' dir='ltr'>iussi-</span> 
     </span>
     <span class='ocr_line' id='line_1_46' title="bbox 387 2160 628 2196; baseline -0.012 0"><span class='ocrx_word' id='word_1_230' title='bbox 387 2174 457 2196; x_wconf 87' lang='lat' dir='ltr'>mus</span> <span class='ocrx_word' id='word_1_231' title='bbox 477 2160 628 2196; x_wconf 87' lang='lat' dir='ltr'>annotari.</span> 
     </span>
    </p>

    <p class='ocr_par' dir='ltr' id='par_1_7' title="bbox 383 2205 1150 2688">
     <span class='ocr_line' id='line_1_47' title="bbox 433 2205 1128 2259; baseline -0.007 -14"><span class='ocrx_word' id='word_1_232' title='bbox 433 2211 454 2259; x_wconf 63' lang='lat' dir='ltr'>S</span> <span class='ocrx_word' id='word_1_233' title='bbox 482 2216 511 2245; x_wconf 80' lang='lat'>1.</span> <span class='ocrx_word' id='word_1_234' title='bbox 536 2210 569 2244; x_wconf 89' lang='lat' dir='ltr'>ln</span> <span class='ocrx_word' id='word_1_235' title='bbox 593 2209 718 2243; x_wconf 85' lang='lat' dir='ltr'>nomine</span> <span class='ocrx_word' id='word_1_236' title='bbox 744 2207 875 2241; x_wconf 71' lang='lat' dir='ltr'>Sanctae</span> <span class='ocrx_word' id='word_1_237' title='bbox 897 2214 925 2239; x_wconf 87' lang='lat' dir='ltr'>et</span> <span class='ocrx_word' id='word_1_238' title='bbox 947 2205 1128 2240; x_wconf 62' lang='lat' dir='ltr'>lnvlivitlnae</span> 
     </span>
     <span class='ocr_line' id='line_1_48' title="bbox 383 2255 1129 2296; baseline -0.009 0"><span class='ocrx_word' id='word_1_239' title='bbox 383 2259 555 2296; x_wconf 80' lang='lat' dir='ltr'>Trinitatis.</span> <span class='ocrx_word' id='word_1_240' title='bbox 582 2257 706 2293; x_wconf 83' lang='lat' dir='ltr'>Fratres</span> <span class='ocrx_word' id='word_1_241' title='bbox 731 2257 845 2291; x_wconf 87' lang='lat' dir='ltr'>domus</span> <span class='ocrx_word' id='word_1_242' title='bbox 870 2255 1003 2290; x_wconf 83' lang='lat' dir='ltr'>Sanctae</span> <span class='ocrx_word' id='word_1_243' title='bbox 1024 2255 1129 2290; x_wconf 86' lang='lat' dir='ltr'>Trini-</span> 
     </span>
     <span class='ocr_line' id='line_1_49' title="bbox 384 2304 1128 2352; baseline -0.008 -7"><span class='ocrx_word' id='word_1_244' title='bbox 384 2310 455 2345; x_wconf 85' lang='lat' dir='ltr'>tatis</span> <span class='ocrx_word' id='word_1_245' title='bbox 473 2309 533 2345; x_wconf 89' lang='lat' dir='ltr'>sub</span> <span class='ocrx_word' id='word_1_246' title='bbox 554 2307 730 2343; x_wconf 82' lang='lat' dir='ltr'>obedientia</span> <span class='ocrx_word' id='word_1_247' title='bbox 754 2305 880 2352; x_wconf 88' lang='lat' dir='ltr'>praelati</span> <span class='ocrx_word' id='word_1_248' title='bbox 908 2304 1020 2340; x_wconf 88' lang='lat' dir='ltr'>domus</span> <span class='ocrx_word' id='word_1_249' title='bbox 1042 2317 1128 2349; x_wconf 88' lang='lat' dir='ltr'>suae,</span> 
     </span>
     <span class='ocr_line' id='line_1_50' title="bbox 384 2354 1129 2406; baseline -0.009 -12"><span class='ocrx_word' id='word_1_250' title='bbox 384 2359 435 2406; x_wconf 83' lang='lat' dir='ltr'>qui</span> <span class='ocrx_word' id='word_1_251' title='bbox 464 2359 608 2394; x_wconf 84' lang='lat' dir='ltr'>minister</span> <span class='ocrx_word' id='word_1_252' title='bbox 642 2355 822 2396; x_wconf 87' lang='lat' dir='ltr'>vocabitur,</span> <span class='ocrx_word' id='word_1_253' title='bbox 858 2354 888 2388; x_wconf 89' lang='lat' dir='ltr'>in</span> <span class='ocrx_word' id='word_1_254' title='bbox 915 2354 1065 2393; x_wconf 73' lang='lat' dir='ltr'>castitate,</span> <span class='ocrx_word' id='word_1_255' title='bbox 1099 2362 1129 2389; x_wconf 86' lang='lat' dir='ltr'>et</span> 
     </span>
     <span class='ocr_line' id='line_1_51' title="bbox 384 2403 1129 2456; baseline -0.005 -14"><span class='ocrx_word' id='word_1_256' title='bbox 384 2410 452 2443; x_wconf 77' lang='lat' dir='ltr'>sine</span> <span class='ocrx_word' id='word_1_257' title='bbox 474 2407 602 2456; x_wconf 90' lang='lat' dir='ltr'>proprio</span> <span class='ocrx_word' id='word_1_258' title='bbox 628 2406 742 2440; x_wconf 89' lang='lat' dir='ltr'>vivant.</span> <span class='ocrx_word' id='word_1_259' title='bbox 776 2403 897 2440; x_wconf 88' lang='lat' dir='ltr'>Omnes</span> <span class='ocrx_word' id='word_1_260' title='bbox 935 2415 1003 2448; x_wconf 90' lang='lat' dir='ltr'>res,</span> <span class='ocrx_word' id='word_1_261' title='bbox 1028 2403 1129 2438; x_wconf 86' lang='lat' dir='ltr'>unde-</span> 
     </span>
     <span class='ocr_line' id='line_1_52' title="bbox 385 2441 1150 2505; baseline -0.007 -13"><span class='ocrx_word' id='word_1_262' title='bbox 385 2470 509 2505; x_wconf 83' lang='lat' dir='ltr'>cunque</span> <span class='ocrx_word' id='word_1_263' title='bbox 545 2457 627 2491; x_wconf 90' lang='lat' dir='ltr'>licite</span> <span class='ocrx_word' id='word_1_264' title='bbox 650 2455 786 2499; x_wconf 87' lang='lat' dir='ltr'>veniant,</span> <span class='ocrx_word' id='word_1_265' title='bbox 813 2455 844 2488; x_wconf 92' lang='lat' dir='ltr'>in</span> <span class='ocrx_word' id='word_1_266' title='bbox 868 2461 931 2488; x_wconf 87' lang='lat' dir='ltr'>tres</span> <span class='ocrx_word' id='word_1_267' title='bbox 952 2463 1056 2500; x_wconf 88' lang='lat' dir='ltr'>partes</span> <span class='ocrx_word' id='word_1_268' title='bbox 1078 2453 1128 2489; x_wconf 89' lang='lat' dir='ltr'>di-</span> <span class='ocrx_word' id='word_1_269' title='bbox 1147 2441 1150 2463; x_wconf 81' lang='lat'>¹</span> 
     </span>
     <span class='ocr_line' id='line_1_53' title="bbox 387 2501 1129 2553; baseline -0.004 -14"><span class='ocrx_word' id='word_1_270' title='bbox 387 2507 490 2542; x_wconf 81' lang='lat' dir='ltr'>vidant</span> <span class='ocrx_word' id='word_1_271' title='bbox 511 2506 667 2553; x_wconf 82' lang='lat' dir='ltr'>aequales,</span> <span class='ocrx_word' id='word_1_272' title='bbox 690 2512 720 2540; x_wconf 91' lang='lat' dir='ltr'>et</span> <span class='ocrx_word' id='word_1_273' title='bbox 738 2504 768 2537; x_wconf 91' lang='lat' dir='ltr'>in</span> <span class='ocrx_word' id='word_1_274' title='bbox 791 2510 942 2551; x_wconf 89' lang='lat' dir='ltr'>quantum</span> <span class='ocrx_word' id='word_1_275' title='bbox 962 2501 1042 2538; x_wconf 89' lang='lat' dir='ltr'>duae</span> <span class='ocrx_word' id='word_1_276' title='bbox 1064 2515 1129 2549; x_wconf 88' lang='lat' dir='ltr'>par—</span> 
     </span>
     <span class='ocr_line' id='line_1_54' title="bbox 387 2551 1130 2601; baseline -0.005 -11"><span class='ocrx_word' id='word_1_277' title='bbox 387 2564 432 2590; x_wconf 89' lang='lat' dir='ltr'>tes</span> <span class='ocrx_word' id='word_1_278' title='bbox 463 2555 633 2595; x_wconf 84' lang='lat' dir='ltr'>sufficient,</span> <span class='ocrx_word' id='word_1_279' title='bbox 665 2560 858 2601; x_wconf 80' lang='lat' dir='ltr'>exequantur</span> <span class='ocrx_word' id='word_1_280' title='bbox 884 2564 921 2586; x_wconf 86' lang='lat' dir='ltr'>ex</span> <span class='ocrx_word' id='word_1_281' title='bbox 949 2551 1010 2587; x_wconf 87' lang='lat' dir='ltr'>illis</span> <span class='ocrx_word' id='word_1_282' title='bbox 1036 2563 1130 2599; x_wconf 88' lang='lat' dir='ltr'>opera</span> 
     </span>
     <span class='ocr_line' id='line_1_55' title="bbox 387 2601 1130 2648; baseline -0.003 -10"><span class='ocrx_word' id='word_1_283' title='bbox 387 2604 633 2644; x_wconf 84' lang='lat' dir='ltr'>misericordiae,</span> <span class='ocrx_word' id='word_1_284' title='bbox 668 2615 738 2639; x_wconf 85' lang='lat' dir='ltr'>curn</span> <span class='ocrx_word' id='word_1_285' title='bbox 773 2603 820 2637; x_wconf 89' lang='lat' dir='ltr'>sui</span> <span class='ocrx_word' id='word_1_286' title='bbox 845 2601 994 2648; x_wconf 48' lang='lat' dir='ltr'>,ipsorum</span> <span class='ocrx_word' id='word_1_287' title='bbox 1022 2610 1053 2637; x_wconf 90' lang='lat' dir='ltr'>et</span> <span class='ocrx_word' id='word_1_288' title='bbox 1086 2602 1130 2636; x_wconf 89' lang='lat' dir='ltr'>eis</span> 
     </span>
     <span class='ocr_line' id='line_1_56' title="bbox 388 2651 1130 2688; baseline -0.004 0"><span class='ocrx_word' id='word_1_289' title='bbox 388 2653 562 2688; x_wconf 83' lang='lat' dir='ltr'>necessario</span> <span class='ocrx_word' id='word_1_290' title='bbox 589 2652 802 2687; x_wconf 79' lang='lat' dir='ltr'>famulantium</span> <span class='ocrx_word' id='word_1_291' title='bbox 831 2651 987 2686; x_wconf 86' lang='lat' dir='ltr'>moderata</span> <span class='ocrx_word' id='word_1_292' title='bbox 1011 2659 1130 2686; x_wconf 77' lang='lat' dir='ltr'>susten-</span> 
     </span>
    </p>
   </div>
   <div class='ocr_carea' id='block_1_7' title="bbox 1148 268 2082 296">
    <p class='ocr_par' dir='ltr' id='par_1_8' title="bbox 1148 268 2082 296">
     <span class='ocr_line' id='line_1_57' title="bbox 1148 268 2082 296; baseline 0.001 -1"><span class='ocrx_word' id='word_1_293' title='bbox 1148 271 1308 295; x_wconf 69' lang='lat' dir='ltr'>ROMANUM</span> <span class='ocrx_word' id='word_1_294' title='bbox 1904 268 1952 296; x_wconf 76' lang='lat' dir='ltr'>An.</span> <span class='ocrx_word' id='word_1_295' title='bbox 1969 269 1997 296; x_wconf 90' lang='lat' dir='ltr'>C.</span> <span class='ocrx_word' id='word_1_296' title='bbox 2015 268 2082 296; x_wconf 72' lang='lat'>¹¹98</span> 
     </span>
    </p>
   </div>
   <div class='ocr_carea' id='block_1_8' title="bbox 1147 322 2104 2697">
    <p class='ocr_par' dir='ltr' id='par_1_9' title="bbox 1147 322 2086 866">
     <span class='ocr_line' id='line_1_58' title="bbox 1147 322 2083 371; baseline -0.001 -12"><span class='ocrx_word' id='word_1_297' title='bbox 1147 325 1273 361; x_wconf 88' lang='lat' dir='ltr'>tatione.</span> <span class='ocrx_word' id='word_1_298' title='bbox 1302 324 1404 359; x_wconf 84' lang='lat' dir='ltr'>Tertia</span> <span class='ocrx_word' id='word_1_299' title='bbox 1441 336 1510 359; x_wconf 83' lang='lat' dir='ltr'>vero</span> <span class='ocrx_word' id='word_1_300' title='bbox 1545 336 1615 371; x_wconf 82' lang='lat' dir='ltr'>pars</span> <span class='ocrx_word' id='word_1_301' title='bbox 1643 332 1816 359; x_wconf 78' lang='lat' dir='ltr'>reservetur</span> <span class='ocrx_word' id='word_1_302' title='bbox 1850 322 1889 358; x_wconf 87' lang='lat' dir='ltr'>ad</span> <span class='ocrx_word' id='word_1_303' title='bbox 1916 331 1985 353; x_wconf 65' lang='lat' dir='ltr'>Tarm</span> <span class='ocrx_word' id='word_1_304' title='bbox 2006 363 2010 367; x_wconf 26' lang='lat'>⁸</span> <span class='ocrx_word' id='word_1_305' title='bbox 2035 336 2083 358; x_wconf 62' lang='lat' dir='ltr'>rar·</span> 
     </span>
     <span class='ocr_line' id='line_1_59' title="bbox 1148 367 2085 421; baseline -0.002 -12"><span class='ocrx_word' id='word_1_306' title='bbox 1148 373 1395 420; x_wconf 83' lang='lat' dir='ltr'>redemptionem</span> <span class='ocrx_word' id='word_1_307' title='bbox 1427 374 1619 421; x_wconf 86' lang='lat' dir='ltr'>captivorum</span> <span class='ocrx_word' id='word_1_308' title='bbox 1646 374 1700 421; x_wconf 87' lang='lat' dir='ltr'>qui</span> <span class='ocrx_word' id='word_1_309' title='bbox 1734 381 1807 408; x_wconf 89' lang='lat' dir='ltr'>sunt</span> <span class='ocrx_word' id='word_1_310' title='bbox 1841 373 1890 408; x_wconf 91' lang='lat' dir='ltr'>in-</span> <span class='ocrx_word' id='word_1_311' title='bbox 1904 368 2036 421; x_wconf 47' lang='grc' dir='ltr'>Ξζᾘξῖἷοζὲς</span> <span class='ocrx_word' id='word_1_312' title='bbox 2048 367 2085 413; x_wconf 66' lang='lat'>{31</span> 
     </span>
     <span class='ocr_line' id='line_1_60' title="bbox 1148 422 2086 471; baseline -0.001 -12"><span class='ocrx_word' id='word_1_313' title='bbox 1148 424 1295 459; x_wconf 88' lang='lat' dir='ltr'>carcerati</span> <span class='ocrx_word' id='word_1_314' title='bbox 1327 435 1383 471; x_wconf 87' lang='lat' dir='ltr'>pro</span> <span class='ocrx_word' id='word_1_315' title='bbox 1404 423 1464 458; x_wconf 83' lang='lat' dir='ltr'>lide</span> <span class='ocrx_word' id='word_1_316' title='bbox 1489 423 1604 458; x_wconf 83' lang='lat' dir='ltr'>Christi</span> <span class='ocrx_word' id='word_1_317' title='bbox 1632 436 1647 458; x_wconf 85' lang='lat' dir='ltr'>a</span> <span class='ocrx_word' id='word_1_318' title='bbox 1671 423 1816 471; x_wconf 82' lang='lat' dir='ltr'>paganis,</span> <span class='ocrx_word' id='word_1_319' title='bbox 1842 422 1891 458; x_wconf 87' lang='lat' dir='ltr'>vel</span> <span class='ocrx_word' id='word_1_320' title='bbox 1905 425 1991 447; x_wconf 65' lang='lat' dir='ltr'>⁰³⁶¹³t¹³³</span> <span class='ocrx_word' id='word_1_321' title='bbox 2030 425 2086 445; x_wconf 62' lang='lat' dir='ltr'>lm·</span> 
     </span>
     <span class='ocr_line' id='line_1_61' title="bbox 1149 457 1979 521; baseline 0 -13"><span class='ocrx_word' id='word_1_322' title='bbox 1149 473 1220 508; x_wconf 80' lang='lat' dir='ltr'>dato</span> <span class='ocrx_word' id='word_1_323' title='bbox 1248 474 1348 520; x_wconf 88' lang='lat' dir='ltr'>pretio</span> <span class='ocrx_word' id='word_1_324' title='bbox 1382 472 1557 508; x_wconf 86' lang='lat' dir='ltr'>rationabili</span> <span class='ocrx_word' id='word_1_325' title='bbox 1587 485 1643 520; x_wconf 88' lang='lat' dir='ltr'>pro</span> <span class='ocrx_word' id='word_1_326' title='bbox 1678 473 1892 521; x_wconf 88' lang='lat' dir='ltr'>redemptione</span> <span class='ocrx_word' id='word_1_327' title='bbox 1906 457 1979 483; x_wconf 45' lang='grc' dir='ltr'>Μὴ</span> 
     </span>
     <span class='ocr_line' id='line_1_62' title="bbox 1151 521 1891 571; baseline -0.003 -13"><span class='ocrx_word' id='word_1_328' title='bbox 1151 524 1304 571; x_wconf 87' lang='lat' dir='ltr'>ipsorum,</span> <span class='ocrx_word' id='word_1_329' title='bbox 1324 522 1369 557; x_wconf 90' lang='lat' dir='ltr'>vel</span> <span class='ocrx_word' id='word_1_330' title='bbox 1393 535 1448 570; x_wconf 91' lang='lat' dir='ltr'>pro</span> <span class='ocrx_word' id='word_1_331' title='bbox 1467 521 1682 569; x_wconf 88' lang='lat' dir='ltr'>redemptione</span> <span class='ocrx_word' id='word_1_332' title='bbox 1699 532 1891 570; x_wconf 81' lang='lat' dir='ltr'>paganorum</span> 
     </span>
     <span class='ocr_line' id='line_1_63' title="bbox 1150 572 1894 620; baseline -0.001 -12"><span class='ocrx_word' id='word_1_333' title='bbox 1150 573 1358 620; x_wconf 78' lang='lat' dir='ltr'>captivorum,</span> <span class='ocrx_word' id='word_1_334' title='bbox 1396 579 1429 606; x_wconf 92' lang='lat' dir='ltr'>ut</span> <span class='ocrx_word' id='word_1_335' title='bbox 1457 579 1563 619; x_wconf 90' lang='lat' dir='ltr'>postea</span> <span class='ocrx_word' id='word_1_336' title='bbox 1597 572 1771 607; x_wconf 79' lang='lat' dir='ltr'>rationabili</span> <span class='ocrx_word' id='word_1_337' title='bbox 1805 582 1894 607; x_wconf 85' lang='lat' dir='ltr'>com-</span> 
     </span>
     <span class='ocr_line' id='line_1_64' title="bbox 1151 621 1895 666; baseline 0 -10"><span class='ocrx_word' id='word_1_338' title='bbox 1151 622 1333 662; x_wconf 87' lang='lat' dir='ltr'>mutatione,</span> <span class='ocrx_word' id='word_1_339' title='bbox 1363 629 1392 656; x_wconf 88' lang='lat' dir='ltr'>et</span> <span class='ocrx_word' id='word_1_340' title='bbox 1415 621 1494 656; x_wconf 86' lang='lat' dir='ltr'>bona</span> <span class='ocrx_word' id='word_1_341' title='bbox 1517 621 1590 666; x_wconf 84' lang='lat' dir='ltr'>fide,</span> <span class='ocrx_word' id='word_1_342' title='bbox 1612 621 1782 658; x_wconf 86' lang='lat' dir='ltr'>redimatur</span> <span class='ocrx_word' id='word_1_343' title='bbox 1809 622 1895 657; x_wconf 86' lang='lat' dir='ltr'>chri-</span> 
     </span>
     <span class='ocr_line' id='line_1_65' title="bbox 1150 670 1896 719; baseline 0 -13"><span class='ocrx_word' id='word_1_344' title='bbox 1150 672 1271 706; x_wconf 89' lang='lat' dir='ltr'>stianus</span> <span class='ocrx_word' id='word_1_345' title='bbox 1298 683 1354 719; x_wconf 90' lang='lat' dir='ltr'>pro</span> <span class='ocrx_word' id='word_1_346' title='bbox 1377 683 1497 718; x_wconf 83' lang='lat' dir='ltr'>pagano</span> <span class='ocrx_word' id='word_1_347' title='bbox 1523 670 1697 706; x_wconf 88' lang='lat' dir='ltr'>secundum</span> <span class='ocrx_word' id='word_1_348' title='bbox 1726 671 1835 706; x_wconf 85' lang='lat' dir='ltr'>merita</span> <span class='ocrx_word' id='word_1_349' title='bbox 1864 679 1896 706; x_wconf 90' lang='lat' dir='ltr'>et</span> 
     </span>
     <span class='ocr_line' id='line_1_66' title="bbox 1151 719 1894 768; baseline 0 -13"><span class='ocrx_word' id='word_1_350' title='bbox 1151 728 1266 756; x_wconf 88' lang='lat' dir='ltr'>statum</span> <span class='ocrx_word' id='word_1_351' title='bbox 1295 732 1511 768; x_wconf 87' lang='lat' dir='ltr'>personarum.</span> <span class='ocrx_word' id='word_1_352' title='bbox 1546 719 1627 754; x_wconf 88' lang='lat' dir='ltr'>Cum</span> <span class='ocrx_word' id='word_1_353' title='bbox 1657 733 1729 756; x_wconf 88' lang='lat' dir='ltr'>vero</span> <span class='ocrx_word' id='word_1_354' title='bbox 1763 721 1894 768; x_wconf 85' lang='lat' dir='ltr'>pecnnia</span> 
     </span>
     <span class='ocr_line' id='line_1_67' title="bbox 1151 769 1896 818; baseline 0 -13"><span class='ocrx_word' id='word_1_355' title='bbox 1151 771 1220 805; x_wconf 87' lang='lat' dir='ltr'>data</span> <span class='ocrx_word' id='word_1_356' title='bbox 1243 770 1347 813; x_wconf 86' lang='lat' dir='ltr'>fuerit,</span> <span class='ocrx_word' id='word_1_357' title='bbox 1384 770 1430 803; x_wconf 92' lang='lat' dir='ltr'>vel</span> <span class='ocrx_word' id='word_1_358' title='bbox 1452 769 1568 816; x_wconf 88' lang='lat' dir='ltr'>aliquid</span> <span class='ocrx_word' id='word_1_359' title='bbox 1595 769 1691 809; x_wconf 87' lang='lat' dir='ltr'>aliud,</span> <span class='ocrx_word' id='word_1_360' title='bbox 1725 770 1797 805; x_wconf 86' lang='lat' dir='ltr'>licet</span> <span class='ocrx_word' id='word_1_361' title='bbox 1823 782 1896 818; x_wconf 88' lang='lat' dir='ltr'>spe—</span> 
     </span>
     <span class='ocr_line' id='line_1_68' title="bbox 1152 818 1898 866; baseline 0 -12"><span class='ocrx_word' id='word_1_362' title='bbox 1152 819 1271 855; x_wconf 86' lang='lat' dir='ltr'>cialiter</span> <span class='ocrx_word' id='word_1_363' title='bbox 1291 827 1323 854; x_wconf 89' lang='lat' dir='ltr'>et</span> <span class='ocrx_word' id='word_1_364' title='bbox 1341 819 1466 865; x_wconf 89' lang='lat' dir='ltr'>proprie</span> <span class='ocrx_word' id='word_1_365' title='bbox 1488 818 1580 854; x_wconf 89' lang='lat' dir='ltr'>detur</span> <span class='ocrx_word' id='word_1_366' title='bbox 1600 819 1637 854; x_wconf 87' lang='lat' dir='ltr'>ad</span> <span class='ocrx_word' id='word_1_367' title='bbox 1659 819 1898 866; x_wconf 80' lang='lat' dir='ltr'>aliquid,&#39;sem-</span> 
     </span>
    </p>

    <p class='ocr_par' dir='ltr' id='par_1_10' title="bbox 1154 868 1902 1214">
     <span class='ocr_line' id='line_1_69' title="bbox 1154 868 1897 917; baseline 0 -13"><span class='ocrx_word' id='word_1_368' title='bbox 1154 882 1208 917; x_wconf 89' lang='lat' dir='ltr'>per</span> <span class='ocrx_word' id='word_1_369' title='bbox 1231 869 1268 904; x_wconf 88' lang='lat' dir='ltr'>de</span> <span class='ocrx_word' id='word_1_370' title='bbox 1289 880 1444 903; x_wconf 87' lang='lat' dir='ltr'>consensu</span> <span class='ocrx_word' id='word_1_371' title='bbox 1464 868 1560 912; x_wconf 90' lang='lat' dir='ltr'>illius,</span> <span class='ocrx_word' id='word_1_372' title='bbox 1582 869 1635 916; x_wconf 89' lang='lat' dir='ltr'>qui</span> <span class='ocrx_word' id='word_1_373' title='bbox 1655 869 1788 908; x_wconf 87' lang='lat' dir='ltr'>dederit,</span> <span class='ocrx_word' id='word_1_374' title='bbox 1811 870 1897 904; x_wconf 89' lang='lat' dir='ltr'>tertia</span> 
     </span>
     <span class='ocr_line' id='line_1_70' title="bbox 1155 918 1899 966; baseline 0 -12"><span class='ocrx_word' id='word_1_375' title='bbox 1155 931 1226 966; x_wconf 87' lang='lat' dir='ltr'>pars</span> <span class='ocrx_word' id='word_1_376' title='bbox 1247 925 1419 966; x_wconf 85' lang='lat' dir='ltr'>separetur,</span> <span class='ocrx_word' id='word_1_377' title='bbox 1452 925 1481 952; x_wconf 88' lang='lat' dir='ltr'>et</span> <span class='ocrx_word' id='word_1_378' title='bbox 1507 918 1597 954; x_wconf 86' lang='lat' dir='ltr'>aliter</span> <span class='ocrx_word' id='word_1_379' title='bbox 1622 931 1684 954; x_wconf 93' lang='lat' dir='ltr'>non</span> <span class='ocrx_word' id='word_1_380' title='bbox 1721 919 1899 966; x_wconf 85' lang='lat' dir='ltr'>recipiatur,</span> 
     </span>
     <span class='ocr_line' id='line_1_71' title="bbox 1154 967 1898 1015; baseline 0.001 -13"><span class='ocrx_word' id='word_1_381' title='bbox 1154 968 1293 1015; x_wconf 82' lang='lat' dir='ltr'>exceptis</span> <span class='ocrx_word' id='word_1_382' title='bbox 1320 967 1420 1011; x_wconf 80' lang='lat' dir='ltr'>terris,</span> <span class='ocrx_word' id='word_1_383' title='bbox 1444 968 1551 1014; x_wconf 89' lang='lat' dir='ltr'>pratis,</span> <span class='ocrx_word' id='word_1_384' title='bbox 1574 968 1685 1012; x_wconf 81' lang='lat' dir='ltr'>vineis,</span> <span class='ocrx_word' id='word_1_385' title='bbox 1708 968 1898 1009; x_wconf 82' lang='lat' dir='ltr'>nemoribus,</span> 
     </span>
     <span class='ocr_line' id='line_1_72' title="bbox 1155 1016 1900 1062; baseline 0 -10"><span class='ocrx_word' id='word_1_386' title='bbox 1155 1017 1319 1062; x_wconf 81' lang='lat' dir='ltr'>aedificiis,</span> <span class='ocrx_word' id='word_1_387' title='bbox 1348 1016 1510 1051; x_wconf 86' lang='lat' dir='ltr'>nutrituris</span> <span class='ocrx_word' id='word_1_388' title='bbox 1535 1025 1565 1052; x_wconf 88' lang='lat' dir='ltr'>et</span> <span class='ocrx_word' id='word_1_389' title='bbox 1586 1017 1779 1053; x_wconf 90' lang='lat' dir='ltr'>huiusmodi.</span> <span class='ocrx_word' id='word_1_390' title='bbox 1818 1017 1900 1053; x_wconf 82' lang='lat' dir='ltr'>Fru-</span> 
     </span>
     <span class='ocr_line' id='line_1_73' title="bbox 1155 1065 1901 1106; baseline 0 -4"><span class='ocrx_word' id='word_1_391' title='bbox 1155 1074 1224 1102; x_wconf 85' lang='lat' dir='ltr'>ctus</span> <span class='ocrx_word' id='word_1_392' title='bbox 1250 1067 1332 1102; x_wconf 88' lang='lat' dir='ltr'>enim</span> <span class='ocrx_word' id='word_1_393' title='bbox 1366 1065 1441 1101; x_wconf 89' lang='lat' dir='ltr'>inde</span> <span class='ocrx_word' id='word_1_394' title='bbox 1471 1074 1636 1106; x_wconf 82' lang='lat' dir='ltr'>exeuntes,</span> <span class='ocrx_word' id='word_1_395' title='bbox 1668 1067 1812 1102; x_wconf 83' lang='lat' dir='ltr'>deductis</span> <span class='ocrx_word' id='word_1_396' title='bbox 1845 1080 1901 1102; x_wconf 75' lang='lat' dir='ltr'>ex-</span> 
     </span>
     <span class='ocr_line' id='line_1_74' title="bbox 1157 1115 1898 1164; baseline 0.001 -13"><span class='ocrx_word' id='word_1_397' title='bbox 1157 1117 1275 1163; x_wconf 86' lang='lat' dir='ltr'>pensis,</span> <span class='ocrx_word' id='word_1_398' title='bbox 1302 1115 1420 1150; x_wconf 87' lang='lat' dir='ltr'>scilicet</span> <span class='ocrx_word' id='word_1_399' title='bbox 1444 1116 1609 1152; x_wconf 88' lang='lat' dir='ltr'>medietate</span> <span class='ocrx_word' id='word_1_400' title='bbox 1637 1125 1752 1152; x_wconf 87' lang='lat' dir='ltr'>remota</span> <span class='ocrx_word' id='word_1_401' title='bbox 1775 1126 1898 1164; x_wconf 77' lang='lat' dir='ltr'>pro-ex-</span> 
     </span>
     <span class='ocr_line' id='line_1_75' title="bbox 1158 1165 1902 1214; baseline 0.001 -14"><span class='ocrx_word' id='word_1_402' title='bbox 1158 1166 1275 1213; x_wconf 84' lang='lat' dir='ltr'>pensis,</span> <span class='ocrx_word' id='word_1_403' title='bbox 1291 1165 1321 1199; x_wconf 93' lang='lat' dir='ltr'>in</span> <span class='ocrx_word' id='word_1_404' title='bbox 1340 1172 1404 1199; x_wconf 87' lang='lat' dir='ltr'>tres</span> <span class='ocrx_word' id='word_1_405' title='bbox 1427 1173 1530 1211; x_wconf 84' lang='lat' dir='ltr'>partes</span> <span class='ocrx_word' id='word_1_406' title='bbox 1547 1165 1725 1201; x_wconf 83' lang='lat' dir='ltr'>dividentur</span> <span class='ocrx_word' id='word_1_407' title='bbox 1745 1167 1902 1214; x_wconf 70' lang='lat' dir='ltr'>aequales,</span> 
     </span>
    </p>

    <p class='ocr_par' dir='ltr' id='par_1_11' title="bbox 1157 1214 1904 1312">
     <span class='ocr_line' id='line_1_76' title="bbox 1157 1214 1904 1263; baseline 0.001 -14"><span class='ocrx_word' id='word_1_408' title='bbox 1157 1214 1211 1250; x_wconf 91' lang='lat' dir='ltr'>sed</span> <span class='ocrx_word' id='word_1_409' title='bbox 1235 1226 1314 1261; x_wconf 88' lang='lat' dir='ltr'>qnae</span> <span class='ocrx_word' id='word_1_410' title='bbox 1341 1226 1456 1261; x_wconf 86' lang='lat' dir='ltr'>paucas</span> <span class='ocrx_word' id='word_1_411' title='bbox 1482 1215 1529 1249; x_wconf 88' lang='lat' dir='ltr'>vel</span> <span class='ocrx_word' id='word_1_412' title='bbox 1558 1215 1658 1250; x_wconf 90' lang='lat' dir='ltr'>nullas</span> <span class='ocrx_word' id='word_1_413' title='bbox 1684 1216 1837 1263; x_wconf 88' lang='lat' dir='ltr'>recipiant</span> <span class='ocrx_word' id='word_1_414' title='bbox 1854 1227 1904 1251; x_wconf 82' lang='lat' dir='ltr'>ex-</span> 
     </span>
     <span class='ocr_line' id='line_1_77' title="bbox 1159 1262 1904 1312; baseline 0 -13"><span class='ocrx_word' id='word_1_415' title='bbox 1159 1276 1283 1312; x_wconf 80' lang='lat' dir='ltr'>pensas,</span> <span class='ocrx_word' id='word_1_416' title='bbox 1296 1275 1407 1298; x_wconf 89' lang='lat' dir='ltr'>omnes</span> <span class='ocrx_word' id='word_1_417' title='bbox 1421 1262 1608 1299; x_wconf 86' lang='lat' dir='ltr'>dividantur.</span> <span class='ocrx_word' id='word_1_418' title='bbox 1621 1264 1702 1300; x_wconf 89' lang='lat' dir='ltr'>Cum</span> <span class='ocrx_word' id='word_1_419' title='bbox 1721 1277 1793 1300; x_wconf 89' lang='lat' dir='ltr'>vero</span> <span class='ocrx_word' id='word_1_420' title='bbox 1808 1266 1904 1312; x_wconf 88' lang='lat' dir='ltr'>panni</span> 
     </span>
    </p>

    <p class='ocr_par' dir='ltr' id='par_1_12' title="bbox 1159 1313 1904 1459">
     <span class='ocr_line' id='line_1_78' title="bbox 1160 1313 1904 1354; baseline 0.004 -7"><span class='ocrx_word' id='word_1_421' title='bbox 1160 1313 1206 1348; x_wconf 92' lang='lat' dir='ltr'>vel</span> <span class='ocrx_word' id='word_1_422' title='bbox 1232 1314 1453 1354; x_wconf 88' lang='lat' dir='ltr'>calceamenta,</span> <span class='ocrx_word' id='word_1_423' title='bbox 1488 1313 1535 1348; x_wconf 88' lang='lat' dir='ltr'>vel</span> <span class='ocrx_word' id='word_1_424' title='bbox 1564 1314 1682 1349; x_wconf 86' lang='lat' dir='ltr'>minuta</span> <span class='ocrx_word' id='word_1_425' title='bbox 1709 1314 1904 1352; x_wconf 74' lang='lat' dir='ltr'>huiusmodi,</span> 
     </span>
     <span class='ocr_line' id='line_1_79' title="bbox 1159 1363 1904 1411; baseline 0.001 -14"><span class='ocrx_word' id='word_1_426' title='bbox 1159 1363 1275 1410; x_wconf 92' lang='lat' dir='ltr'>quibus</span> <span class='ocrx_word' id='word_1_427' title='bbox 1306 1374 1436 1397; x_wconf 86' lang='lat' dir='ltr'>necesse</span> <span class='ocrx_word' id='word_1_428' title='bbox 1461 1363 1500 1397; x_wconf 90' lang='lat' dir='ltr'>sit</span> <span class='ocrx_word' id='word_1_429' title='bbox 1522 1364 1584 1404; x_wconf 86' lang='lat' dir='ltr'>uti,</span> <span class='ocrx_word' id='word_1_430' title='bbox 1620 1376 1701 1411; x_wconf 85' lang='lat' dir='ltr'>quae</span> <span class='ocrx_word' id='word_1_431' title='bbox 1732 1364 1823 1399; x_wconf 87' lang='lat' dir='ltr'>vendi</span> <span class='ocrx_word' id='word_1_432' title='bbox 1858 1363 1904 1400; x_wconf 89' lang='lat' dir='ltr'>vel</span> 
     </span>
     <span class='ocr_line' id='line_1_80' title="bbox 1160 1411 1904 1459; baseline 0.001 -12"><span class='ocrx_word' id='word_1_433' title='bbox 1160 1411 1337 1447; x_wconf 81' lang='lat' dir='ltr'>conservari</span> <span class='ocrx_word' id='word_1_434' title='bbox 1361 1423 1422 1446; x_wconf 90' lang='lat' dir='ltr'>non</span> <span class='ocrx_word' id='word_1_435' title='bbox 1445 1412 1590 1459; x_wconf 78' lang='lat' dir='ltr'>expedit,</span> <span class='ocrx_word' id='word_1_436' title='bbox 1616 1413 1687 1448; x_wconf 88' lang='lat' dir='ltr'>data</span> <span class='ocrx_word' id='word_1_437' title='bbox 1709 1413 1835 1455; x_wconf 86' lang='lat' dir='ltr'>fuerint,</span> <span class='ocrx_word' id='word_1_438' title='bbox 1858 1413 1904 1448; x_wconf 90' lang='lat' dir='ltr'>vel</span> 
     </span>
    </p>

    <p class='ocr_par' dir='ltr' id='par_1_13' title="bbox 1161 1460 1908 1547">
     <span class='ocr_line' id='line_1_81' title="bbox 1161 1460 1906 1509; baseline 0 -12"><span class='ocrx_word' id='word_1_439' title='bbox 1161 1475 1176 1497; x_wconf 86' lang='lat' dir='ltr'>a</span> <span class='ocrx_word' id='word_1_440' title='bbox 1192 1474 1224 1496; x_wconf 81' lang='lat' dir='ltr'>se</span> <span class='ocrx_word' id='word_1_441' title='bbox 1240 1462 1315 1509; x_wconf 90' lang='lat' dir='ltr'>ipsis</span> <span class='ocrx_word' id='word_1_442' title='bbox 1329 1460 1512 1501; x_wconf 86' lang='lat' dir='ltr'>habuerint,</span> <span class='ocrx_word' id='word_1_443' title='bbox 1536 1474 1597 1497; x_wconf 87' lang='lat' dir='ltr'>non</span> <span class='ocrx_word' id='word_1_444' title='bbox 1620 1462 1816 1503; x_wconf 88' lang='lat' dir='ltr'>dividantur,</span> <span class='ocrx_word' id='word_1_445' title='bbox 1848 1463 1906 1497; x_wconf 89' lang='lat' dir='ltr'>uisi</span> 
     </span>
     <span class='ocr_line' id='line_1_82' title="bbox 1162 1510 1908 1547; baseline 0.003 -2"><span class='ocrx_word' id='word_1_446' title='bbox 1162 1512 1305 1545; x_wconf 87' lang='lat' dir='ltr'>ministro</span> <span class='ocrx_word' id='word_1_447' title='bbox 1326 1511 1440 1545; x_wconf 88' lang='lat' dir='ltr'>domus</span> <span class='ocrx_word' id='word_1_448' title='bbox 1479 1519 1507 1544; x_wconf 89' lang='lat' dir='ltr'>et</span> <span class='ocrx_word' id='word_1_449' title='bbox 1531 1510 1677 1547; x_wconf 79' lang='lat' dir='ltr'>fratribus</span> <span class='ocrx_word' id='word_1_450' title='bbox 1705 1513 1804 1547; x_wconf 90' lang='lat' dir='ltr'>visum</span> <span class='ocrx_word' id='word_1_451' title='bbox 1838 1512 1908 1547; x_wconf 83' lang='lat' dir='ltr'>fue-</span> 
     </span>
    </p>

    <p class='ocr_par' dir='ltr' id='par_1_14' title="bbox 1162 1559 1910 1855">
     <span class='ocr_line' id='line_1_83' title="bbox 1162 1559 1909 1608; baseline 0.003 -14"><span class='ocrx_word' id='word_1_452' title='bbox 1162 1562 1201 1595; x_wconf 86' lang='lat' dir='ltr'>rit</span> <span class='ocrx_word' id='word_1_453' title='bbox 1223 1559 1381 1607; x_wconf 90' lang='lat' dir='ltr'>expedire.</span> <span class='ocrx_word' id='word_1_454' title='bbox 1405 1559 1451 1595; x_wconf 91' lang='lat' dir='ltr'>De</span> <span class='ocrx_word' id='word_1_455' title='bbox 1463 1560 1580 1607; x_wconf 89' lang='lat' dir='ltr'>quibus</span> <span class='ocrx_word' id='word_1_456' title='bbox 1593 1561 1726 1608; x_wconf 77' lang='lat' dir='ltr'>singulis</span> <span class='ocrx_word' id='word_1_457' title='bbox 1740 1561 1909 1596; x_wconf 86' lang='lat' dir='ltr'>dominicis</span> 
     </span>
     <span class='ocr_line' id='line_1_84' title="bbox 1162 1608 1908 1658; baseline 0.003 -14"><span class='ocrx_word' id='word_1_458' title='bbox 1162 1610 1296 1653; x_wconf 87' lang='lat' dir='ltr'>diebus,</span> <span class='ocrx_word' id='word_1_459' title='bbox 1319 1610 1344 1643; x_wconf 92' lang='lat' dir='ltr'>si</span> <span class='ocrx_word' id='word_1_460' title='bbox 1376 1608 1439 1643; x_wconf 84' lang='lat' dir='ltr'>fieri</span> <span class='ocrx_word' id='word_1_461' title='bbox 1463 1618 1580 1656; x_wconf 89' lang='lat' dir='ltr'>potest,</span> <span class='ocrx_word' id='word_1_462' title='bbox 1617 1612 1648 1646; x_wconf 92' lang='lat' dir='ltr'>in</span> <span class='ocrx_word' id='word_1_463' title='bbox 1671 1611 1807 1658; x_wconf 89' lang='lat' dir='ltr'>capitulo</span> <span class='ocrx_word' id='word_1_464' title='bbox 1828 1610 1908 1646; x_wconf 88' lang='lat' dir='ltr'>deli-</span> 
     </span>
     <span class='ocr_line' id='line_1_85' title="bbox 1164 1658 1908 1708; baseline 0.001 -15"><span class='ocrx_word' id='word_1_465' title='bbox 1164 1660 1297 1694; x_wconf 90' lang='lat' dir='ltr'>beretur.</span> <span class='ocrx_word' id='word_1_466' title='bbox 1327 1658 1360 1693; x_wconf 86' lang='lat' dir='ltr'>Si</span> <span class='ocrx_word' id='word_1_467' title='bbox 1396 1666 1498 1693; x_wconf 88' lang='lat' dir='ltr'>tamen</span> <span class='ocrx_word' id='word_1_468' title='bbox 1535 1660 1710 1707; x_wconf 78' lang='lat' dir='ltr'>praedicta,</span> <span class='ocrx_word' id='word_1_469' title='bbox 1747 1667 1780 1695; x_wconf 91' lang='lat' dir='ltr'>ut</span> <span class='ocrx_word' id='word_1_470' title='bbox 1802 1660 1908 1708; x_wconf 81' lang='lat' dir='ltr'>panni,</span> 
     </span>
     <span class='ocr_line' id='line_1_86' title="bbox 1165 1708 1910 1750; baseline 0 -6"><span class='ocrx_word' id='word_1_471' title='bbox 1165 1717 1274 1749; x_wconf 88' lang='lat' dir='ltr'>terrae,</span> <span class='ocrx_word' id='word_1_472' title='bbox 1314 1708 1506 1750; x_wconf 83' lang='lat' dir='ltr'>nutriturae,</span> <span class='ocrx_word' id='word_1_473' title='bbox 1543 1710 1607 1744; x_wconf 84' lang='lat' dir='ltr'>sive</span> <span class='ocrx_word' id='word_1_474' title='bbox 1647 1710 1767 1745; x_wconf 89' lang='lat' dir='ltr'>minuta</span> <span class='ocrx_word' id='word_1_475' title='bbox 1795 1710 1910 1745; x_wconf 88' lang='lat' dir='ltr'>vende—</span> 
     </span>
     <span class='ocr_line' id='line_1_87' title="bbox 1164 1758 1910 1806; baseline 0.001 -14"><span class='ocrx_word' id='word_1_476' title='bbox 1164 1767 1286 1798; x_wconf 89' lang='lat' dir='ltr'>rentur,</span> <span class='ocrx_word' id='word_1_477' title='bbox 1318 1758 1456 1805; x_wconf 89' lang='lat' dir='ltr'>precium</span> <span class='ocrx_word' id='word_1_478' title='bbox 1487 1758 1559 1794; x_wconf 90' lang='lat' dir='ltr'>inde</span> <span class='ocrx_word' id='word_1_479' title='bbox 1583 1760 1769 1806; x_wconf 88' lang='lat' dir='ltr'>proveniens</span> <span class='ocrx_word' id='word_1_480' title='bbox 1794 1759 1824 1794; x_wconf 91' lang='lat' dir='ltr'>in</span> <span class='ocrx_word' id='word_1_481' title='bbox 1847 1766 1910 1795; x_wconf 87' lang='lat' dir='ltr'>tres</span> 
     </span>
     <span class='ocr_line' id='line_1_88' title="bbox 1166 1807 1627 1855; baseline 0.002 -13"><span class='ocrx_word' id='word_1_482' title='bbox 1166 1815 1268 1855; x_wconf 83' lang='lat' dir='ltr'>partes</span> <span class='ocrx_word' id='word_1_483' title='bbox 1291 1817 1323 1842; x_wconf 92' lang='lat' dir='ltr'>ut</span> <span class='ocrx_word' id='word_1_484' title='bbox 1344 1819 1438 1854; x_wconf 87' lang='lat' dir='ltr'>supra</span> <span class='ocrx_word' id='word_1_485' title='bbox 1460 1807 1627 1843; x_wconf 85' lang='lat' dir='ltr'>dividatur.</span> 
     </span>
    </p>

    <p class='ocr_par' dir='ltr' id='par_1_15' title="bbox 1167 1856 2104 2697">
     <span class='ocr_line' id='line_1_89' title="bbox 1213 1856 2104 1903; baseline 0.001 -13"><span class='ocrx_word' id='word_1_486' title='bbox 1213 1856 1287 1903; x_wconf 58' lang='lat'>52.</span> <span class='ocrx_word' id='word_1_487' title='bbox 1324 1856 1444 1891; x_wconf 88' lang='lat' dir='ltr'>Omnes</span> <span class='ocrx_word' id='word_1_488' title='bbox 1476 1858 1628 1893; x_wconf 85' lang='lat' dir='ltr'>ecclesiae</span> <span class='ocrx_word' id='word_1_489' title='bbox 1665 1857 1754 1893; x_wconf 91' lang='lat' dir='ltr'>istius</span> <span class='ocrx_word' id='word_1_490' title='bbox 1790 1857 1911 1893; x_wconf 87' lang='lat' dir='ltr'>ordinis</span> <span class='ocrx_word' id='word_1_491' title='bbox 1939 1871 2040 1893; x_wconf 55' lang='lat' dir='ltr'>summus</span> <span class='ocrx_word' id='word_1_492' title='bbox 2069 1870 2104 1892; x_wconf 79' lang='lat' dir='ltr'>rr.</span> 
     </span>
     <span class='ocr_line' id='line_1_90' title="bbox 1167 1903 2103 1955; baseline 0.002 -15"><span class='ocrx_word' id='word_1_493' title='bbox 1167 1906 1366 1941; x_wconf 86' lang='lat' dir='ltr'>intitulentur</span> <span class='ocrx_word' id='word_1_494' title='bbox 1386 1906 1514 1942; x_wconf 87' lang='lat' dir='ltr'>nomine</span> <span class='ocrx_word' id='word_1_495' title='bbox 1534 1907 1667 1943; x_wconf 86' lang='lat' dir='ltr'>Sanctae</span> <span class='ocrx_word' id='word_1_496' title='bbox 1687 1906 1859 1948; x_wconf 84' lang='lat' dir='ltr'>Trinitatis,</span> <span class='ocrx_word' id='word_1_497' title='bbox 1881 1914 1911 1942; x_wconf 86' lang='lat' dir='ltr'>et</span> <span class='ocrx_word' id='word_1_498' title='bbox 1925 1903 2103 1955; x_wconf 57' lang='lat' dir='ltr'>22m⁰ffiffi2”&#39;</span> 
     </span>
     <span class='ocr_line' id='line_1_91' title="bbox 1167 1948 2074 2005; baseline 0.003 -16"><span class='ocrx_word' id='word_1_499' title='bbox 1167 1956 1228 1989; x_wconf 87' lang='lat' dir='ltr'>siut</span> <span class='ocrx_word' id='word_1_500' title='bbox 1252 1956 1335 2002; x_wconf 90' lang='lat' dir='ltr'>plani</span> <span class='ocrx_word' id='word_1_501' title='bbox 1357 1956 1470 2003; x_wconf 85' lang='lat' dir='ltr'>operis.</span> <span class='ocrx_word' id='word_1_502' title='bbox 1494 1956 1618 1992; x_wconf 89' lang='lat' dir='ltr'>Fratres</span> <span class='ocrx_word' id='word_1_503' title='bbox 1638 1964 1772 2005; x_wconf 86' lang='lat' dir='ltr'>possunt</span> <span class='ocrx_word' id='word_1_504' title='bbox 1792 1968 1861 1992; x_wconf 89' lang='lat' dir='ltr'>esse</span> <span class='ocrx_word' id='word_1_505' title='bbox 1879 1957 1909 1991; x_wconf 88' lang='lat' dir='ltr'>in</span> <span class='ocrx_word' id='word_1_506' title='bbox 2070 1948 2074 1952; x_wconf 42' lang='lat'>¹</span> 
     </span>
     <span class='ocr_line' id='line_1_92' title="bbox 1167 2004 1912 2046; baseline 0 -7"><span class='ocrx_word' id='word_1_507' title='bbox 1167 2017 1229 2039; x_wconf 89' lang='lat' dir='ltr'>una</span> <span class='ocrx_word' id='word_1_508' title='bbox 1248 2004 1490 2046; x_wconf 85' lang='lat' dir='ltr'>cohabitatione,</span> <span class='ocrx_word' id='word_1_509' title='bbox 1512 2015 1573 2041; x_wconf 87' lang='lat' dir='ltr'>tres</span> <span class='ocrx_word' id='word_1_510' title='bbox 1593 2007 1697 2042; x_wconf 88' lang='lat' dir='ltr'>clerici</span> <span class='ocrx_word' id='word_1_511' title='bbox 1719 2016 1750 2042; x_wconf 93' lang='lat' dir='ltr'>et</span> <span class='ocrx_word' id='word_1_512' title='bbox 1767 2014 1831 2042; x_wconf 88' lang='lat' dir='ltr'>tres</span> <span class='ocrx_word' id='word_1_513' title='bbox 1851 2005 1912 2041; x_wconf 85' lang='lat' dir='ltr'>lai-</span> 
     </span>
     <span class='ocr_line' id='line_1_93' title="bbox 1168 2055 1910 2108; baseline 0 -19"><span class='ocrx_word' id='word_1_514' title='bbox 1168 2055 1219 2108; x_wconf 74' lang='lat' dir='ltr'>ci,⁴</span> <span class='ocrx_word' id='word_1_515' title='bbox 1239 2062 1268 2089; x_wconf 89' lang='lat' dir='ltr'>et</span> <span class='ocrx_word' id='word_1_516' title='bbox 1297 2063 1454 2101; x_wconf 86' lang='lat' dir='ltr'>praeterea</span> <span class='ocrx_word' id='word_1_517' title='bbox 1481 2068 1575 2097; x_wconf 92' lang='lat' dir='ltr'>unus,</span> <span class='ocrx_word' id='word_1_518' title='bbox 1597 2057 1651 2104; x_wconf 90' lang='lat' dir='ltr'>qui</span> <span class='ocrx_word' id='word_1_519' title='bbox 1666 2063 1849 2104; x_wconf 85' lang='lat' dir='ltr'>procurator</span> <span class='ocrx_word' id='word_1_520' title='bbox 1860 2055 1910 2094; x_wconf 86' lang='lat' dir='ltr'>sit;</span> 
     </span>
     <span class='ocr_line' id='line_1_94' title="bbox 1167 2104 1912 2151; baseline 0 -13"><span class='ocrx_word' id='word_1_521' title='bbox 1167 2113 1220 2151; x_wconf 86' lang='lat' dir='ltr'>qut</span> <span class='ocrx_word' id='word_1_522' title='bbox 1249 2115 1311 2139; x_wconf 90' lang='lat' dir='ltr'>non</span> <span class='ocrx_word' id='word_1_523' title='bbox 1336 2111 1528 2151; x_wconf 85' lang='lat' dir='ltr'>procurator,</span> <span class='ocrx_word' id='word_1_524' title='bbox 1553 2105 1608 2142; x_wconf 89' lang='lat' dir='ltr'>sed</span> <span class='ocrx_word' id='word_1_525' title='bbox 1637 2106 1787 2146; x_wconf 85' lang='lat' dir='ltr'>minister,</span> <span class='ocrx_word' id='word_1_526' title='bbox 1808 2114 1843 2140; x_wconf 91' lang='lat' dir='ltr'>ut</span> <span class='ocrx_word' id='word_1_527' title='bbox 1864 2104 1912 2139; x_wconf 85' lang='lat' dir='ltr'>di-</span> 
     </span>
     <span class='ocr_line' id='line_1_95' title="bbox 1169 2154 1911 2201; baseline 0 -13"><span class='ocrx_word' id='word_1_528' title='bbox 1169 2161 1253 2188; x_wconf 90' lang='lat' dir='ltr'>ctum</span> <span class='ocrx_word' id='word_1_529' title='bbox 1276 2162 1335 2194; x_wconf 88' lang='lat' dir='ltr'>est,</span> <span class='ocrx_word' id='word_1_530' title='bbox 1362 2155 1552 2201; x_wconf 87' lang='lat' dir='ltr'>nominetur,</span> <span class='ocrx_word' id='word_1_531' title='bbox 1571 2163 1606 2190; x_wconf 90' lang='lat' dir='ltr'>ut</span> <span class='ocrx_word' id='word_1_532' title='bbox 1631 2155 1724 2191; x_wconf 86' lang='lat' dir='ltr'>frater</span> <span class='ocrx_word' id='word_1_533' title='bbox 1743 2154 1781 2190; x_wconf 89' lang='lat' dir='ltr'>N.</span> <span class='ocrx_word' id='word_1_534' title='bbox 1810 2155 1911 2189; x_wconf 87' lang='lat' dir='ltr'>mini—</span> 
     </span>
     <span class='ocr_line' id='line_1_96' title="bbox 1169 2202 1913 2246; baseline 0.001 -9"><span class='ocrx_word' id='word_1_535' title='bbox 1169 2212 1231 2238; x_wconf 88' lang='lat' dir='ltr'>ster</span> <span class='ocrx_word' id='word_1_536' title='bbox 1252 2203 1365 2239; x_wconf 82' lang='lat' dir='ltr'>domus</span> <span class='ocrx_word' id='word_1_537' title='bbox 1379 2202 1513 2240; x_wconf 85' lang='lat' dir='ltr'>Sanctae</span> <span class='ocrx_word' id='word_1_538' title='bbox 1531 2205 1704 2246; x_wconf 85' lang='lat' dir='ltr'>Trinitatis,</span> <span class='ocrx_word' id='word_1_539' title='bbox 1731 2205 1782 2240; x_wconf 89' lang='lat' dir='ltr'>cui</span> <span class='ocrx_word' id='word_1_540' title='bbox 1804 2202 1913 2239; x_wconf 82' lang='lat' dir='ltr'>fratres</span> 
     </span>
     <span class='ocr_line' id='line_1_97' title="bbox 1170 2253 1910 2302; baseline 0 -15"><span class='ocrx_word' id='word_1_541' title='bbox 1170 2254 1387 2300; x_wconf 87' lang='lat' dir='ltr'>repromittere</span> <span class='ocrx_word' id='word_1_542' title='bbox 1414 2266 1450 2289; x_wconf 82' lang='lat' dir='ltr'>ac</span> <span class='ocrx_word' id='word_1_543' title='bbox 1485 2254 1669 2302; x_wconf 86' lang='lat' dir='ltr'>impendere</span> <span class='ocrx_word' id='word_1_544' title='bbox 1701 2253 1910 2289; x_wconf 86' lang='lat' dir='ltr'>obedientiam</span> 
     </span>
     <span class='ocr_line' id='line_1_98' title="bbox 1169 2303 1910 2343; baseline -0.003 -6"><span class='ocrx_word' id='word_1_545' title='bbox 1169 2309 1344 2338; x_wconf 87' lang='lat' dir='ltr'>teneantur.</span> <span class='ocrx_word' id='word_1_546' title='bbox 1371 2303 1528 2339; x_wconf 88' lang='lat' dir='ltr'>Omnibus</span> <span class='ocrx_word' id='word_1_547' title='bbox 1550 2303 1694 2339; x_wconf 84' lang='lat' dir='ltr'>fratribus</span> <span class='ocrx_word' id='word_1_548' title='bbox 1719 2304 1796 2343; x_wconf 88' lang='lat' dir='ltr'>suis,</span> <span class='ocrx_word' id='word_1_549' title='bbox 1831 2304 1910 2340; x_wconf 79' lang='lat' dir='ltr'>sicui</span> 
     </span>
     <span class='ocr_line' id='line_1_99' title="bbox 1170 2352 1910 2395; baseline -0.001 -8"><span class='ocrx_word' id='word_1_550' title='bbox 1170 2352 1312 2391; x_wconf 81' lang='lat' dir='ltr'>sibimet,</span> <span class='ocrx_word' id='word_1_551' title='bbox 1343 2354 1497 2395; x_wconf 30' lang='lat' dir='ltr'>,minister</span> <span class='ocrx_word' id='word_1_552' title='bbox 1534 2354 1666 2389; x_wconf 86' lang='lat' dir='ltr'>fideliter</span> <span class='ocrx_word' id='word_1_553' title='bbox 1705 2352 1910 2388; x_wconf 77' lang='lat' dir='ltr'>adminisiret.</span> 
     </span>
     <span class='ocr_line' id='line_1_100' title="bbox 1170 2401 2078 2445; baseline 0.002 -10"><span class='ocrx_word' id='word_1_554' title='bbox 1170 2401 1361 2437; x_wconf 88' lang='lat' dir='ltr'>Vestimenta</span> <span class='ocrx_word' id='word_1_555' title='bbox 1384 2403 1445 2438; x_wconf 89' lang='lat' dir='ltr'>sint</span> <span class='ocrx_word' id='word_1_556' title='bbox 1470 2403 1570 2445; x_wconf 86' lang='lat' dir='ltr'>lanea,</span> <span class='ocrx_word' id='word_1_557' title='bbox 1602 2411 1632 2438; x_wconf 90' lang='lat' dir='ltr'>et</span> <span class='ocrx_word' id='word_1_558' title='bbox 1652 2402 1738 2443; x_wconf 84' lang='lat' dir='ltr'>alba;</span> <span class='ocrx_word' id='word_1_559' title='bbox 1771 2409 1802 2436; x_wconf 88' lang='lat' dir='ltr'>et</span> <span class='ocrx_word' id='word_1_560' title='bbox 1823 2402 1912 2437; x_wconf 86' lang='lat' dir='ltr'>liceat</span> <span class='ocrx_word' id='word_1_561' title='bbox 1940 2412 1968 2433; x_wconf 72' lang='lat' dir='ltr'>oe</span> <span class='ocrx_word' id='word_1_562' title='bbox 1983 2412 2078 2433; x_wconf 62' lang='lat' dir='ltr'>‹vs-mus</span> 
     </span>
     <span class='ocr_line' id='line_1_101' title="bbox 1169 2450 1912 2499; baseline 0 -13"><span class='ocrx_word' id='word_1_563' title='bbox 1169 2453 1216 2486; x_wconf 88' lang='lat' dir='ltr'>eis</span> <span class='ocrx_word' id='word_1_564' title='bbox 1236 2450 1352 2487; x_wconf 88' lang='lat' dir='ltr'>habere</span> <span class='ocrx_word' id='word_1_565' title='bbox 1380 2452 1517 2499; x_wconf 86' lang='lat' dir='ltr'>pellicias</span> <span class='ocrx_word' id='word_1_566' title='bbox 1543 2452 1673 2499; x_wconf 82' lang='lat' dir='ltr'>singulis</span> <span class='ocrx_word' id='word_1_567' title='bbox 1693 2452 1848 2498; x_wconf 83' lang='lat' dir='ltr'>singulas,</span> <span class='ocrx_word' id='word_1_568' title='bbox 1881 2459 1912 2485; x_wconf 88' lang='lat' dir='ltr'>et</span> 
     </span>
     <span class='ocr_line' id='line_1_102' title="bbox 1170 2499 1912 2550; baseline 0.001 -15"><span class='ocrx_word' id='word_1_569' title='bbox 1170 2501 1290 2544; x_wconf 85' lang='lat' dir='ltr'>bracas,</span> <span class='ocrx_word' id='word_1_570' title='bbox 1317 2513 1394 2549; x_wconf 80' lang='lat' dir='ltr'>quas</span> <span class='ocrx_word' id='word_1_571' title='bbox 1416 2505 1552 2538; x_wconf 85' lang='lat' dir='ltr'>iacentes</span> <span class='ocrx_word' id='word_1_572' title='bbox 1573 2513 1634 2536; x_wconf 92' lang='lat' dir='ltr'>non</span> <span class='ocrx_word' id='word_1_573' title='bbox 1660 2501 1830 2550; x_wconf 88' lang='lat' dir='ltr'>deponant.</span> <span class='ocrx_word' id='word_1_574' title='bbox 1863 2499 1912 2536; x_wconf 81' lang='lat' dir='ltr'>la-</span> 
     </span>
     <span class='ocr_line' id='line_1_103' title="bbox 1169 2550 1910 2598; baseline 0.004 -14"><span class='ocrx_word' id='word_1_575' title='bbox 1169 2560 1258 2585; x_wconf 81' lang='lat' dir='ltr'>ceant</span> <span class='ocrx_word' id='word_1_576' title='bbox 1286 2553 1316 2585; x_wconf 88' lang='lat' dir='ltr'>in</span> <span class='ocrx_word' id='word_1_577' title='bbox 1341 2552 1455 2592; x_wconf 72' lang='lat' dir='ltr'>laneis,</span> <span class='ocrx_word' id='word_1_578' title='bbox 1482 2552 1523 2587; x_wconf 76' lang='lat' dir='ltr'>ita</span> <span class='ocrx_word' id='word_1_579' title='bbox 1549 2550 1632 2598; x_wconf 85' lang='lat' dir='ltr'>quod</span> <span class='ocrx_word' id='word_1_580' title='bbox 1656 2552 1779 2598; x_wconf 85' lang='lat' dir='ltr'>plumea</span> <span class='ocrx_word' id='word_1_581' title='bbox 1802 2551 1910 2593; x_wconf 75' lang='lat' dir='ltr'>fulcra,</span> 
     </span>
     <span class='ocr_line' id='line_1_104' title="bbox 1171 2600 1912 2647; baseline 0.004 -13"><span class='ocrx_word' id='word_1_582' title='bbox 1171 2600 1217 2635; x_wconf 87' lang='lat' dir='ltr'>vel</span> <span class='ocrx_word' id='word_1_583' title='bbox 1252 2600 1410 2645; x_wconf 88' lang='lat' dir='ltr'>culcitras,</span> <span class='ocrx_word' id='word_1_584' title='bbox 1449 2601 1507 2636; x_wconf 86' lang='lat' dir='ltr'>nisi</span> <span class='ocrx_word' id='word_1_585' title='bbox 1534 2601 1563 2635; x_wconf 88' lang='lat' dir='ltr'>in</span> <span class='ocrx_word' id='word_1_586' title='bbox 1591 2600 1797 2647; x_wconf 64' lang='lat' dir='ltr'>aegritudine&gt;</span> <span class='ocrx_word' id='word_1_587' title='bbox 1821 2600 1912 2637; x_wconf 88' lang='lat' dir='ltr'>labo-</span> 
     </span>
     <span class='ocr_line' id='line_1_105' title="bbox 1171 2650 1912 2697; baseline 0.004 -14"><span class='ocrx_word' id='word_1_588' title='bbox 1171 2657 1288 2685; x_wconf 73' lang='lat' dir='ltr'>rantes.</span> <span class='ocrx_word' id='word_1_589' title='bbox 1319 2651 1347 2684; x_wconf 92' lang='lat' dir='ltr'>in</span> <span class='ocrx_word' id='word_1_590' title='bbox 1377 2650 1524 2685; x_wconf 83' lang='lat' dir='ltr'>domibus</span> <span class='ocrx_word' id='word_1_591' title='bbox 1547 2650 1678 2697; x_wconf 80' lang='lat' dir='ltr'>propriis</span> <span class='ocrx_word' id='word_1_592' title='bbox 1705 2651 1835 2686; x_wconf 86' lang='lat' dir='ltr'>minime</span> <span class='ocrx_word' id='word_1_593' title='bbox 1857 2652 1912 2686; x_wconf 89' lang='lat' dir='ltr'>ha-</span> 
     </span>
    </p>
   </div>
  </div>
 </body>
</html>
