2129 3223
126 258 173 283 An.
192 258 220 283 C.
242 259 306 285 ¹225

142 857 278 879 Paenitentia

120 889 148 907 ‘nx
159 891 247 910 uisenda
268 895 304 910 re-

121 921 276 942 enascentibus.

152 1896 212 1918 Varia
240 1904 257 1924 {¹⁴
270 1904 306 1916 tn*

125 1927 238 1949 fecundum
254 1928 309 1948 dali-

124 1961 153 1979 cti
179 1959 307 1980 unalitatem.

369 247 438 280 412

322 314 507 360 participes,
541 312 692 359 quamdiu
731 313 761 346 in
789 325 843 347 sua
870 312 1067 348 contumacia

321 362 531 408 perdurarint,
553 362 686 408 singulis
707 361 820 397 diebus
841 361 1009 398 dominicis
1037 369 1068 396 et

321 411 459 455 festivis,
494 410 625 458 pulsatis
667 412 829 459 campanis
865 419 895 447 et
929 410 1067 446 candelis

319 461 469 505 accensis,
498 473 553 508 per
574 472 685 496 omnes
710 461 793 497 illius
814 461 874 496 loci
896 460 1066 500 Ecclesias.

320 511 350 544 in
373 522 436 558 quo
459 518 578 546 tantum
605 510 699 547 fuerit
720 510 844 546 facinus
869 518 1066 551 attentatum,

319 572 443 595 necnon
471 560 631 595 civitatum
667 568 695 596 et
732 559 913 595 dioecesum
950 560 1066 594 vicina-

319 622 401 649 rum,
424 610 686 645 excommunicati
709 609 834 658 publice
857 609 1066 649 nuncientur,

319 671 376 694 nec
397 658 436 694 ab
470 659 549 704 alio,
577 672 670 707 quam
697 672 713 694 a
742 659 886 694 Romano
912 658 1067 694 Pontifice

319 721 389 743 cnm
429 709 556 744 fratrum
585 722 714 745 suorum
746 717 775 744 et
808 708 951 743 iniuriam
984 708 1065 755 passi

319 770 474 793 consensu
509 760 629 806 possint
652 758 858 793 absolutionis
880 757 1065 792 beneficium

319 808 473 852 obtinere,
495 809 552 842 nisi
575 809 737 843 dumtaxat
757 808 786 842 in
810 807 920 842 mortis
935 807 1068 843 articulo

319 858 493 893 constituti.
528 857 608 892 Cum
636 866 739 893 autem
764 856 877 891 fuerint
899 856 1067 891 absolven-

319 907 368 946 di,
396 908 497 954 primo
519 907 710 942 sufficienter
732 914 762 941 et
785 906 895 941 idonee
925 915 1067 948 caveant,

318 956 402 1003 quod
432 956 614 992 inserendae
637 969 755 1004 poenae
779 955 945 1003 parebunt,
958 964 988 990 et
1009 968 1067 990 au-

318 1006 448 1040 xiliante
482 1005 620 1041 Domino
661 1005 885 1053 poenitentiam
917 1014 1068 1052 peragent

318 1055 554 1101 iniungendum.
597 1055 719 1090 Deinde
754 1067 808 1102 per
834 1065 945 1089 omnes
982 1054 1067 1090 illius

317 1105 377 1139 loci
406 1104 562 1139 Ecclesias
590 1104 799 1152 principales,
826 1104 1067 1152 vicinorumque

317 1154 458 1189 locorum
483 1153 594 1189 diebus
627 1153 795 1189 dominicis
821 1161 851 1188 et
873 1153 1067 1189 solemnibus

317 1202 463 1238 incedant
504 1203 579 1238 nudi
607 1216 712 1238 coram
749 1203 866 1249 populo
904 1202 1065 1238 femoralia

318 1261 438 1288 tantum
475 1252 645 1297 babentes,
682 1261 711 1287 et
738 1253 839 1298 virgas
866 1252 1001 1287 ferentes
1036 1253 1065 1287 in

318 1302 476 1345 manibus,
503 1314 576 1337 cum
613 1302 732 1350 quibus
768 1314 822 1349 per
848 1301 974 1337 easdem
1003 1301 1067 1336 Ec-

317 1352 430 1386 clesias
452 1351 577 1397 publice
613 1351 820 1397 fustigentur:
863 1351 935 1386 ituri
972 1360 1066 1398 post-

318 1401 448 1436 modum
488 1401 564 1436 ultra
604 1413 708 1438 mare.
746 1408 777 1435 et
814 1400 929 1434 ibidem
968 1401 1065 1435 acturi

319 1450 543 1496 poenitentiam
579 1462 633 1497 per
660 1458 724 1485 tres
745 1461 845 1484 annos
871 1449 909 1484 ad
945 1450 1066 1493 minus,

319 1512 377 1535 nec
399 1499 513 1534 exinde
539 1500 740 1547 postmodnm
769 1498 925 1533 reversuri
947 1498 1065 1545 absque

318 1548 412 1584 Sedis
439 1549 640 1596 Apostolicae
676 1548 798 1584 licentia
832 1547 974 1595 speciali.
1010 1548 1067 1582 Ve-

320 1611 388 1633 rum
424 1611 496 1633 curn
533 1598 609 1633 tales
635 1599 765 1644 gratiam
801 1597 1067 1632 reconciliationis

318 1648 502 1691 meruerint,
530 1647 684 1682 beneficio
699 1646 908 1682 absolutionis
925 1646 1066 1689 obtento,

321 1697 521 1744 indulgeatur
547 1698 592 1732 eis
619 1696 755 1735 licentia,
783 1704 814 1730 ut
837 1707 912 1736 sua,
941 1703 971 1731 et
992 1709 1067 1730 suo-

320 1759 387 1782 rum
415 1747 558 1781 iniuriam
588 1753 830 1793 prosequantur,
845 1752 876 1780 et
889 1745 1066 1780 debitorum

322 1796 459 1836 illorum,
498 1807 578 1842 quae
612 1802 771 1830 contracta
802 1794 916 1829 fuerint
943 1794 982 1829 de
1010 1807 1070 1841 po-

322 1845 479 1880 stmodum
502 1844 676 1892 aequisitiS,
692 1844 836 1890 repetitio
848 1856 909 1879 non
924 1852 1066 1889 negetur.

324 1895 400 1929 tttud
428 1902 531 1930 autem
569 1906 631 1929 non
662 1893 811 1928 duximus
838 1893 1068 1933 omittendum,

323 1944 406 1992 quod
434 1946 460 1979 si
488 1946 559 1992 quis
593 1943 684 1978 fuerit
711 1943 742 1977 in
777 1943 957 1990 praemissis
984 1943 1090 1978 nudo:

323 1994 466 2038 consilio,
506 1994 550 2028 vel
590 1992 726 2039 simplici
762 1991 865 2027 favore
891 1990 1091 2039 culpabilis,]

323 2044 413 2079 iudex
430 2045 459 2078 in
479 2044 571 2078 talem
593 2055 725 2090 poenam
746 2041 892 2076 metiatur
909 2054 945 2076 ex
967 2041 1070 2088 culpa,

325 2103 356 2128 ut
396 2094 572 2128 secundum
616 2092 700 2139 quod
740 2103 889 2126 excessus
922 2092 1092 2138 exegerit,'

325 2143 460 2178 vindicta
496 2141 653 2190 procedat.
688 2140 874 2176 Praemissis
899 2140 992 2175 etiam
1028 2140 1072 2174 di·
1114 2146 1228 2183 jbjdeffl
1264 2148 1431 2195 contigerit
1464 2156 1540 2184 tunc
1561 2148 1694 2190 morari,
1721 2156 1752 2184 et
1771 2157 1861 2185 ante-

1092 2213 1205 2248 ,quam
1231 2202 1369 2250 plenarie
1401 2201 1548 2243 satisfiat,
1575 2202 1708 2238 minime
1731 2212 1862 2240 reverta-

327 2254 489 2289 ·{¹¹¹⁵q⁰=¹m
506 2242 613 2289 ³¹¹q¹10
633 2239 863 2288 praedffiwrum
882 2251 1070 2274 excessuum
1092 2250 1093 2279 1
1115 2264 1181 2295 mr,
1209 2256 1267 2291 nisi
1289 2256 1393 2292 forsan
1422 2256 1608 2291 inevitabilis
1629 2254 1789 2291 Eectesiae
1811 2269 1861 2293 ne-

326 2303 516 2339 quemquam
539 2290 578 2325 de
604 2290 726 2325 clericis
760 2288 807 2324 vel
834 2289 988 2335 religiosis
1016 2296 1094 2323 nti-2

325 2205 419 2239 gnum
459 2192 644 2227 censuimus
682 2191 937 2228 annectendum,
976 2198 1009 2224 ut
1046 2190 1071 2224 si

327 2351 408 2377 strae
442 2340 598 2379 familiae,
637 2339 685 2374 vel
719 2339 924 2374 cardinalium
952 2339 1073 2373 afficere

329 2392 405 2426 forte
421 2392 678 2437 praesumpserit,
701 2388 954 2436 proportionetur
974 2400 1073 2434 poena

329 2441 455 2483 =lelicto,
495 2441 534 2474 ita
556 2439 640 2485 quod
669 2438 804 2473 vindicta
827 2449 865 2472 ex
891 2449 993 2484 aequo
1019 2450 1074 2471 cx-

329 2491 429 2524 vvssui
454 2489 676 2536 respondente,
703 2487 741 2522 ab
759 2487 878 2522 offensa
895 2498 1073 2522 nostrorum

330 2538 534 2574 «·«1liibeantur
570 2537 721 2584 deinceps
765 2549 877 2571 manns
911 2537 1075 2571 temerarie

332 2586 497 2623 tormidine
525 2587 655 2623 ultionis
680 2599 759 2634 quas
779 2585 848 2626 Dei,
883 2587 927 2621 vel
950 2594 1075 2626 nostra,
1096 2625 1097 2628 Ἴ

1096 2636 1098 2679 ᾗ
1117 2635 1282 2670 interdicto
1305 2645 1467 2682 usquequo
1489 2644 1628 2679 congrue
1653 2632 1792 2668 satisfiat.

331 2650 386 2672 beu
415 2636 542 2672 fratrum
585 2644 764 2672 nostrorum
804 2637 973 2670 severentia
1012 2646 1075 2670 110ss

913 257 1100 280 BULLARtUM
1126 256 1289 279 ROMANUM

1086 316 1088 355 ᾗ
1109 311 1265 346 cohercet.
1293 310 1325 346 Si
1360 311 1431 359 quis
1458 322 1530 346 vero
1552 323 1607 358 per
1632 322 1696 354 se,.

1107 361 1217 399 atium.
1238 360 1322 407 quod
1349 361 1439 404 absit,
1464 359 1615 395 occiderit
1643 357 1852 400 cardinalem,
1865 375 1925 396 ‚210-
1947 374 2049 396 occinen-

1871 253 1921 279 An.
1933 250 1963 278 C.
1982 251 2050 278 ¹228

1715 309 1765 345 vel
1797 320 1853 356 per
1878 314 1949 336 Poen-
1975 315 2050 348 eontra

1865 345 1950 367 eosdem
1977 345 2051 365 cardr-

1108 410 1154 445 vel
1189 409 1366 446 evidentem
1405 409 1529 446 dederit
1563 414 1687 445 causam
1722 409 1916 452 mortis,²⁸'”·

1109 459 1187 495 ultra
1213 472 1307 507 quam
1331 459 1502 508 praemissa
1528 460 1721 500 contineant,
1754 458 1800 494 sic
1821 459 1852 494 in

1108 521 1180 544 enm
1203 517 1338 556 potestas
1371 509 1598 545 iurisdictionis
1623 508 1775 555 insurgat,
1808 509 1854 544 sic

1108 559 1192 605 rigor
1219 559 1347 594 ultionis
1373 559 1501 602 insiliat,
1523 558 1606 606 quod
1633 565 1742 593 contra
1774 558 1854 593 vitae

1107 608 1281 644 subsidium
1301 608 1409 644 mortis
1431 608 1575 644 solatium
1589 607 1724 651 invocet,
1746 607 1854 643 vivens

1108 670 1227 705 poenae
1257 671 1318 693 non
1345 657 1476 705 culpae,
1507 656 1663 692 vindictae
1689 657 1852 704 speculum

1108 720 1170 742 non
1199 708 1348 743 offensae.
1377 707 1439 742 Per
1471 707 1550 742 haec
1570 718 1697 753 quoque
1718 707 1855 741 saecula-

1109 757 1196 792 ribus
1229 756 1436 805 potestatibus
1463 769 1525 791 non
1553 756 1722 791 adimimus
1756 756 1854 790 lacul-

1108 814 1201 841 tatem
1237 806 1347 842 utendi
1374 806 1496 853 legibus
1518 814 1626 841 contra
1653 804 1751 848 tales,
1777 817 1855 853 quas

1107 856 1258 891 adversus
1301 856 1472 903 sacrilegos
1512 854 1657 891 catholici
1695 854 1855 902 principes

1108 905 1283 941 ediderunt.
1330 905 1410 948 Quis
1446 905 1530 940 enim
1570 904 1660 939 locus
1694 903 1855 950 regiminis

1109 956 1223 1002 poterit
1244 967 1314 991 esse
1336 956 1442 990 tutus?
1462 954 1542 997 Quis
1563 962 1666 989 rector
1686 953 1854 989 securitate

1107 1004 1268 1050 gaudebit,
1295 1005 1320 1039 si
1341 1003 1484 1040 Romana
1506 1003 1659 1048 Ecclesia,
1683 1015 1764 1051 quae
1785 1015 1856 1038 om-

1109 1054 1196 1089 nium
1238 1053 1448 1089 Ecclesiarum
1486 1053 1677 1100 disponente
1717 1052 1855 1088 Domino

1108 1113 1199 1150 caput
1226 1111 1276 1139 est
1295 1111 1327 1139 et
1348 1105 1509 1150 magistra,
1535 1102 1662 1138 casibus
1688 1102 1756 1137 istis
1779 1101 1856 1137 sub-

1108 1153 1230 1188 iicitur?
1255 1153 1280 1188 si
1317 1153 1388 1188 eius
1421 1153 1475 1187 filii
1498 1152 1650 1200 speciales
1671 1152 1853 1187 huiusmodi

1109 1202 1257 1249 periculis
1283 1210 1494 1247 exponuntur,
1518 1214 1615 1249 quem
1641 1202 1805 1239 Ecclesiae
1822 1202 1854 1236 fi-

1107 1252 1197 1293 liuni,
1235 1264 1330 1300 quem
1358 1252 1430 1288 fidei
1469 1252 1635 1287 zelatorem
1662 1253 1853 1288 contumelia

1108 1309 1189 1337 tanta
1219 1315 1280 1337 non
1315 1310 1467 1349 tangeret,
1493 1310 1524 1336 et
1557 1302 1700 1337 confusio
1725 1310 1787 1337 tam
1809 1314 1853 1336 as-

1108 1364 1181 1398 pera
1210 1364 1272 1387 non
1303 1351 1464 1387 moveret?
1489 1351 1599 1393 Porro,
1626 1352 1678 1399 qui
1704 1352 1786 1388 filius
1807 1361 1853 1387 est

1108 1400 1237 1443 dolebit,
1263 1401 1318 1448 qni
1345 1401 1446 1437 fidelis
1472 1409 1570 1436 matre
1596 1402 1668 1437 fidei
1696 1402 1780 1438 laesa
1809 1415 1854 1437 se-

1107 1449 1222 1486 detur?
1247 1450 1446 1498 Quapropter
1478 1451 1503 1486 si
1528 1451 1691 1499 princeps,
1716 1459 1852 1492 senator,
1868 1451 2051 1503 eani¹⁶⁰mfflu¹¹⁵'

1108 1499 1232 1544 consul,
1250 1508 1397 1548 potestas,
1416 1501 1462 1536 vel
1477 1500 1559 1535 alius
1572 1501 1721 1536 dominus
1730 1513 1787 1538 seu
1801 1513 1853 1537 re·
1868 1489 2052 1542 iuffieffsh‘ilssffi‘ssff

1107 1562 1331 1601 ctor,qu0cum
1346 1555 1540 1601 quenomine
1556 1564 1733 1600 censeatur,
1745 1564 1852 1592 contra
1867 1545 2054 1598 ἓῖζιάξὲιῗᾞῗξζ

1109 1615 1365 1654 praesumptores
1389 1608 1567 1654 praedictos
1593 1611 1766 1656 praesentis
1783 1610 1951 1646 con-³⁸⁰¹*

1086 1678 1088 1683 ⁴
1108 1662 1283 1696 stitutionis
1306 1671 1444 1697 tenorem
1470 1675 1531 1697 nou
1554 1663 1664 1698 fecerit
1685 1664 1855 1704 observari„

1109 1722 1171 1749 tam
1207 1715 1293 1762 ipse.
1327 1727 1420 1762 quarn
1459 1716 1608 1751 officiales
1646 1717 1745 1764 ipsius
1777 1718 1855 1753 infra

1110 1780 1262 1809 mensem,
1279 1777 1443 1815 postquam
1465 1781 1515 1804 res
1527 1769 1566 1804 ad
1582 1771 1725 1806 notitiam
1746 1783 1856 1807 eorum

1110 1823 1303 1867 pervenerit,
1330 1822 1654 1859 excommunicatione
1696 1832 1854 1861 notentur.

1110 1877 1201 1918 Quod
1229 1877 1255 1911 si
1279 1877 1414 1924 populus
1448 1877 1541 1911 suerit
1568 1877 1649 1912 circa
1672 1877 1730 1913 ista
1752 1879 1860 1915 remis-

1110 1944 1176 1972 sus,
1203 1940 1233 1965 et
1259 1930 1296 1965 ad
1319 1930 1577 1966 satisfaciendum
1607 1939 1746 1968 rectores
1765 1941 1796 1969 et
1817 1933 1860 1968 of-

1113 1985 1228 2020 ficiales
1262 1985 1330 2020 eius
1357 1998 1420 2020 non
1454 1985 1665 2033 compulerit,
1698 1986 1861 2024 Romanus

1113 2039 1258 2074 Pontifex
1280 2052 1351 2075 cnm
1373 2040 1440 2075 suis
1462 2039 1611 2076 fratribus
1637 2041 1789 2078 omnibus
1810 2043 1860 2079 in-

1113 2093 1156 2127 tra
1184 2106 1323 2129 mensem
1351 2101 1439 2129 exeat
1464 2093 1569 2129 locum
1597 2092 1707 2136 illum,
1740 2095 1766 2131 si
1788 2108 1860 2132 eum

1113 2311 1244 2345 cessitas
1270 2310 1467 2351 immineret,
1490 2317 1616 2357 propter
1637 2321 1731 2357 quam
1758 2311 1861 2346 exitus

1114 2365 1182 2399 eius
1210 2371 1239 2398 et
1266 2363 1396 2399 fratrum
1420 2364 1618 2411 pericujosus
1652 2362 1861 2410 proculdubio

1116 2418 1307 2453 redderetur.
1343 2417 1508 2453 Praeterea
1534 2417 1559 2451 si
1596 2416 1733 2464 populns
1759 2425 1862 2452 recto-

1094 2501 1095 2504 ,
1116 2484 1181 2506 rem
1208 2473 1253 2507 sic
1274 2473 1578 2508 excommunicatum
1606 2471 1698 2505 tertio
1724 2472 1862 2507 monitus

1116 2527 1196 2560 sicut
1240 2527 1355 2574 poterit
1395 2525 1610 2566 commoneri,
1649 2537 1665 2559 a
1710 2526 1862 2572 regimine

1117 2592 1260 2616 amovere
1282 2579 1522 2627 contempserit,
1544 2579 1729 2613 subiiciatur
1754 2579 1863 2614 civitas
