2129 3223
160 257 207 281 An.
226 258 254 285 C.
275 257 341 284 fitz

167 1011 219 1038 Quid
229 1014 297 1031 aetum
306 1016 340 1037 po

160 1046 204 1063 *tra
219 1045 253 1067 sit,
269 1045 291 1063 ut
305 1047 341 1063 re-

161 1076 212 1094 diret
229 1074 253 1094 ad
269 1078 313 1093 eos.

404 248 473 280 270

357 327 396 349 ne
417 321 491 348 tunc
513 311 640 346 abbates
663 317 690 345 et
717 310 835 358 priores
858 310 993 348 inaniter
1014 310 1097 346 labo·

357 369 488 401 rassent,
520 372 598 395 neve
624 359 820 408 propositum
841 359 911 396 eius
937 360 1016 395 eirca
1047 372 1096 395 re-

356 411 540 447 levationem
574 409 716 446 eiusdem
754 409 932 445 monasterii
958 422 1016 445 suo
1039 410 1098 455 pri-

356 468 479 496 varetur
504 459 636 500 effectu,
672 459 788 495 vocatis
817 459 853 504 ad
877 472 910 494 se
932 459 1097 494 abbatibus

355 518 385 546 et
407 509 576 558 prioribus,
595 509 678 545 idem
701 509 874 556 capitulum
887 509 969 555 apud
983 508 1097 543 Chari-

355 568 449 596 tatcm
477 559 636 595 celebrare
657 558 812 599 decrevit,
838 559 973 594 eredens
994 566 1098 593 aucto-

356 611 445 645 ritate
483 621 519 644 ac
557 609 732 656 praesentia
768 616 924 643 tantorum
961 609 1096 642 virorum

356 672 447 707 posse
469 659 624 707 praefatos
651 658 785 695 rebelles
806 670 821 692 a
849 671 905 693 sua
928 658 1098 704 pertinacia

356 709 502 745 revocari.
516 709 715 745 Venerabilis
736 720 863 756 qnoque
880 708 972 742 frater
995 715 1099 742 noster

354 759 575 796 Gebennensis
601 759 781 806 episcopus,
808 765 839 792 et
867 757 907 791 H.
931 756 1099 791 Remensis

355 809 607 848 archidiaconus
629 809 710 844 sicut
731 807 796 843 suis
818 806 908 842 nobis
929 806 1042 842 litteris
1056 806 1099 840 in-

355 860 521 903 timarunt,
552 866 752 894 accesserunt
779 856 967 892 Cluniacum
994 855 1032 890 ad
1054 867 1098 891 ca-

356 909 491 957 pitulum
517 909 679 955 generale:
703 907 757 943 sed
780 919 851 941 cum
879 905 975 940 abbas
997 917 1029 940 se
1045 918 1100 952 pei

355 971 428 995 suas
449 958 568 993 litteras
597 965 792 999 excusasset,
831 955 916 1002 quod
950 955 1023 989 illuc
1057 956 1100 990 ire

357 1008 555 1056 nequiverat,
598 1019 613 1041 a
656 1006 759 1054 priore
802 1018 837 1040 ac
858 1004 1021 1039 monachis
1061 1004 1099 1039 de

355 1057 524 1096 Charitate
547 1069 628 1104 quos
651 1056 871 1091 inobedientes
903 1062 933 1088 et
968 1053 1101 1089 rebelles

356 1108 528 1147 invenerat,
554 1106 689 1152 graviter
717 1105 902 1153 impeditus
926 1111 955 1137 et
976 1103 1100 1137 deffini-

355 1165 438 1192 tores
454 1156 582 1203 capituli
601 1156 639 1190 ad
658 1155 850 1191 Charitatem
873 1166 945 1188 cum
969 1165 1100 1199 congre-

355 1207 434 1252 gatis
455 1205 571 1240 ibidem
600 1205 770 1251 prioribus,
804 1210 976 1243 evocasset,
1004 1211 1036 1237 nt
1059 1202 1100 1236 ibi

355 1264 417 1291 tam
447 1255 488 1290 de
518 1254 690 1290 rebellione
722 1254 835 1302 prioris
872 1260 901 1289 et
928 1251 1102 1287 monacho-

357 1318 438 1346 rum,
464 1317 558 1352 quam
586 1304 626 1340 de
651 1304 722 1339 aliis
742 1303 872 1344 aaendis
893 1301 1102 1337 communiter

356 1361 554 1398 tractaretur,
580 1353 675 1390 iidem
709 1353 893 1388 diffinitores
922 1364 993 1386 cum
1018 1351 1101 1398 prio-

358 1404 444 1439 ribus
459 1403 497 1439 ad
517 1404 699 1441 mandatum
723 1403 854 1445 abbatis,
881 1409 911 1435 et
933 1401 1102 1447 episcopus

357 1462 387 1489 et
407 1452 649 1489 archidiaconus
667 1455 704 1490 ad
735 1464 842 1499 preces
865 1451 1005 1498 ipsorum
1028 1463 1100 1484 cuin

358 1503 450 1559 ipsis,
467 1515 567 1550 usque
589 1503 625 1537 ad
650 1512 786 1540 castrum
806 1501 889 1548 quod
903 1499 1040 1534 Marchia
1060 1500 1101 1533 ‹li-

357 1553 457 1593 citur,
484 1562 694 1588 accesserunt.
710 1552 829 1588 Ibidem
862 1548 1101 1593 diffinitoribus,

357 1610 387 1638 et
405 1601 563 1649 prioribus
590 1602 837 1640 remanentibus
860 1600 953 1634 iidem
976 1599 1101 1645 episco-

358 1665 417 1707 pus
439 1659 468 1686 et
496 1652 734 1688 archidiaconus
750 1651 786 1687 ad
809 1650 974 1698 praefatam
1000 1648 1100 1683 villam

358 1702 492 1746 iverunt,
513 1702 552 1737 de
591 1714 665 1749 pace
687 1714 759 1737 cum
786 1699 964 1756 saepedicto
990 1697 1102 1733 abbate

357 1760 385 1786 et
410 1751 513 1798 priore
545 1762 582 1786 ac
602 1751 767 1787 monachis
794 1749 895 1805 ipsius
922 1748 1100 1783 monasterii

360 1800 513 1842 locuturi3
526 1801 581 1836 sed
593 1808 782 1837 invenerunt
803 1799 912 1834 ianuas
930 1799 1099 1833 obseratas.

360 1851 563 1897 Rogaverunt
574 1859 678 1887 autern
707 1863 761 1886 eos
788 1861 868 1897 quos
890 1848 1031 1883 viderant
1048 1860 1102 1882 su-

361 1913 413 1947 pra
436 1912 555 1941 muros,
575 1908 609 1935 ut
629 1901 714 1948 ipsos
729 1899 946 1953 permitterent
962 1897 1100 1932 introire.

359 1950 420 1992 Qui
435 1949 665 1997 responderunt
679 1950 797 1985 eisdem
812 1947 896 1996 quod
911 1960 978 1983 sine
991 1947 1103 1994 prioris

360 1998 506 2035 mandato
529 1999 708 2035 nullatenus
733 1999 810 2047 ipsis
841 2005 958 2045 pateret
980 1997 1104 2052 ingres-

359 2061 424 2085 sus.
453 2048 535 2084 Cum
558 2061 633 2104 ergo
654 2048 781 2096 quidam
810 2047 949 2083 servieus
980 2046 1103 2081 comitis

360 2099 521 2134 memorati
556 2098 796 2145 interrogasset,
835 2096 888 2144 qui
923 2104 1046 2136 essent
1073 2104 1104 2131 et

361 2149 436 2195 ipsis
470 2148 732 2196 respondentibus
766 2146 945 2187 didicisset
977 2152 1103 2201 rogatus

360 2198 399 2233 ab
424 2197 470 2233 eis
491 2197 528 2233 ad
550 2198 685 2244 priorem
718 2197 867 2237 accessit,
900 2203 934 2231 ut
956 2195 1032 2242 ipsis
1055 2195 1104 2229 in-

359 2247 523 2295 grediendi
541 2247 701 2283 licentiam
725 2247 914 2293 impetraret
941 2245 1014 2287 Quo
1036 2257 1105 2279 mo-

363 2309 426 2332 ram
453 2297 575 2332 diutius
597 2296 815 2344 protrahente,
838 2296 920 2330 idem
946 2294 1105 2329 archidia-

362 2358 462 2381 conus
495 2347 619 2383 divertit
650 2347 688 2382 ad
724 2346 814 2381 aliam
842 2345 931 2379 villae
964 2352 1103 2390 portam,

363 2403 485 2431 tentans
512 2396 536 2431 si
566 2395 662 2431 alium
696 2396 874 2442 ingressum
900 2401 1027 2441 possent
1048 2393 1106 2427 ha-

363 2445 447 2484 here
480 2445 533 2480 sed
556 2446 632 2480 nihil
663 2445 791 2481 omnino
813 2443 955 2492 profecit.
985 2443 1032 2477 Ad
1057 2443 1105 2477 ul-

365 2494 475 2529 timum
502 2507 576 2529 vero
593 2503 663 2542 post
684 2494 934 2541 expectationem
958 2504 1019 2528 non
1042 2504 1107 2527 mo-

363 2543 463 2578 dicam
504 2545 646 2580 serviens
673 2544 796 2580 comitis
830 2555 1018 2590 responsum
1045 2542 1107 2577 hu-

365 2592 500 2627 iusmodi
527 2594 716 2641 reportavit,
750 2592 834 2640 quod
868 2604 931 2628 non
959 2591 1107 2639 ingrede-

366 2648 472 2676 rentur
493 2642 557 2678 ullo
578 2643 689 2685 modo,
711 2655 748 2679 eo
769 2641 851 2691 quod
875 2641 912 2678 ad
935 2641 1105 2690 capitulum

925 256 1112 279 BULLAturM
1139 255 1299 278 Romanum

1135 317 1329 344 accesserant
1354 309 1510 356 generale,
1537 309 1583 344 sic
1617 321 1691 356 ergo
1718 309 1800 357 passi
1828 321 1878 344 re-

1136 359 1270 406 pulsam,
1291 358 1330 394 ad
1345 358 1513 394 Marchiam
1536 358 1707 394 redierunt.
1730 358 1790 394 Die
1806 369 1880 394 vero

1136 408 1278 455 sequenti
1306 408 1463 456 praefatus
1495 409 1665 456 episcopus
1696 408 1878 454 magistrum

1137 458 1319 506 Philippum
1346 458 1571 494 Nivernensem
1598 458 1759 494 officialem
1785 467 1881 505 roga-

1137 508 1190 553 vit,
1218 516 1250 542 ut
1272 507 1407 556 priorem
1430 507 1547 547 adiret,
1574 515 1605 543 et
1637 508 1697 543 sibi
1719 516 1749 542 et
1774 508 1880 543 archi-

1136 558 1268 593 diacono
1291 558 1469 604 impetraret
1489 557 1679 604 ingressum,
1705 557 1779 604 quia
1794 557 1879 604 loqui

1136 608 1175 642 de
1198 619 1272 654 pace
1295 620 1368 642 cum
1396 619 1433 642 eo
1470 614 1501 641 et
1534 607 1599 642 suis
1633 606 1780 642 fratribus
1804 607 1881 642 affe-

1137 656 1268 692 ctabant.
1304 657 1374 703 Ipse
1411 669 1482 691 vero
1516 669 1586 691 curn
1619 656 1722 703 priore
1754 656 1882 691 locutus

1138 707 1181 742 sic
1208 706 1370 754 respondit
1392 706 1535 746 eisdem,
1563 706 1647 753 quod
1683 706 1768 753 prior
1795 705 1882 753 ipsos

1139 756 1224 791 nullo
1251 756 1345 790 modo
1367 756 1481 791 intrare
1504 756 1707 803 permitteret,
1730 767 1789 790 nec
1816 756 1882 803 ipse

1139 805 1175 840 ad
1211 805 1394 853 episcopum
1439 806 1517 849 iret,
1558 817 1659 851 neque
1700 804 1883 852 loqueretur

1139 867 1210 890 cum
1239 867 1285 890 eo.
1315 854 1417 890 Tertia
1440 868 1566 903 quoque
1592 855 1643 890 die
1670 867 1743 890 cum
1765 854 1883 890 diffini-

1139 912 1222 939 tores
1256 911 1285 940 et
1312 904 1431 952 priores
1463 905 1501 940 ad
1531 904 1740 952 saepedictam
1779 904 1883 940 villam

1139 954 1234 990 simul
1264 954 1501 1002 proposuissent
1532 954 1700 996 accedere,
1737 954 1885 990 tentaturi

1140 1004 1163 1039 si
1192 1016 1262 1038 eum
1291 1004 1394 1050 priore
1420 1017 1455 1041 ac
1496 1004 1657 1040 monachis
1683 1011 1812 1052 possent
1835 1003 1885 1039 lo-

1140 1053 1193 1101 qui
1230 1061 1259 1088 et
1298 1053 1411 1088 habere
1444 1054 1481 1089 ad
1518 1053 1659 1089 abbatem
1699 1062 1884 1093 accessum.

1140 1103 1312 1138 servientes
1333 1103 1503 1149 saepedicti
1532 1104 1656 1138 comitis
1677 1103 1884 1143 advenerunt,

1142 1152 1319 1187 inhibentes
1340 1153 1458 1187 eisdem
1488 1165 1526 1187 ne
1553 1153 1589 1187 ad
1619 1153 1722 1188 villam
1752 1153 1885 1189 accede-

1142 1210 1210 1237 rent
1245 1201 1454 1249 saepedictam
1494 1203 1523 1236 in
1562 1202 1702 1250 personis
1732 1210 1762 1237 et
1794 1203 1886 1249 equis

1141 1264 1247 1287 eorum
1283 1251 1386 1298 gravia
1422 1252 1558 1299 pericula
1586 1251 1778 1287 intentando.
1818 1252 1886 1286 Ad-

1143 1302 1283 1336 iecerunt
1306 1301 1397 1336 etiam
1425 1301 1522 1348 quod,
1544 1301 1569 1336 si
1595 1309 1734 1349 possent,
1756 1301 1885 1337 eosdem

1141 1351 1323 1398 episcopum
1358 1358 1388 1385 et
1413 1351 1670 1386 archidiaconum
1704 1351 1887 1386 introduce-

1143 1407 1221 1444 rent,
1253 1400 1307 1435 sed
1336 1400 1362 1434 si
1388 1412 1459 1435 curn
1482 1400 1704 1435 diffinitoribus
1731 1408 1762 1435 et
1799 1401 1887 1448 prio-

1142 1450 1228 1485 ribus
1267 1450 1357 1493 irent7
1392 1450 1480 1485 nullo
1502 1450 1597 1485 modo
1631 1450 1887 1498 permitterentur

1143 1500 1268 1534 intrare.
1297 1499 1379 1546 Ipsis
1400 1499 1494 1545 igitur
1515 1499 1590 1534 illuc
1611 1500 1810 1535 venientibus
1832 1511 1888 1535 oo-

1141 1549 1235 1584 currit
1280 1549 1492 1583 thesaurarius
1532 1549 1750 1586 Turonensis,
1784 1557 1815 1585 et
1848 1549 1887 1584 ad

1141 1597 1298 1646 quandam
1322 1604 1443 1645 portam
1465 1598 1555 1633 duxit
1582 1599 1710 1634 eosdem
1732 1599 1769 1634 ad
1792 1611 1886 1647 quam

1142 1655 1215 1695 post
1240 1648 1487 1694 expectationem
1525 1661 1585 1683 non
1627 1648 1782 1684 modicam
1815 1658 1886 1684 cum

1141 1697 1322 1732 difficultate
1344 1697 1478 1732 maxima
1505 1698 1638 1745 stipatus
1665 1698 1828 1743 militibus,
1858 1706 1888 1733 et

1142 1746 1363 1791 servientibus,
1391 1747 1638 1793 equisarmatis,
1672 1755 1702 1783 et
1723 1748 1888 1783 monachis

1144 1809 1272 1843 magnos
1306 1797 1480 1832 ferentibus
1512 1797 1642 1833 baculos
1668 1797 1752 1832 venit
1783 1797 1885 1845 prior;

1143 1847 1193 1882 cui
1221 1855 1473 1894 proposuerunt,
1501 1847 1719 1895 praesentibus
1757 1847 1887 1883 thesau-

1143 1896 1223 1931 rario
1244 1897 1439 1944 supradicto,
1458 1896 1645 1932 Bituricensi
1663 1904 1801 1938 cantore,
1821 1897 1888 1932 An-

1143 1945 1359 1982 tissiodorensi
1396 1946 1628 1989 archidiacono,
1651 1946 1720 1982 aliis
1734 1946 1887 1993 pluribus,

1143 1995 1270 2031 verbum
1296 1996 1395 2043 pacis,
1422 1996 1623 2032 ostendentes
1655 1996 1782 2040 damna,
1808 2008 1889 2044 quae

1143 2053 1285 2092 poterant
1312 2057 1348 2080 ex
1371 2046 1428 2081 hac
1456 2046 1611 2081 discordia
1642 2046 1824 2093 provenire
1858 2055 1887 2081 et

1142 2107 1234 2150 quam
1258 2096 1360 2140 graiis
1383 2096 1506 2130 inlarnia
1528 2097 1693 2131 occasione
1719 2094 1888 2130 dissentio-

1143 2145 1193 2179 nis
1215 2145 1332 2199 ipsius.
1368 2157 1429 2179 non
1453 2145 1555 2180 solum
1591 2146 1648 2188 eis,
1674 2144 1729 2180 sed
1756 2152 1787 2179 et
1813 2144 1888 2179 reli-

1143 2193 1239 2240 giosis
1265 2193 1331 2228 aliis
1363 2194 1556 2230 imminebat
1592 2195 1641 2229 Ad
1665 2194 1742 2229 haec
1762 2193 1888 2229 obtule-

1144 2251 1217 2278 runt
1238 2242 1338 2278 eidem
1363 2256 1398 2278 ex
1416 2252 1500 2291 parte
1515 2244 1740 2279 diffinitorum
1733 2254 1886 2291 ipsorum,

1143 2292 1226 2340 quod
1255 2294 1352 2340 parati
1380 2302 1467 2329 eraut
1494 2294 1671 2341 corrigere,
1706 2293 1731 2328 si
1754 2303 1813 2339 qua
1835 2302 1887 2328 es-

1144 2350 1213 2377 sent
1248 2349 1309 2377 tam
1344 2343 1424 2378 circa
1462 2345 1563 2390 ipsum
1599 2342 1764 2383 abbatem,
1791 2351 1885 2389 quam

1144 2391 1269 2427 eosdem
1295 2392 1429 2439 priorem
1453 2400 1484 2428 et
1510 2392 1680 2427 monachos
1702 2391 1885 2438 corrigenda

1144 2454 1215 2476 cum
1251 2442 1433 2478 auctoritate
1472 2441 1597 2488 capituli
1636 2441 1791 2487 generalis
1832 2451 1887 2488 per

1144 2491 1258 2526 Sedem
1278 2492 1490 2539 Apostolicam
1513 2490 1675 2538 approbati
1699 2498 1886 2537 potestatem

1145 2540 1295 2576 haberent
1316 2541 1492 2589 corrigendi
1515 2551 1663 2575 excessus
1685 2547 1746 2575 tam
1776 2540 1806 2574 in
1833 2550 1888 2575 ca-

1147 2591 1218 2637 pite,
1246 2603 1339 2638 quam
1368 2592 1397 2626 in
1421 2590 1579 2625 membris.
1614 2589 1684 2637 lpse
1719 2600 1791 2625 vero
1820 2598 1888 2625 res-

1147 2640 1253 2688 pondit
1280 2640 1363 2689 quod
1387 2640 1424 2677 de
1451 2638 1653 2675 diffinitorum
1681 2639 1885 2682 correctione,

1893 253 1934 281 An
1961 252 1989 280 C.
2005 253 2073 280 ¹2l5
