2129 3223
34 255 148 302 *Aac
167 261 233 288 itae

57 1725 105 1748 Είιιι
131 1727 224 1754 glorios·

24 1762 26 1764 ’
44 1763 105 1780 uon.

80 2101 185 2124 tiranni·

838 258 1046 284 {nocuimus
1066 258 1104 282 111
1126 258 1175 283 1⁷1³.

246 316 320 352 tinis
340 328 464 363 semper
494 315 641 351 laudibus
668 316 843 351 interesset.
873 313 987 350 Missae

244 381 370 418 quoque
391 368 529 405 officium
555 377 586 405 et
603 368 679 404 alias
697 368 788 404 horas
810 381 882 404 cum
898 380 988 404 sum·

245 435 296 459 ma
332 423 497 459 devotione
523 422 736 470 frequentans.
776 422 816 457 ita
851 422 988 458 assiduis

243 475 439 513 orationibus
462 476 640 518 insistebat,
668 484 701 511 ut
722 477 752 510 in
779 478 876 512 certis
902 476 988 512 horis

242 530 319 566 baut
339 530 534 567 incessanter
558 538 670 571 oraret,
705 538 757 566 aut
785 531 877 565 horas
904 531 988 578 ipsas

242 583 410 631 aliquando
444 584 655 633 praeveniret.
689 584 748 619 nisi
777 585 854 619 sorte
881 585 986 632 ipsum

241 637 420 679 solicitudo,
453 650 547 686 quam
570 650 666 686 super
693 650 768 686 pace
790 638 986 674 reformanda

242 703 297 739 per
321 692 478 728 civitatem
505 700 655 740 tanquam
683 691 834 739 pacificus
860 692 906 726 vir
930 690 987 740 ge?-

241 746 340 793 rebat‚
370 756 425 783 aut
446 748 569 784 occasio
590 747 806 796 eleemosynae
828 760 885 795 pro
907 760 987 796 pau-

242 799 372 850 peribus
387 800 610 849 acquirendae,
631 814 686 837 seu
710 802 771 837 alia
794 802 872 837 iusta
892 814 985 838 causa

240 856 273 890 in
299 854 370 891 aliis
390 855 540 904 operibus
562 856 796 892 misericordiae
819 855 985 892 detineret.

239 908 302 952 Qui
323 910 473 946 nimirum
494 918 566 946 ante
587 922 715 946 crucem
737 910 930 946 dominicam
949 923 985 946 ex

240 963 446 1000 assuetudine
467 976 501 1000 se
524 973 739 1012 prosternens,
769 977 850 1013 opus
876 964 986 1013 quod-

239 1018 315 1055 libet
335 1017 492 1060 faciendo,
514 1019 637 1059 stando,
664 1019 814 1061 sedendo,
841 1020 985 1066 iacendo,

239 1072 278 1108 ad
304 1073 479 1109 orationem
506 1073 587 1109 labia
610 1085 735 1109 movere
761 1074 912 1109 continuo
939 1076 985 1109 vi-

239 1125 382 1162 debatur.
413 1126 498 1163 Inter
531 1127 588 1162 alia
623 1139 696 1163 vero
731 1128 855 1176 pietatis
890 1140 983 1176 opera

238 1193 321 1230 quae
350 1189 413 1217 tam
441 1182 522 1217 circa
553 1194 730 1230 pauperes,
769 1194 850 1230 quos
876 1195 983 1219 secum

240 1238 271 1272 in
297 1235 393 1272 domo
410 1237 536 1284 propria
562 1236 699 1276 tenebat,
727 1244 758 1272 et
780 1237 895 1285 pariter
912 1250 984 1285 pro-

238 1289 384 1332 curabat,
417 1302 512 1338 quam
552 1290 634 1325 circa
672 1289 751 1325 alios
789 1290 983 1336 indigentes,

239 1343 359 1393 quibus
385 1343 563 1380 viventibus
597 1343 800 1380 humanitatis
825 1344 983 1388 officium,

238 1398 373 1434 mortuis
407 1398 588 1445 sepulturae
624 1397 813 1434 beneficium
848 1411 983 1435 consue-

238 1459 325 1487 verat
341 1451 474 1488 devotus
494 1451 678 1499 impendere
697 1452 879 1499 diligentius
894 1466 984 1489 exer-

238 1505 340 1546 cebat,
365 1505 432 1554 ipse
449 1519 466 1541 a
482 1505 692 1541 saecularium
718 1506 882 1542 hominum
904 1520 983 1543 con-

237 1559 335 1596 sortio
355 1570 549 1608 segregatus,
566 1561 646 1595 inter
668 1573 748 1608 quos
762 1560 879 1596 virebat
892 1563 980 1610 quasi

238 1613 338 1649 lilium
359 1613 440 1649 inter
465 1614 590 1662 spinas,
626 1614 873 1655 haereticorum,
900 1628 983 1664 quo-

238 1679 309 1703 rum
331 1667 486 1716 pernicies
508 1676 609 1715 partes
626 1668 674 1703 illa
696 1668 816 1713 infecit,
837 1679 982 1706 austerus

237 1722 342 1759 extitit
361 1731 554 1771 aspernator.
572 1722 716 1759 Deducto
729 1732 833 1760 autem
847 1725 892 1760 sic
904 1725 982 1761 vitae

237 1785 363 1814 sanctae
401 1777 576 1822 curriculo,
615 1790 687 1814 cum
729 1778 766 1813 ad
799 1779 981 1815 matutinale

237 1831 389 1873 officium,
416 1842 509 1880 prout
531 1832 651 1867 dictum
675 1841 734 1870 est.
758 1833 789 1867 in
817 1833 981 1870 festivitate

236 1885 343 1922 Sancti
376 1884 484 1921 Brictii
517 1886 725 1928 surrexisset,
759 1886 838 1922 circa
866 1888 981 1924 missae

237 1939 408 1988 primordia
430 1940 513 1975 idem
539 1952 574 1975 se
596 1948 667 1975 ante
694 1952 820 1977 crucem
842 1941 981 1978 domini-

236 2005 305 2030 cam
326 2005 414 2029 more
434 1994 526 2030 solito
553 1994 583 2029 in
605 1994 745 2030 oratione
766 2004 979 2043 prosternens,

236 2047 312 2083 dum
333 2055 512 2083 cantaretur
534 2048 671 2096 hymnus
684 2048 868 2096 Augen-us,
891 2050 980 2088 beato

236 2101 299 2138 fine
323 2102 452 2150 quievit.
479 2101 569 2145 Quae
593 2115 678 2148 vero,
699 2111 787 2151 quot,
814 2113 844 2140 et
865 2115 979 2153 quanta

236 2155 387 2192 miracula
409 2156 526 2192 fuerint
547 2156 735 2196 subsecuta
762 2167 793 2194 et
815 2168 891 2206 quot
917 2160 979 2195 ad—

237 2199 436 2246 venientibus
456 2209 496 2245 ad
519 2210 721 2257 sepulchrum
742 2212 813 2247 eius
840 2214 980 2249 sanitatis

237 2263 387 2299 beneficia
415 2265 476 2299 sint
502 2265 662 2312 impensa,
695 2277 768 2300 curn
789 2265 919 2313 longum
941 2270 979 2303 sit

235 2329 422 2354 enumerare
447 2330 504 2366 per
529 2318 665 2366 singula,
687 2331 785 2354 unum
807 2320 889 2356 inter
908 2334 979 2358 cae-

235 2380 302 2408 tera
323 2371 362 2408 ad
386 2373 592 2408 assertionem
619 2371 788 2408 catholicae
816 2373 887 2409 fidei
911 2373 979 2411 'du-

176 2419 184 2428 '
237 2426 341 2463 ximus
351 2427 532 2475 expressius
545 2426 771 2462 annotandum.
795 2427 877 2464 Cum
894 2430 976 2466 enim

236 2480 391 2530 quaedam
423 2480 625 2516 daemoniaca
660 2481 774 2516 mulier
798 2482 836 2517 ad
870 2484 978 2530 sepul-

236 2535 347 2571 chrum
383 2534 453 2571 eius
477 2535 612 2571 deducta
644 2534 765 2576 suisset,
800 2548 840 2572 ne
873 2538 977 2586 aliqua

237 2589 323 2625 fraus
343 2589 468 2635 lateret,
489 2589 599 2625 eadem
621 2589 722 2637 primo
743 2588 800 2624 fuit
821 2602 900 2638 aqua
914 2604 977 2627 non

239 2642 400 2679 benedicta
422 2655 579 2692 respersa;
600 2656 680 2692 quae
702 2655 734 2678 se
757 2650 908 2690 patienter
928 2657 978 2680 as-

1655 246 1723 281 ¹59

1028 313 1115 361 pergi
1143 315 1341 360 permittens,
1380 324 1492 360 aquam
1526 311 1668 348 secundo
1700 323 1772 347 res-

1029 368 1096 415 puit
1123 366 1328 402 benedictam.
1363 366 1403 402 Et
1435 375 1468 401 ut
1503 379 1552 402 res
1585 365 1770 402 evidentiori

1027 421 1242 469 experimento
1275 429 1404 468 pateret,
1435 420 1570 456 oblatam
1597 433 1658 456 non
1692 432 1771 456 con-

1026 483 1178 510 secratam
1219 475 1337 522 absque
1371 473 1473 521 aliqua
1503 474 1672 522 praesentia
1714 475 1771 509 sibi

1027 529 1183 577 recipiens
1197 536 1438 577 praesentatam,
1455 528 1686 564 Eucharistiam
1701 540 1774 564 con-

1026 591 1144 619 secrata
1162 583 1393 630 subsequenter
1413 582 1586 623 abhorruit,
1608 595 1667 617 nec
1685 595 1773 618 rece-

1029 637 1088 684 pit:
1116 649 1196 685 quae
1227 645 1256 672 et
1282 636 1402 672 meritis
1437 636 1577 672 eiusdem
1605 637 1701 672 sancti
1733 637 1772 672 li-

1027 690 1131 726 berata
1161 691 1301 726 recessit.
1325 689 1363 725 Ut
1387 698 1491 725 autem
1516 690 1613 724 virtus
1635 703 1771 730 morum.

1029 753 1120 793 prout
1142 753 1189 779 est
1210 745 1357 792 superius
1384 743 1600 791 praelibatum,
1623 743 1694 779 licet
1711 757 1772 780 om-

1027 801 1077 835 nis
1098 798 1252 834 dubitatio
1273 798 1409 834 amoveri
1434 811 1471 833 ex
1493 797 1718 833 subsecutione
1733 799 1771 834 si-

1026 866 1161 902 gnorum
1185 866 1240 901 per
1262 854 1401 889 divinum
1426 852 1577 888 iudicium
1601 852 1771 897 videretur,

1027 907 1087 943 fide
1108 907 1193 956 apud
1216 920 1272 943 nos
1293 907 1476 943 claresceret
1499 907 1643 955 pleniori,
1662 920 1700 943 ne
1716 908 1772 942 mi-

1027 963 1204 997 raculorum
1250 962 1342 997 etiam
1389 963 1485 997 virtus
1521 961 1623 1008 aliqua
1662 960 1771 997 fraude

1026 1026 1131 1063 posset
1163 1017 1208 1051 vel
1238 1016 1386 1063 figmento
1408 1016 1519 1056 iuvari,
1542 1016 1704 1051 veritatem
1727 1016 1770 1051 rei

1786 255 1836 283 An.

1857 253 1887 283 C·
1901 254 1968 282 1¹9⁹

1025 1069 1178 1105 solicitius
1213 1071 1364 1105 duximus
1396 1069 1628 1117 inquirendam.
1658 1068 1770 1106 Fidem
1797 1080 1870 1103 rum
1889 1084 1965 1104 assu

1025 1136 1175 1172 namque,
1202 1136 1296 1172 quam
1330 1135 1427 1171 super
1457 1124 1694 1159 conversatione
1719 1125 1771 1172 ip-
1781 1114 1886 1173 ῗζᾞζᾞζ
1903 1114 1965 1135 ’ΘΜ

1025 1179 1093 1213 sius
1125 1178 1245 1226 absque
1279 1178 1429 1226 figmento
1455 1178 1653 1226 hypochrisis
1684 1178 1771 1215 frau-

1025 1232 1155 1268 dulento
1176 1232 1317 1268 divinum
1333 1232 1500 1273 iudicium,
1523 1240 1557 1267 ut
1573 1232 1692 1269 dictum
1710 1242 1770 1280 est,

1025 1287 1188 1322 manifeste
1210 1287 1376 1322 ostendere
1398 1286 1570 1328 videbatur,
1598 1298 1653 1334 per
1673 1288 1770 1322 testi-

1025 1342 1167 1377 monium
1199 1340 1307 1376 dilecti
1343 1340 1398 1375 filii
1432 1339 1557 1375 Osberti
1597 1341 1768 1389 presbyteri

1024 1395 1130 1431 Sancti
1145 1394 1249 1442 Egidii
1268 1394 1493 1430 Cremonensis
1510 1396 1682 1442 praesentis
1696 1409 1769 1433 cum

1024 1451 1174 1498 episcopo
1196 1458 1380 1494 memorato,
1402 1458 1527 1497 recepto
1549 1450 1588 1485 ab
1609 1462 1646 1486 eo
1670 1451 1770 1488 firma-

1024 1506 1127 1540 vimus
1157 1505 1353 1540 iuramento:
1392 1504 1451 1540 sub
1484 1504 1576 1539 cuius
1602 1505 1769 1541 obstenta-

1023 1560 1107 1595 tione
1130 1559 1272 1595 videlicet
1298 1560 1464 1595 iuramenti
1492 1559 1570 1607 ipse,
1596 1560 1648 1607 qui
1674 1562 1769 1607 patri-

1023 1625 1084 1648 nus
1105 1612 1173 1649 eius
1204 1614 1342 1649 existens
1372 1626 1428 1661 per
1448 1625 1496 1648 xx
1518 1625 1617 1649 annos
1645 1623 1675 1650 et
1700 1628 1769 1651 am-

1024 1667 1107 1714 plius
1133 1667 1364 1703 confessionem
1391 1668 1461 1703 eius
1482 1679 1575 1715 saepe
1598 1677 1767 1716 receperat,

1022 1733 1103 1769 quae
1129 1722 1168 1757 de
1189 1722 1273 1757 illius
1294 1721 1401 1757 Sancti
1428 1723 1664 1758 conversatione
1676 1736 1768 1771 prae·

1023 1776 1168 1811 misimus
1190 1781 1274 1812 cum'
1291 1778 1360 1824 ipso
1387 1777 1536 1825 episcopo
1560 1785 1590 1812 et
1616 1778 1687 1814 aliis
1709 1792 1767 1815 su-

1023 1831 1169 1878 pradictis
1203 1831 1312 1866 iuratis
1344 1831 1488 1867 similiter
1526 1833 1660 1868 asseruit
1697 1847 1767 1871 esse

1023 1898 1105 1926 vera,
1131 1893 1161 1921 et
1183 1885 1222 1921 de
1243 1885 1421 1922 obedientia
1444 1899 1538 1934 quam
1558 1887 1587 1922 in
1610 1889 1766 1925 orationi-

1022 1939 1094 1985 bus,
1117 1940 1244 1987 vigiliis,
1271 1950 1301 1976 et
1327 1940 1396 1975 aliis
1423 1941 1632 1988 poenitentiae
1655 1942 1766 1980 fructi-

1022 1994 1091 2035 bus,
1113 2007 1193 2042 quae
1214 1994 1272 2030 sibi
1299 1995 1337 2030 ab
1364 2007 1400 2030 eo
1423 1995 1568 2042 imposita
1591 2005 1667 2039 erat,
1694 1998 1766 2046 plns

1023 2049 1165 2085 iniuncto
1186 2049 1380 2084 satisfaciens
1407 2049 1585 2094 exhibebat,
1608 2063 1666 2086 nos
1686 2052 1766 2087 red-

1021 2102 1099 2138 didit
1125 2104 1284 2139 certiores.
1308 2103 1352 2138 Ea
1382 2104 1474 2139 etiam
1501 2116 1582 2152 quae
1607 2104 1647 2139 de
1668 2105 1766 2141 mira-

1021 2157 1100 2192 culis
1131 2158 1206 2204 ipsis
1239 2157 1363 2192 fuerant
1394 2157 1484 2192 nohis
1518 2159 1675 2204 exposita,
1710 2171 1765 2205 per

1021 2214 1233 2248 iuramentum
1258 2212 1399 2247 omnium
1432 2212 1675 2259 praedictorum,
1709 2213 1763 2260 qui

1021 2277 1148 2316 propter
1179 2267 1240 2302 hoc
1270 2274 1438 2311 venerant,
1479 2266 1539 2301 fide
1565 2267 1763 2315 suscepimus

1022 2322 1172 2369 pleniori;
1209 2320 1381 2355 assertione
1406 2320 1507 2367 ipsius
1533 2321 1670 2368 episcopi
1703 2321 1763 2357 sub

1021 2376 1109 2410 firmo
1141 2374 1237 2408 verbo
1263 2373 1433 2408 sacerdotis
1460 2374 1607 2421 requisita
1644 2376 1672 2409 in
1700 2377 1763 2412 vir-

1020 2437 1085 2464 tute
1112 2427 1306 2462 obedientiae
1328 2437 1552 2472 concurrente,
1581 2437 1613 2463 ut
1639 2430 1684 2465 sic
1713 2430 1762 2465 di-

1021 2482 1126 2517 vinum
1144 2489 1174 2517 et
1187 2480 1359 2516 humanum
1380 2482 1479 2517 secuti
1502 2481 1672 2525 iudicium,
1688 2497 1760 2520 cum

1019 2535 1128 2571 maiori
1173 2535 1343 2582 procedere
1381 2535 1546 2571 securitate
1585 2548 1758 2583 possemus.

1019 2589 1101 2625 Cum
1124 2589 1220 2635 igitur
1236 2590 1311 2625 haec
1332 2590 1448 2630 omnia,
1471 2598 1533 2624 tam
1548 2589 1587 2625 de
1605 2592 1759 2638 probitate

1019 2655 1154 2684 morunt,
1181 2656 1274 2691 quam
1302 2644 1411 2679 virtute
1438 2645 1614 2691 signorum,
1640 2647 1678 2681 ad
1714 2648 1758 2683 fa-
