<?xml version="1.0" encoding="UTF-8"?>
<!DOCTYPE html PUBLIC "-//W3C//DTD XHTML 1.0 Transitional//EN"
    "http://www.w3.org/TR/xhtml1/DTD/xhtml1-transitional.dtd">
<html xmlns="http://www.w3.org/1999/xhtml" xml:lang="en" lang="en">
 <head>
  <title>
</title>
<meta http-equiv="Content-Type" content="text/html;charset=utf-8" />
  <meta name='ocr-system' content='tesseract 3.04.00' />
  <meta name='ocr-capabilities' content='ocr_page ocr_carea ocr_par ocr_line ocrx_word'/>
</head>
<body>
  <div class='ocr_page' id='page_1' title='image "./bullarumdiplomat03cath/bullarumdiplomat03cath_0857.png"; bbox 0 0 2129 3223; ppageno 0'>
   <div class='ocr_carea' id='block_1_1' title="bbox 836 222 1171 245">
    <p class='ocr_par' dir='ltr' id='par_1_1' title="bbox 836 222 1171 245">
     <span class='ocr_line' id='line_1_1' title="bbox 836 222 1171 245; baseline 0.003 -1"><span class='ocrx_word' id='word_1_1' title='bbox 836 222 933 244; x_wconf 66' lang='lat' dir='ltr'>tNmzx</span> <span class='ocrx_word' id='word_1_2' title='bbox 960 222 1076 245; x_wconf 75' lang='lat' dir='ltr'>ttt&#39;ntttc</span> <span class='ocrx_word' id='word_1_3' title='bbox 1086 223 1171 245; x_wconf 61' lang='lat' dir='ltr'>inum</span> 
     </span>
    </p>
   </div>
   <div class='ocr_carea' id='block_1_2' title="bbox 222 276 976 2485">
    <p class='ocr_par' dir='ltr' id='par_1_2' title="bbox 313 276 975 418">
     <span class='ocr_line' id='line_1_2' title="bbox 315 276 975 321; baseline 0 -12"><span class='ocrx_word' id='word_1_4' title='bbox 315 277 397 309; x_wconf 83' lang='lat' dir='ltr'>dinis</span> <span class='ocrx_word' id='word_1_5' title='bbox 421 276 524 308; x_wconf 74' lang='lat' dir='ltr'>Sancti</span> <span class='ocrx_word' id='word_1_6' title='bbox 556 276 715 308; x_wconf 65' lang='lat' dir='ltr'>Benedicti</span> <span class='ocrx_word' id='word_1_7' title='bbox 752 277 780 309; x_wconf 87' lang='lat' dir='ltr'>in</span> <span class='ocrx_word' id='word_1_8' title='bbox 816 277 975 321; x_wconf 82' lang='lat' dir='ltr'>provincia</span> 
     </span>
     <span class='ocr_line' id='line_1_3' title="bbox 313 325 975 369; baseline 0 -10"><span class='ocrx_word' id='word_1_9' title='bbox 313 326 492 359; x_wconf 85' lang='lat' dir='ltr'>Narbonen.</span> <span class='ocrx_word' id='word_1_10' title='bbox 521 325 559 357; x_wconf 88' lang='lat' dir='ltr'>ad</span> <span class='ocrx_word' id='word_1_11' title='bbox 581 326 822 359; x_wconf 76' lang='lat' dir='ltr'>restaurandam</span> <span class='ocrx_word' id='word_1_12' title='bbox 848 327 975 369; x_wconf 76' lang='lat' dir='ltr'>regula-</span> 
     </span>
     <span class='ocr_line' id='line_1_4' title="bbox 314 374 720 418; baseline -0.005 -9"><span class='ocrx_word' id='word_1_13' title='bbox 314 385 381 409; x_wconf 88' lang='lat' dir='ltr'>rem</span> <span class='ocrx_word' id='word_1_14' title='bbox 407 374 623 418; x_wconf 71' lang='lat' dir='ltr'>disciplinam,</span> <span class='ocrx_word' id='word_1_15' title='bbox 646 374 720 408; x_wconf 89' lang='grc'>433.</span> 
     </span>
    </p>

    <p class='ocr_par' dir='ltr' id='par_1_3' title="bbox 224 422 975 458">
     <span class='ocr_line' id='line_1_5' title="bbox 224 422 975 458; baseline 0 -1"><span class='ocrx_word' id='word_1_16' title='bbox 224 422 286 457; x_wconf 92' lang='lat' dir='ltr'><strong>XII.</strong></span> <span class='ocrx_word' id='word_1_17' title='bbox 309 423 512 458; x_wconf 88' lang='lat' dir='ltr'>Canonizatio</span> <span class='ocrx_word' id='word_1_18' title='bbox 532 423 630 456; x_wconf 87' lang='lat' dir='ltr'>sancti</span> <span class='ocrx_word' id='word_1_19' title='bbox 655 423 811 457; x_wconf 82' lang='lat' dir='ltr'>Francisci</span> <span class='ocrx_word' id='word_1_20' title='bbox 833 425 870 458; x_wconf 90' lang='lat' dir='ltr'>de</span> <span class='ocrx_word' id='word_1_21' title='bbox 892 425 975 457; x_wconf 76' lang='lat' dir='ltr'>Assi-</span> 
     </span>
    </p>

    <p class='ocr_par' dir='ltr' id='par_1_4' title="bbox 312 473 975 516">
     <span class='ocr_line' id='line_1_6' title="bbox 312 473 975 516; baseline 0.003 -10"><span class='ocrx_word' id='word_1_22' title='bbox 312 474 370 513; x_wconf 87' lang='lat' dir='ltr'>sio,</span> <span class='ocrx_word' id='word_1_23' title='bbox 384 473 516 516; x_wconf 70' lang='lat' dir='ltr'>eiusque¹</span> <span class='ocrx_word' id='word_1_24' title='bbox 538 473 648 505; x_wconf 70' lang='lat' dir='ltr'>relatio</span> <span class='ocrx_word' id='word_1_25' title='bbox 662 474 691 505; x_wconf 91' lang='lat' dir='ltr'>in</span> <span class='ocrx_word' id='word_1_26' title='bbox 710 484 880 507; x_wconf 77' lang='lat' dir='ltr'>numerum</span> <span class='ocrx_word' id='word_1_27' title='bbox 903 486 975 508; x_wconf 83' lang='lat' dir='ltr'>san-</span> 
     </span>
    </p>

    <p class='ocr_par' dir='ltr' id='par_1_5' title="bbox 313 524 975 559">
     <span class='ocr_line' id='line_1_7' title="bbox 313 524 975 559; baseline 0.005 -4"><span class='ocrx_word' id='word_1_28' title='bbox 313 528 437 557; x_wconf 82' lang='lat' dir='ltr'>ctorum</span> <span class='ocrx_word' id='word_1_29' title='bbox 454 524 686 559; x_wconf 73' lang='lat' dir='ltr'>confessorum,</span> <span class='ocrx_word' id='word_1_30' title='bbox 709 534 781 556; x_wconf 79' lang='lat' dir='ltr'>cuni</span> <span class='ocrx_word' id='word_1_31' title='bbox 799 535 873 557; x_wconf 82' lang='lat' dir='ltr'>suae</span> <span class='ocrx_word' id='word_1_32' title='bbox 891 526 975 558; x_wconf 70' lang='lat' dir='ltr'>festi-</span> 
     </span>
    </p>

    <p class='ocr_par' dir='ltr' id='par_1_6' title="bbox 312 572 975 617">
     <span class='ocr_line' id='line_1_8' title="bbox 312 572 975 617; baseline 0.002 -13"><span class='ocrx_word' id='word_1_33' title='bbox 312 573 413 606; x_wconf 89' lang='lat' dir='ltr'>vitatis</span> <span class='ocrx_word' id='word_1_34' title='bbox 434 572 630 605; x_wconf 84' lang='lat' dir='ltr'>institutione</span> <span class='ocrx_word' id='word_1_35' title='bbox 652 583 709 616; x_wconf 75' lang='lat' dir='ltr'>pro</span> <span class='ocrx_word' id='word_1_36' title='bbox 730 573 779 605; x_wconf 78' lang='lat' dir='ltr'>die</span> <span class='ocrx_word' id='word_1_37' title='bbox 804 579 914 617; x_wconf 82' lang='lat' dir='ltr'>quarta</span> <span class='ocrx_word' id='word_1_38' title='bbox 941 586 975 605; x_wconf 82' lang='lat' dir='ltr'>o-</span> 
     </span>
    </p>

    <p class='ocr_par' dir='ltr' id='par_1_7' title="bbox 314 620 544 661">
     <span class='ocr_line' id='line_1_9' title="bbox 314 620 544 661; baseline -0.009 -6"><span class='ocrx_word' id='word_1_39' title='bbox 314 622 443 661; x_wconf 87' lang='lat' dir='ltr'>ctobris,</span> <span class='ocrx_word' id='word_1_40' title='bbox 470 620 544 655; x_wconf 86' lang='grc'>438.</span> 
     </span>
    </p>

    <p class='ocr_par' dir='ltr' id='par_1_8' title="bbox 313 670 976 812">
     <span class='ocr_line' id='line_1_10' title="bbox 332 670 974 715; baseline 0 -10"><span class='ocrx_word' id='word_1_41' title='bbox 332 671 493 705; x_wconf 84' lang='lat' dir='ltr'>Innovatio</span> <span class='ocrx_word' id='word_1_42' title='bbox 522 670 793 714; x_wconf 64' lang='lat' dir='ltr'>indulgentiarum</span> <span class='ocrx_word' id='word_1_43' title='bbox 822 683 879 715; x_wconf 87' lang='lat' dir='ltr'>pro</span> <span class='ocrx_word' id='word_1_44' title='bbox 905 684 974 705; x_wconf 86' lang='lat' dir='ltr'>cer-</span> 
     </span>
     <span class='ocr_line' id='line_1_11' title="bbox 314 720 974 764; baseline -0.002 -9"><span class='ocrx_word' id='word_1_45' title='bbox 314 720 453 755; x_wconf 85' lang='lat' dir='ltr'>tantibus</span> <span class='ocrx_word' id='word_1_46' title='bbox 480 725 589 753; x_wconf 85' lang='lat' dir='ltr'>contra</span> <span class='ocrx_word' id='word_1_47' title='bbox 621 720 797 753; x_wconf 77' lang='lat' dir='ltr'>haereticos</span> <span class='ocrx_word' id='word_1_48' title='bbox 826 720 974 764; x_wconf 63' lang='lat' dir='ltr'>Attagen-</span> 
     </span>
     <span class='ocr_line' id='line_1_12' title="bbox 313 769 976 812; baseline -0.003 -8"><span class='ocrx_word' id='word_1_49' title='bbox 313 782 362 804; x_wconf 87' lang='lat' dir='ltr'>ses</span> <span class='ocrx_word' id='word_1_50' title='bbox 381 781 455 803; x_wconf 86' lang='lat' dir='ltr'>cum</span> <span class='ocrx_word' id='word_1_51' title='bbox 476 770 611 802; x_wconf 88' lang='lat' dir='ltr'>aliarum</span> <span class='ocrx_word' id='word_1_52' title='bbox 632 769 807 812; x_wconf 76' lang='lat' dir='ltr'>gratiarum</span> <span class='ocrx_word' id='word_1_53' title='bbox 824 774 854 803; x_wconf 89' lang='lat' dir='ltr'>et</span> <span class='ocrx_word' id='word_1_54' title='bbox 874 770 976 803; x_wconf 88' lang='lat' dir='ltr'>indul-</span> 
     </span>
    </p>

    <p class='ocr_par' dir='ltr' id='par_1_9' title="bbox 312 818 737 861">
     <span class='ocr_line' id='line_1_13' title="bbox 312 818 737 861; baseline -0.007 -8"><span class='ocrx_word' id='word_1_55' title='bbox 312 825 419 853; x_wconf 90' lang='lat' dir='ltr'>torum</span> <span class='ocrx_word' id='word_1_56' title='bbox 440 818 640 861; x_wconf 76' lang='lat' dir='ltr'>elargitione,</span> <span class='ocrx_word' id='word_1_57' title='bbox 663 818 737 851; x_wconf 79' lang='lat'>441.</span> 
     </span>
    </p>

    <p class='ocr_par' dir='ltr' id='par_1_10' title="bbox 328 867 976 912">
     <span class='ocr_line' id='line_1_14' title="bbox 328 867 976 912; baseline -0.002 -10"><span class='ocrx_word' id='word_1_58' title='bbox 328 868 577 912; x_wconf 81' lang='lat' dir='ltr'>Arcliiepiscopo</span> <span class='ocrx_word' id='word_1_59' title='bbox 607 867 755 900; x_wconf 87' lang='lat' dir='ltr'>Colocen.</span> <span class='ocrx_word' id='word_1_60' title='bbox 788 868 976 901; x_wconf 74' lang='lat' dir='ltr'>conceditur</span> 
     </span>
    </p>

    <p class='ocr_par' dir='ltr' id='par_1_11' title="bbox 314 917 975 959">
     <span class='ocr_line' id='line_1_15' title="bbox 314 917 975 959; baseline -0.005 -7"><span class='ocrx_word' id='word_1_61' title='bbox 314 918 446 952; x_wconf 79' lang='lat' dir='ltr'>facultas</span> <span class='ocrx_word' id='word_1_62' title='bbox 484 917 626 959; x_wconf 85' lang='lat' dir='ltr'>erigendi</span> <span class='ocrx_word' id='word_1_63' title='bbox 666 917 895 950; x_wconf 85' lang='lat' dir='ltr'>monasterium</span> <span class='ocrx_word' id='word_1_64' title='bbox 938 918 975 950; x_wconf 89' lang='lat' dir='ltr'>de</span> 
     </span>
    </p>

    <p class='ocr_par' dir='ltr' id='par_1_12' title="bbox 312 966 973 1010">
     <span class='ocr_line' id='line_1_16' title="bbox 312 966 973 1010; baseline -0.003 -9"><span class='ocrx_word' id='word_1_65' title='bbox 312 967 434 1002; x_wconf 88' lang='lat' dir='ltr'>Cuchet</span> <span class='ocrx_word' id='word_1_66' title='bbox 467 966 499 999; x_wconf 91' lang='lat' dir='ltr'>in</span> <span class='ocrx_word' id='word_1_67' title='bbox 526 966 633 999; x_wconf 82' lang='lat' dir='ltr'>sedem</span> <span class='ocrx_word' id='word_1_68' title='bbox 665 966 898 1010; x_wconf 85' lang='lat' dir='ltr'>episcopalem,</span> <span class='ocrx_word' id='word_1_69' title='bbox 927 972 973 999; x_wconf 87' lang='lat' dir='ltr'>at-</span> 
     </span>
    </p>

    <p class='ocr_par' dir='ltr' id='par_1_13' title="bbox 311 1015 971 1054">
     <span class='ocr_line' id='line_1_17' title="bbox 311 1015 971 1054; baseline -0.003 -4"><span class='ocrx_word' id='word_1_70' title='bbox 311 1021 397 1050; x_wconf 84' lang='lat' dir='ltr'>tenta</span> <span class='ocrx_word' id='word_1_71' title='bbox 423 1015 564 1048; x_wconf 72' lang='lat' dir='ltr'>vastitate</span> <span class='ocrx_word' id='word_1_72' title='bbox 593 1026 669 1048; x_wconf 89' lang='lat' dir='ltr'>suae</span> <span class='ocrx_word' id='word_1_73' title='bbox 694 1015 868 1054; x_wconf 80' lang='lat' dir='ltr'>dioecesis,</span> <span class='ocrx_word' id='word_1_74' title='bbox 898 1026 971 1048; x_wconf 86' lang='lat' dir='ltr'>cum</span> 
     </span>
    </p>

    <p class='ocr_par' dir='ltr' id='par_1_14' title="bbox 312 1064 973 1159">
     <span class='ocr_line' id='line_1_18' title="bbox 314 1064 973 1109; baseline -0.003 -11"><span class='ocrx_word' id='word_1_75' title='bbox 314 1064 526 1109; x_wconf 72' lang='lat' dir='ltr'>assignatione</span> <span class='ocrx_word' id='word_1_76' title='bbox 559 1075 702 1107; x_wconf 79' lang='lat' dir='ltr'>congrua</span> <span class='ocrx_word' id='word_1_77' title='bbox 736 1068 766 1097; x_wconf 90' lang='lat' dir='ltr'>et</span> <span class='ocrx_word' id='word_1_78' title='bbox 793 1069 973 1108; x_wconf 79' lang='lat' dir='ltr'>opportuna</span> 
     </span>
     <span class='ocr_line' id='line_1_19' title="bbox 312 1112 824 1159; baseline -0.004 -12"><span class='ocrx_word' id='word_1_79' title='bbox 312 1125 369 1159; x_wconf 91' lang='lat' dir='ltr'>pro</span> <span class='ocrx_word' id='word_1_80' title='bbox 390 1114 541 1158; x_wconf 86' lang='lat' dir='ltr'>episcopo</span> <span class='ocrx_word' id='word_1_81' title='bbox 567 1113 726 1156; x_wconf 82' lang='lat' dir='ltr'>eligendo,</span> <span class='ocrx_word' id='word_1_82' title='bbox 750 1112 824 1146; x_wconf 70' lang='lat'>44⁵2.</span> 
     </span>
    </p>

    <p class='ocr_par' dir='ltr' id='par_1_15' title="bbox 224 1162 976 1394">
     <span class='ocr_line' id='line_1_20' title="bbox 224 1162 975 1206; baseline -0.004 -9"><span class='ocrx_word' id='word_1_83' title='bbox 224 1165 284 1198; x_wconf 87' lang='lat' dir='ltr'>XV.</span> <span class='ocrx_word' id='word_1_84' title='bbox 308 1164 397 1203; x_wconf 87' lang='lat' dir='ltr'>Quod</span> <span class='ocrx_word' id='word_1_85' title='bbox 420 1163 574 1206; x_wconf 85' lang='lat' dir='ltr'>hospitale</span> <span class='ocrx_word' id='word_1_86' title='bbox 595 1162 699 1196; x_wconf 79' lang='lat' dir='ltr'>Sancti</span> <span class='ocrx_word' id='word_1_87' title='bbox 717 1162 853 1206; x_wconf 78' lang='lat' dir='ltr'>Spiritus</span> <span class='ocrx_word' id='word_1_88' title='bbox 873 1163 903 1194; x_wconf 90' lang='lat' dir='ltr'>iu</span> <span class='ocrx_word' id='word_1_89' title='bbox 925 1163 975 1195; x_wconf 82' lang='lat' dir='ltr'>Sa-</span> 
     </span>
     <span class='ocr_line' id='line_1_21' title="bbox 313 1210 976 1255; baseline -0.003 -10"><span class='ocrx_word' id='word_1_90' title='bbox 313 1212 361 1245; x_wconf 86' lang='lat' dir='ltr'>xia</span> <span class='ocrx_word' id='word_1_91' title='bbox 377 1212 416 1245; x_wconf 84' lang='lat' dir='ltr'>de</span> <span class='ocrx_word' id='word_1_92' title='bbox 436 1212 519 1245; x_wconf 84' lang='lat' dir='ltr'>Urbe</span> <span class='ocrx_word' id='word_1_93' title='bbox 540 1223 637 1255; x_wconf 87' lang='lat' dir='ltr'>super</span> <span class='ocrx_word' id='word_1_94' title='bbox 653 1221 764 1243; x_wconf 80' lang='lat' dir='ltr'>omnes</span> <span class='ocrx_word' id='word_1_95' title='bbox 784 1210 860 1243; x_wconf 77' lang='lat' dir='ltr'>alias</span> <span class='ocrx_word' id='word_1_96' title='bbox 879 1210 976 1243; x_wconf 74' lang='lat' dir='ltr'>totius</span> 
     </span>
     <span class='ocr_line' id='line_1_22' title="bbox 313 1260 976 1304; baseline -0.005 -9"><span class='ocrx_word' id='word_1_97' title='bbox 313 1261 434 1295; x_wconf 77' lang='lat' dir='ltr'>ordinis</span> <span class='ocrx_word' id='word_1_98' title='bbox 449 1262 563 1293; x_wconf 68' lang='lat' dir='ltr'>domus&lt;</span> <span class='ocrx_word' id='word_1_99' title='bbox 586 1260 836 1304; x_wconf 82' lang='lat' dir='ltr'>praeminentiae</span> <span class='ocrx_word' id='word_1_100' title='bbox 856 1271 891 1292; x_wconf 86' lang='lat' dir='ltr'>ac.</span> <span class='ocrx_word' id='word_1_101' title='bbox 914 1271 976 1292; x_wconf 89' lang='lat' dir='ltr'>ma-</span> 
     </span>
     <span class='ocr_line' id='line_1_23' title="bbox 312 1308 973 1355; baseline -0.005 -11"><span class='ocrx_word' id='word_1_102' title='bbox 312 1311 430 1355; x_wconf 84' lang='lat' dir='ltr'>gisterii</span> <span class='ocrx_word' id='word_1_103' title='bbox 448 1311 554 1343; x_wconf 86' lang='lat' dir='ltr'>locum</span> <span class='ocrx_word' id='word_1_104' title='bbox 575 1309 727 1348; x_wconf 86' lang='lat' dir='ltr'>obtineat,</span> <span class='ocrx_word' id='word_1_105' title='bbox 747 1308 973 1348; x_wconf 83' lang='lat' dir='ltr'>confirmatur,</span> 
     </span>
     <span class='ocr_line' id='line_1_24' title="bbox 312 1360 387 1394; baseline -0.027 0"><span class='ocrx_word' id='word_1_106' title='bbox 312 1360 387 1394; x_wconf 83' lang='lat'>443.</span> 
     </span>
    </p>

    <p class='ocr_par' dir='ltr' id='par_1_16' title="bbox 225 1408 976 1601">
     <span class='ocr_line' id='line_1_25' title="bbox 225 1408 976 1445; baseline -0.007 -1"><span class='ocrx_word' id='word_1_107' title='bbox 225 1411 298 1445; x_wconf 92' lang='lat' dir='ltr'><strong>XVI.</strong></span> <span class='ocrx_word' id='word_1_108' title='bbox 317 1409 524 1444; x_wconf 81' lang='lat' dir='ltr'>Confirmatio</span> <span class='ocrx_word' id='word_1_109' title='bbox 547 1408 727 1440; x_wconf 83' lang='lat' dir='ltr'>libertatum</span> <span class='ocrx_word' id='word_1_110' title='bbox 745 1409 919 1440; x_wconf 71' lang='lat' dir='ltr'>Suessanae</span> <span class='ocrx_word' id='word_1_111' title='bbox 935 1408 976 1439; x_wconf 75' lang='lat' dir='ltr'>ci-</span> 
     </span>
     <span class='ocr_line' id='line_1_26' title="bbox 311 1455 974 1491; baseline -0.006 0"><span class='ocrx_word' id='word_1_112' title='bbox 311 1458 393 1491; x_wconf 86' lang='lat' dir='ltr'>vitati</span> <span class='ocrx_word' id='word_1_113' title='bbox 431 1458 468 1490; x_wconf 87' lang='lat' dir='ltr'>ad</span> <span class='ocrx_word' id='word_1_114' title='bbox 497 1457 657 1490; x_wconf 79' lang='lat' dir='ltr'>Romanae</span> <span class='ocrx_word' id='word_1_115' title='bbox 688 1455 844 1488; x_wconf 72' lang='lat' dir='ltr'>Ecclesiae</span> <span class='ocrx_word' id='word_1_116' title='bbox 872 1455 974 1488; x_wconf 84' lang='lat' dir='ltr'>tideli-</span> 
     </span>
     <span class='ocr_line' id='line_1_27' title="bbox 311 1505 975 1549; baseline -0.006 -7"><span class='ocrx_word' id='word_1_117' title='bbox 311 1513 405 1542; x_wconf 83' lang='lat' dir='ltr'>tatem</span> <span class='ocrx_word' id='word_1_118' title='bbox 423 1517 578 1544; x_wconf 79' lang='lat' dir='ltr'>reversae,</span> <span class='ocrx_word' id='word_1_119' title='bbox 600 1517 682 1548; x_wconf 80' lang='lat' dir='ltr'>quae</span> <span class='ocrx_word' id='word_1_120' title='bbox 703 1505 761 1537; x_wconf 81' lang='lat' dir='ltr'>sub</span> <span class='ocrx_word' id='word_1_121' title='bbox 776 1506 975 1549; x_wconf 86' lang='lat' dir='ltr'>Apostolicae</span> 
     </span>
     <span class='ocr_line' id='line_1_28' title="bbox 310 1554 916 1601; baseline -0.007 -9"><span class='ocrx_word' id='word_1_122' title='bbox 310 1558 399 1592; x_wconf 85' lang='lat' dir='ltr'>Sedis</span> <span class='ocrx_word' id='word_1_123' title='bbox 419 1556 616 1601; x_wconf 74' lang='lat' dir='ltr'>protectione</span> <span class='ocrx_word' id='word_1_124' title='bbox 637 1555 821 1599; x_wconf 81' lang='lat' dir='ltr'>suscipitur,</span> <span class='ocrx_word' id='word_1_125' title='bbox 844 1554 916 1588; x_wconf 79' lang='grc'>443.</span> 
     </span>
    </p>

    <p class='ocr_par' dir='ltr' id='par_1_17' title="bbox 222 1605 972 1642">
     <span class='ocr_line' id='line_1_29' title="bbox 222 1605 972 1642; baseline -0.005 0"><span class='ocrx_word' id='word_1_126' title='bbox 222 1608 309 1642; x_wconf 90' lang='lat' dir='ltr'><strong>XVII.</strong></span> <span class='ocrx_word' id='word_1_127' title='bbox 333 1607 452 1642; x_wconf 83' lang='lat' dir='ltr'>Similis</span> <span class='ocrx_word' id='word_1_128' title='bbox 471 1606 634 1640; x_wconf 80' lang='lat' dir='ltr'>concessio</span> <span class='ocrx_word' id='word_1_129' title='bbox 655 1605 768 1638; x_wconf 80' lang='lat' dir='ltr'>civitati</span> <span class='ocrx_word' id='word_1_130' title='bbox 789 1605 972 1641; x_wconf 85' lang='lat' dir='ltr'>Caietanae.</span> 
     </span>
    </p>

    <p class='ocr_par' dir='ltr' id='par_1_18' title="bbox 222 1703 975 1895">
     <span class='ocr_line' id='line_1_30' title="bbox 222 1703 974 1748; baseline -0.007 -9"><span class='ocrx_word' id='word_1_131' title='bbox 222 1706 323 1739; x_wconf 90' lang='lat' dir='ltr'><strong>XVIII.</strong></span> <span class='ocrx_word' id='word_1_132' title='bbox 347 1705 508 1739; x_wconf 83' lang='lat' dir='ltr'>Innovatio</span> <span class='ocrx_word' id='word_1_133' title='bbox 531 1704 770 1748; x_wconf 73' lang='lat' dir='ltr'>privilegiorum</span> <span class='ocrx_word' id='word_1_134' title='bbox 798 1708 828 1735; x_wconf 80' lang='lat' dir='ltr'>et</span> <span class='ocrx_word' id='word_1_135' title='bbox 857 1703 974 1735; x_wconf 81' lang='lat' dir='ltr'>inimu—</span> 
     </span>
     <span class='ocr_line' id='line_1_31' title="bbox 311 1751 974 1795; baseline -0.005 -8"><span class='ocrx_word' id='word_1_136' title='bbox 311 1754 445 1787; x_wconf 81' lang='lat' dir='ltr'>nitatuin</span> <span class='ocrx_word' id='word_1_137' title='bbox 463 1752 625 1786; x_wconf 75' lang='lat' dir='ltr'>concessio</span> <span class='ocrx_word' id='word_1_138' title='bbox 643 1763 699 1795; x_wconf 90' lang='lat' dir='ltr'>pro</span> <span class='ocrx_word' id='word_1_139' title='bbox 716 1751 838 1784; x_wconf 81' lang='lat' dir='ltr'>civitate</span> <span class='ocrx_word' id='word_1_140' title='bbox 854 1751 974 1784; x_wconf 86' lang='lat' dir='ltr'>Sorana</span> 
     </span>
     <span class='ocr_line' id='line_1_32' title="bbox 311 1800 975 1845; baseline -0.005 -10"><span class='ocrx_word' id='word_1_141' title='bbox 311 1802 350 1835; x_wconf 89' lang='lat' dir='ltr'>de</span> <span class='ocrx_word' id='word_1_142' title='bbox 370 1802 440 1835; x_wconf 83' lang='lat' dir='ltr'>iure</span> <span class='ocrx_word' id='word_1_143' title='bbox 461 1802 550 1835; x_wconf 87' lang='lat' dir='ltr'>Sedis</span> <span class='ocrx_word' id='word_1_144' title='bbox 570 1800 781 1845; x_wconf 81' lang='lat' dir='ltr'>Apostolicae,</span> <span class='ocrx_word' id='word_1_145' title='bbox 804 1800 863 1833; x_wconf 91' lang='lat' dir='ltr'>sub</span> <span class='ocrx_word' id='word_1_146' title='bbox 884 1800 975 1833; x_wconf 87' lang='lat' dir='ltr'>cuius</span> 
     </span>
     <span class='ocr_line' id='line_1_33' title="bbox 311 1849 772 1895; baseline -0.004 -11"><span class='ocrx_word' id='word_1_147' title='bbox 311 1851 489 1895; x_wconf 88' lang='lat' dir='ltr'>patrocinio</span> <span class='ocrx_word' id='word_1_148' title='bbox 510 1850 676 1894; x_wconf 73' lang='lat' dir='ltr'>recipitur,</span> <span class='ocrx_word' id='word_1_149' title='bbox 698 1849 772 1883; x_wconf 89' lang='grc'>445.</span> 
     </span>
    </p>

    <p class='ocr_par' dir='ltr' id='par_1_19' title="bbox 222 1899 974 1942">
     <span class='ocr_line' id='line_1_34' title="bbox 222 1899 974 1942; baseline -0.007 -7"><span class='ocrx_word' id='word_1_150' title='bbox 222 1901 299 1935; x_wconf 85' lang='lat' dir='ltr'><strong>XIX.</strong></span> <span class='ocrx_word' id='word_1_151' title='bbox 330 1901 417 1934; x_wconf 89' lang='lat' dir='ltr'>Cives</span> <span class='ocrx_word' id='word_1_152' title='bbox 444 1900 653 1933; x_wconf 81' lang='lat' dir='ltr'>Massilienses</span> <span class='ocrx_word' id='word_1_153' title='bbox 681 1899 884 1942; x_wconf 86' lang='lat' dir='ltr'>recipiuntur</span> <span class='ocrx_word' id='word_1_154' title='bbox 916 1899 974 1931; x_wconf 86' lang='lat' dir='ltr'>sub</span> 
     </span>
    </p>

    <p class='ocr_par' dir='ltr' id='par_1_20' title="bbox 310 1949 975 1994">
     <span class='ocr_line' id='line_1_35' title="bbox 310 1949 975 1994; baseline -0.005 -11"><span class='ocrx_word' id='word_1_155' title='bbox 310 1950 409 1983; x_wconf 88' lang='lat' dir='ltr'>tutela</span> <span class='ocrx_word' id='word_1_156' title='bbox 437 1950 527 1983; x_wconf 85' lang='lat' dir='ltr'>Sedis</span> <span class='ocrx_word' id='word_1_157' title='bbox 551 1949 750 1994; x_wconf 88' lang='lat' dir='ltr'>Apostolicae</span> <span class='ocrx_word' id='word_1_158' title='bbox 775 1959 848 1981; x_wconf 83' lang='lat' dir='ltr'>cum</span> <span class='ocrx_word' id='word_1_159' title='bbox 869 1958 975 1981; x_wconf 86' lang='lat' dir='ltr'>annua</span> 
     </span>
    </p>

    <p class='ocr_par' dir='ltr' id='par_1_21' title="bbox 309 1999 973 2092">
     <span class='ocr_line' id='line_1_36' title="bbox 313 1999 973 2043; baseline -0.005 -10"><span class='ocrx_word' id='word_1_160' title='bbox 313 2000 524 2043; x_wconf 80' lang='lat' dir='ltr'>praestatione</span> <span class='ocrx_word' id='word_1_161' title='bbox 552 2004 681 2033; x_wconf 87' lang='lat' dir='ltr'>centurn</span> <span class='ocrx_word' id='word_1_162' title='bbox 709 1999 879 2031; x_wconf 85' lang='lat' dir='ltr'>obulorum</span> <span class='ocrx_word' id='word_1_163' title='bbox 915 2009 973 2031; x_wconf 86' lang='lat' dir='ltr'>au-</span> 
     </span>
     <span class='ocr_line' id='line_1_37' title="bbox 309 2047 972 2092; baseline -0.003 -10"><span class='ocrx_word' id='word_1_164' title='bbox 309 2059 452 2087; x_wconf 85' lang='lat' dir='ltr'>reorum,</span> <span class='ocrx_word' id='word_1_165' title='bbox 474 2049 513 2081; x_wconf 88' lang='lat' dir='ltr'>ab</span> <span class='ocrx_word' id='word_1_166' title='bbox 542 2048 617 2092; x_wconf 72' lang='lat' dir='ltr'>ipsis</span> <span class='ocrx_word' id='word_1_167' title='bbox 642 2052 754 2092; x_wconf 84' lang='lat' dir='ltr'>sponte</span> <span class='ocrx_word' id='word_1_168' title='bbox 778 2047 972 2084; x_wconf 81' lang='lat' dir='ltr'>oblatorum,</span> 
     </span>
    </p>

    <p class='ocr_par' dir='ltr' id='par_1_22' title="bbox 318 2147 975 2190">
     <span class='ocr_line' id='line_1_38' title="bbox 318 2147 975 2190; baseline -0.003 -10"><span class='ocrx_word' id='word_1_169' title='bbox 318 2148 464 2185; x_wconf 84' lang='lat' dir='ltr'>Lucanis,</span> <span class='ocrx_word' id='word_1_170' title='bbox 493 2148 534 2180; x_wconf 88' lang='lat' dir='ltr'>ob</span> <span class='ocrx_word' id='word_1_171' title='bbox 567 2147 757 2190; x_wconf 78' lang='lat' dir='ltr'>Garfagnani</span> <span class='ocrx_word' id='word_1_172' title='bbox 792 2147 975 2190; x_wconf 78' lang='lat' dir='ltr'>occupatio-</span> 
     </span>
    </p>

    <p class='ocr_par' dir='ltr' id='par_1_23' title="bbox 311 2196 972 2240">
     <span class='ocr_line' id='line_1_39' title="bbox 311 2196 972 2240; baseline -0.003 -10"><span class='ocrx_word' id='word_1_173' title='bbox 311 2207 383 2230; x_wconf 86' lang='lat' dir='ltr'>nem</span> <span class='ocrx_word' id='word_1_174' title='bbox 412 2197 450 2229; x_wconf 82' lang='lat' dir='ltr'>(le</span> <span class='ocrx_word' id='word_1_175' title='bbox 477 2197 546 2230; x_wconf 89' lang='lat' dir='ltr'>iure</span> <span class='ocrx_word' id='word_1_176' title='bbox 574 2197 662 2230; x_wconf 76' lang='lat' dir='ltr'>Sedis</span> <span class='ocrx_word' id='word_1_177' title='bbox 689 2196 888 2240; x_wconf 79' lang='lat' dir='ltr'>Apostolicae</span> <span class='ocrx_word' id='word_1_178' title='bbox 920 2207 972 2228; x_wconf 77' lang='lat' dir='ltr'>ex-</span> 
     </span>
    </p>

    <p class='ocr_par' dir='ltr' id='par_1_24' title="bbox 309 2244 974 2485">
     <span class='ocr_line' id='line_1_40' title="bbox 310 2244 972 2278; baseline -0.005 0"><span class='ocrx_word' id='word_1_179' title='bbox 310 2245 611 2278; x_wconf 83' lang='lat' dir='ltr'>communicationis</span> <span class='ocrx_word' id='word_1_180' title='bbox 638 2244 764 2277; x_wconf 79' lang='lat' dir='ltr'>vinculo</span> <span class='ocrx_word' id='word_1_181' title='bbox 790 2244 852 2277; x_wconf 85' lang='lat' dir='ltr'>iam</span> <span class='ocrx_word' id='word_1_182' title='bbox 880 2244 972 2276; x_wconf 85' lang='lat' dir='ltr'>inno-</span> 
     </span>
     <span class='ocr_line' id='line_1_41' title="bbox 309 2294 974 2338; baseline -0.005 -10"><span class='ocrx_word' id='word_1_183' title='bbox 309 2295 400 2333; x_wconf 86' lang='lat' dir='ltr'>datis,</span> <span class='ocrx_word' id='word_1_184' title='bbox 424 2294 611 2338; x_wconf 79' lang='lat' dir='ltr'>praeligitur</span> <span class='ocrx_word' id='word_1_185' title='bbox 629 2294 787 2327; x_wconf 85' lang='lat' dir='ltr'>terminus</span> <span class='ocrx_word' id='word_1_186' title='bbox 806 2294 844 2327; x_wconf 88' lang='lat' dir='ltr'>ad</span> <span class='ocrx_word' id='word_1_187' title='bbox 866 2294 974 2336; x_wconf 82' lang='lat' dir='ltr'>resipi-</span> 
     </span>
     <span class='ocr_line' id='line_1_42' title="bbox 309 2342 972 2387; baseline -0.005 -10"><span class='ocrx_word' id='word_1_188' title='bbox 309 2344 476 2383; x_wconf 87' lang='lat' dir='ltr'>scendum,</span> <span class='ocrx_word' id='word_1_189' title='bbox 505 2354 569 2386; x_wconf 83' lang='lat' dir='ltr'>quo</span> <span class='ocrx_word' id='word_1_190' title='bbox 590 2344 710 2387; x_wconf 84' lang='lat' dir='ltr'>elapso,</span> <span class='ocrx_word' id='word_1_191' title='bbox 740 2343 797 2376; x_wconf 89' lang='lat' dir='ltr'>nisi</span> <span class='ocrx_word' id='word_1_192' title='bbox 827 2342 972 2385; x_wconf 82' lang='lat' dir='ltr'>resipue-</span> 
     </span>
     <span class='ocr_line' id='line_1_43' title="bbox 310 2391 971 2435; baseline -0.005 -10"><span class='ocrx_word' id='word_1_193' title='bbox 310 2393 385 2431; x_wconf 87' lang='lat' dir='ltr'>rint,</span> <span class='ocrx_word' id='word_1_194' title='bbox 405 2392 487 2425; x_wconf 80' lang='lat' dir='ltr'>sedis</span> <span class='ocrx_word' id='word_1_195' title='bbox 506 2391 695 2435; x_wconf 86' lang='lat' dir='ltr'>episcopalis</span> <span class='ocrx_word' id='word_1_196' title='bbox 715 2391 846 2428; x_wconf 81' lang='lat' dir='ltr'>amotio.</span> <span class='ocrx_word' id='word_1_197' title='bbox 875 2391 971 2423; x_wconf 85' lang='lat' dir='ltr'>aliae-</span> 
     </span>
     <span class='ocr_line' id='line_1_44' title="bbox 309 2441 970 2485; baseline -0.006 -10"><span class='ocrx_word' id='word_1_198' title='bbox 309 2452 373 2485; x_wconf 85' lang='lat' dir='ltr'>que</span> <span class='ocrx_word' id='word_1_199' title='bbox 400 2441 560 2484; x_wconf 81' lang='lat' dir='ltr'>graviores</span> <span class='ocrx_word' id='word_1_200' title='bbox 584 2441 803 2473; x_wconf 87' lang='lat' dir='ltr'>decernuntur</span> <span class='ocrx_word' id='word_1_201' title='bbox 830 2450 970 2483; x_wconf 77' lang='lat' dir='ltr'>poenae,</span> 
     </span>
    </p>
   </div>
   <div class='ocr_carea' id='block_1_3' title="bbox 221 2489 972 2667">
    <p class='ocr_par' dir='ltr' id='par_1_25' title="bbox 221 2489 972 2667">
     <span class='ocr_line' id='line_1_45' title="bbox 221 2489 972 2569; baseline -0.008 0"><span class='ocrx_word' id='word_1_202' title='bbox 221 2489 548 2569; x_wconf 31' lang='lat' dir='ltr'>XXI-&amp;pdoncssiatio</span> <span class='ocrx_word' id='word_1_203' title='bbox 578 2533 728 2566; x_wconf 83' lang='lat' dir='ltr'>Friderici</span> <span class='ocrx_word' id='word_1_204' title='bbox 758 2532 782 2565; x_wconf 94' lang='lat' dir='ltr'>ll</span> <span class='ocrx_word' id='word_1_205' title='bbox 812 2531 972 2564; x_wconf 83' lang='lat' dir='ltr'>Romano-</span> 
     </span>
     <span class='ocr_line' id='line_1_46' title="bbox 310 2576 970 2622; baseline -0.006 -10"><span class='ocrx_word' id='word_1_206' title='bbox 310 2590 382 2612; x_wconf 90' lang='lat' dir='ltr'>rum</span> <span class='ocrx_word' id='word_1_207' title='bbox 409 2577 619 2622; x_wconf 84' lang='lat' dir='ltr'>imperatoris&#39;</span> <span class='ocrx_word' id='word_1_208' title='bbox 637 2588 710 2610; x_wconf 85' lang='lat' dir='ltr'>cum</span> <span class='ocrx_word' id='word_1_209' title='bbox 739 2577 880 2609; x_wconf 81' lang='lat' dir='ltr'>Romana</span> <span class='ocrx_word' id='word_1_210' title='bbox 912 2576 970 2609; x_wconf 89' lang='lat' dir='ltr'>Ec-</span> 
     </span>
     <span class='ocr_line' id='line_1_47' title="bbox 311 2620 972 2667; baseline -0.005 -11"><span class='ocrx_word' id='word_1_211' title='bbox 311 2623 417 2661; x_wconf 80' lang='lat' dir='ltr'>clesia,</span> <span class='ocrx_word' id='word_1_212' title='bbox 439 2622 630 2667; x_wconf 85' lang='lat' dir='ltr'>quibusdam</span> <span class='ocrx_word' id='word_1_213' title='bbox 652 2621 761 2666; x_wconf 83' lang='lat' dir='ltr'>positis</span> <span class='ocrx_word' id='word_1_214' title='bbox 785 2620 972 2654; x_wconf 87' lang='lat' dir='ltr'>conditioni-</span> 
     </span>
    </p>
   </div>
   <div class='ocr_carea' id='block_1_4' title="bbox 224 673 301 706">
    <p class='ocr_par' dir='ltr' id='par_1_26' title="bbox 224 673 301 706">
     <span class='ocr_line' id='line_1_48' title="bbox 224 673 301 706; baseline -0.026 0"><span class='ocrx_word' id='word_1_215' title='bbox 224 673 301 706; x_wconf 89' lang='lat' dir='ltr'><strong>XIII.</strong></span> 
     </span>
    </p>
   </div>
   <div class='ocr_carea' id='block_1_5' title="bbox 224 870 298 904">
    <p class='ocr_par' dir='ltr' id='par_1_27' title="bbox 224 870 298 904">
     <span class='ocr_line' id='line_1_49' title="bbox 224 870 298 904; baseline -0.027 0"><span class='ocrx_word' id='word_1_216' title='bbox 224 870 298 904; x_wconf 85' lang='lat' dir='ltr'><strong>XIV.</strong></span> 
     </span>
    </p>
   </div>
   <div class='ocr_carea' id='block_1_6' title="bbox 221 2147 285 2181">
    <p class='ocr_par' dir='ltr' id='par_1_28' title="bbox 221 2147 285 2181">
     <span class='ocr_line' id='line_1_50' title="bbox 221 2147 285 2181; baseline -0.016 0"><span class='ocrx_word' id='word_1_217' title='bbox 221 2147 285 2181; x_wconf 87' lang='lat' dir='ltr'>XX.</span> 
     </span>
    </p>
   </div>
   <div class='ocr_carea' id='block_1_7' title="bbox 1015 214 1773 2657">
    <p class='ocr_par' dir='ltr' id='par_1_29' title="bbox 1108 214 1773 367">
     <span class='ocr_line' id='line_1_51' title="bbox 1653 214 1716 246; baseline 0 0"><span class='ocrx_word' id='word_1_218' title='bbox 1653 214 1716 246; x_wconf 68' lang='lat'>8:3¹</span> 
     </span>
     <span class='ocr_line' id='line_1_52' title="bbox 1109 277 1773 319; baseline 0.006 -11"><span class='ocrx_word' id='word_1_219' title='bbox 1109 277 1166 309; x_wconf 73' lang='lat' dir='ltr'>bus</span> <span class='ocrx_word' id='word_1_220' title='bbox 1202 288 1257 319; x_wconf 74' lang='lat' dir='ltr'>pro</span> <span class='ocrx_word' id='word_1_221' title='bbox 1299 278 1440 310; x_wconf 71' lang='lat' dir='ltr'>eiusdem</span> <span class='ocrx_word' id='word_1_222' title='bbox 1478 278 1634 311; x_wconf 71' lang='lat' dir='ltr'>Ecclesiae</span> <span class='ocrx_word' id='word_1_223' title='bbox 1668 279 1773 312; x_wconf 82' lang='lat' dir='ltr'>debita</span> 
     </span>
     <span class='ocr_line' id='line_1_53' title="bbox 1108 327 1432 367; baseline 0 -8"><span class='ocrx_word' id='word_1_224' title='bbox 1108 327 1335 367; x_wconf 70' lang='lat' dir='ltr'>satisfactione,</span> <span class='ocrx_word' id='word_1_225' title='bbox 1358 328 1432 361; x_wconf 81' lang='lat'>448.</span> 
     </span>
    </p>

    <p class='ocr_par' dir='ltr' id='par_1_30' title="bbox 1020 377 1771 615">
     <span class='ocr_line' id='line_1_54' title="bbox 1020 377 1770 419; baseline 0.001 -9"><span class='ocrx_word' id='word_1_226' title='bbox 1020 377 1109 410; x_wconf 86' lang='lat' dir='ltr'><strong>XXII.</strong></span> <span class='ocrx_word' id='word_1_227' title='bbox 1138 378 1314 410; x_wconf 74' lang='lat' dir='ltr'>Iteclaratio</span> <span class='ocrx_word' id='word_1_228' title='bbox 1344 378 1473 419; x_wconf 67' lang='lat' dir='ltr'>regulae</span> <span class='ocrx_word' id='word_1_229' title='bbox 1507 379 1640 411; x_wconf 81' lang='lat' dir='ltr'>fratrum</span> <span class='ocrx_word' id='word_1_230' title='bbox 1673 379 1770 411; x_wconf 78' lang='lat' dir='ltr'>Mino-</span> 
     </span>
     <span class='ocr_line' id='line_1_55' title="bbox 1109 426 1771 465; baseline 0.003 -7"><span class='ocrx_word' id='word_1_231' title='bbox 1109 437 1196 465; x_wconf 89' lang='lat' dir='ltr'>rum,</span> <span class='ocrx_word' id='word_1_232' title='bbox 1238 426 1356 459; x_wconf 81' lang='lat' dir='ltr'>eisdem</span> <span class='ocrx_word' id='word_1_233' title='bbox 1391 438 1408 458; x_wconf 88' lang='lat' dir='ltr'>a</span> <span class='ocrx_word' id='word_1_234' title='bbox 1446 427 1561 459; x_wconf 78' lang='lat' dir='ltr'>Sancto</span> <span class='ocrx_word' id='word_1_235' title='bbox 1604 427 1771 460; x_wconf 76' lang='lat' dir='ltr'>Francisco</span> 
     </span>
     <span class='ocr_line' id='line_1_56' title="bbox 1107 475 1770 519; baseline 0.005 -13"><span class='ocrx_word' id='word_1_236' title='bbox 1107 475 1286 508; x_wconf 79' lang='lat' dir='ltr'>institutore</span> <span class='ocrx_word' id='word_1_237' title='bbox 1309 475 1458 511; x_wconf 64' lang='lat' dir='ltr'>traditae„</span> <span class='ocrx_word' id='word_1_238' title='bbox 1484 486 1556 508; x_wconf 67' lang='lat' dir='ltr'>vum</span> <span class='ocrx_word' id='word_1_239' title='bbox 1589 477 1770 519; x_wconf 75' lang='lat' dir='ltr'>responsio-</span> 
     </span>
     <span class='ocr_line' id='line_1_57' title="bbox 1109 524 1770 567; baseline 0.002 -11"><span class='ocrx_word' id='word_1_240' title='bbox 1109 524 1201 556; x_wconf 85' lang='lat' dir='ltr'>nibus</span> <span class='ocrx_word' id='word_1_241' title='bbox 1221 524 1325 556; x_wconf 79' lang='lat' dir='ltr'>(lubiis</span> <span class='ocrx_word' id='word_1_242' title='bbox 1347 535 1403 567; x_wconf 76' lang='lat' dir='ltr'>per</span> <span class='ocrx_word' id='word_1_243' title='bbox 1423 524 1549 557; x_wconf 76' lang='lat' dir='ltr'>eosdem</span> <span class='ocrx_word' id='word_1_244' title='bbox 1568 525 1680 557; x_wconf 78' lang='lat' dir='ltr'>fratres</span> <span class='ocrx_word' id='word_1_245' title='bbox 1699 525 1770 558; x_wconf 87' lang='lat' dir='ltr'>alli-</span> 
     </span>
     <span class='ocr_line' id='line_1_58' title="bbox 1107 574 1294 615; baseline 0 -10"><span class='ocrx_word' id='word_1_246' title='bbox 1107 574 1197 615; x_wconf 74' lang='lat' dir='ltr'>gatis,</span> <span class='ocrx_word' id='word_1_247' title='bbox 1220 574 1294 607; x_wconf 78' lang='grc'>449.</span> 
     </span>
    </p>

    <p class='ocr_par' dir='ltr' id='par_1_31' title="bbox 1020 621 1770 852">
     <span class='ocr_line' id='line_1_59' title="bbox 1020 621 1770 666; baseline 0.001 -12"><span class='ocrx_word' id='word_1_248' title='bbox 1020 622 1121 654; x_wconf 86' lang='lat' dir='ltr'><strong>XXIII.</strong></span> <span class='ocrx_word' id='word_1_249' title='bbox 1145 621 1233 661; x_wconf 80' lang='lat' dir='ltr'>Quod</span> <span class='ocrx_word' id='word_1_250' title='bbox 1255 628 1381 666; x_wconf 71' lang='lat' dir='ltr'>tyrones</span> <span class='ocrx_word' id='word_1_251' title='bbox 1403 623 1481 654; x_wconf 87' lang='lat' dir='ltr'>infra</span> <span class='ocrx_word' id='word_1_252' title='bbox 1504 628 1630 665; x_wconf 80' lang='lat' dir='ltr'>tempus</span> <span class='ocrx_word' id='word_1_253' title='bbox 1655 623 1770 665; x_wconf 82' lang='lat' dir='ltr'>proba-</span> 
     </span>
     <span class='ocr_line' id='line_1_60' title="bbox 1107 671 1770 709; baseline 0.003 -7"><span class='ocrx_word' id='word_1_254' title='bbox 1107 671 1200 703; x_wconf 78' lang='lat' dir='ltr'>tionis</span> <span class='ocrx_word' id='word_1_255' title='bbox 1217 671 1357 703; x_wconf 75' lang='lat' dir='ltr'>lialjiituni</span> <span class='ocrx_word' id='word_1_256' title='bbox 1376 671 1546 709; x_wconf 63' lang='lat' dir='ltr'>‹limium-0,</span> <span class='ocrx_word' id='word_1_257' title='bbox 1563 671 1645 703; x_wconf 82' lang='lat' dir='ltr'>etad</span> <span class='ocrx_word' id='word_1_258' title='bbox 1662 682 1770 705; x_wconf 81' lang='lat' dir='ltr'>saecu-</span> 
     </span>
     <span class='ocr_line' id='line_1_61' title="bbox 1106 720 1770 763; baseline 0.002 -11"><span class='ocrx_word' id='word_1_259' title='bbox 1106 720 1183 752; x_wconf 82' lang='lat' dir='ltr'>laria</span> <span class='ocrx_word' id='word_1_260' title='bbox 1204 725 1270 752; x_wconf 86' lang='lat' dir='ltr'>vota</span> <span class='ocrx_word' id='word_1_261' title='bbox 1293 731 1436 753; x_wconf 80' lang='lat' dir='ltr'>remeare</span> <span class='ocrx_word' id='word_1_262' title='bbox 1457 720 1576 762; x_wconf 77' lang='lat' dir='ltr'>absque</span> <span class='ocrx_word' id='word_1_263' title='bbox 1595 721 1770 763; x_wconf 70' lang='lat' dir='ltr'>apostasiae</span> 
     </span>
     <span class='ocr_line' id='line_1_62' title="bbox 1107 769 1769 813; baseline 0.002 -12"><span class='ocrx_word' id='word_1_264' title='bbox 1107 773 1179 802; x_wconf 87' lang='lat' dir='ltr'>nota</span> <span class='ocrx_word' id='word_1_265' title='bbox 1196 769 1294 803; x_wconf 87' lang='lat' dir='ltr'>libere</span> <span class='ocrx_word' id='word_1_266' title='bbox 1310 774 1340 803; x_wconf 90' lang='lat' dir='ltr'>et</span> <span class='ocrx_word' id='word_1_267' title='bbox 1357 769 1440 802; x_wconf 83' lang='lat' dir='ltr'>licite</span> <span class='ocrx_word' id='word_1_268' title='bbox 1458 769 1577 813; x_wconf 79' lang='lat' dir='ltr'>possint</span> <span class='ocrx_word' id='word_1_269' title='bbox 1592 774 1622 802; x_wconf 91' lang='lat' dir='ltr'>et</span> <span class='ocrx_word' id='word_1_270' title='bbox 1636 770 1769 811; x_wconf 85' lang='lat' dir='ltr'>valeant,</span> 
     </span>
     <span class='ocr_line' id='line_1_63' title="bbox 1107 818 1181 852; baseline -0.014 -1"><span class='ocrx_word' id='word_1_271' title='bbox 1107 818 1181 852; x_wconf 72' lang='lat'>45⁶2.</span> 
     </span>
    </p>

    <p class='ocr_par' dir='ltr' id='par_1_32' title="bbox 1020 866 1771 1101">
     <span class='ocr_line' id='line_1_64' title="bbox 1020 866 1770 902; baseline 0.004 -3"><span class='ocrx_word' id='word_1_272' title='bbox 1020 866 1118 900; x_wconf 87' lang='lat' dir='ltr'><strong>XXIV.</strong></span> <span class='ocrx_word' id='word_1_273' title='bbox 1143 867 1348 901; x_wconf 84' lang='lat' dir='ltr'>Confirmatio</span> <span class='ocrx_word' id='word_1_274' title='bbox 1374 867 1565 901; x_wconf 82' lang='lat' dir='ltr'>concordiae</span> <span class='ocrx_word' id='word_1_275' title='bbox 1590 868 1672 901; x_wconf 89' lang='lat' dir='ltr'>inter</span> <span class='ocrx_word' id='word_1_276' title='bbox 1691 869 1770 902; x_wconf 84' lang='lat' dir='ltr'>San-</span> 
     </span>
     <span class='ocr_line' id='line_1_65' title="bbox 1105 916 1771 957; baseline 0.003 -9"><span class='ocrx_word' id='word_1_277' title='bbox 1105 921 1230 949; x_wconf 85' lang='lat' dir='ltr'>ctorum</span> <span class='ocrx_word' id='word_1_278' title='bbox 1252 917 1413 949; x_wconf 88' lang='lat' dir='ltr'>Laurentii</span> <span class='ocrx_word' id='word_1_279' title='bbox 1434 917 1465 949; x_wconf 92' lang='lat' dir='ltr'>in</span> <span class='ocrx_word' id='word_1_280' title='bbox 1486 916 1619 950; x_wconf 81' lang='lat' dir='ltr'>Damaso</span> <span class='ocrx_word' id='word_1_281' title='bbox 1633 943 1640 957; x_wconf 85' lang='lat'>,</span> <span class='ocrx_word' id='word_1_282' title='bbox 1663 922 1693 950; x_wconf 89' lang='lat' dir='ltr'>et</span> <span class='ocrx_word' id='word_1_283' title='bbox 1713 918 1771 950; x_wconf 89' lang='lat' dir='ltr'>Eu-</span> 
     </span>
     <span class='ocr_line' id='line_1_66' title="bbox 1106 965 1771 1010; baseline 0.003 -13"><span class='ocrx_word' id='word_1_284' title='bbox 1106 965 1217 998; x_wconf 84' lang='lat' dir='ltr'>stachii</span> <span class='ocrx_word' id='word_1_285' title='bbox 1239 966 1277 998; x_wconf 88' lang='lat' dir='ltr'>de</span> <span class='ocrx_word' id='word_1_286' title='bbox 1300 966 1381 999; x_wconf 80' lang='lat' dir='ltr'>Urbe</span> <span class='ocrx_word' id='word_1_287' title='bbox 1398 966 1538 1009; x_wconf 87' lang='lat' dir='ltr'>capitula</span> <span class='ocrx_word' id='word_1_288' title='bbox 1558 966 1653 999; x_wconf 88' lang='lat' dir='ltr'>initae</span> <span class='ocrx_word' id='word_1_289' title='bbox 1674 977 1771 1010; x_wconf 80' lang='lat' dir='ltr'>super</span> 
     </span>
     <span class='ocr_line' id='line_1_67' title="bbox 1106 1015 1769 1048; baseline 0.003 -2"><span class='ocrx_word' id='word_1_290' title='bbox 1106 1015 1335 1047; x_wconf 86' lang='lat' dir='ltr'>nonnullarum</span> <span class='ocrx_word' id='word_1_291' title='bbox 1383 1015 1596 1048; x_wconf 80' lang='lat' dir='ltr'>Ecclesiarum</span> <span class='ocrx_word' id='word_1_292' title='bbox 1642 1015 1769 1048; x_wconf 82' lang='lat' dir='ltr'>iurisdi-</span> 
     </span>
     <span class='ocr_line' id='line_1_68' title="bbox 1107 1063 1320 1101; baseline 0.009 -8"><span class='ocrx_word' id='word_1_293' title='bbox 1107 1063 1223 1101; x_wconf 68' lang='lat' dir='ltr'>vtione,</span> <span class='ocrx_word' id='word_1_294' title='bbox 1247 1063 1320 1097; x_wconf 70' lang='lat'>453.</span> 
     </span>
    </p>

    <p class='ocr_par' dir='ltr' id='par_1_33' title="bbox 1018 1111 1770 1290">
     <span class='ocr_line' id='line_1_69' title="bbox 1018 1111 1770 1156; baseline 0 -13"><span class='ocrx_word' id='word_1_295' title='bbox 1018 1111 1104 1143; x_wconf 82' lang='lat' dir='ltr'><strong>XXV.</strong></span> <span class='ocrx_word' id='word_1_296' title='bbox 1129 1111 1290 1145; x_wconf 86' lang='lat' dir='ltr'>Innovatio</span> <span class='ocrx_word' id='word_1_297' title='bbox 1302 1112 1552 1156; x_wconf 82' lang='lat' dir='ltr'>privilegiorum,</span> <span class='ocrx_word' id='word_1_298' title='bbox 1569 1113 1770 1156; x_wconf 62' lang='lat' dir='ltr'>aliorumque</span> 
     </span>
     <span class='ocr_line' id='line_1_70' title="bbox 1106 1159 1769 1204; baseline 0.005 -13"><span class='ocrx_word' id='word_1_299' title='bbox 1106 1159 1303 1193; x_wconf 87' lang='lat' dir='ltr'>indultorum</span> <span class='ocrx_word' id='word_1_300' title='bbox 1338 1171 1353 1192; x_wconf 86' lang='lat' dir='ltr'>a</span> <span class='ocrx_word' id='word_1_301' title='bbox 1384 1161 1533 1194; x_wconf 79' lang='lat' dir='ltr'>Zacharia</span> <span class='ocrx_word' id='word_1_302' title='bbox 1564 1160 1647 1204; x_wconf 85' lang='lat' dir='ltr'>Papa</span> <span class='ocrx_word' id='word_1_303' title='bbox 1680 1172 1769 1194; x_wconf 74' lang='lat' dir='ltr'>sacro</span> 
     </span>
     <span class='ocr_line' id='line_1_71' title="bbox 1106 1207 1766 1249; baseline 0.005 -9"><span class='ocrx_word' id='word_1_304' title='bbox 1106 1207 1282 1241; x_wconf 88' lang='lat' dir='ltr'>Cassinensi</span> <span class='ocrx_word' id='word_1_305' title='bbox 1324 1209 1501 1249; x_wconf 70' lang='lat' dir='ltr'>coenobio.</span> <span class='ocrx_word' id='word_1_306' title='bbox 1519 1220 1744 1243; x_wconf 83' lang='lat' dir='ltr'>concessorum</span> <span class='ocrx_word' id='word_1_307' title='bbox 1759 1238 1766 1249; x_wconf 84' lang='lat'>,</span> 
     </span>
     <span class='ocr_line' id='line_1_72' title="bbox 1107 1256 1180 1290; baseline -0.014 -1"><span class='ocrx_word' id='word_1_308' title='bbox 1107 1256 1180 1290; x_wconf 86' lang='lat'>455.</span> 
     </span>
    </p>

    <p class='ocr_par' dir='ltr' id='par_1_34' title="bbox 1018 1305 1770 1543">
     <span class='ocr_line' id='line_1_73' title="bbox 1018 1305 1770 1341; baseline 0.004 -3"><span class='ocrx_word' id='word_1_309' title='bbox 1018 1305 1117 1338; x_wconf 84' lang='lat' dir='ltr'><strong>XXVI.</strong></span> <span class='ocrx_word' id='word_1_310' title='bbox 1142 1306 1408 1340; x_wconf 79' lang='lat' dir='ltr'>Praescribuntur</span> <span class='ocrx_word' id='word_1_311' title='bbox 1427 1308 1581 1340; x_wconf 88' lang='lat' dir='ltr'>nonnulla</span> <span class='ocrx_word' id='word_1_312' title='bbox 1605 1313 1720 1341; x_wconf 87' lang='lat' dir='ltr'>statuta</span> <span class='ocrx_word' id='word_1_313' title='bbox 1740 1314 1770 1341; x_wconf 84' lang='lat' dir='ltr'>et</span> 
     </span>
     <span class='ocr_line' id='line_1_74' title="bbox 1104 1355 1767 1400; baseline 0.006 -14"><span class='ocrx_word' id='word_1_314' title='bbox 1104 1355 1320 1389; x_wconf 83' lang='lat' dir='ltr'>ordinationes</span> <span class='ocrx_word' id='word_1_315' title='bbox 1340 1368 1396 1400; x_wconf 87' lang='lat' dir='ltr'>pro</span> <span class='ocrx_word' id='word_1_316' title='bbox 1413 1356 1497 1389; x_wconf 88' lang='lat' dir='ltr'>bono</span> <span class='ocrx_word' id='word_1_317' title='bbox 1518 1357 1672 1400; x_wconf 77' lang='lat' dir='ltr'>regimine</span> <span class='ocrx_word' id='word_1_318' title='bbox 1693 1358 1767 1391; x_wconf 87' lang='lat' dir='ltr'>Uni-</span> 
     </span>
     <span class='ocr_line' id='line_1_75' title="bbox 1105 1405 1769 1448; baseline 0.008 -12"><span class='ocrx_word' id='word_1_319' title='bbox 1105 1405 1258 1437; x_wconf 80' lang='lat' dir='ltr'>versitatis</span> <span class='ocrx_word' id='word_1_320' title='bbox 1278 1405 1377 1438; x_wconf 85' lang='lat' dir='ltr'>Studii</span> <span class='ocrx_word' id='word_1_321' title='bbox 1399 1407 1556 1448; x_wconf 78' lang='lat' dir='ltr'>generalis</span> <span class='ocrx_word' id='word_1_322' title='bbox 1576 1407 1726 1441; x_wconf 80' lang='lat' dir='ltr'>Parisien.</span> <span class='ocrx_word' id='word_1_323' title='bbox 1752 1420 1769 1441; x_wconf 84' lang='lat' dir='ltr'>a.</span> 
     </span>
     <span class='ocr_line' id='line_1_76' title="bbox 1107 1454 1770 1498; baseline 0.008 -13"><span class='ocrx_word' id='word_1_324' title='bbox 1107 1454 1282 1497; x_wconf 81' lang='lat' dir='ltr'>magistris,</span> <span class='ocrx_word' id='word_1_325' title='bbox 1323 1455 1531 1498; x_wconf 77' lang='lat' dir='ltr'>eiusdemque</span> <span class='ocrx_word' id='word_1_326' title='bbox 1569 1456 1770 1490; x_wconf 74' lang='lat' dir='ltr'>scholaribus</span> 
     </span>
     <span class='ocr_line' id='line_1_77' title="bbox 1106 1504 1367 1543; baseline 0.008 -8"><span class='ocrx_word' id='word_1_327' title='bbox 1106 1504 1270 1543; x_wconf 84' lang='lat' dir='ltr'>servanda,</span> <span class='ocrx_word' id='word_1_328' title='bbox 1293 1504 1367 1537; x_wconf 81' lang='lat'>455.</span> 
     </span>
    </p>

    <p class='ocr_par' dir='ltr' id='par_1_35' title="bbox 1018 1553 1769 1744">
     <span class='ocr_line' id='line_1_78' title="bbox 1018 1553 1769 1592; baseline 0.005 -7"><span class='ocrx_word' id='word_1_329' title='bbox 1018 1553 1131 1585; x_wconf 84' lang='lat' dir='ltr'>XXVII¹</span> <span class='ocrx_word' id='word_1_330' title='bbox 1162 1553 1252 1592; x_wconf 83' lang='lat' dir='ltr'>Quod</span> <span class='ocrx_word' id='word_1_331' title='bbox 1280 1566 1297 1587; x_wconf 79' lang='lat' dir='ltr'>a</span> <span class='ocrx_word' id='word_1_332' title='bbox 1324 1555 1409 1587; x_wconf 79' lang='lat' dir='ltr'>clero</span> <span class='ocrx_word' id='word_1_333' title='bbox 1440 1555 1469 1587; x_wconf 90' lang='lat' dir='ltr'>in</span> <span class='ocrx_word' id='word_1_334' title='bbox 1500 1555 1648 1589; x_wconf 84' lang='lat' dir='ltr'>Ecclesiis</span> <span class='ocrx_word' id='word_1_335' title='bbox 1678 1556 1769 1590; x_wconf 90' lang='lat' dir='ltr'>Urbis</span> 
     </span>
     <span class='ocr_line' id='line_1_79' title="bbox 1105 1603 1767 1649; baseline 0.008 -16"><span class='ocrx_word' id='word_1_336' title='bbox 1105 1607 1247 1635; x_wconf 82' lang='lat' dir='ltr'>servetur</span> <span class='ocrx_word' id='word_1_337' title='bbox 1267 1604 1357 1642; x_wconf 82' lang='lat' dir='ltr'>ordo,</span> <span class='ocrx_word' id='word_1_338' title='bbox 1381 1603 1523 1636; x_wconf 78' lang='lat' dir='ltr'>videlicet</span> <span class='ocrx_word' id='word_1_339' title='bbox 1544 1609 1578 1636; x_wconf 92' lang='lat' dir='ltr'>ut</span> <span class='ocrx_word' id='word_1_340' title='bbox 1594 1605 1767 1649; x_wconf 56' lang='lat' dir='ltr'>presbiteri</span> 
     </span>
     <span class='ocr_line' id='line_1_80' title="bbox 1105 1650 1767 1695; baseline 0.009 -14"><span class='ocrx_word' id='word_1_341' title='bbox 1105 1650 1247 1684; x_wconf 86' lang='lat' dir='ltr'>diaconis</span> <span class='ocrx_word' id='word_1_342' title='bbox 1268 1653 1501 1695; x_wconf 78' lang='lat' dir='ltr'>praeferantur,</span> <span class='ocrx_word' id='word_1_343' title='bbox 1524 1652 1572 1685; x_wconf 91' lang='lat' dir='ltr'>isti</span> <span class='ocrx_word' id='word_1_344' title='bbox 1594 1664 1665 1687; x_wconf 83' lang='lat' dir='ltr'>vero</span> <span class='ocrx_word' id='word_1_345' title='bbox 1692 1655 1767 1687; x_wconf 86' lang='lat' dir='ltr'>sub-</span> 
     </span>
     <span class='ocr_line' id='line_1_81' title="bbox 1105 1700 1566 1744; baseline 0.004 -13"><span class='ocrx_word' id='word_1_346' title='bbox 1105 1700 1246 1733; x_wconf 79' lang='lat' dir='ltr'>diaconis</span> <span class='ocrx_word' id='word_1_347' title='bbox 1267 1701 1469 1744; x_wconf 78' lang='lat' dir='ltr'>praecedant,</span> <span class='ocrx_word' id='word_1_348' title='bbox 1493 1701 1566 1735; x_wconf 85' lang='grc'>458.</span> 
     </span>
    </p>

    <p class='ocr_par' dir='ltr' id='par_1_36' title="bbox 1016 1748 1767 1991">
     <span class='ocr_line' id='line_1_82' title="bbox 1016 1748 1763 1792; baseline 0.003 -11"><span class='ocrx_word' id='word_1_349' title='bbox 1016 1748 1144 1781; x_wconf 81' lang='lat' dir='ltr'><strong>XXVIII.</strong></span> <span class='ocrx_word' id='word_1_350' title='bbox 1176 1749 1382 1782; x_wconf 79' lang='lat' dir='ltr'>Confirmatio</span> <span class='ocrx_word' id='word_1_351' title='bbox 1417 1750 1545 1792; x_wconf 78' lang='lat' dir='ltr'>regulae</span> <span class='ocrx_word' id='word_1_352' title='bbox 1581 1751 1702 1783; x_wconf 81' lang='lat' dir='ltr'>ordinis</span> <span class='ocrx_word' id='word_1_353' title='bbox 1733 1752 1763 1783; x_wconf 80' lang='lat' dir='ltr'>S.</span> 
     </span>
     <span class='ocr_line' id='line_1_83' title="bbox 1105 1798 1767 1842; baseline 0.005 -12"><span class='ocrx_word' id='word_1_354' title='bbox 1105 1798 1199 1830; x_wconf 81' lang='lat' dir='ltr'>Marci</span> <span class='ocrx_word' id='word_1_355' title='bbox 1220 1799 1378 1831; x_wconf 75' lang='lat' dir='ltr'>Mantuam.</span> <span class='ocrx_word' id='word_1_356' title='bbox 1393 1826 1400 1837; x_wconf 75' lang='grc'>,</span> <span class='ocrx_word' id='word_1_357' title='bbox 1423 1799 1515 1832; x_wconf 88' lang='lat' dir='ltr'>cuius</span> <span class='ocrx_word' id='word_1_358' title='bbox 1540 1799 1700 1842; x_wconf 83' lang='lat' dir='ltr'>prioribus</span> <span class='ocrx_word' id='word_1_359' title='bbox 1720 1801 1767 1832; x_wconf 89' lang='lat' dir='ltr'>in—</span> 
     </span>
     <span class='ocr_line' id='line_1_84' title="bbox 1105 1847 1767 1892; baseline 0.005 -13"><span class='ocrx_word' id='word_1_360' title='bbox 1105 1847 1271 1889; x_wconf 80' lang='lat' dir='ltr'>dulgetur,</span> <span class='ocrx_word' id='word_1_361' title='bbox 1303 1852 1338 1880; x_wconf 91' lang='lat' dir='ltr'>ut</span> <span class='ocrx_word' id='word_1_362' title='bbox 1371 1848 1484 1888; x_wconf 83' lang='lat' dir='ltr'>laicos,</span> <span class='ocrx_word' id='word_1_363' title='bbox 1516 1848 1570 1892; x_wconf 84' lang='lat' dir='ltr'>qui</span> <span class='ocrx_word' id='word_1_364' title='bbox 1600 1849 1685 1892; x_wconf 88' lang='lat' dir='ltr'>apud</span> <span class='ocrx_word' id='word_1_365' title='bbox 1713 1860 1767 1882; x_wconf 85' lang='lat' dir='ltr'>eos</span> 
     </span>
     <span class='ocr_line' id='line_1_85' title="bbox 1104 1897 1766 1942; baseline 0.005 -13"><span class='ocrx_word' id='word_1_366' title='bbox 1104 1898 1284 1938; x_wconf 80' lang='lat' dir='ltr'>regularem</span> <span class='ocrx_word' id='word_1_367' title='bbox 1319 1897 1462 1930; x_wconf 89' lang='lat' dir='ltr'>habitum</span> <span class='ocrx_word' id='word_1_368' title='bbox 1497 1897 1696 1942; x_wconf 78' lang='lat' dir='ltr'>receperint,</span> <span class='ocrx_word' id='word_1_369' title='bbox 1728 1899 1766 1932; x_wconf 86' lang='lat' dir='ltr'>ad</span> 
     </span>
     <span class='ocr_line' id='line_1_86' title="bbox 1104 1946 1764 1991; baseline 0.006 -13"><span class='ocrx_word' id='word_1_370' title='bbox 1104 1946 1239 1988; x_wconf 87' lang='lat' dir='ltr'>primam</span> <span class='ocrx_word' id='word_1_371' title='bbox 1251 1951 1415 1980; x_wconf 86' lang='lat' dir='ltr'>tonsuram</span> <span class='ocrx_word' id='word_1_372' title='bbox 1433 1958 1621 1991; x_wconf 86' lang='lat' dir='ltr'>promovere</span> <span class='ocrx_word' id='word_1_373' title='bbox 1630 1949 1764 1986; x_wconf 82' lang='lat' dir='ltr'>valeant.</span> 
     </span>
    </p>

    <p class='ocr_par' dir='ltr' id='par_1_37' title="bbox 1017 2041 1765 2183">
     <span class='ocr_line' id='line_1_87' title="bbox 1017 2041 1765 2087; baseline 0.003 -12"><span class='ocrx_word' id='word_1_374' title='bbox 1017 2041 1119 2076; x_wconf 88' lang='lat' dir='ltr'><strong>XXIX.</strong></span> <span class='ocrx_word' id='word_1_375' title='bbox 1149 2043 1250 2076; x_wconf 88' lang='lat' dir='ltr'>Oblati</span> <span class='ocrx_word' id='word_1_376' title='bbox 1278 2044 1398 2077; x_wconf 88' lang='lat' dir='ltr'>ordinis</span> <span class='ocrx_word' id='word_1_377' title='bbox 1424 2044 1657 2077; x_wconf 81' lang='lat' dir='ltr'>Carthusiensis</span> <span class='ocrx_word' id='word_1_378' title='bbox 1686 2055 1765 2087; x_wconf 85' lang='lat' dir='ltr'>gau-</span> 
     </span>
     <span class='ocr_line' id='line_1_88' title="bbox 1104 2091 1765 2136; baseline 0.002 -12"><span class='ocrx_word' id='word_1_379' title='bbox 1104 2091 1179 2124; x_wconf 86' lang='lat' dir='ltr'>dent</span> <span class='ocrx_word' id='word_1_380' title='bbox 1198 2093 1347 2126; x_wconf 84' lang='lat' dir='ltr'>omnibus</span> <span class='ocrx_word' id='word_1_381' title='bbox 1367 2093 1509 2125; x_wconf 88' lang='lat' dir='ltr'>eiusdem</span> <span class='ocrx_word' id='word_1_382' title='bbox 1537 2092 1658 2126; x_wconf 89' lang='lat' dir='ltr'>ordinis</span> <span class='ocrx_word' id='word_1_383' title='bbox 1679 2104 1765 2136; x_wconf 90' lang='lat' dir='ltr'>prae-</span> 
     </span>
     <span class='ocr_line' id='line_1_89' title="bbox 1103 2140 1556 2183; baseline 0.002 -11"><span class='ocrx_word' id='word_1_384' title='bbox 1103 2141 1250 2183; x_wconf 82' lang='lat' dir='ltr'>rogativis</span> <span class='ocrx_word' id='word_1_385' title='bbox 1269 2146 1299 2174; x_wconf 83' lang='lat' dir='ltr'>et</span> <span class='ocrx_word' id='word_1_386' title='bbox 1319 2141 1461 2181; x_wconf 87' lang='lat' dir='ltr'>indultis,</span> <span class='ocrx_word' id='word_1_387' title='bbox 1483 2140 1556 2175; x_wconf 83' lang='grc'>463.</span> 
     </span>
    </p>

    <p class='ocr_par' dir='ltr' id='par_1_38' title="bbox 1016 2189 1764 2332">
     <span class='ocr_line' id='line_1_90' title="bbox 1016 2189 1763 2234; baseline 0.003 -12"><span class='ocrx_word' id='word_1_388' title='bbox 1016 2189 1104 2222; x_wconf 87' lang='lat' dir='ltr'><strong>XXX.</strong></span> <span class='ocrx_word' id='word_1_389' title='bbox 1128 2189 1217 2228; x_wconf 86' lang='lat' dir='ltr'>Quod</span> <span class='ocrx_word' id='word_1_390' title='bbox 1244 2190 1374 2233; x_wconf 85' lang='lat' dir='ltr'>praelati</span> <span class='ocrx_word' id='word_1_391' title='bbox 1400 2191 1555 2224; x_wconf 85' lang='lat' dir='ltr'>Ecclesias</span> <span class='ocrx_word' id='word_1_392' title='bbox 1574 2202 1664 2230; x_wconf 87' lang='lat' dir='ltr'>suas,</span> <span class='ocrx_word' id='word_1_393' title='bbox 1692 2191 1763 2234; x_wconf 85' lang='lat' dir='ltr'>qui-</span> 
     </span>
     <span class='ocr_line' id='line_1_91' title="bbox 1104 2239 1764 2283; baseline 0.003 -12"><span class='ocrx_word' id='word_1_394' title='bbox 1104 2239 1162 2272; x_wconf 81' lang='lat' dir='ltr'>bus</span> <span class='ocrx_word' id='word_1_395' title='bbox 1182 2245 1345 2283; x_wconf 85' lang='lat' dir='ltr'>praesunt,</span> <span class='ocrx_word' id='word_1_396' title='bbox 1368 2240 1479 2273; x_wconf 84' lang='lat' dir='ltr'>alienis</span> <span class='ocrx_word' id='word_1_397' title='bbox 1498 2240 1611 2272; x_wconf 81' lang='lat' dir='ltr'>debitis</span> <span class='ocrx_word' id='word_1_398' title='bbox 1635 2250 1764 2283; x_wconf 83' lang='lat' dir='ltr'>gravare</span> 
     </span>
     <span class='ocr_line' id='line_1_92' title="bbox 1103 2288 1483 2332; baseline 0 -12"><span class='ocrx_word' id='word_1_399' title='bbox 1103 2288 1234 2321; x_wconf 87' lang='lat' dir='ltr'>minime</span> <span class='ocrx_word' id='word_1_400' title='bbox 1255 2289 1386 2332; x_wconf 79' lang='lat' dir='ltr'>possint,</span> <span class='ocrx_word' id='word_1_401' title='bbox 1409 2288 1483 2322; x_wconf 86' lang='grc'>463.</span> 
     </span>
    </p>

    <p class='ocr_par' dir='ltr' id='par_1_39' title="bbox 1015 2337 1764 2657">
     <span class='ocr_line' id='line_1_93' title="bbox 1015 2337 1763 2371; baseline 0 -1"><span class='ocrx_word' id='word_1_402' title='bbox 1015 2337 1117 2371; x_wconf 88' lang='lat' dir='ltr'><strong>XXXI.</strong></span> <span class='ocrx_word' id='word_1_403' title='bbox 1141 2338 1342 2371; x_wconf 84' lang='lat' dir='ltr'>Canonizatio</span> <span class='ocrx_word' id='word_1_404' title='bbox 1367 2338 1473 2371; x_wconf 81' lang='lat' dir='ltr'>Sancti</span> <span class='ocrx_word' id='word_1_405' title='bbox 1493 2337 1620 2370; x_wconf 85' lang='lat' dir='ltr'>Antonii</span> <span class='ocrx_word' id='word_1_406' title='bbox 1647 2338 1686 2371; x_wconf 84' lang='lat' dir='ltr'>de</span> <span class='ocrx_word' id='word_1_407' title='bbox 1705 2338 1763 2371; x_wconf 82' lang='lat' dir='ltr'>Pa-</span> 
     </span>
     <span class='ocr_line' id='line_1_94' title="bbox 1103 2387 1764 2429; baseline 0 -10"><span class='ocrx_word' id='word_1_408' title='bbox 1103 2388 1165 2420; x_wconf 88' lang='lat' dir='ltr'>dua</span> <span class='ocrx_word' id='word_1_409' title='bbox 1194 2387 1386 2429; x_wconf 84' lang='lat' dir='ltr'>nuncupati,</span> <span class='ocrx_word' id='word_1_410' title='bbox 1424 2387 1611 2429; x_wconf 84' lang='lat' dir='ltr'>professoris</span> <span class='ocrx_word' id='word_1_411' title='bbox 1643 2387 1764 2419; x_wconf 90' lang='lat' dir='ltr'>ordinis</span> 
     </span>
     <span class='ocr_line' id='line_1_95' title="bbox 1103 2435 1763 2468; baseline 0 -1"><span class='ocrx_word' id='word_1_412' title='bbox 1103 2437 1236 2468; x_wconf 88' lang='lat' dir='ltr'>fratrum</span> <span class='ocrx_word' id='word_1_413' title='bbox 1245 2435 1402 2468; x_wconf 69' lang='lat' dir='ltr'>Minoi-um</span> <span class='ocrx_word' id='word_1_414' title='bbox 1413 2435 1670 2468; x_wconf 76' lang='lat' dir='ltr'>conventualium</span> <span class='ocrx_word' id='word_1_415' title='bbox 1687 2435 1763 2468; x_wconf 86' lang='lat' dir='ltr'>San-</span> 
     </span>
     <span class='ocr_line' id='line_1_96' title="bbox 1103 2484 1761 2527; baseline 0.002 -11"><span class='ocrx_word' id='word_1_416' title='bbox 1103 2484 1142 2516; x_wconf 87' lang='lat' dir='ltr'>cti</span> <span class='ocrx_word' id='word_1_417' title='bbox 1167 2484 1337 2523; x_wconf 78' lang='lat' dir='ltr'>Francisci,</span> <span class='ocrx_word' id='word_1_418' title='bbox 1364 2484 1497 2527; x_wconf 85' lang='lat' dir='ltr'>eiusque</span> <span class='ocrx_word' id='word_1_419' title='bbox 1517 2484 1628 2517; x_wconf 85' lang='lat' dir='ltr'>relatio</span> <span class='ocrx_word' id='word_1_420' title='bbox 1648 2485 1680 2517; x_wconf 91' lang='lat' dir='ltr'>in</span> <span class='ocrx_word' id='word_1_421' title='bbox 1701 2495 1761 2517; x_wconf 89' lang='lat' dir='ltr'>nu-</span> 
     </span>
     <span class='ocr_line' id='line_1_97' title="bbox 1102 2528 1762 2568; baseline 0.002 -7"><span class='ocrx_word' id='word_1_422' title='bbox 1102 2539 1227 2562; x_wconf 86' lang='lat' dir='ltr'>merum</span> <span class='ocrx_word' id='word_1_423' title='bbox 1248 2528 1293 2562; x_wconf 61' lang='lat' dir='ltr'>Ss&gt;</span> <span class='ocrx_word' id='word_1_424' title='bbox 1322 2530 1558 2568; x_wconf 82' lang='lat' dir='ltr'>confessorum,</span> <span class='ocrx_word' id='word_1_425' title='bbox 1581 2540 1654 2562; x_wconf 86' lang='lat' dir='ltr'>eum</span> <span class='ocrx_word' id='word_1_426' title='bbox 1676 2528 1762 2562; x_wconf 88' lang='lat' dir='ltr'>insti-</span> 
     </span>
     <span class='ocr_line' id='line_1_98' title="bbox 1102 2573 1762 2617; baseline 0.003 -12"><span class='ocrx_word' id='word_1_427' title='bbox 1102 2573 1222 2606; x_wconf 90' lang='lat' dir='ltr'>tutione</span> <span class='ocrx_word' id='word_1_428' title='bbox 1255 2573 1324 2606; x_wconf 88' lang='lat' dir='ltr'>eius</span> <span class='ocrx_word' id='word_1_429' title='bbox 1356 2573 1527 2607; x_wconf 83' lang='lat' dir='ltr'>festivitatis</span> <span class='ocrx_word' id='word_1_430' title='bbox 1559 2584 1616 2617; x_wconf 90' lang='lat' dir='ltr'>pro</span> <span class='ocrx_word' id='word_1_431' title='bbox 1645 2574 1695 2607; x_wconf 84' lang='lat' dir='ltr'>die</span> <span class='ocrx_word' id='word_1_432' title='bbox 1721 2573 1762 2607; x_wconf 65' lang='grc'>’13</span> 
     </span>
     <span class='ocr_line' id='line_1_99' title="bbox 1101 2617 1429 2657; baseline 0.003 -7"><span class='ocrx_word' id='word_1_433' title='bbox 1101 2617 1218 2652; x_wconf 88' lang='lat' dir='ltr'>mensis</span> <span class='ocrx_word' id='word_1_434' title='bbox 1238 2617 1332 2657; x_wconf 91' lang='lat' dir='ltr'>iunii,</span> <span class='ocrx_word' id='word_1_435' title='bbox 1355 2617 1429 2652; x_wconf 86' lang='lat'>464.</span> 
     </span>
    </p>
   </div>
  </div>
 </body>
</html>
