2129 3223
356 276 400 308 48

354 338 422 386 Ego
461 339 571 375 Petrus
610 339 643 374 S.
685 338 801 375 Nicolai
847 340 876 374 in
915 339 1047 375 Carcere

305 389 451 424 Tulliano
477 388 629 424 diaconus
649 388 734 423 card.

113 285 157 310 An,
178 283 204 310 C.
226 284 290 311 1187
887 286 1071 309 numanum
1102 286 1260 310 ttonANmt

1850 288 1889 314 Au
1914 286 1942 314 C.
1964 287 2027 314 1187

1137 340 1221 375 Nulli
1237 353 1311 388 ergo
1326 342 1455 377 omnino
1472 341 1634 376 hominum
1651 341 1740 377 liceat
1754 341 1834 377 hanc
1861 341 1970 364 ⁰¹¹⁰⁹⁰¹⁸‘
2007 346 2028 362 ε·

1088 390 1232 437 paginam
1262 391 1357 425 nostri
1382 391 1500 425 decreti
1526 391 1707 437 infringere,
1730 391 1777 426 vel
1805 391 1834 440 ei
1867 373 2016 426 mlxiii?

355 438 421 484 Ego
443 437 522 473 Rad.
555 437 588 472 S.
616 437 744 485 Georgii
779 439 817 473 ad
846 438 957 474 Velum
985 440 1046 473 An-

307 500 394 522 reum
424 487 502 522 diac.
530 487 615 522 card.

356 536 467 571 Datum
506 535 648 573 Veronae
685 551 740 584 per
774 551 901 573 manum
937 537 1050 584 Moysis

306 586 528 621 Lateranensis
553 587 709 631 canonici,
733 588 957 633 vicemagentis
977 599 1051 621 can—

306 635 436 676 cellarii,
465 648 507 671 vn
522 635 581 670 kal.
609 637 728 684 aprilis,
756 637 927 672 indictione
950 648 981 674 v,
1005 636 1051 669 in-

306 685 496 720 carnationis
539 685 714 722 dominicae
761 698 844 721 anno
884 686 1052 720 millesimo

307 735 479 770 centesimo
508 736 720 782 octuagesimo
751 736 898 783 septimo,
927 734 1051 782 pontili-

307 792 395 819 catus
417 797 488 820 vero
515 784 554 820 D.
581 784 696 820 Urbani
718 785 822 832 Papae
845 784 885 819 tlt
908 796 990 819 anno
1018 796 1051 818 11.
1073 799 1074 805 =

359 839 419 871 Dat.
443 842 488 872 die
511 842 549 872 ΞΘ
568 843 665 873 martii
684 852 760 872 anno
781 841 896 872 Domini
920 842 1001 878 1187,

557 887 658 926 pontif.
681 896 756 917 anno
776 896 804 917 n.

651 1061 708 1096 xt.

311 1140 402 1181 Quod
439 1139 500 1185 filii
531 1140 563 1172 in
596 1145 721 1182 patrum
766 1138 905 1171 Ecclesiis
938 1138 1058 1170 institui

353 1202 413 1222 uon
431 1190 568 1228 debeant,
599 1189 650 1221 sed
671 1189 710 1221 ab
731 1189 771 1222 eis
792 1188 930 1221 amoveri
951 1190 1011 1229 (l).

589 1265 802 1297 sonnatium

309 1333 359 1364 Dei
378 1333 579 1364 sanctuarium
599 1333 664 1363 inre
683 1333 767 1372 quasi
787 1332 984 1363 haereditario
1001 1341 1056 1362 non

350 1378 570 1417 possidendum.
593 1393 630 1400 —-
647 1376 782 1407 Successi
807 1378 836 1406 in
859 1382 972 1416 patrum
1000 1376 1055 1407 Ec-

348 1421 448 1452 clesiis
470 1420 506 1451 ab
530 1421 567 1451 iis
590 1422 767 1451 removendi.
796 1438 834 1443 —
855 1420 1011 1451 Clausulae
1030 1427 1057 1451 et

348 1466 555 1496 conclusiones
579 1471 746 1496 consuetae.

309 1537 430 1566 urbanus
448 1537 589 1574 episcopus
608 1544 702 1567 servus
722 1545 860 1567 servorum
878 1538 934 1571 Dei.
951 1539 1059 1567 dilectis

355 1586 420 1614 filiis
436 1586 530 1615 abbati
541 1587 569 1615 et
581 1587 723 1616 conventui
738 1587 917 1621 fiscannensi,
941 1588 1058 1616 salutem

355 1637 386 1665 et
409 1636 588 1671 apostoticam
612 1637 835 1666 benedictionem.

362 1704 444 1739 Cum
477 1716 494 1739 a
520 1704 618 1739 sacris
644 1704 682 1739 sit
708 1704 882 1740 canonibus
909 1704 1057 1743 alienum,

133 1762 169 1782 υει
198 1765 300 1782 sur-vtu-
315 1762 349 1788 ut
372 1755 401 1788 in
424 1753 576 1789 Ecclesiis
590 1753 647 1788 Dei
677 1755 754 1801 patri
780 1754 860 1789 fitius
884 1755 969 1790 nullo
991 1767 1059 1789 me-

120 1800 170 1814 ntun·
182 1795 225 1813 ime
242 1793 300 1819 quui

141 1824 283 1844 haereditario

314 1804 420 1838 diante
453 1803 618 1847 succedat,
655 1816 712 1838 nec
747 1804 967 1839 sanctuarium
1000 1804 1059 1839 Dei

135 1862 166 1906 :¹¹¹
190 1856 301 1881 *mm*
317 1854 414 1900 possit
436 1853 502 1888 iure
528 1854 615 1900 qnasi
650 1853 855 1888 haereditario
888 1854 1059 1901 possideri,

316 1902 458 1937 mirabile
489 1904 628 1948 gerimus
652 1911 681 1937 et
709 1903 888 1948 indiguum,
916 1903 999 1950 quod
1029 1904 1059 1937 in

315 1952 431 1999 quibus
454 1952 618 1995 Ecclesiis,
645 1953 833 1987 monasterio
857 1962 957 1988 vestro
981 1961 1061 1987 utro-

315 2014 375 2049 que
404 2003 470 2036 iure
492 2001 654 2041 subiectis,
683 2001 841 2043 nonnulli,
868 2002 947 2036 sicut
969 2014 1061 2037 acce-

317 2052 432 2098 pimus,
456 2052 522 2086 suis
544 2050 727 2098 parentibus
741 2060 972 2092 successerunt,
995 2063 1061 2087 eas-

317 2113 378 2148 que
405 2109 512 2136 contra
538 2100 738 2147 disciplinam
769 2101 950 2136 canonicam
978 2100 1061 2136 deti-

318 2160 394 2186 nent
416 2151 445 2185 in
469 2150 651 2186 scandalum
676 2149 899 2196 plurimorum,
927 2150 1061 2198 ideoque

317 2200 500 2235 auctoritate
515 2200 604 2234 vobis
619 2200 829 2246 praesentium
849 2199 1060 2246 indulgemus,

318 2257 351 2284 ut
377 2262 430 2284 eos
464 2250 520 2297 qui
553 2250 654 2284 taliter
686 2258 872 2284 memoratas
906 2249 1062 2284 Ecclesias

318 2299 470 2342 detinent,
488 2299 615 2334 liberam
636 2298 774 2334 habeatis
792 2299 974 2334 auctoritate
992 2310 1064 2346 apo-

319 2348 428 2384 stolica
455 2348 630 2384 facultatem
653 2348 692 2383 ab
723 2349 798 2395 ipsis
831 2348 987 2383 Ecclesiis
1014 2360 1063 2383 re-

138 2410 307 2446 sm-fennutn-
321 2399 484 2433 movendi:
511 2398 552 2433 ita
580 2406 682 2433 tamen
715 2397 799 2445 qnod
843 2397 960 2433 eaedem
995 2396 1062 2432 Ec-

127 2440 306 2492 :thummsscclenns

128 2504 189 2523 vendi

237 2477 306 2492 nmo,
322 2448 450 2493 clesiae,
483 2448 550 2483 sinc
577 2447 725 2482 dilatione
751 2459 888 2494 congrua
914 2447 1063 2482 canonice

321 2496 360 2531 de
382 2498 525 2544 personis
548 2497 670 2532 idoneis
687 2496 890 2537 ordinentur:
913 2497 971 2532 nisi
988 2496 1064 2531 sorte

1088 451 1164 474 ausu
1192 440 1358 475 temerario
1379 441 1546 475 contraire.
1575 439 1607 474 Si
1630 441 1702 487 quis
1727 448 1833 475 autem

1090 489 1149 523 boc
1174 497 1325 524 attentare
1361 489 1617 537 praesumpserit,
1644 489 1835 536 indignatio·

1091 550 1162 572 uem
1184 539 1408 585 omnipotentis
1433 538 1489 573 Dei
1512 546 1542 573 et
1565 538 1727 574 beatorum
1750 538 1834 574 Petri

1090 595 1120 621 et
1143 587 1231 622 Pauli
1258 589 1472 635 apostolorum
1495 589 1564 623 eius
1585 599 1619 622 se
1643 589 1761 623 noverit
1788 590 1836 623 in-

1093 649 1273 672 cursurum.

1141 686 1256 720 Datum
1284 686 1425 721 Veronae
1452 687 1592 721 kalendis
1620 687 1717 721 iunii.'

1314 747 1416 777 Datum
1436 749 1482 778 die
1506 750 1512 777 l
1541 749 1622 778 iunii.

1439 893 1506 929 Xll.

1137 970 1227 1009 Quod
1245 977 1314 1014 post
1336 970 1546 1015 interpositam
1567 971 1805 1015 appellationem

1248 1020 1325 1053 nihil
1347 1021 1433 1054 liceat
1459 1021 1606 1054 innovari
1625 1021 1681 1063 (1).

1359 1088 1573 1119 ΞΕΜΜΑΗΙΕΜ

1097 1150 1260 1189 Appellatio
1282 1151 1317 1180 ad
1344 1150 1510 1181 subsidium
1539 1152 1664 1181 inventa.
1693 1169 1731 1176 -
1757 1151 1843 1182 lnno-

1137 1200 1197 1224 vata
1229 1196 1434 1234 appellationis
1467 1201 1595 1234 tempore
1628 1197 1656 1225 in
1686 1197 1842 1235 pristinum

1136 1242 1242 1268 statum
1273 1239 1464 1269 restituenda.
1495 1256 1533 1262 —
1571 1239 1784 1271 Conclusiones
1816 1246 1842 1270 et

1137 1283 1287 1314 clausulae
1310 1288 1478 1314 consuetae.

1096 1350 1216 1379 urbanus
1236 1351 1377 1387 episcopus
1396 1358 1492 1380 servus
1504 1358 1645 1381 servorum
1663 1351 1719 1385 Dei.
1732 1358 1844 1381 vonera-

1142 1399 1189 1427 bili
1204 1398 1290 1428 t'ratri
1303 1399 1412 1429 Gattero
1429 1400 1619 1436 Rotomagenst
1633 1401 1843 1438 archiepiscopo.

1142 1449 1260 1477 satutem
1279 1451 1309 1478 et
1327 1449 1505 1485 apostoticam
1524 1450 1747 1480 benedictionem.

1147 1515 1204 1550 His
1225 1517 1279 1563 qui
1303 1516 1340 1551 ad
1367 1517 1532 1552 tuitionem
1568 1518 1616 1552 sui
1649 1530 1756 1553 vocem
1787 1530 1844 1566 ap—
1872 1528 2040 1581 Asstgl¹⁵‘¹⁰.⁵⁴¹

1858 1565 1882 1580 flu
1898 1565 1915 1580 Sl
1932 1565 1973 1581 lum
2005 1566 2039 1580 On·-

1859 1595 1929 1612 senta.

1100 1565 1276 1613 pellationis
1319 1566 1476 1605 emittunt,
1516 1568 1702 1614 propensius
1734 1567 1845 1602 adesse

1099 1614 1328 1662 compellimur,
1355 1625 1385 1650 et
1413 1628 1450 1651 ne
1468 1616 1676 1663 appellatione
1689 1616 1846 1663 pendente

1099 1664 1310 1712 quorumlibet
1332 1664 1521 1711 malignitate
1547 1675 1725 1712 graventur,
1746 1676 1847 1714 pasto-

1101 1714 1194 1749 ralem
1217 1714 1445 1749 solicitudinem
1475 1715 1635 1752 adhibere.
1669 1715 1741 1762 quia
1772 1728 1844 1751 cum

1099 1764 1315 1811 appellationis
1345 1763 1521 1798 remedium
1551 1766 1711 1799 inventum
1752 1766 1843 1800 fuerit

1100 1813 1137 1848 ad
1153 1813 1328 1848 subsidium
1351 1825 1585 1860 oppressorum,
1598 1826 1705 1849 eorum
1721 1814 1844 1850 indem-

1102 1863 1208 1903 nitati,
1248 1871 1399 1910 quantum
1444 1863 1521 1897 ordo
1562 1864 1639 1897 iuris
1686 1865 1845 1911 exposcit,

1102 1912 1192 1947 nobis
1214 1912 1357 1947 imminet
1384 1924 1578 1958 praecavere.
1596 1912 1671 1947 lude
1685 1922 1742 1953 est,
1761 1914 1844 1961 quod

1100 1974 1172 1997 cum
1195 1962 1225 1996 in
1255 1962 1412 2009 provincia
1446 1969 1508 2005 tua,
1539 1963 1620 1996 sicut
1653 1962 1845 2002 audivimus,

1102 2010 1287 2058 plerumque
1307 2011 1478 2057 contingat,
1500 2010 1585 2058 quod
1615 2019 1677 2046 tam
1698 2012 1847 2047 ecclesia-

1101 2060 1168 2095 stici
1190 2072 1283 2107 quam
1306 2059 1481 2095 saeculares
1508 2060 1577 2101 viri,
1599 2069 1667 2107 post
1700 2061 1846 2108 appella—

1102 2110 1217 2145 tionem
1262 2109 1516 2156 possessionibus
1556 2110 1602 2144 vel
1648 2110 1742 2145 rebus
1778 2110 1846 2145 aliis

1102 2159 1286 2206 spolientur,
1310 2159 1526 2206 praesentibus
1540 2158 1596 2194 tibi
1617 2159 1712 2194 literis
1740 2158 1845 2194 indul-

1102 2220 1225 2254 gemus,
1245 2216 1274 2241 ut
1297 2209 1321 2242 si
1349 2208 1423 2255 quid
1446 2209 1527 2244 circa
1563 2216 1676 2253 statum
1717 2209 1844 2255 aliquo-

1103 2270 1170 2292 rum
1192 2258 1230 2291 (le
1254 2258 1409 2303 provmcia
1432 2266 1480 2292 tua
1505 2266 1574 2306 post
1594 2258 1749 2293 obiectum
1787 2270 1844 2305 ap·
1874 2270 1975 2292 tnnovm
2002 2278 2041 2299 ap-

1860 2302 2042 2338 pellattonisteu1-

1103 2356 1221 2391 dicium
1245 2356 1297 2390 tibi
1327 2357 1497 2392 constiterit
1525 2357 1716 2397 innovatum,
1751 2357 1781 2391 id
1815 2337 2041 2417 ἰιιὲΞΞέΞι-ῘᾸἛ-

1104 2306 1279 2354 pellationis
1300 2307 1508 2352 obstaculum,
1532 2308 1561 2342 in
1584 2319 1691 2342 eorum
1719 2308 1844 2355 praeiu-

1103 2417 1173 2440 eum
1196 2414 1309 2441 statum
1332 2406 1542 2454 appellatione
1563 2406 1734 2453 postposita
1751 2406 1846 2442 redu-

1104 2454 1208 2495 cendi,
1237 2456 1267 2490 in
1289 2468 1351 2502 quo
1377 2464 1526 2504 ῑεῐηροω
1539 2455 1757 2503 appellationis
1771 2456 1846 2491 exti-

1107 2512 1193 2543 terat,
1216 2505 1254 2540 de
1269 2506 1449 2540 auctoritate
1469 2513 1571 2540 nostra
1587 2504 1715 2540 liberam
1731 2505 1846 2542 habeas

323 2546 364 2580 ibi
387 2556 471 2582 tanto
493 2556 633 2594 tempore
660 2546 775 2582 fuerint
809 2555 838 2601 et
863 2546 963 2601 taliter
989 2557 1086 2600 con-1
1106 2553 1296 2598 f30u11313m7
1321 2567 1359 2590 „e
1380 2555 1572 2602 appenames
1593 2555 1640 2589 su}
1681 2554 1758 2589 {uris
1796 2554 1846 2589 di-

323 2597 447 2640 versati,
468 2596 553 2644 quod
577 2597 739 2631 videantur
753 2604 863 2630 merito
876 2593 1063 2631 sustinendi.
1106 2603 1272 2650 spendium
1296 2606 1461 2651 patiamur,
1484 2603 1674 2644 Statuentes,
1706 2613 1740 2638 m
1768 2603 1847 2638 nuni

357 2670 396 2705 (l)
413 2670 449 2697 Ex
468 2670 577 2701 Com-il,
596 2673 658 2697 tom.
679 2677 737 2701 xtn,
755 2670 803 2697 col>
822 2670 883 2696 658.

1141 2670 1179 2703 (t)
1199 2669 1237 2695 Ex
1257 2669 1367 2701 Concu„
1386 2674 1449 2697 tom.
1467 2676 1525 2701 xttt,
1543 2668 1592 2696 col.
1610 2669 1671 2696 658.
