2129 3223
168 228 220 256 Αιι.
234 229 263 256 C.
282 229 349 256 tem

181 329 223 356 Qun
215 336 249 350 ase
253 332 330 351 tuiti-io·

177 360 197 380 Pi
204 363 248 381 aedi
253 365 305 382 erato
313 368 334 382 es

168 396 291 442 ιιιὼι(1
295 397 349 442 ιοῐιῦ-
362 382 482 420 stiiam,
504 380 710 427 appellatione
732 382 911 428 ροεηι(ιείιι,ι
933 381 1101 416 Praedica-

178 831 201 851 Ei
218 831 345 858 procedendi

165 867 238 883 {iiiiti‘a
279 867 346 889 nego-

164 895 218 914 cium
230 894 345 915 huiusmodi

164 925 310 950 impedientes.

179 2314 309 2336 Obstantinm
321 2319 354 2335 :ie-

173 2346 252 2371 :ng-iio

412 218 482 252 690

411 287 426 328 ξ
455 285 510 317 14.
548 281 778 336 Compescendi
807 291 974 329 praeterea,
996 281 1101 317 muni-

363 333 445 366 lione
473 333 731 379 ΡΙ“3911Π853,Ρ61“
760 344 921 367 censuram
956 332 1102 366 ecclesia-

364 439 444 464 tores
464 431 678 477 quaestuarios
698 443 713 465 a
730 431 967 478 piaedicationis
988 430 1100 474 officio,

361 480 444 526 quod
467 480 503 513 ad
530 492 612 525 ipsos
635 479 810 519 nullatenus
837 482 969 527 pertinet
998 483 1103 526 (quo-

361 541 428 562 rum
453 529 577 564 interest
600 537 719 564 tantum
747 530 925 565 charitativa
952 529 1099 569 subsidia,

360 578 544 623 simpliciter
577 588 692 625 petere,
724 592 758 615 ac
795 579 1043 626 indulgentiam,
1074 579 1098 613 si

360 640 451 675 (piam
477 627 553 662 sin-te
590 628 724 670 liabent,
763 634 946 676 exponere),
970 629 1099 664 liberam

361 677 447 711 vobis
468 687 497 712 et
523 678 656 724 singulis
685 679 794 713 vestris
816 678 1029 720 concedimus,
1044 691 1103 714 au·

358 728 499 761 ctoritate
521 729 742 775 praesentium,
778 728 967 763 facultatem.

408 780 424 820 ξ
452 778 507 811 15.
535 777 701 813 Caeterum
732 778 757 812 si
790 777 879 819 fone,
919 776 1003 825 quod
1039 789 1101 812 non

360 826 635 874 credimus,aliqui
658 827 885 874 cuiuscumque
900 826 1102 870 conditionis,

361 876 434 911 liuic
461 877 587 922 negotio
614 876 702 911 vobis
734 878 903 918 commisso
932 889 965 914 se
1000 889 1102 924 oppo-

360 937 447 965 nere,
464 938 517 961 seu
535 925 609 961 illud
626 927 891 973 praesumpserint
906 927 1103 973 aliquatenus

361 974 524 1022 impedire,
546 984 580 1010 ut
603 988 664 1011 non
682 976 777 1023 possit
791 976 914 1022 procedi
934 975 964 1010 in
979 975 1101 1010 eodem:

361 1025 423 1059 inio
449 1025 509 1060 nisi
533 1026 686 1073 requisiti,
708 1025 782 1060 illud
799 1024 942 1065 foverint,
968 1033 998 1060 et
1020 1026 1101 1060 iuxta

359 1073 495 1108 officium
531 1082 561 1109 et
584 1086 674 1121 posse
701 1087 807 1115 suum,
830 1074 944 1121 singuli
972 1075 1103 1110 iuverint

360 1123 512 1164 studiose,
525 1133 631 1158 contra
654 1136 707 1160 eos
729 1132 887 1170 tamquam
907 1132 1014 1159 contra
1034 1124 1099 1159 liae-

361 1173 529 1208 reticoium
548 1172 683 1209 fautores
709 1182 739 1209 et
760 1173 952 1217 defensores,
990 1186 1104 1208 secun-

360 1222 434 1257 dum
462 1223 639 1259 sanctiones
672 1223 849 1267 canonicas,
888 1222 956 1258 freti
993 1222 1101 1258 eadem

360 1273 554 1313 auctoritate,
569 1273 722 1320 intrepide
746 1273 928 1320 procedatis.
945 1272 1009 1308 Nos
1020 1274 1102 1308 enim

361 1321 566 1356 nihilominus
587 1322 623 1357 ad
647 1322 877 1369 repiimendam
900 1330 962 1356 tam
992 1335 1104 1377 super-

362 1369 431 1405 bam
454 1379 483 1405 et
511 1371 717 1418 perniciosam
745 1372 917 1413 audaciam,
944 1380 974 1406 et
1000 1372 1104 1406 omni-

362 1421 453 1455 mode
475 1420 770 1462 confundendam,
765 1434 794 1455 in
819 1421 887 1456 illos
905 1421 1041 1467 gladium
1057 1433 1105 1456 ec-

361 1470 550 1505 clesiasticae
574 1471 733 1517 potestatis
759 1470 871 1505 acriter
898 1483 1080 1505 exercemus
1096 1498 1104 1511 ,

361 1527 390 1553 et
413 1531 530 1588 reges,
532 1528 562 1554 et
590 1520 758 1567 principeS,
779 1520 918 1566 aliosque
950 1519 1105 1554 christifi—

361 1568 461 1612 deles,
483 1567 547 1603 sii'e
570 1583 623 1616 pio
644 1568 758 1604 Terrae
779 1569 914 1604 Sanctae
940 1582 1104 1613 succursu,

360 1618 424 1653 siie
451 1618 526 1653 alias
550 1632 603 1666 pro
622 1617 739 1653 Cliristi
761 1619 887 1653 servitio
908 1617 1020 1653 Crucis
1036 1619 1107 1653 clia-

362 1676 480 1702 racteie
510 1667 699 1715 insignitos,
740 1680 862 1702 necnon
904 1675 933 1701 tt
967 1676 1106 1703 caeteros

361 1717 541 1759 catholicos,
559 1725 649 1765 prout
674 1717 821 1763 expedire
840 1717 1032 1761 viderimus,
1062 1717 1106 1751 in-

363 1767 543 1801 vocabimus
563 1774 668 1802 contra
690 1779 755 1806 eos,
779 1776 811 1801 ut
832 1766 953 1801 coelum
974 1776 1004 1801 ei
1027 1775 1105 1801 terra

362 1815 510 1852 adversus
543 1815 758 1852 detestabilem
785 1816 990 1852 temeritatem
1018 1816 1106 1862 ipso-

363 1878 430 1899 rum
455 1867 569 1912 pariter
588 1874 778 1900 moveantur.
806 1865 950 1912 Denique
973 1873 1006 1900 ut
1026 1866 1106 1900 circa

363 1916 534 1962 praemissa
557 1915 648 1963 plene
661 1915 750 1950 vobis
765 1923 795 1950 et
816 1915 949 1962 singulis
970 1923 1105 1950 vestrum

363 1965 565 2000 coercitionis
599 1965 742 2011 expedita
765 1973 795 1999 et
818 1964 1006 1999 inviolabilis
1027 1964 1108 1999 adsit

363 2014 542 2054 auctoritas,
569 2015 725 2054 volumus,
748 2022 780 2048 ut
802 2026 835 2048 ea
854 2014 957 2048 omnia
980 2014 1108 2047 viriliter

364 2063 574 2110 exequamini,
597 2064 749 2102 invocato,
771 2063 794 2097 si
817 2075 899 2110 opus
920 2064 1024 2103 suerit,
1050 2074 1102 2097 au-

363 2113 437 2147 xilio
459 2112 576 2148 braclni
599 2112 1036 2156 saecularis,contradictores
1055 2123 1108 2157 per

365 2163 793 2204 censuramecclesiasticam
804 2161 1012 2209 appellatione
1027 2169 1110 2208 post·

366 2214 476 2259 posita,
499 2211 740 2258 compescendo.

414 2264 508 2306 gio.
535 2262 603 2296 Non
627 2260 821 2295 obstantibus
854 2258 1009 2306 aliquibus
1043 2258 1109 2305 pri-

367 2309 487 2351 vile1iis
520 2311 566 2345 vel
603 2311 818 2357 indulgentiis,
855 2311 1109 2357 quibuscumque

367 2361 520 2407 personiS,
542 2360 682 2395 cuiusvis
718 2360 920 2401 conditionis,
950 2359 1110 2404 dignitatis

370 2411 413 2445 rel
452 2410 584 2456 gradus,
620 2410 781 2456 relzgionis
817 2409 864 2443 vel
903 2408 1022 2443 ordinis
1037 2434 1046 2452 ⁷
1080 2415 1109 2442 et

370 2461 547 2503 praesertim
565 2458 1110 2503 Cisteiciensium,Praedicatorum,

369 2508 525 2543 Minorum
548 2521 601 2543 seu
623 2507 846 2543 Eremitarum:
873 2509 938 2542 sive
966 2519 1110 2542 commu-

370 2557 517 2592 nitatibus
544 2559 589 2593 vel
618 2557 870 2593 universitatibus
891 2557 1048 2592 civitatum
1082 2564 1110 2590 et

370 2605 521 2650 locorum,
543 2607 718 2654 specialiter
741 2609 786 2643 vel
823 2606 1019 2654 generaliter,
1052 2604 1111 2639 sub

886 248 889 254 ,
926 227 1063 250 BULLAIU
1070 227 1114 250 ΗΜ
1140 227 1298 250 ROMANUM

1140 294 1339 329 quacumque
1379 281 1541 318 verborum
1584 282 1787 330 expressione
1833 281 1880 317 vel

1142 331 1238 366 forma
1278 343 1295 366 a
1326 341 1493 367 memorata
1525 331 1607 367 Sede
1639 331 1797 366 concessis
1835 330 1881 366 vel

1143 381 1171 414 iu
1201 389 1355 424 posterum
1384 381 1603 417 concedendis:
1624 381 1744 416 etiamsi
1762 380 1882 415 dicatur

1142 430 1172 463 in
1195 429 1265 471 illis,
1292 430 1377 478 quod
1398 432 1445 466 eis
1481 443 1534 478 per
1552 431 1671 478 aliquas
1693 431 1809 466 litteras
1835 438 1883 465 to-

1143 487 1207 514 tum
1231 479 1270 514 de
1293 479 1386 515 verbo
1412 479 1449 515 ad
1479 480 1608 516 verbum
1635 489 1776 515 tenorem
1819 491 1880 518 non

1141 529 1346 571 continentes,
1375 529 1605 577 privilegiorum
1632 530 1679 564 vel
1715 528 1883 576 indulgeu-

1142 578 1253 613 tiai·um
1276 579 1415 626 ipsorum
1444 588 1575 627 nequeat
1597 579 1752 626 derogari3
1774 588 1804 614 et
1822 578 1883 614 illis

1143 629 1275 663 maxime
1312 629 1484 676 privilegiis
1510 637 1541 663 et
1580 628 1783 676 indulgentiis
1812 628 1883 676 qui-

1142 677 1198 712 bus
1224 677 1262 713 ab
1283 678 1348 726 ipsa
1373 677 1456 713 Sede
1478 690 1664 713 eoncessum
1691 685 1738 713 est
1771 676 1883 725 aliqui-

1142 727 1212 770 bus,
1234 739 1291 763 seu
1316 727 1507 763 concedetur
1533 728 1694 774 deinceps,
1720 726 1804 774 quod
1826 739 1883 762 ex-

1141 777 1364 812 communicari
1387 777 1434 812 vel
1461 778 1601 824 ipsorum
1628 785 1728 812 terrae
1748 776 1882 824 supponi

1143 838 1203 860 non
1227 827 1349 873 possint
1372 827 1582 862 ecclesiastico
1609 826 1797 862 interdicto:
1831 833 1884 861 aut

1142 875 1397 911 praedicatorum
1429 877 1475 911 vel
1508 876 1639 911 aliorum
1673 874 1885 923 quorumlibet

1142 925 1288 960 ordinum
1311 925 1431 966 fratres,
1453 925 1492 961 ad
1519 926 1719 961 executiones
1741 925 1885 971 negotio·

1144 987 1211 1009 rum
1233 983 1287 1010 aut
1312 975 1351 1010 ad
1372 975 1535 1011 citationes
1561 974 1794 1023 quorumlibet,
1820 974 1885 1009 sive

1142 1024 1402 1060 denunciationes
1421 1026 1644 1060 sententiarum
1673 1023 1887 1060 exeommuni-

1142 1074 1284 1115 cationis,
1305 1074 1522 1122 suspensionis
1558 1074 1604 1109 vel
1630 1073 1799 1113 interdicti,
1825 1085 1885 1109 au—

1142 1124 1282 1159 ctoritate
1303 1125 1475 1159 litterarum
1493 1123 1734 1172 apostolicarum
1753 1123 1884 1158 minime

1143 1174 1212 1220 cogi
1234 1174 1364 1220 possint,
1387 1174 1445 1209 nisi
1476 1173 1515 1208 de
1546 1174 1686 1221 ipsorum
1724 1173 1885 1208 ordinibus

1143 1231 1173 1258 et
1197 1224 1365 1271 privilegiis
1387 1224 1434 1259 vel
1460 1222 1675 1270 indulgentiis,
1711 1223 1759 1258 eis
1791 1234 1886 1270 super

1145 1272 1202 1308 boc
1217 1285 1234 1308 a
1256 1274 1337 1308 dicta
1351 1272 1434 1308 Sede
1454 1273 1625 1312 concessis,
1645 1272 1754 1308 eadem
1776 1272 1888 1308 habea-

1145 1331 1194 1356 tur
1225 1323 1255 1357 in
1295 1322 1415 1358 eisdem
1449 1322 1560 1358 litteris
1590 1322 1708 1358 mentio
1741 1321 1887 1369 specialis

1144 1374 1226 1414 (cum
1252 1384 1289 1407 ex
1311 1372 1492 1408 huiusmodi
1515 1372 1563 1407 vel
1591 1373 1657 1408 aliis
1693 1371 1886 1419 privilegiis,

1146 1422 1265 1456 nullum
1288 1422 1317 1456 in
1341 1431 1444 1457 tantae
1479 1421 1565 1457 vobis
1600 1422 1721 1469 pietatis
1761 1421 1887 1469 negotio

1146 1471 1275 1505 velimus
1296 1470 1495 1506 obstaculum
1520 1470 1691 1519 interponi)
1717 1478 1748 1506 et
1768 1471 1888 1507 consti-

1145 1521 1262 1555 tutione
1283 1521 1322 1555 de
1343 1521 1468 1556 duabus
1486 1520 1578 1556 dietis
1598 1521 1680 1556 edita
1698 1520 1728 1554 iu
1754 1520 1887 1556 concilio

1145 1569 1292 1615 generali.

1192 1618 1306 1653 Datum
1328 1617 1459 1654 Viterbii
1480 1618 1603 1654 decimo
1625 1619 1717 1654 tertio
1738 1618 1887 1655 kalendas

1145 1669 1262 1713 aprilis,
1285 1668 1483 1716 pontificatus
1505 1669 1601 1704 nostri
1622 1681 1705 1704 anno
1727 1669 1838 1717 primo.

1184 1728 1244 1760 Dat.
1268 1730 1314 1760 die
1332 1730 1372 1761 ΞΟ
1390 1730 1486 1761 martii
1505 1729 1591 1768 1262,
1612 1730 1716 1770 pontif.
1733 1739 1808 1761 anno
1829 1738 1849 1761 ι.

1501 1880 1539 1915 V.

1148 1962 1320 1995 Mandalur
1351 1962 1575 2007 archiepiscopo
1607 1962 1813 2007 Moqunti'rio,
1855 1970 1890 1997 ut

1194 2012 1371 2045 sententiam
1387 2013 1707 2046 excommunicationis
1739 2012 1891 2056 publicari

1194 2061 1290 2105 saciat
1326 2068 1431 2095 contra
1462 2062 1612 2105 electores,
1649 2062 1677 2095 si
1715 2061 1890 2095 Conradum

1198 2110 1344 2149 Conradi',
1362 2111 1512 2144 Frideri'ci
1523 2112 1595 2144 olim
1608 2112 1798 2156 imperatoris
1814 2111 1886 2156 ficii,

1196 2167 1301 2193 natum
1321 2161 1355 2193 in
1375 2162 1587 2205 imperatorem
1606 2161 1721 2205 eliqam
1747 2161 1774 2203 (i
1783 2163 1804 2204 ).

1416 2237 1629 2268 SUMMARIUM

1149 2299 1268 2339 Exponit
1289 2309 1371 2330 suam
1395 2301 1430 2331 de
1448 2301 1611 2331 inducenda
1634 2301 1664 2331 in
1686 2300 1814 2331 Ecclesia
1839 2299 1889 2331 Dei

1189 2353 1258 2383 pace
1282 2345 1523 2376 sollicitudinem.
1545 2362 1584 2367 —
1605 2344 1758 2375 Alexandri
1783 2343 1837 2374 PP.
1855 2345 1889 2375 de

1188 2389 1308 2425 negocio
1331 2389 1445 2427 imperii
1468 2398 1548 2419 cura.
1569 2405 1608 2411 —
1624 2388 1693 2418 Eius
1718 2389 1754 2418 ad
1772 2387 1892 2427 itiogun-

1189 2433 1279 2462 iinum
1303 2433 1431 2472 archiep.
1459 2441 1547 2472 snper
1573 2433 1626 2463 hac
1647 2441 1678 2462 re
1703 2433 1823 2462 litterae.
1853 2448 1891 2455 —

1188 2475 1320 2507 lniuncta
1348 2477 1374 2506 ei
1396 2477 1440 2507 lex
1467 2477 1600 2513 curandi,
1627 2485 1663 2506 ne
1684 2475 1833 2507 Conradus
1861 2477 1891 2507 in

1185 2537 1224 2572 (t)
1241 2537 1279 2564 Ex
1300 2538 1405 2573 Regest.
1427 2538 1511 2565 Vatic.
1530 2552 1560 2557 -
1577 2537 1635 2564 Non
1654 2536 1796 2564 absimilem
1808 2536 1890 2572 legem

1150 2577 1307 2605 electoribus
1318 2578 1442 2613 imposuit
1451 2577 1596 2605 Alexander
1609 2576 1653 2608 IV,
1665 2576 1774 2604 Constit.
1788 2583 1890 2609 xxxin,

1150 2616 1200 2644 hoc
1216 2620 1297 2651 torno,
1313 2625 1372 2653 pag.
1389 2618 1450 2645 650.

1894 229 1944 253 An.
1961 225 1989 252 C.
2009 225 2076 253 126ss
