2129 3223
156 264 206 291 An.
221 263 249 291 C.
269 260 337 290 ¹¹86

170 761 204 783 lun
257 767 339 789 quoque

158 798 219 819 super
250 792 340 813 luderti·

157 828 222 844 tinum
245 824 338 851 archiep.

158 856 245 882 eiusque
265 855 340 876 suffra-

159 894 204 914 gan.
222 889 338 910 confirmat.

188 1452 315 1475 conationes

162 1489 233 1504 tinne·
266 1482 342 1505 Eccle-

161 1516 250 1539 starum,
275 1514 342 1535 boua-

161 1551 199 1571 que
216 1546 239 1565 ad
250 1544 341 1566 Graden.

162 1576 241 1597 Eccles,
292 1582 342 1604 spe-

162 1609 239 1628 ctantis
254 1611 298 1628 rata
308 1608 342 1628 ha-

162 1639 196 1659 bet

194 2393 270 2415 Urbani
284 2391 315 2411 ΡΡ

170 2497 191 2513 et
205 2491 224 2513 S.
241 2489 265 2512 a.
280 2488 352 2511 Eccle-

170 2525 213 2545 siae
252 2521 351 2544 cardius-

171 2555 219 2575 lium
256 2551 352 2574 subuert-

170 2586 254 2611 ptiones

400 251 445 284 42

352 328 391 351 ne
413 315 437 351 si
459 313 550 350 aliter
570 323 662 359 agere
684 311 763 346 forte
784 309 932 355 volueris,
959 316 1095 345 transeat

933 253 1118 279 nur-Lamum
1144 252 1307 277 nonnum

1185 307 1252 355 Ego
1274 306 1474 343 Theobaldus
1504 306 1625 344 Ostien.
1654 316 1684 343 et
1708 306 1876 344 velletren.

352 366 384 400 in
406 364 619 399 crudelitatem
646 360 810 405 correctio,
831 367 862 395 et
885 359 997 408 perdas
1015 370 1095 406 quos
1134 358 1302 406 episcopus
1325 357 1507 405 subscripsi.

352 413 511 450 desideras
543 411 721 452 emendare;
759 410 866 457 sicque
888 410 1001 444 vulnus
1033 408 1095 442 de-

1182 407 1250 453 Ego
1271 406 1405 443 loannes
1426 406 1588 455 presbyter
1605 406 1689 442 card.
1712 407 1757 442 tit.
1772 406 1879 442 Sancti

353 463 407 498 bes
427 461 624 502 abscindere,
636 469 672 496 ut
689 472 751 496 non
767 460 870 508 possis
884 458 969 506 quod
984 469 1094 493 sanum
1135 456 1230 492 Marci
1257 456 1441 503 subscripsi.

352 521 398 548 est
419 511 570 553 ulcerare,
592 523 632 546 ne
651 511 677 545 si
696 510 811 546 ferrum
846 508 1012 556 plusquam
1047 518 1096 541 res

352 562 450 607 exigit
468 562 676 610 imprimatur,
716 567 827 595 noceat
866 558 915 593 cui
949 556 1096 605 prodesse

352 611 491 653 festinas3
524 611 578 646 sed
612 611 656 646 sic
693 609 823 645 alterum
860 606 1024 643 condiatur
1060 617 1096 640 ex

353 661 461 704 altero,
483 669 639 708 quatenus
661 669 689 695 et
712 659 785 694 boni
807 657 943 692 habeant
962 654 1097 691 amando

353 711 435 759 quod
465 719 605 754 caveant,
640 718 669 745 et
708 708 779 743 mali
811 706 979 742 metuendo
1013 704 1097 752 quod

354 761 493 808 diligant.
517 760 681 795 Praeterea
705 771 743 793 ne
765 757 931 792 commissa
955 754 1097 802 regimini

354 819 384 846 et
417 809 641 858 dispensationi
681 816 751 842 tuae
789 807 923 855 praefata
958 805 1096 840 Graden.

355 860 504 901 Ecclesia,
525 872 604 907 quae
626 858 665 893 de
691 857 882 904 benignitate
899 855 1097 903 Apostolicae

355 909 446 945 Sedis
478 909 688 957 praerogativa
727 906 840 954 gaudet
883 905 1021 944 honoris,
1061 916 1096 939 ex

355 960 503 994 brevitate
516 957 741 1005 patriarchatus
757 956 884 991 inferior
898 964 928 990 et
951 955 1099 990 abiectior

354 1009 452 1044 valeat
467 1008 548 1056 apud
571 1006 780 1055 simpliciores
806 1005 927 1049 haberi,
956 1004 993 1039 ad
1031 1016 1098 1038 am-

356 1058 512 1105 pliandam
535 1057 718 1104 dignitatem
738 1056 849 1103 ipsius,
878 1055 1048 1101 prioratum
1071 1053 1098 1088 ei

354 1120 448 1155 super
469 1107 660 1142 Iadertinum
679 1105 964 1152 arhiepiscopatum
986 1111 1017 1138 et
1031 1104 1099 1150 epi-

355 1167 502 1205 scopatus
523 1157 591 1192 eius
612 1155 782 1204 apostolica
804 1154 987 1189 auctoritate
1022 1164 1100 1188 con-

355 1207 507 1248 cedimus,
534 1214 564 1242 et
605 1215 665 1241 tam
700 1213 741 1250 te,
774 1216 867 1252 quam
903 1214 1101 1238 successores

356 1266 425 1292 tuos
451 1256 608 1292 Iadertino
629 1254 865 1302 archiepiscopo
887 1261 918 1288 et
944 1252 1102 1300 episcopis

355 1307 435 1351 eius,
461 1307 514 1354 qui
538 1317 595 1354 pro
613 1314 753 1352 tempore
791 1303 918 1344 fuerint,
950 1302 1100 1350 dignitate

357 1357 510 1404 primatus
531 1355 698 1391 statuimus
719 1353 911 1402 praesidem,
933 1360 963 1387 et
987 1363 1101 1387 conse-

356 1405 505 1441 crationis
530 1417 646 1440 munus
668 1403 768 1439 eidem
792 1401 1028 1450 archiepiscopo
1046 1402 1102 1436 im-

357 1456 476 1503 partiri,
497 1454 643 1490 Romano
669 1453 794 1502 quidem
822 1451 966 1487 Pontifici
1003 1450 1101 1486 tradi-

357 1505 441 1540 tione
464 1504 548 1553 pallii
572 1512 735 1540 reservata.
758 1502 936 1538 Statuimus
953 1501 1045 1536 etiam
1069 1508 1102 1535 ut

357 1566 575 1602 quaecumque
597 1554 689 1594 bona,
726 1563 940 1600 quascumque
975 1562 1103 1598 posses-

357 1605 461 1640 siones
482 1604 592 1640 eadem
611 1602 748 1639 Graden.
769 1602 908 1637 Ecclesia
944 1601 976 1635 in
1011 1611 1103 1647 prae-

357 1655 526 1689 sentiarum
550 1654 630 1688 iuste
651 1665 686 1688 ac
707 1652 858 1688 canonice
881 1649 1032 1698 possidet,
1050 1658 1103 1685 aut

358 1705 387 1738 in
422 1704 560 1739 futurum
602 1703 692 1738 iustis
714 1701 830 1744 modis,
864 1700 932 1735 Deo
954 1699 1102 1747 propitio,

358 1754 472 1801 poterit
493 1753 637 1800 adipisci,
663 1752 749 1787 firma
786 1750 841 1785 tihi
874 1751 998 1798 tuisque
1032 1761 1103 1784 suc-

360 1803 539 1839 cessoribus
557 1811 585 1837 et
616 1801 730 1837 illibata
758 1808 970 1848 permaneant.
1006 1798 1104 1834 Porro

360 1852 517 1888 Ecclesias
537 1864 554 1887 a
577 1851 730 1899 religiosis
761 1850 832 1885 viris
864 1848 1001 1885 Graden.
1042 1848 1105 1883 Ec-

361 1901 473 1937 clesiae
507 1901 626 1937 oblatas
667 1912 721 1948 per
760 1900 976 1947 episcopatum
1016 1907 1104 1933 tuum

362 1952 569 1990 constitutas,
602 1950 676 1991 tibi,
713 1949 838 1997 tuisque
870 1947 1105 1984 successoribus

362 2000 460 2038 libere
482 2000 716 2041 confirmamus,
740 2000 778 2034 ita
803 2007 834 2034 ut
856 1998 934 2033 nulli
956 1998 1106 2046 episcopo

362 2049 481 2099 absque
503 2058 555 2085 tuo
582 2062 713 2086 assensu
736 2050 766 2084 in
789 2049 834 2083 eis
867 2048 959 2084 liceat
994 2059 1106 2083 conse-

363 2105 518 2141 crationes
538 2104 708 2148 celebrare,
734 2112 786 2139 aut
825 2101 1042 2138 sacerdotibus
1074 2101 1105 2136 in

362 2158 480 2195 eisdem
513 2157 650 2194 Domino
687 2156 907 2198 servientibus,
942 2156 1042 2192 donec
1074 2155 1106 2190 in

362 2213 440 2249 locis
461 2213 537 2261 ipsis
558 2212 666 2254 fueris,
690 2211 794 2247 divina
813 2210 913 2246 officia
927 2209 1103 2259 prohibere.

410 2267 618 2303 Decernimus
644 2278 718 2313 ergo
740 2274 772 2301 ut
804 2264 879 2301 nulli
901 2273 952 2300 etc.
987 2263 1020 2299 Si
1046 2275 1106 2311 qua

363 2330 414 2357 etc.
439 2321 571 2358 Cunctis
591 2328 694 2357 autem
717 2327 768 2355 etc.

412 2375 485 2413 Eoo
526 2375 683 2412 URBANUS
732 2374 903 2411 catholicae
951 2371 1109 2408 Ecclesiae

365 2431 533 2479 episcopus
553 2430 737 2477 subscripsi.

414 2485 481 2533 Ego
502 2485 660 2522 Henricus
682 2484 835 2519 Albanen.
859 2483 1024 2530 episcopus
1038 2480 1110 2516 sub·

364 2541 487 2588 scripsi.

1183 506 1251 552 Ego
1277 505 1390 541 Petrus
1404 505 1509 554 presb.
1532 505 1614 540 eard.
1636 506 1682 540 tit.
1698 506 1732 541 S.
1747 506 1880 542 Savinae

1136 555 1320 602 subscripsi.

1185 605 1252 652 Ego
1274 605 1435 640 Laborans
1467 604 1570 651 presb.
1597 604 1681 640 card.
1704 604 1738 640 S.
1766 605 1881 640 Mariae

1136 654 1368 703 Transtyberim
1395 654 1441 690 tit.
1465 653 1499 689 S.
1522 653 1632 690 Calisti
1651 654 1831 702 subscripsi.

1185 704 1252 750 Ego
1274 704 1447 740 Pandulfus
1469 703 1631 752 presbyter
1645 704 1813 740 cardinalis
1835 705 1880 738 tit.

1137 754 1196 789 xll
1224 754 1447 802 Apostolorum
1476 753 1661 801 subscripsi.

1186 804 1255 850 Ego
1287 804 1397 839 Melior
1433 803 1536 851 presb.
1572 804 1656 839 card.
1690 803 1741 839 Ss.
1775 803 1818 838 lo.
1854 810 1882 837 et

1138 854 1226 889 Pauli
1255 855 1302 888 tit.
1325 853 1518 888 Pammachii
1540 853 1727 901 subscripsi.

1187 903 1255 951 Ego
1278 903 1454 938 Adelardus
1480 903 1525 937 tit.
1553 903 1587 938 S.
1615 902 1752 943 Marcelli
1780 901 1883 950 presb.

1138 954 1221 989 card.
1245 953 1425 1001 subscripsi.

1186 1003 1254 1050 Ego
1275 1003 1407 1038 Iacobus
1428 1002 1581 1038 diaconus
1602 1001 1687 1038 card.
1713 1000 1747 1037 S.
1771 1001 1886 1036 Mariae

1139 1053 1170 1088 in
1199 1052 1371 1088 Cosmedin
1395 1052 1577 1100 subscripsi.

1188 1102 1257 1150 Ego
1278 1101 1446 1138 Gratianus
1464 1102 1514 1137 Ss.
1534 1100 1669 1137 Cosmae
1690 1109 1721 1136 et
1741 1099 1886 1146 Damiani

1140 1152 1294 1188 diaconus
1320 1152 1404 1187 card.
1432 1151 1613 1199 subscripsi.

1189 1202 1256 1249 Ego
1287 1201 1476 1237 Octavianus
1501 1200 1552 1236 Ss.
1583 1200 1687 1247 Sergii
1714 1207 1745 1235 et
1769 1198 1886 1235 Bacchi

1141 1252 1293 1288 diaconus
1318 1250 1403 1287 card.
1425 1249 1607 1297 subscripsi.

1189 1301 1257 1349 Ego
1278 1300 1435 1337 Gofredus
1460 1299 1494 1336 S.
1528 1299 1643 1335 Mariae
1668 1299 1700 1334 in
1726 1297 1783 1334 Via
1813 1297 1888 1333 Lata

1141 1351 1295 1387 diaconus
1316 1350 1400 1386 card.
1429 1349 1612 1397 subscripsi.

1190 1400 1258 1448 Ego
1288 1399 1451 1436 Rolandus
1484 1398 1517 1435 S.
1556 1398 1672 1435 Mariae
1702 1398 1733 1432 in
1762 1396 1888 1433 Portica

1142 1451 1223 1486 diac.
1248 1450 1331 1486 card.
1355 1449 1538 1496 subscripsi.

1190 1500 1259 1548 Ego
1286 1499 1397 1536 Petrus
1412 1498 1446 1535 S.
1468 1497 1587 1534 Nicolai
1612 1499 1642 1533 in
1669 1497 1804 1533 Carcere
1818 1495 1886 1532 Tul·

1143 1550 1225 1586 liano
1251 1549 1330 1585 diac.
1353 1549 1446 1596 card.v
1465 1548 1650 1596 subscripsi.

1191 1599 1260 1647 Ego
1287 1599 1444 1635 Radulfus
1476 1598 1510 1633 S.
1544 1596 1670 1644 Georgii
1703 1596 1741 1632 ad
1778 1595 1889 1632 Velum

1143 1650 1285 1684 Aureum
1307 1649 1386 1684 diac.
1414 1648 1499 1684 card.
1524 1647 1706 1695 subscripsi.

1192 1699 1306 1734 Datum
1342 1697 1486 1733 Veronae
1527 1709 1582 1745 per
1615 1707 1742 1731 manum
1775 1694 1891 1743 Moysis

1144 1749 1243 1784 vicem
1266 1748 1387 1795 agentis
1407 1746 1600 1787 cancellarii,
1627 1758 1652 1781 11
1674 1745 1776 1780 kalen.
1799 1743 1890 1787 iunii,

1144 1798 1252 1834 indict.
1281 1810 1327 1840 w,
1350 1796 1572 1832 incarnationis
1598 1794 1777 1830 dominicae
1807 1805 1892 1829 anno

1147 1849 1254 1893 1186,
1289 1847 1488 1892 pontificatus
1519 1856 1591 1881 vero
1618 1844 1738 1880 domini
1773 1840 1889 1878 Urbani

1146 1897 1249 1946 Papae
1270 1896 1312 1932 ΙΙΙ
1339 1908 1421 1932 anno
1446 1896 1558 1944 primo.

1218 1953 1278 1985 Dat.
1296 1954 1341 1985 die
1359 1953 1393 1985 31
1413 1953 1490 1988 maii,
1508 1960 1582 1983 anno
1602 1950 1716 1982 Domini
1733 1949 1817 1987 1186,

1402 1996 1503 2037 pontif.
1527 2005 1602 2027 anno
1621 2003 1638 2027 1.

1484 2139 1549 2176 Vll.

1149 2216 1275 2250 Decreta
1302 2215 1448 2249 nonnulla
1481 2224 1539 2259 pro
1571 2214 1682 2260 quiete,
1709 2211 1786 2245 bono
1811 2209 1891 2253 reqi-

1196 2266 1286 2305 νηί-ηε,
1308 2276 1343 2299 ac
1362 2264 1502 2309 regulari
1533 2262 1695 2308 disciplina
1720 2259 1891 2294 monacho-

1198 2327 1264 2349 rum
1296 2313 1618 2348 Grandimontensium
1644 2311 1704 2353 (Ι).

1414 2389 1625 2423 SUMMARIUM

1150 2456 1318 2487 Exordium.
1334 2472 1372 2478 —
1389 2454 1545 2486 Monastica
1565 2450 1720 2491 disciplina
1743 2450 1772 2480 in
1794 2448 1890 2480 Gran—

1190 2502 1309 2532 ditnont.
1352 2499 1492 2531 coenobio
1524 2498 1613 2538 lapsa.
1643 2512 1682 2519 —
1711 2494 1825 2525 Delatae
1855 2493 1891 2524 sd

1190 2545 1338 2577 Urbanum
1363 2545 1510 2585 querelae.
1529 2559 1567 2566 —
1587 2540 1758 2572 Obedientia
1786 2548 1801 2569 a
1825 2546 1889 2569 mo-

413 2594 483 2642 Eg⁰
521 2593 639 2629 panim
679 2590 900 2627 pmcne’tinm
945 2600 1110 2638 eP¹³c⁰i²u⁸
1127 2585 1132 2644 i
1187 2614 1225 2648 (1)
1242 2611 1279 2639 521
1295 2612 1431 2640 annalibus
1441 2619 1490 2639 ms.
1501 2608 1716 2638 Grandimonten.
1728 2605 1809 2635 edidit
1819 2604 1891 2636 Mar,-

365 2648 546 2697 subscripsi.

1129 2647 1132 2650 ’
1152 2655 1220 2690 tene,
1247 2655 1369 2682 she-aui.
1389 2654 1528 2683 Aueeuut„
1548 2653 1612 2677 tom.
1630 2655 1649 2682 1,
1663 2647 1713 2676 col,
1729 2646 1791 2674 6³7.

1893 253 1944 281 Διι.
1955 251 1986 281 C.
2005 251 2074 280 1¹8⁶
