2129 3223
166 247 216 273 An.
237 247 267 274 C.
281 247 346 275 ¹2¹⁷

178 302 221 326 Mi:
225 304 296 324 istrum
307 303 346 324 soti

165 334 200 353 ltor
197 340 255 354 mano
272 333 346 354 Ponti-

165 368 187 385 tet
183 366 196 384 l
229 364 344 385 subtectum

164 398 182 416 d
191 396 223 416 cla
226 400 264 416 rat.

168 992 273 1015 Fratribus
317 996 337 1015 in

154 1024 200 1045 loru
224 1026 337 1046 ruterdieto

155 1056 250 1077 subrecta
299 1063 337 1077 ve-

154 1088 260 1109 nientibus
290 1088 337 1114 pul-
352 1094 357 1099 ·

154 1120 213 1138 fandi
225 1125 336 1145 campanas

153 1150 188 1169 dat
202 1149 334 1170 laenitatem:

410 238 480 271 522

361 302 431 337 dem
455 302 611 337 Ecclesiae
632 303 748 338 debent
769 315 804 338 ex
828 313 934 338 uostio
956 304 1101 339 mandato

360 351 504 386 basilicae
525 351 681 399 Principis
703 352 954 398 Apostolorum
949 366 978 387 m
1017 366 1102 388 scru-

361 402 447 440 tinio
476 401 643 448 baptismo,
676 410 705 436 et
733 402 857 444 letania,
897 415 935 437 ue
967 403 1102 451 disparis

358 450 547 486 conditionis
570 450 760 497 praeferatur
781 451 875 487 homo
909 452 1035 493 eidem,
1071 461 1101 486 et

357 511 477 540 servus,
499 502 552 547 qui
574 500 623 535 alii
657 501 785 536 domino
819 511 891 546 stet,
914 511 967 536 aut
999 502 1100 546 cadat,

357 559 566 596 praeponatur
587 551 730 597 hospitali
752 552 920 598 praedicto,
942 551 1027 597 quod
1050 563 1100 585 uo

354 606 436 633 strae
459 608 579 635 tantum
601 609 648 635 est
670 600 876 635 iurisdictioni
909 601 1099 641 subiectum3

355 660 520 695 personam
544 649 939 696 tuam,silimagiste1,et
973 663 1100 684 sutces-

353 710 458 732 sorum
482 706 607 734 tuorum
639 712 655 734 a
692 699 903 745 quorumlibet
948 699 1100 745 praelato-

354 759 421 782 rum
446 748 614 783 eximimus
638 757 799 795 potestate,
823 758 856 783 ut
884 748 989 783 nullus
1012 749 1042 783 in
1069 758 1099 783 te

354 797 399 831 vel
423 809 476 832 eos
499 798 667 839 interdicti,
691 798 735 833 vel
764 798 1099 833 excommunicationis

352 849 537 882 sententiam
560 848 627 882 sine
647 848 792 882 mandato
818 848 1017 894 Apostolicae
1044 847 1098 882 Se-

352 896 401 930 dis
441 896 553 932 audeat
578 897 787 943 promulgare,
822 910 915 943 quam
949 898 973 932 si
1009 897 1099 932 aliter

352 945 470 991 prolata
494 945 607 985 fuerit,
646 946 848 981 decernimus
883 959 943 981 non
980 956 1095 981 tenere.

352 994 384 1029 Si
407 996 459 1042 qui
488 1008 559 1030 vero
578 995 707 1030 fratrum
731 1004 917 1037 vestrorum,
954 997 1005 1043 qui
1041 996 1098 1031 de—

351 1045 456 1080 stinati
478 1044 592 1079 fuerint
613 1046 649 1080 ad
666 1045 880 1093 eleemosynas
893 1045 1096 1091 colligendas,

352 1106 380 1128 in
403 1093 575 1141 quamlibet
605 1095 759 1129 civitatem
776 1123 784 1132 ,
823 1095 985 1130 castellum
1001 1123 1009 1138 ,
1050 1096 1096 1131 vel

352 1143 453 1178 villam
481 1143 674 1185 advenerint,
702 1145 728 1179 si
756 1144 834 1179 forte
869 1146 957 1180 locus
993 1145 1044 1180 ille
1079 1158 1096 1180 a

153 1180 234 1207 ,ltaque
255 1185 336 1201 conce·
373 1193 378 1198 -
408 1193 413 1198 -
441 1193 447 1198 ·

153 1212 181 1231 att
197 1211 314 1239 privilegia,

349 1192 467 1227 divinis
494 1193 585 1228 fuerit
606 1193 717 1229 officiis
741 1194 935 1234 interdictus,
956 1207 1010 1241 pro
1027 1207 1097 1229 orn-

350 1242 523 1289 nipotentis
550 1243 606 1278 Dei
631 1244 800 1278 reverentia
832 1244 863 1278 in
898 1256 1006 1279 eorum
1046 1244 1096 1279 ad-

350 1300 443 1327 ventu
467 1292 603 1327 iucundo
634 1292 731 1328 semel
771 1293 802 1327 in
843 1306 925 1328 anno
965 1294 1097 1341 pulsatis

349 1342 511 1388 campanis
531 1342 710 1396 aperiantur
730 1342 900 1384 ecclesiae,
935 1351 968 1378 ut
1002 1355 1097 1390 super

349 1390 556 1445 elctmosyuts
577 1391 777 1446 acquirendis
796 1392 922 1427 verbum
955 1392 1097 1427 exhorta-

351 1440 445 1474 tionis
470 1440 508 1475 ad
539 1442 691 1487 populum
733 1453 762 1476 tn
809 1441 941 1477 ecclesia
982 1454 1097 1489 propo-

351 1498 451 1524 natur.
478 1489 716 1525 Deceinimus
710 1502 839 1538 insuper
865 1500 898 1525 ut
918 1499 1096 1538 receptores

350 1538 589 1579 fraternitatum,
602 1540 667 1574 sive
688 1540 887 1574 collectarum
911 1548 1095 1583 vestrarum,

350 1588 463 1623 salvo
457 1600 524 1624 ture
551 1589 752 1624 dominorum
781 1602 920 1630 suorum,
949 1590 979 1624 in
1015 1589 1095 1624 beati

350 1637 433 1673 Petri
475 1647 505 1673 et
540 1646 644 1672 nostra
682 1639 875 1686 protectione
907 1639 1096 1683 consistant,

350 1695 380 1722 et
404 1699 479 1734 pace
505 1687 641 1722 interris
662 1687 777 1734 quibus
798 1687 912 1722 fuerint
928 1689 1095 1735 potiantur.

350 1735 452 1772 Simili
482 1737 575 1772 etiam
612 1737 706 1771 modo
739 1738 912 1777 sancimus,
954 1746 985 1772 ut
1024 1738 1096 1784 qui—

350 1798 485 1834 cumque
511 1786 541 1820 in
565 1794 663 1821 vestra
683 1786 775 1821 fuerit
798 1787 987 1821 fraternitate
1008 1799 1097 1822 rece-

351 1843 436 1881 ptus,
463 1836 487 1870 si
515 1835 617 1870 forsan
642 1836 828 1883 parochialis
860 1835 1012 1877 Ecclesia,
1046 1848 1099 1870 cu-

349 1885 399 1920 ius
421 1885 487 1932 ipse
511 1885 718 1929 parochianus
747 1886 894 1927 extiterit,
934 1898 948 1919 a
984 1886 1097 1920 divinis

349 1933 443 1969 suerit
478 1934 590 1969 officiis
628 1934 804 1977 interdieta,
844 1947 982 1981 eumque
1019 1936 1096 1969 mori

350 1984 527 2030 contigerit,
555 1984 612 2031 ipsi
628 1985 787 2030 sepultura
805 1984 1016 2019 ecclesiastica
1036 1996 1096 2019 non

350 2042 492 2079 negetur,
518 2034 577 2068 nisi
602 2034 893 2068 excommunicatus
916 2033 962 2068 vel
996 2034 1098 2068 nomi-

351 2085 445 2117 natim
466 2082 770 2118 fueritinterdictus.
814 2082 957 2118 Decimas
993 2091 1096 2117 autem

352 2132 391 2167 de
414 2133 503 2167 terris
524 2141 554 2167 et
573 2132 683 2176 vineis,
723 2145 801 2179 quas
822 2133 860 2167 ad
895 2145 976 2180 opus
1011 2131 1098 2166 infir-

352 2194 475 2217 morum
513 2190 543 2217 et
570 2193 743 2228 pauperum
778 2181 910 2228 propriis
953 2181 1098 2216 manibus

352 2241 404 2266 aut
430 2231 610 2278 sumptibus
639 2231 742 2266 colitis
779 2231 819 2266 de
856 2231 945 2265 terris
985 2230 1098 2266 habitis

353 2289 424 2316 ante
446 2280 613 2316 concilium
636 2281 793 2329 generale,
820 2281 884 2316 sive
921 2280 961 2315 de
995 2280 1099 2314 nutri—

355 2330 469 2366 mentis
490 2330 686 2372 animalium,
709 2340 763 2364 seu
785 2330 824 2365 de
851 2329 1005 2364 fructibus
1032 2329 1099 2363 hor-

355 2389 458 2415 torum
485 2388 660 2415 vestrorum
690 2380 794 2414 nullus
820 2380 945 2425 exigere
968 2378 1014 2413 vel
1041 2391 1099 2413 ex-

358 2438 502 2476 torquere
530 2438 719 2476 praesumat.
748 2428 856 2464 Liceat
882 2437 986 2464 autem
1010 2428 1100 2463 vobis

357 2479 386 2511 in
414 2478 560 2513 domibus
584 2480 705 2522 vestris,
734 2490 811 2524 quas
848 2479 878 2513 in
914 2478 1100 2525 praesentia·

358 2539 425 2562 rum
454 2528 586 2569 habetis,
608 2528 656 2563 vel
684 2529 714 2563 in
741 2528 880 2563 futurum
904 2528 991 2562 eritis
1018 2527 1100 2561 hahi-

358 2576 415 2610 turi
444 2576 480 2611 ad
503 2590 583 2624 opus
608 2586 745 2613 vestrum
768 2585 798 2611 et
820 2576 955 2611 familiae
967 2584 1100 2619 vestrae,

356 2636 480 2662 necnon
507 2627 703 2663 intirmorum
730 2635 759 2663 et
791 2638 965 2674 pauperum
983 2624 1099 2661 ibidem

933 250 1070 272 BULLARt
1077 250 1119 271 tm
1147 249 1306 272 ROMANUM

1142 303 1351 343 manentium,
1378 304 1548 338 oratorium
1566 311 1596 337 et
1617 301 1807 337 cimiterium
1820 302 1889 335 sine

1143 352 1367 398 impedimento
1381 352 1548 388 cuiuslibet
1565 349 1820 387 contradictionis
1833 350 1888 384 ha-

1142 402 1224 436 bere.
1237 401 1382 437 Chrisma
1405 415 1488 441 vero,
1507 401 1620 437 Oleum
1640 409 1796 444 sanctum,
1817 413 1889 435 cou-

1141 451 1331 486 secrationes
1342 452 1499 492 altarium,
1514 464 1569 486 seu
1586 451 1795 490 basilicarum,
1809 450 1890 484 ordi-

1141 501 1284 536 nationes
1293 501 1491 539 clericorum,
1509 501 1562 548 qui
1575 501 1613 535 ad
1627 500 1755 536 ordines
1773 499 1887 535 fuerint

1141 550 1358 605 promovendi,
1371 563 1387 584 a
1410 551 1604 585 dioecesanis
1624 549 1803 597 suscipietis
1824 549 1888 596 epi·

1140 600 1245 645 scopis
1266 600 1423 646 siquidem
1446 600 1588 635 catholici
1607 599 1735 644 fuerint,
1757 607 1788 635 et
1806 611 1886 634 com-

1140 649 1322 684 munionem
1363 658 1579 684 sacrtaeosimtae
1604 649 1767 684 Romanae
1793 648 1888 683 Sedis

1139 697 1317 741 habuerint
1345 709 1376 733 et
1403 711 1436 733 ea
1465 698 1553 733 vobis
1574 698 1641 732 sine
1662 699 1808 745 pravitate
1834 698 1887 733 ali-

1139 760 1198 794 qua
1228 749 1382 783 voluerint
1412 748 1570 783 exhibere.
1607 748 1755 794 Alioquin
1796 748 1886 783 liceat

1139 798 1230 831 vobis
1246 810 1478 845 quemcumque
1502 797 1674 832 malueritis
1697 797 1886 832 catholicum

1139 847 1225 881 adire
1249 847 1418 882 antistitem
1450 847 1577 893 gratiam
1614 855 1643 881 et
1683 847 1887 881 communio-

1139 908 1211 930 nem
1235 896 1434 942 Apostolicae
1466 896 1558 931 Sedis
1601 896 1794 936 habentem,
1832 896 1885 943 qui

1139 954 1242 980 nostra
1266 946 1363 981 fretus
1384 947 1579 987 auctoritate,
1605 946 1692 980 vobis
1718 945 1804 993 quod
1826 957 1886 992 po-

1137 996 1270 1030 stulatur
1293 995 1464 1042 impendat.
1488 995 1568 1030 Cum
1592 1005 1697 1030 autem
1738 994 1886 1040 generale

1137 1045 1338 1080 interdictum
1362 1053 1461 1080 terrae
1495 1045 1599 1088 fuerit,
1642 1045 1732 1080 liceat
1760 1045 1790 1079 in
1822 1043 1885 1079 Ec-

1137 1095 1240 1129 clesiis
1266 1095 1388 1136 vestris,
1410 1089 1526 1129 clausis
1540 1094 1652 1136 ianuis,
1678 1094 1816 1129 exclusis
1829 1106 1885 1129 ex-

1136 1145 1377 1179 communicatis
1398 1154 1428 1179 et
1450 1144 1637 1188 interdictis,
1665 1156 1726 1178 uon
1755 1143 1885 1191 pulsatis

1136 1194 1307 1240 campanis,
1334 1206 1503 1240 suppressa
1542 1205 1618 1228 voce
1645 1193 1748 1228 divina
1783 1194 1884 1229 officia

1137 1242 1306 1278 celebrare.
1330 1243 1437 1278 Liceat
1475 1255 1601 1290 quoque
1637 1241 1724 1278 vobis
1771 1242 1886 1279 liberas

1136 1300 1166 1327 et
1192 1293 1350 1328 absolutas
1378 1305 1527 1339 personas
1547 1304 1565 1327 e
1580 1292 1705 1328 saeculo
1727 1291 1885 1338 fugientes

1136 1342 1176 1376 ad
1197 1343 1436 1378 conversionem
1466 1344 1615 1390 recipere,
1638 1350 1668 1376 et
1693 1354 1748 1376 eas
1767 1341 1884 1390 absque

1136 1392 1387 1426 contradictione
1415 1392 1519 1438 aliqua
1552 1393 1696 1426 retinere.
1735 1390 1884 1426 Prohibe-

1137 1453 1207 1476 mus
1230 1442 1359 1488 iusuper
1387 1450 1420 1475 ut
1447 1441 1526 1476 nulli
1554 1440 1684 1475 fratrum
1709 1449 1882 1475 vestrorum

1138 1498 1206 1536 post
1227 1490 1338 1525 factam
1362 1491 1392 1525 in
1414 1490 1490 1525 locis
1513 1491 1625 1525 vestris
1657 1490 1882 1535 professionem

1138 1539 1181 1573 fas
1201 1540 1241 1574 sit
1263 1540 1381 1586 absque
1408 1540 1547 1585 magistri
1581 1539 1629 1573 sui
1658 1539 1783 1574 licentia
1812 1539 1884 1574 inde

1136 1588 1298 1624 discedere
1326 1589 1540 1624 nisiarctioris
1562 1588 1723 1635 religionis
1738 1588 1881 1624 obtentu.

1137 1637 1358 1673 Discedentem
1398 1650 1471 1673 vero
1510 1638 1628 1685 absque
1665 1639 1882 1673 communium

1137 1687 1308 1722 litterarum
1336 1697 1505 1722 vestrarum
1529 1687 1674 1722 cautione
1700 1687 1806 1722 nullus
1833 1699 1885 1735 pe—

1138 1737 1221 1772 nitus
1243 1737 1355 1772 audeat
1383 1738 1526 1772 retinere.
1555 1736 1589 1771 Si
1620 1738 1673 1783 qui
1709 1749 1782 1772 vero
1814 1736 1883 1772 fra-

1138 1794 1219 1820 trum
1247 1796 1421 1821 vestrorum
1464 1794 1533 1833 post
1568 1785 1680 1821 factam
1711 1786 1884 1833 professio-

1139 1847 1209 1870 nem
1239 1836 1414 1871 turbatores
1454 1836 1614 1881 religionis
1657 1844 1801 1876 vestrae‚
1836 1837 1882 1871 vel

1139 1885 1265 1920 inutiles
1298 1885 1413 1920 fuerint
1439 1884 1580 1920 fortassis
1613 1885 1745 1929 inventi,
1791 1885 1885 1921 liceat

1139 1934 1203 1975 tibi,
1231 1935 1273 1969 titi
1301 1935 1462 1980 magister,
1497 1944 1529 1970 et
1558 1935 1796 1970 successoribus
1823 1936 1885 1970 tuis

1138 1995 1193 2018 eos
1204 1996 1274 2019 cum
1291 1995 1422 2019 assensu
1445 1984 1617 2019 etconsilio
1633 1985 1766 2019 sanioris
1789 1985 1884 2031 partis

1137 2034 1265 2079 capituli
1288 2045 1442 2073 amovere,
1471 2034 1610 2081 ipsisque
1631 2033 1706 2068 dare
1726 2033 1883 2070 licentiam

1137 2082 1176 2116 ad
1203 2083 1298 2117 alium
1321 2082 1477 2123 ordinem,
1506 2083 1557 2118 ubi
1584 2083 1759 2118 secundum
1781 2082 1883 2118 Deum

1140 2132 1239 2166 vivere.
1262 2132 1383 2167 valeant
1406 2132 1601 2172 transeundi,
1628 2141 1658 2167 et
1680 2133 1748 2167 loeo
1773 2144 1882 2168 eorum

1138 2181 1216 2215 alios
1237 2181 1442 2227 subrogandi,
1463 2182 1518 2228 qui
1548 2182 1642 2216 unius
1676 2182 1749 2216 anni
1783 2183 1884 2229 spatio

1139 2231 1167 2264 in
1193 2240 1290 2265 vestra
1322 2231 1470 2267 societate
1504 2230 1686 2277 probentur,
1711 2243 1772 2278 quo
1809 2243 1884 2279 per-

1138 2288 1218 2321 acto,
1254 2281 1279 2315 si
1308 2292 1410 2315 mores
1436 2292 1545 2315 eorum
1567 2281 1741 2327 exegerint,
1767 2288 1797 2315 et
1823 2281 1882 2327 ipsi

1140 2329 1231 2363 utiles
1257 2329 1373 2364 suerint
1398 2330 1435 2364 ad
1458 2330 1617 2365 servitium
1651 2329 1813 2376 hospitalis
1835 2331 1885 2366 in-

1141 2379 1233 2423 venti,
1257 2378 1483 2425 professionem
1501 2379 1612 2414 faciant
1629 2379 1814 2424 regularem.
1835 2379 1884 2414 Ad

1140 2427 1216 2462 baec
1242 2429 1414 2463 districtius
1441 2428 1620 2463 inhibemus
1643 2439 1681 2462 ne
1720 2440 1735 2462 a
1771 2437 1811 2473 te,
1839 2429 1883 2464 fili

1141 2477 1297 2523 magister,
1312 2478 1357 2512 vel
1371 2476 1605 2512 successoribus
1614 2477 1688 2521 tuis,
1698 2485 1728 2511 et
1739 2477 1885 2514 fratribus

1141 2527 1302 2573 hospitalis
1315 2526 1457 2562 eiusdem
1473 2528 1573 2573 exigat
1596 2525 1659 2562 ulla
1672 2526 1885 2563 ecclesiastica

1139 2576 1349 2611 saecularisve
1377 2588 1506 2622 persona
1527 2573 1701 2619 fidelitates,
1729 2576 1884 2624 homagia,

1140 2625 1327 2668 iuramenta,
1351 2626 1396 2661 vel
1418 2625 1601 2661 securitates
1623 2624 1770 2674 reliquas,
1803 2638 1884 2675 quae

1903 246 1954 270 Aa.
1975 241 2004 269 C.
2017 241 2082 268 121⁷

1912 1740 1939 1762 De
1979 1739 2077 1762 tratribu-

1897 1771 2026 1793 amovemus.
