2129 3223
26 271 80 301 Aa.
95 270 125 300 C.
139 272 206 300 ¹2³8

38 623 108 647 tidem
155 629 207 646 vero

25 655 147 678 ubl-etum.

44 1943 137 1972 uterque

31 1975 97 2003 ‘inter
116 1975 157 1997 nott
171 1974 215 1997 Ro-

31 2011 92 2028 ιιιιιο
117 2006 215 2029 ΡοιιιΙΒοΙ

32 2035 147 2058 subt-etum

167 1949 214 1966 11Ιὸ-

830 271 1023 296 η.,ΕΧΑΝῙ)ΕΙῖ
1046 272 1080 294 tv
1101 272 1150 295 ΡΙ).

221 326 322 373 ipsam
356 327 396 362 de
423 327 554 362 consilio
588 327 717 361 fratrum
751 339 880 362 suorum
910 327 971 361 dis-

220 374 326 415 solvit,
351 384 509 416 statuens,
533 383 565 410 ut
584 388 642 411 nec
670 376 751 411 istud
776 376 831 419 illi,
854 387 910 410 nec
932 376 970 410 il-

220 423 273 459 lud
297 425 347 460 isti
375 425 403 459 in
436 424 540 472 aliquo
563 433 717 465 teneatur,
745 437 803 460 nec
826 424 915 460 vobis
940 434 970 459 et

221 473 283 508 illis
305 473 424 520 aliquid
452 474 490 508 sit
517 486 704 514 commune,
733 486 793 509 non
826 474 970 508 obstante

221 522 384 569 privilegio
411 523 485 557 dicti
522 522 715 567 lniiocentii,
752 522 799 558 vel
830 535 905 562 suo,
943 523 968 557 si

220 571 305 618 quod
327 583 422 618 super
445 573 560 607 unione
583 572 649 619 ipsa
671 572 852 619 apparuerit
874 572 972 617 impe-

221 627 347 656 tratum.
376 619 491 656 Verum
516 621 718 668 postmodum
743 629 844 655 rector
863 628 893 656 et
914 620 971 655 fra-

221 676 284 704 tres
306 669 459 717 praedicti
488 670 652 716 hospitalis
681 670 721 704 de
748 669 971 716 Montepessu-

221 718 282 753 lan.
316 730 372 765 per
405 727 639 766 procuratorem
673 719 711 754 ad
739 719 798 753 lioc
832 719 970 764 legitime

221 768 427 802 constitutum
465 769 568 814 ipsum
592 768 746 815 hospitale
778 780 870 802 sunm
898 780 969 802 cum

220 817 369 852 omnibus
391 817 538 852 domibus
564 817 624 852 sibi
646 817 795 852 subiectis
817 825 848 852 et
869 817 969 851 subii-

220 865 343 901 ciendis
364 866 396 900 in
424 874 602 913 posterum,
624 878 660 901 ac
682 866 838 901 universis
861 866 970 906 rebus,

222 914 344 951 iuribus
366 924 396 950 et
417 915 590 950 rationibus
612 915 890 960 suis,auctoritate
912 914 972 949 bo-

223 975 280 999 nae
315 964 485 999 memoriae
526 964 676 1011 Stephani
713 964 794 999 tituli
837 964 972 998 Sanctae

220 1011 579 1068 MariaeTranstyberim
591 1013 774 1060 presbyteri,
785 1012 969 1060 etRaynerii

221 1060 255 1096 S.
264 1061 400 1097 Mariae'
395 1075 424 1096 in
436 1061 608 1097 Cosmedin
620 1062 741 1097 diaconi
754 1061 970 1102 cardinalium,

222 1122 303 1166 quos
324 1110 363 1145 ad
387 1110 417 1145 id
441 1111 597 1157 praefatus
619 1111 821 1157 deputaverat
846 1110 971 1157 Grego-

222 1160 300 1202 rius,
321 1159 429 1195 domui
454 1168 573 1195 vestrae
605 1168 715 1207 sponte
742 1172 778 1195 ac
800 1160 972 1194 voluntarie

222 1208 509 1253 submiserun17ut
536 1209 619 1244 idem
642 1197 795 1256 hospitale
822 1221 894 1243 cum
921 1208 971 1242 do

222 1257 327 1293 mibus
353 1258 420 1293 suis
442 1257 531 1292 vohis
553 1266 582 1292 et
600 1258 706 1293 domui
730 1265 850 1293 vestrae
875 1258 915 1291 ita
934 1258 972 1291 sit

222 1307 422 1354 suppositum
446 1314 476 1341 et
497 1307 687 1347 subiectum,
719 1308 801 1341 sicut
822 1306 972 1342 domibus

223 1355 387 1403 hospitalis
404 1355 679 1403 Hierosolymitan.
699 1364 728 1390 et
742 1356 870 1390 Militiae
882 1355 973 1389 Tem-

224 1404 268 1451 pli
290 1412 364 1440 sunt
388 1404 546 1440 subiectae
584 1417 620 1440 ac
655 1406 835 1452 suppositae
858 1404 972 1438 domus

223 1464 310 1488 suae.
336 1453 439 1496 Quam
473 1454 718 1488 submissionem
746 1462 776 1489 et
802 1453 973 1488 subiectio-

224 1514 296 1537 nem
317 1502 501 1538 adiicientes
519 1503 668 1537 duximus
688 1502 872 1538 auctoritate
894 1514 973 1548 apo-

222 1550 330 1587 stolica
352 1551 611 1586 confirmandam.
634 1552 801 1587 Caeterum
823 1563 894 1586 cum
916 1551 974 1585 Ec-

223 1599 316 1636 clesia
337 1599 472 1636 Sanctae
493 1601 608 1636 Mariae
635 1601 664 1635 in
686 1600 788 1645 Saxia,
816 1608 846 1635 et
863 1601 973 1646 hospi-

224 1648 285 1684 tale
319 1658 536 1685 constructum
572 1650 686 1685 ibidem
723 1650 760 1684 ad
795 1662 853 1685 nos
886 1649 973 1684 nullo

225 1697 382 1734 mediante
404 1699 592 1746 pertineant,
619 1711 656 1734 eo
683 1699 779 1743 salvo,
802 1698 887 1745 quod
908 1699 973 1733 cle-

225 1747 280 1782 rici
302 1747 442 1783 eiusdem
473 1748 634 1783 Ecclesiae
666 1747 781 1782 debent
807 1760 843 1782 ex
866 1755 973 1782 nostro

225 1796 372 1832 mandato
396 1796 544 1831 basilicae
569 1796 726 1843 Principis
746 1796 973 1843 Apostolorum

227 1846 257 1879 in
280 1845 446 1889 scrutinio,
473 1845 628 1890 baptismo
649 1853 679 1879 et
700 1845 848 1885 letliania,
870 1857 909 1879 ne
931 1844 974 1879 di-

226 1894 332 1941 sparis
352 1893 540 1930 conditionis
572 1893 667 1928 liomo
702 1893 894 1940 praeferatur
927 1893 974 1928 ei-

227 1942 316 1988 dem,
351 1950 382 1977 et
407 1954 533 1987 servus,
567 1942 621 1988 qui
652 1942 704 1976 alii
739 1942 867 1977 domino
899 1950 973 1987 stet,

227 2000 280 2027 aut
293 1991 393 2035 cadat,
417 1999 625 2038 praeponatur
642 1990 786 2038 hospitali
803 1990 973 2038 praedicto,

228 2040 311 2096 quod
334 2048 459 2076 nostrae
480 2048 601 2075 tantum
621 2048 667 2075 est
682 2040 974 2075 iurisdictionisub-

227 2090 357 2134 iectum,
379 2101 544 2137 personam
574 2097 674 2133 tuam,
701 2089 742 2123 fili
761 2090 919 2135 magister
944 2098 974 2124 et

227 2150 444 2174 successorum
460 2146 582 2173 tuorum
602 2137 858 2185 praedecessores
877 2139 971 2172 nostri

228 2188 356 2234 praefati
375 2199 391 2222 a
419 2195 570 2234 potestate
593 2187 800 2234 praelatorum
819 2199 974 2241 quorum-

228 2237 304 2272 libet
325 2238 460 2271 eximere
483 2243 698 2283 procurarunt.
720 2236 785 2270 Nos
806 2248 879 2271 vero
893 2236 974 2270 sicut

228 2298 362 2333 persona
385 2294 437 2320 tua
458 2293 602 2331 exempta
629 2284 835 2339 dignoscitur,
853 2286 896 2319 sic
912 2284 995 2319 fra-

227 2342 292 2370 tres
318 2335 433 2370 domus
467 2334 630 2381 hospitalis
657 2334 755 2380 ipsius
781 2345 796 2368 a
818 2346 974 2388 quorum-

228 2383 305 2419 libet
325 2383 534 2431 praelatorum
556 2383 726 2417 eximimus
749 2391 910 2429 potestate,
934 2384 995 2418 ita

231 2439 264 2467 ut
290 2432 394 2468 nullus
425 2446 455 2467 in
484 2432 529 2467 eis
563 2431 734 2471 interdicti,
760 2431 807 2466 vel
840 2444 995 2493 suspen-¹¹

230 2481 339 2526 sionis,
370 2489 401 2516 et
431 2481 765 2516 excommunicationis
786 2477 995 2515 sententiam

232 2530 299 2565 sine
325 2531 452 2578 speciali
481 2530 628 2565 mandito
661 2528 753 2564 Sedis
775 2528 995 2579 Apostolicae

231 2579 345 2614 audeat
372 2580 578 2626 promulgare,
602 2590 696 2625 quam
724 2578 749 2612 si
771 2590 862 2612 secus
883 2577 995 2613 fuerit

230 2627 433 2664 decernimus
453 2640 516 2663 non
535 2638 652 2664 tenere.
679 2626 720 2661 Et
740 2626 811 2674 quia
827 2627 859 2661 in
874 2630 996 2663 vestra

1639 260 1709 294 655

1779 271 1827 297 Αη
1843 270 1871 297 C.
1889 271 1958 297 1258

1012 325 1117 373 regula
1144 325 1340 369 continetur,
1373 325 1456 372 quod
1491 325 1642 361 correctio
1667 325 1761 360 cleri·
1788 329 1847 350 ⁶³⁶-
1885 332 1959 355 ww

1776 366 1786 380 (¹

1790 361 1844 380 torlt
1865 360 1959 380 arator«

1011 387 1119 410 corum
1162 382 1193 410 et
1227 387 1299 409 cura
1333 375 1543 429 spiritualium
1577 374 1614 410 ad
1638 386 1762 422 praece·
1776 390 1897 417 usqua-1..

1012 432 1132 471 ptorem
1153 424 1267 459 laicum
1293 436 1353 458 non
1378 425 1542 471 pertineat,
1564 423 1619 458 sed
1638 423 1676 458 ad
1699 435 1763 458 car-

1011 474 1160 517 dinalem,
1187 473 1240 520 qui
1263 473 1300 507 ad
1329 485 1435 507 curam
1458 473 1622 520 hospitalis
1637 485 1691 520 per
1708 472 1764 508 Se-

1012 523 1084 557 ‹lem
1113 522 1328 569 Apostolicam
1352 523 1444 557 fuerit
1471 522 1652 569 deputatus,
1678 533 1763 568 prae-

1013 572 1150 606 sentium
1192 571 1376 606 auctoritate
1410 571 1595 615 statuimus,
1624 579 1656 605 ut
1679 570 1761 605 idem

1012 620 1191 662 cardinalis,
1213 621 1264 667 qui
1289 632 1343 666 pro
1362 630 1502 667 tempore
1524 620 1627 660 fuerit,
1654 628 1714 654 tam
1731 621 1762 654 in

1013 669 1157 716 liospitali
1192 678 1312 710 vestro,
1351 682 1443 717 quam
1481 669 1574 704 etiam
1615 668 1764 704 domibus

1012 719 1100 753 vobis
1128 718 1311 754 immediate
1337 718 1501 757 subiectis,
1535 718 1692 764 aliquibus
1724 718 1763 753 de

1012 768 1204 814 cappellanis
1241 768 1349 802 vestris
1376 767 1583 814 presbyteris,
1620 767 1672 813 qui
1701 768 1763 802 sint

1012 816 1160 857 timorati,
1184 816 1317 863 providi,
1339 829 1375 852 ac
1393 816 1530 856 discreti,
1552 816 1762 862 spiritualium

1012 878 1117 900 curam
1141 866 1327 910 committat,
1354 865 1407 912 qui
1424 865 1523 912 ipsam
1546 864 1645 900 libere
1672 877 1764 900 exer-

1012 926 1082 949 cere
1106 914 1225 949 valeant
1253 927 1351 961 usque
1379 914 1416 949 ad
1439 926 1513 949 suae
1530 914 1762 961 beneplacitum

1013 963 1191 998 ioluntatis
1227 963 1261 998 Si
1288 964 1340 1011 qui
1377 975 1450 998 vero
1483 963 1612 997 fratrum
1643 971 1763 998 vestro-

1013 1025 1095 1053 rum,
1122 1013 1174 1060 qui
1198 1012 1342 1047 destinati
1363 1012 1526 1047 fuerintad
1548 1012 1802 1066 eleemosynas„

1012 1061 1216 1107 colligendas
1240 1062 1269 1096 in
1297 1061 1471 1108 quamlibet
1505 1061 1673 1116 civitatem,
1708 1073 1764 1096 ca—

1012 1110 1149 1154 stellum,
1183 1110 1230 1145 vel
1267 1110 1370 1145 villam
1398 1109 1593 1153 advenerint,
1628 1110 1652 1144 si
1684 1109 1763 1145 forte

1014 1159 1102 1194 locus
1124 1160 1174 1194 ille
1196 1171 1212 1193 a
1235 1159 1349 1193 divinis
1382 1159 1490 1194 ofliciis
1518 1158 1609 1194 fuerit
1630 1159 1763 1194 interdi-

1012 1217 1097 1248 ctus,
1125 1220 1181 1255 pro
1204 1209 1431 1255 omnipotentis
1452 1207 1510 1242 Dei
1534 1208 1706 1242 reverentia
1730 1208 1762 1242 in

1012 1268 1122 1292 eornm
1150 1257 1286 1292 adventu
1313 1257 1466 1296 iucundo,
1489 1257 1586 1292 semel
1614 1256 1645 1291 in
1679 1268 1763 1291 anno

1015 1307 1146 1353 pulsatis
1167 1306 1341 1353 campanis,
1381 1306 1564 1353 aperiantur
1596 1306 1762 1347 ecclesiae,

1015 1363 1047 1389 ut
1073 1367 1168 1402 super
1189 1355 1397 1403 eleemosynis
1414 1354 1615 1409 acquirendis
1632 1354 1763 1390 verbum

1013 1404 1239 1439 exhortationis
1280 1404 1318 1438 ad
1358 1404 1509 1458 populum
1555 1403 1585 1437 in
1624 1402 1763 1438 Ecclesia

1015 1461 1218 1500 proponatur.
1247 1452 1456 1488 Decernimus
1489 1452 1630 1499 insuper,
1657 1460 1691 1487 ut
1714 1464 1764 1488 re-

1013 1510 1158 1549 ceptores
1192 1502 1434 1542 fraternitatum,
1469 1501 1534 1536 sive
1559 1500 1762 1537 collectarum

1013 1559 1200 1593 vestiarum,
1222 1551 1330 1586 salvo
1323 1563 1390 1586 iure
1408 1550 1608 1585 dominorum
1620 1562 1763 1593 suorum,

1015 1600 1044 1634 in
1077 1600 1158 1635 beati
1182 1600 1265 1635 Petri
1292 1607 1323 1635 et
1344 1607 1449 1635 nostra
1473 1600 1668 1647 protectione
1691 1612 1765 1635 con·

1013 1650 1136 1689 sistant,
1155 1658 1185 1684 et
1201 1661 1276 1696 pace
1291 1650 1319 1683 in
1336 1650 1438 1693 terris,
1461 1649 1491 1683 in
1505 1649 1621 1695 quibus
1635 1649 1763 1689 fuerint,

1015 1699 1186 1745 potiantur.
1214 1698 1316 1732 Simili
1344 1699 1435 1732 etiam
1463 1697 1559 1732 modo
1585 1698 1762 1740 sancimus,

1014 1756 1049 1781 ut
1071 1759 1262 1793 quicumque
1286 1747 1316 1781 in
1340 1755 1441 1782 vestra
1463 1746 1556 1781 fuerit
1573 1746 1763 1782 fraternitate

1016 1804 1176 1850 receptus,
1204 1797 1229 1829 si
1259 1795 1361 1830 forsan
1392 1795 1578 1842 parochialis
1604 1795 1762 1841 Ecclesia,

1015 1844 1105 1879 cuius
1127 1845 1192 1891 ipse
1221 1845 1427 1890 parochianus
1441 1845 1588 1888 extiterit,
1610 1856 1626 1878 a
1648 1844 1763 1880 divinis

1015 1893 1108 1928 fuerit
1143 1893 1252 1928 officiis
1295 1893 1472 1934 interdicta,
1513 1905 1649 1940 eumque
1683 1895 1762 1929 mori

1015 1943 1194 1988 contigerit,
1212 1942 1276 1997 ipsi
1298 1942 1456 1989 sepultura
1473 1942 1682 1977 ecclesiastica
1700 1954 1761 1978 non

1016 2001 1159 2037 negetur,
1188 1992 1246 2025 nisi
1274 1991 1582 2032 excommunicatus,
1613 1999 1667 2025 aut
1700 2004 1761 2046 pu-

993 2075 994 2087 3
1015 2040 1095 2075 blice
1118 2041 1295 2081 usurarius,
1319 2040 1366 2075 vel
1389 2040 1574 2075 nominatim
1597 2039 1717 2075 fuerit
1710 2053 1761 2075 in—

1015 2089 1179 2125 terdictus.
1214 2088 1360 2124 Decimas
1394 2096 1497 2123 autem
1533 2088 1572 2123 de
1605 2089 1694 2124 terris
1731 2098 1762 2124 et

1015 2139 1125 2182 vineis,
1147 2150 1226 2185 quas
1247 2138 1285 2173 ad
1313 2150 1393 2185 opus
1416 2137 1611 2172 infirmorum
1634 2145 1664 2172 et
1681 2149 1761 2184 pau-

1016 2199 1123 2233 perum
1161 2187 1294 2234 propriis
1320 2187 1468 2221 manibus
1503 2195 1555 2220 aut
1581 2186 1761 2233 sumptibus

1015 2236 1128 2273 colitis,
1161 2236 1200 2271 de
1232 2236 1322 2271 terris
1355 2236 1468 2270 habitis
1495 2244 1565 2270 ante
1591 2235 1758 2270 concilium

992 2285 1175 2330 generale,
1197 2285 1262 2319 sive
1284 2284 1323 2319 de
1347 2284 1545 2319 nutrimentis
1566 2284 1760 2328 animalium,

1015 2346 1069 2368 seu
1113 2333 1152 2368 de
1192 2333 1346 2368 fructibus
1384 2333 1546 2368 hortorum
1585 2340 1759 2368 vestrorum

994 2383 1122 2417 nullus
1140 2382 1264 2429 exigere
1290 2382 1338 2416 vel
1359 2390 1547 2429 extorquere
1567 2390 1759 2428 praesumat:

1016 2431 1105 2466 liceat
1137 2440 1240 2466 autem
1277 2431 1364 2465 vobis
1392 2431 1421 2465 in
1456 2430 1604 2465 domibus
1631 2431 1760 2471 vestris,

994 2492 1093 2527 quas
1126 2481 1158 2514 in
1187 2481 1432 2526 praesentiarum
1469 2479 1609 2524 habetis,
1647 2479 1692 2514 vel
1729 2480 1759 2514 in

1017 2530 1154 2563 futurum
1182 2529 1269 2563 eritis
1297 2528 1445 2569 habituri,
1467 2528 1506 2563 ad
1521 2540 1601 2574 opus
1622 2536 1760 2563 vestrum

1015 2586 1045 2613 et
1067 2577 1201 2613 familiae
1223 2585 1353 2618 vestrae,
1377 2588 1498 2612 necnon
1522 2577 1718 2613 infirmorum
1731 2587 1760 2612 et

993 2638 1190 2674 pauperum
1218 2626 1334 2662 ibidem
1368 2627 1564 2662 manentium
1589 2627 1759 2662 oratorium

1791 967 1818 987 De
1838 970 1959 994 receptor!-

1777 998 1814 1018 bus
1839 998 1920 1019 euleein
1910 1004 1959 1026 osy-

1793 1034 1857 1048 'trum-

1807 1751 1927 1778 i’rivitegia.
