2129 3223
84 300 134 328 An.
153 299 179 327 C.
200 300 267 327 1209

280 355 422 391 subditos
444 361 562 388 vestros
583 351 687 387 studio
713 352 838 386 sedulae
862 352 1022 399 praedica-

280 404 373 440 tionis
413 411 443 438 et
476 401 702 437 exhortationis
740 402 872 439 instetis,
913 410 943 436 ut
984 402 1021 436 ad

280 453 424 501 reliquias
444 452 538 487 liuius
555 451 649 499 pestis
671 451 797 498 penitus
811 451 1020 498 extirpandas,

108 504 239 541 '⁰⁴⁰9‘0'fl'*
278 513 348 539 'cum
371 502 408 537 ad
431 501 667 537 similitudinem
701 500 816 547 hydrae
853 513 933 547 quae
972 501 1020 536 lo-

82 540 428 600 l53⁹⁰52220n⁰2230up1e1i0r
470 552 566 586 fertur
617 550 680 585 fieri
719 550 834 584 damno
869 552 1019 597 capitum,

80 600 208 626 ''⁸⁸¹¹'‘'''³⁵·
275 602 400 648 gravius
433 608 570 648 possent,
617 600 642 634 si
695 598 852 645 neglectae
894 599 1018 639 fuerint,

274 651 469 690 reviviscere,
494 658 554 684 tam
579 660 632 696 per
659 660 703 692 se,
743 660 835 696 quam
869 661 924 696 per
962 662 1017 684 sua

274 700 462 748 obsequium
499 698 565 733 Deo
599 698 757 741 devotum,
790 707 821 731 et
867 698 1016 733 auxilium

275 749 432 785 Ecclesiae
458 756 671 796 opportunum
698 747 892 794 impendant,
914 748 1018 783 scien-

274 808 320 834 tes
363 799 580 835 remissionem
634 797 850 844 peccaminum
893 809 908 831 a
950 798 1017 832 Deo

271 849 401 896 eiusque
427 847 552 883 Vicario
580 847 733 882 universis
768 846 930 887 indultam,
964 848 1015 894 qui

271 897 462 933 orthodoxae
478 897 550 931 fidei
574 896 640 931 zelo
661 896 817 940 succensi,
832 908 864 931 se
881 896 918 931 ad
935 908 1016 944 opus

271 947 461 983 accinxerint
488 945 669 981 huiusmodi
717 946 848 992 pictatis,
892 954 924 980 ut
970 947 1016 981 eis

271 997 357 1033 labor
383 1004 445 1031 tam
472 1003 601 1031 sanctus
627 994 664 1029 ad
691 995 794 1041 operis
830 995 1014 1030 satisfactio-

270 1058 341 1082 nem
363 1045 497 1081 sufficiat
517 1057 614 1092 super
635 1044 694 1078 illis
717 1044 844 1079 offensis
867 1057 923 1092 pro
944 1045 1015 1091 qui-

271 1095 329 1131 bus
348 1095 452 1131 cordis
477 1094 695 1130 contritionem
732 1104 760 1128 et
793 1094 857 1128 oris
890 1093 1014 1129 confes-

13 1166 30 1187 μ
269 1145 389 1180 sionem
411 1156 515 1179 veram
539 1143 710 1178 obtulerint
735 1155 806 1178 vero
829 1143 906 1178 Deo.
931 1143 1012 1178 Cum

8 1189 25 1202 '⁰
88 1198 128 1222 ¹³⁰⁸
142 1199 168 1220 ³¹³
187 1200 374 1230 “wi-autem
403 1206 458 1241 pro
479 1193 613 1229 fraterna
634 1192 817 1227 defensione
839 1201 1014 1239 pugnantes

8 1207 32 1323 ἓ
74 1227 164 1283 Ξῖἶῖῑῗι
190 1229 287 1279 '³¹¹⁰'a
307 1243 451 1278 fraternis
472 1243 579 1278 deceat
601 1242 723 1276 iniuriis
757 1242 908 1289 expediri,
951 1255 1012 1277 vo-

270 1293 375 1329 tumus
400 1301 431 1327 et
453 1291 649 1335 mandamus,
673 1300 704 1325 ut
730 1291 755 1326 si
778 1292 829 1338 qui
849 1291 1014 1337 nobilium,

269 1342 466 1382 clericorum,
488 1353 543 1376 seu
577 1341 669 1376 etiam
709 1340 859 1375 laicorum
906 1349 1012 1376 contra

271 1391 453 1439 pestilentes
486 1390 668 1425 huiusmodi
704 1390 940 1436 procedentium
976 1390 1012 1425 ad

269 1440 471 1489 praestandas
509 1452 619 1484 usuras
649 1439 823 1474 iuramento
869 1447 1014 1474 tenentur

268 1491 407 1534 astricti,
449 1489 619 1524 creditores
669 1500 779 1523 eorum
820 1489 849 1523 in
905 1489 1014 1523 vestris

27 1566 30 1573 .
269 1538 466 1575 dioecesibus
508 1538 706 1578 constitutos,
745 1550 817 1572 eum
852 1537 892 1572 ab
939 1539 1014 1585 ipsis

18 1603 45 1624 ω-
268 1589 388 1625 fueritis
409 1588 561 1635 requisiti,
589 1599 643 1634 per
669 1599 832 1622 censuram
865 1587 1013 1622 ecclesia·

19 1649 26 1653 ’
268 1638 437 1679 siasticam,
473 1637 680 1684 appellatione
700 1637 884 1684 postposita,
924 1649 1012 1672 com—

269 1687 390 1736 pellatis
404 1714 414 1732 ,
433 1694 465 1721 ut
485 1698 539 1721 eos
560 1699 577 1721 a
599 1686 772 1722 iuramento
796 1687 920 1733 penitus
951 1687 1013 1721 ab-

268 1735 498 1777 solventes,·ab
519 1748 685 1771 usurarum
707 1736 830 1782 penitus
849 1736 1010 1771 exactione

267 1786 428 1822 desistant.
456 1785 549 1827 Quod
572 1785 597 1820 si
620 1786 786 1832 quisquam
821 1785 1010 1820 creditorum

268 1836 305 1871 ad
332 1835 521 1871 solutionem
559 1834 643 1881 ipsos
678 1834 815 1880 coegerit
836 1847 1012 1879 usurarum,

268 1897 341 1920 eum
376 1885 414 1920 ad
457 1883 664 1920 restituendas
707 1884 799 1930 ipsaS,
847 1892 1011 1931 postquam

269 1934 384 1970 fuerint
406 1933 593 1981 persolutae,
615 1932 707 1967 simili
729 1945 873 1976 censura,
891 1934 1012 1969 sublato

269 1983 485 2032 appellationis
514 1982 686 2026 obstaculo,
727 1983 902 2027 coarctetis,
938 1996 1013 2018 cre-

269 2033 388 2069 ditores
409 2032 515 2067 talium
537 2044 631 2079 quam
654 2031 837 2078 diligentius
873 2033 1011 2080 poteritis

269 2082 464 2123 inducentes,
487 2089 520 2115 ut
554 2081 702 2116 terminos
743 2081 780 2116 ad
823 2082 1011 2117 solutionem

269 2131 446 2168 debitorum
489 2131 653 2178 praefixos,
684 2130 784 2166 donec
826 2132 867 2166 illi
916 2132 1011 2167 labori

268 2181 444 2218 vacaverint
469 2180 651 2215 huiusmodi
679 2180 811 2227 pietatis,
853 2181 1012 2228 elongem

269 2231 354 2279 quod
387 2231 432 2266 sic
472 2230 600 2265 demum
648 2229 857 2265 retributionis
903 2243 1009 2266 eorum

269 2280 425 2327 gaudeant
461 2280 624 2327 participio
671 2291 805 2325 quorum
853 2288 1010 2315 certamen

270 2330 322 2365 tali
364 2329 577 2377 promoverint
617 2328 808 2363 adiumento.
849 2329 1012 2364 Praeterea

90 2384 246 2421 canumque
271 2391 343 2415 cum
360 2392 423 2416 non
446 2379 599 2414 absonum
623 2377 774 2423 videatur,
797 2386 828 2412 ut
861 2380 915 2425 qui
954 2392 1013 2426 pu-

76 2417 259 2470 ⁸:asnssiia‘ffl‘
271 2429 384 2464 blicam
406 2440 532 2464 causam
565 2435 689 2474 gerunt,
725 2426 859 2474 publicis
893 2429 1013 2475 stipen-

77 2480 260 2532 ''qdffizssjff
272 2478 333 2514 diis
352 2485 578 2517 sustententur,
606 2477 766 2512 universos
788 2477 920 2513 clericos
958 2490 1013 2525 per

77 2516 232 2538 ’mmm'
272 2535 388 2563 vestras
418 2527 579 2563 dioeceses
621 2526 806 2561 constitutos
848 2526 1013 2562 efficaciter

271 2576 435 2619 moneatis,
457 2577 488 2612 in
519 2576 733 2612 remissionem
763 2575 820 2610 sibi
856 2577 1015 2623 peccami-

271 2638 348 2661 num
368 2626 546 2668 suadentes,
568 2635 724 2673 quatenus
741 2637 813 2659 cum
836 2625 1013 2672 praedictae

273 2683 371 2710 terrae
398 2675 540 2711 desertae
578 2676 640 2711 sint
677 2682 706 2710 et
736 2681 879 2716 vastatae,
919 2683 1013 2723 atque

866 297 1074 321 lxxoclzs‘rtts
1096 298 1131 320 ΙΙΙ
1157 298 1203 320 FP.

1687 290 1754 321 257

1063 352 1100 386 ad
1133 352 1346 387 defensionem
1387 353 1523 399 ipsarum
1566 362 1712 401 sumptus
1742 354 1807 389 sint

1063 413 1124 436 non
1162 401 1276 436 modici
1325 403 1501 447 necessarii,
1547 402 1715 450 aliquotam
1767 403 1806 438 de

1061 452 1126 486 suis
1153 451 1357 498 proventibus
1381 461 1497 498 partem
1526 452 1562 487 ad
1593 452 1663 488 eius
1686 461 1805 489 susten-

1061 502 1209 536 tationem
1238 501 1459 543 transmittant,
1477 501 1632 548 deputatis
1645 501 1806 549 aliquibus

1062 550 1134 584 viris
1155 549 1292 597 providis
1318 558 1349 585 et
1363 550 1507 586 fidelibus
1522 551 1559 585 ad
1574 551 1803 600 eleemosynam

1061 599 1239 634 huiusmodi
1281 600 1501 646 colligendam,
1543 600 1596 647 qui
1640 601 1801 638 collectam

1059 650 1220 696 assignent
1242 649 1321 684 sicut
1345 649 1491 693 praedicti
1531 649 1623 696 legati
1659 650 1804 686 duxerint

1059 698 1303 746 disponendum.
1327 699 1407 740 Quia
1430 699 1523 745 igitur
1549 699 1632 746 apud
1658 711 1712 735 eos
1752 701 1804 736 di-

1058 750 1176 783 strictio
1216 748 1317 782 forsan
1367 748 1506 795 proficiet
1547 749 1734 795 temporalis,
1785 763 1802 785 a

1057 798 1174 845 quibus
1210 810 1305 844 super
1343 797 1402 832 hoc
1446 797 1616 845 spiritualis
1664 799 1802 835 inductio

1059 860 1118 882 non
1146 847 1331 891 admittitur,
1358 847 1427 882 illos
1466 847 1518 894 qui
1548 859 1644 894 super
1669 847 1802 884 Iudaeos

1058 897 1086 930 in
1120 896 1231 932 vestris
1258 896 1454 932 dioecesibus
1488 905 1710 944 permanentes
1744 898 1801 933 ha-

1057 946 1131 981 bere
1153 954 1325 981 noscuntur
1352 945 1526 981 dominium
1553 947 1736 994 temporale,
1758 947 1802 982 di·

1056 996 1189 1043 ligenter
1212 995 1410 1031 interducere
1452 996 1646 1042 procuretis,
1681 1004 1715 1031 ut
1747 1009 1801 1032 eos

1057 1045 1216 1086 inducant,
1239 1055 1268 1079 et
1292 1045 1401 1080 tradita
1435 1045 1492 1080 sibi
1528 1053 1680 1092 potestate
1712 1058 1800 1082 com-

1057 1095 1182 1140 pellant,
1209 1095 1291 1141 quod
1331 1094 1396 1129 suis
1434 1094 1629 1129 debitoribus
1666 1095 1696 1129 in
1740 1095 1800 1130 hu-

1057 1144 1190 1179 iusmodi
1213 1144 1270 1178 Dei
1294 1144 1481 1190 obsequium
1515 1144 1698 1191 profecturis
1730 1157 1800 1180 om-

1057 1194 1131 1228 nino
1159 1194 1294 1228 relaxent
1327 1205 1457 1233 usuras,
1497 1201 1526 1228 et
1569 1194 1723 1229 terminos
1760 1195 1798 1230 ad

1055 1243 1280 1277 exsolvendum
1295 1251 1409 1278 sortem
1425 1243 1588 1290 praefixos,
1610 1243 1634 1278 si
1650 1243 1716 1279 fieri
1744 1257 1800 1291 po-

1056 1301 1125 1335 test,
1140 1301 1308 1340 prorogent
1330 1300 1554 1339 competenter.

1104 1342 1217 1378 Datum
1233 1342 1378 1377 Laterani
1405 1342 1495 1377 tertio
1522 1341 1591 1377 idus
1609 1341 1798 1382 novembris,

1055 1392 1253 1438 pontificatus
1274 1403 1346 1426 vero
1368 1391 1485 1426 domini
1502 1391 1674 1427 innocentii
1695 1391 1799 1439 Papae

1058 1441 1137 1475 tertii
1165 1453 1246 1475 anno
1268 1440 1465 1476 duodecimo.

1054 1498 1114 1527 Dat.
1134 1498 1180 1528 die
1201 1498 1230 1527 tl
1250 1498 1417 1528 novembris
1435 1497 1519 1535 1209,
1538 1499 1640 1538 pontif.
1660 1508 1737 1529 anno
1750 1508 1799 1529 xn.

1373 1669 1482 1704 Lxxl.

1056 1757 1190 1801 Reqnum
1215 1757 1337 1790 Dam'ae
1358 1757 1520 1801 suscipitur
1540 1758 1594 1791 sub
1617 1759 1799 1803 protectione

1233 1812 1321 1844 Sedis
1348 1811 1538 1856 Apostolicae
1559 1813 1614 1854 (l).

1318 1891 1530 1925 SUMMARIUM

1053 1959 1217 1989 Exordium.
1236 1976 1275 1982 —
1289 1959 1440 1991 Decretum
1462 1970 1512 2000 pro
1531 1962 1612 2000 regni
1631 1961 1738 1992 Daniae
1756 1963 1798 1993 in-

1093 2009 1260 2039 demnitate.

1052 2078 1222 2108 Innocentius
1240 2081 1380 2116 episcopus
1399 2088 1492 2110 servus
1516 2088 1654 2112 servorum
1672 2082 1727 2115 Dei.
1765 2082 1799 2111 n-

1098 2129 1235 2158 lustribus
1262 2130 1372 2165 regibus
1391 2132 1421 2159 et
1439 2131 1605 2167 principibus
1619 2133 1649 2161 et
1669 2132 1801 2162 univorsis

1097 2177 1143 2205 Dei
1161 2177 1284 2207 fidelibus
1303 2185 1386 2215 regno
1405 2179 1500 2209 Daciae
1520 2177 1565 2219 (Ξ)
1587 2181 1798 2218 circumpositis.

1098 2227 1259 2256 catholicam
1279 2229 1452 2258 servantibus
1472 2231 1615 2259 unitatem.

1103 2294 1228 2336 Quanto
1246 2296 1411 2341 specialius
1446 2309 1576 2343 regnum
1611 2298 1723 2333 Daciae
1760 2298 1797 2333 ad

1055 2343 1215 2379 Romanae
1241 2345 1402 2380 Ecclesiae
1441 2347 1580 2381 noscitur
1614 2347 1801 2382 iurisdictio-

1057 2405 1127 2427 nem
1150 2403 1303 2440 spectare,
1336 2402 1421 2429 tanto
1453 2395 1491 2430 ad
1530 2397 1798 2432 conservationem

1056 2443 1122 2476 eius
1160 2444 1352 2489 propensiori
1380 2444 1483 2489 studio
1516 2445 1670 2480 debemus
1704 2447 1800 2482 inten-

1055 2491 1140 2531 dere,
1167 2492 1239 2538 quia
1266 2505 1329 2527 non
1368 2494 1524 2529 immerito
1563 2494 1661 2530 multa
1696 2508 1800 2543 repre-

1056 2541 1206 2575 hensione
1246 2541 1330 2588 digni
1371 2543 1505 2578 existere
1541 2544 1728 2589 videremur,
1772 2547 1798 2581 si

1091 2608 1130 2641 (t)
1146 2607 1184 2634 Ex
1201 2608 1300 2641 Baluz.,
1322 2608 1365 2635 lib.
1385 2616 1432 2641 ιιι,
1450 2609 1529 2644 Epist.
1551 2611 1609 2637 ¹57.
1648 2611 1688 2647 (Ξ)
1712 2612 1756 2639 Sic
1773 2621 1799 2639 in

1056 2647 1255 2722 Cocqueliqiana
1271 2648 1394 2677 editione.
1412 2649 1561 2685 Legendum
1577 2654 1665 2679 autem
1675 2657 1800 2687 putamus

1057 2689 1166 2714 Durriae.
1203 2696 1228 2714 n.
1250 2689 1288 2723 τ.)

1822 297 1871 323 An.
1891 296 1909 323 C
1937 296 2003 324 1209

1845 2309 1961 2331 Exordium.
