<?xml version="1.0" encoding="UTF-8"?>
<!DOCTYPE html PUBLIC "-//W3C//DTD XHTML 1.0 Transitional//EN"
    "http://www.w3.org/TR/xhtml1/DTD/xhtml1-transitional.dtd">
<html xmlns="http://www.w3.org/1999/xhtml" xml:lang="en" lang="en">
 <head>
  <title>
</title>
<meta http-equiv="Content-Type" content="text/html;charset=utf-8" />
  <meta name='ocr-system' content='tesseract 3.04.00' />
  <meta name='ocr-capabilities' content='ocr_page ocr_carea ocr_par ocr_line ocrx_word'/>
</head>
<body>
  <div class='ocr_page' id='page_1' title='image "./bullarumdiplomat03cath/bullarumdiplomat03cath_0053.png"; bbox 0 0 2129 3223; ppageno 0'>
   <div class='ocr_carea' id='block_1_1' title="bbox 49 266 231 294">
    <p class='ocr_par' dir='ltr' id='par_1_1' title="bbox 49 266 231 294">
     <span class='ocr_line' id='line_1_1' title="bbox 49 266 231 294; baseline 0.005 -1"><span class='ocrx_word' id='word_1_1' title='bbox 49 266 97 293; x_wconf 77' lang='lat' dir='ltr'>An.</span> <span class='ocrx_word' id='word_1_2' title='bbox 116 266 144 293; x_wconf 86' lang='lat' dir='ltr'>C.</span> <span class='ocrx_word' id='word_1_3' title='bbox 165 267 231 294; x_wconf 78' lang='lat'>¹¹87</span> 
     </span>
    </p>
   </div>
   <div class='ocr_carea' id='block_1_2' title="bbox 42 316 988 1155">
    <p class='ocr_par' dir='ltr' id='par_1_2' title="bbox 240 316 988 414">
     <span class='ocr_line' id='line_1_2' title="bbox 245 316 988 365; baseline -0.001 -13"><span class='ocrx_word' id='word_1_4' title='bbox 245 317 394 365; x_wconf 81' lang='lat' dir='ltr'>recipere,</span> <span class='ocrx_word' id='word_1_5' title='bbox 421 325 449 352; x_wconf 91' lang='lat' dir='ltr'>et</span> <span class='ocrx_word' id='word_1_6' title='bbox 493 329 545 351; x_wconf 91' lang='lat' dir='ltr'>eas</span> <span class='ocrx_word' id='word_1_7' title='bbox 586 316 704 363; x_wconf 78' lang='lat' dir='ltr'>absque</span> <span class='ocrx_word' id='word_1_8' title='bbox 743 316 988 352; x_wconf 77' lang='lat' dir='ltr'>contradictione</span> 
     </span>
     <span class='ocr_line' id='line_1_3' title="bbox 240 366 512 414; baseline -0.007 -12"><span class='ocrx_word' id='word_1_9' title='bbox 240 367 341 414; x_wconf 90' lang='lat' dir='ltr'>aliqua</span> <span class='ocrx_word' id='word_1_10' title='bbox 369 366 512 401; x_wconf 88' lang='lat' dir='ltr'>retinere.</span> 
     </span>
    </p>

    <p class='ocr_par' dir='ltr' id='par_1_3' title="bbox 288 415 987 462">
     <span class='ocr_line' id='line_1_4' title="bbox 288 415 987 462; baseline 0 -12"><span class='ocrx_word' id='word_1_11' title='bbox 288 415 469 450; x_wconf 90' lang='lat' dir='ltr'>lnhibemus</span> <span class='ocrx_word' id='word_1_12' title='bbox 501 424 604 451; x_wconf 89' lang='lat' dir='ltr'>autem</span> <span class='ocrx_word' id='word_1_13' title='bbox 631 428 669 450; x_wconf 94' lang='lat' dir='ltr'>ne</span> <span class='ocrx_word' id='word_1_14' title='bbox 702 415 803 462; x_wconf 88' lang='lat' dir='ltr'>aliqua</span> <span class='ocrx_word' id='word_1_15' title='bbox 838 415 987 450; x_wconf 86' lang='lat' dir='ltr'>ecclesia-</span> 
     </span>
    </p>

    <p class='ocr_par' dir='ltr' id='par_1_4' title="bbox 231 465 986 649">
     <span class='ocr_line' id='line_1_5' title="bbox 239 465 986 512; baseline 0 -12"><span class='ocrx_word' id='word_1_16' title='bbox 239 465 314 500; x_wconf 87' lang='lat' dir='ltr'>stica</span> <span class='ocrx_word' id='word_1_17' title='bbox 342 465 550 500; x_wconf 81' lang='lat' dir='ltr'>saecularisve</span> <span class='ocrx_word' id='word_1_18' title='bbox 572 477 704 512; x_wconf 89' lang='lat' dir='ltr'>persona</span> <span class='ocrx_word' id='word_1_19' title='bbox 733 465 761 499; x_wconf 93' lang='lat' dir='ltr'>in</span> <span class='ocrx_word' id='word_1_20' title='bbox 785 465 912 500; x_wconf 88' lang='lat' dir='ltr'>domum</span> <span class='ocrx_word' id='word_1_21' title='bbox 934 477 986 500; x_wconf 86' lang='lat' dir='ltr'>ve-</span> 
     </span>
     <span class='ocr_line' id='line_1_6' title="bbox 238 514 984 561; baseline 0 -13"><span class='ocrx_word' id='word_1_22' title='bbox 238 523 548 561; x_wconf 70' lang='lat' dir='ltr'>stram&#39;quemquam</span> <span class='ocrx_word' id='word_1_23' title='bbox 577 514 749 558; x_wconf 79' lang='lat' dir='ltr'>intrudere,</span> <span class='ocrx_word' id='word_1_24' title='bbox 771 523 823 549; x_wconf 87' lang='lat' dir='ltr'>aut</span> <span class='ocrx_word' id='word_1_25' title='bbox 848 514 984 561; x_wconf 83' lang='lat' dir='ltr'>aliquem</span> 
     </span>
     <span class='ocr_line' id='line_1_7' title="bbox 238 563 986 611; baseline -0.003 -13"><span class='ocrx_word' id='word_1_26' title='bbox 238 563 366 599; x_wconf 75' lang='lat' dir='ltr'>fratrum</span> <span class='ocrx_word' id='word_1_27' title='bbox 391 572 562 599; x_wconf 91' lang='lat' dir='ltr'>vestrorum</span> <span class='ocrx_word' id='word_1_28' title='bbox 589 563 628 598; x_wconf 89' lang='lat' dir='ltr'>de</span> <span class='ocrx_word' id='word_1_29' title='bbox 657 565 723 611; x_wconf 89' lang='lat' dir='ltr'>ipsa</span> <span class='ocrx_word' id='word_1_30' title='bbox 750 563 846 599; x_wconf 87' lang='lat' dir='ltr'>domo</span> <span class='ocrx_word' id='word_1_31' title='bbox 873 563 986 599; x_wconf 85' lang='lat' dir='ltr'>audeat</span> 
     </span>
     <span class='ocr_line' id='line_1_8' title="bbox 231 613 532 649; baseline -0.003 -1"><span class='ocrx_word' id='word_1_32' title='bbox 231 613 349 648; x_wconf 70' lang='lat' dir='ltr'>eiicere</span> <span class='ocrx_word' id='word_1_33' title='bbox 372 613 532 649; x_wconf 90' lang='lat' dir='ltr'>violenter.</span> 
     </span>
    </p>

    <p class='ocr_par' dir='ltr' id='par_1_5' title="bbox 43 662 983 859">
     <span class='ocr_line' id='line_1_9' title="bbox 286 662 983 709; baseline -0.001 -11"><span class='ocrx_word' id='word_1_34' title='bbox 286 662 399 698; x_wconf 80' lang='lat' dir='ltr'>Clerici</span> <span class='ocrx_word' id='word_1_35' title='bbox 421 662 513 698; x_wconf 86' lang='lat' dir='ltr'>etiam</span> <span class='ocrx_word' id='word_1_36' title='bbox 541 662 592 709; x_wconf 88' lang='lat' dir='ltr'>qui</span> <span class='ocrx_word' id='word_1_37' title='bbox 615 663 652 697; x_wconf 88' lang='lat' dir='ltr'>ad</span> <span class='ocrx_word' id='word_1_38' title='bbox 675 663 785 698; x_wconf 84' lang='lat' dir='ltr'>domos</span> <span class='ocrx_word' id='word_1_39' title='bbox 809 671 925 698; x_wconf 78' lang='lat' dir='ltr'>vestras</span> <span class='ocrx_word' id='word_1_40' title='bbox 940 676 983 697; x_wconf 86' lang='lat'>01·-</span> 
     </span>
     <span class='ocr_line' id='line_1_10' title="bbox 56 710 982 766; baseline 0 -19"><span class='ocrx_word' id='word_1_41' title='bbox 56 710 150 766; x_wconf 54' lang='lat' dir='ltr'>fiffinffi</span> <span class='ocrx_word' id='word_1_42' title='bbox 170 710 332 766; x_wconf 52' lang='lat' dir='ltr'>*jgffidinati</span> <span class='ocrx_word' id='word_1_43' title='bbox 348 712 461 747; x_wconf 79' lang='lat' dir='ltr'>fuerint</span> <span class='ocrx_word' id='word_1_44' title='bbox 480 721 509 748; x_wconf 91' lang='lat' dir='ltr'>et</span> <span class='ocrx_word' id='word_1_45' title='bbox 530 713 697 759; x_wconf 79' lang='lat' dir='ltr'>assumpti,</span> <span class='ocrx_word' id='word_1_46' title='bbox 720 712 796 746; x_wconf 91' lang='lat' dir='ltr'>nulli</span> <span class='ocrx_word' id='word_1_47' title='bbox 819 712 869 747; x_wconf 89' lang='lat' dir='ltr'>alii</span> <span class='ocrx_word' id='word_1_48' title='bbox 890 725 982 759; x_wconf 83' lang='lat' dir='ltr'>quam</span> 
     </span>
     <span class='ocr_line' id='line_1_11' title="bbox 43 750 983 809; baseline 0.001 -14"><span class='ocrx_word' id='word_1_49' title='bbox 43 750 171 796; x_wconf 49' lang='lat' dir='ltr'>i’ubisetosp</span> <span class='ocrx_word' id='word_1_50' title='bbox 186 775 225 796; x_wconf 69' lang='lat' dir='ltr'>aa·</span> <span class='ocrx_word' id='word_1_51' title='bbox 237 760 305 806; x_wconf 90' lang='lat' dir='ltr'>tibi,</span> <span class='ocrx_word' id='word_1_52' title='bbox 328 761 369 796; x_wconf 81' lang='lat' dir='ltr'>sili</span> <span class='ocrx_word' id='word_1_53' title='bbox 387 762 483 809; x_wconf 79' lang='lat' dir='ltr'>prior,</span> <span class='ocrx_word' id='word_1_54' title='bbox 497 770 652 809; x_wconf 88' lang='lat' dir='ltr'>praestare</span> <span class='ocrx_word' id='word_1_55' title='bbox 671 761 881 797; x_wconf 77' lang='lat' dir='ltr'>obedientiam</span> <span class='ocrx_word' id='word_1_56' title='bbox 901 774 983 796; x_wconf 89' lang='lat' dir='ltr'>com-</span> 
     </span>
     <span class='ocr_line' id='line_1_12' title="bbox 43 805 402 859; baseline -0.003 -13"><span class='ocrx_word' id='word_1_57' title='bbox 43 805 122 827; x_wconf 66' lang='lat'>⁰¹¹⁰²³</span> <span class='ocrx_word' id='word_1_58' title='bbox 238 811 402 859; x_wconf 88' lang='lat' dir='ltr'>pellantur.</span> 
     </span>
    </p>

    <p class='ocr_par' dir='ltr' id='par_1_6' title="bbox 42 860 982 1009">
     <span class='ocr_line' id='line_1_13' title="bbox 285 860 981 907; baseline 0 -11"><span class='ocrx_word' id='word_1_59' title='bbox 285 860 492 896; x_wconf 79' lang='lat' dir='ltr'>prohibemus</span> <span class='ocrx_word' id='word_1_60' title='bbox 520 861 650 907; x_wconf 88' lang='lat' dir='ltr'>insuper</span> <span class='ocrx_word' id='word_1_61' title='bbox 673 873 711 896; x_wconf 88' lang='lat' dir='ltr'>ne</span> <span class='ocrx_word' id='word_1_62' title='bbox 733 862 783 896; x_wconf 90' lang='lat' dir='ltr'>cui</span> <span class='ocrx_word' id='word_1_63' title='bbox 805 860 894 895; x_wconf 90' lang='lat' dir='ltr'>liceat</span> <span class='ocrx_word' id='word_1_64' title='bbox 917 873 981 901; x_wconf 73' lang='lat' dir='ltr'>vos,</span> 
     </span>
     <span class='ocr_line' id='line_1_14' title="bbox 57 909 982 955; baseline 0 -10"><span class='ocrx_word' id='word_1_65' title='bbox 57 917 96 954; x_wconf 64' lang='grc' dir='ltr'>Βοξ</span> <span class='ocrx_word' id='word_1_66' title='bbox 119 923 169 940; x_wconf 78' lang='lat' dir='ltr'>vero</span> <span class='ocrx_word' id='word_1_67' title='bbox 189 919 222 939; x_wconf 76' lang='lat' dir='ltr'>in·</span> <span class='ocrx_word' id='word_1_68' title='bbox 235 918 289 945; x_wconf 87' lang='lat' dir='ltr'>aut</span> <span class='ocrx_word' id='word_1_69' title='bbox 309 910 420 946; x_wconf 86' lang='lat' dir='ltr'>domos</span> <span class='ocrx_word' id='word_1_70' title='bbox 443 918 570 955; x_wconf 82' lang='lat' dir='ltr'>vestras,</span> <span class='ocrx_word' id='word_1_71' title='bbox 592 909 768 951; x_wconf 89' lang='lat' dir='ltr'>interdicto,</span> <span class='ocrx_word' id='word_1_72' title='bbox 793 910 839 945; x_wconf 91' lang='lat' dir='ltr'>vel</span> <span class='ocrx_word' id='word_1_73' title='bbox 855 922 982 945; x_wconf 84' lang='lat' dir='ltr'>excom-</span> 
     </span>
     <span class='ocr_line' id='line_1_15' title="bbox 42 950 976 1009; baseline -0.001 -14"><span class='ocrx_word' id='word_1_74' title='bbox 42 950 223 1009; x_wconf 52' lang='lat'>;‡&#39;‡¹⁰{‚‘²,0„;{²&#39;„¹}}</span> <span class='ocrx_word' id='word_1_75' title='bbox 236 959 474 1000; x_wconf 66' lang='lat' dir='ltr'>munic-ationis,</span> <span class='ocrx_word' id='word_1_76' title='bbox 502 960 569 995; x_wconf 87' lang='lat' dir='ltr'>sine</span> <span class='ocrx_word' id='word_1_77' title='bbox 604 959 765 995; x_wconf 80' lang='lat' dir='ltr'>manifesta</span> <span class='ocrx_word' id='word_1_78' title='bbox 786 968 817 995; x_wconf 91' lang='lat' dir='ltr'>et</span> <span class='ocrx_word' id='word_1_79' title='bbox 843 960 976 995; x_wconf 87' lang='lat' dir='ltr'>rationa-</span> 
     </span>
    </p>

    <p class='ocr_par' dir='ltr' id='par_1_7' title="bbox 236 1008 979 1057">
     <span class='ocr_line' id='line_1_16' title="bbox 236 1008 979 1057; baseline -0.001 -12"><span class='ocrx_word' id='word_1_80' title='bbox 236 1008 289 1044; x_wconf 88' lang='lat' dir='ltr'>bili</span> <span class='ocrx_word' id='word_1_81' title='bbox 316 1021 407 1045; x_wconf 90' lang='lat' dir='ltr'>causa</span> <span class='ocrx_word' id='word_1_82' title='bbox 429 1017 459 1044; x_wconf 89' lang='lat' dir='ltr'>et</span> <span class='ocrx_word' id='word_1_83' title='bbox 481 1009 615 1057; x_wconf 81' lang='lat' dir='ltr'>legitima</span> <span class='ocrx_word' id='word_1_84' title='bbox 639 1009 785 1044; x_wconf 86' lang='lat' dir='ltr'>citatione</span> <span class='ocrx_word' id='word_1_85' title='bbox 815 1009 979 1044; x_wconf 85' lang='lat' dir='ltr'>subiicere.</span> 
     </span>
    </p>

    <p class='ocr_par' dir='ltr' id='par_1_8' title="bbox 42 1058 981 1155">
     <span class='ocr_line' id='line_1_17' title="bbox 283 1058 981 1107; baseline -0.001 -13"><span class='ocrx_word' id='word_1_86' title='bbox 283 1058 441 1095; x_wconf 81' lang='lat' dir='ltr'>Praesenti</span> <span class='ocrx_word' id='word_1_87' title='bbox 461 1059 571 1107; x_wconf 83' lang='lat' dir='ltr'>pagina</span> <span class='ocrx_word' id='word_1_88' title='bbox 589 1058 806 1102; x_wconf 74' lang='lat' dir='ltr'>decernentes,</span> <span class='ocrx_word' id='word_1_89' title='bbox 829 1067 862 1093; x_wconf 90' lang='lat' dir='ltr'>ut</span> <span class='ocrx_word' id='word_1_90' title='bbox 877 1059 981 1094; x_wconf 86' lang='lat' dir='ltr'>nullus</span> 
     </span>
     <span class='ocr_line' id='line_1_18' title="bbox 42 1107 981 1155; baseline 0 -12"><span class='ocrx_word' id='word_1_91' title='bbox 42 1112 82 1133; x_wconf 64' lang='grc' dir='ltr'>ΑΜ</span> <span class='ocrx_word' id='word_1_92' title='bbox 119 1107 445 1144; x_wconf 68' lang='lat' dir='ltr'>⁸¹¹iuibu⁵Eeclesiarum</span> <span class='ocrx_word' id='word_1_93' title='bbox 477 1108 632 1155; x_wconf 87' lang='lat' dir='ltr'>praelatus</span> <span class='ocrx_word' id='word_1_94' title='bbox 658 1121 674 1143; x_wconf 87' lang='lat' dir='ltr'>a</span> <span class='ocrx_word' id='word_1_95' title='bbox 697 1108 846 1143; x_wconf 86' lang='lat' dir='ltr'>domibus</span> <span class='ocrx_word' id='word_1_96' title='bbox 874 1109 981 1145; x_wconf 87' lang='lat' dir='ltr'>vestris</span> 
     </span>
    </p>
   </div>
   <div class='ocr_carea' id='block_1_3' title="bbox 41 1143 980 1206">
    <p class='ocr_par' dir='ltr' id='par_1_9' title="bbox 41 1143 980 1206">
     <span class='ocr_line' id='line_1_19' title="bbox 41 1143 980 1206; baseline -0.001 -13"><span class='ocrx_word' id='word_1_97' title='bbox 41 1143 403 1206; x_wconf 57' lang='lat' dir='ltr'>tli?}1i⁸v13¹.⁰?li-quicq11am</span> <span class='ocrx_word' id='word_1_98' title='bbox 425 1170 567 1204; x_wconf 81' lang='lat' dir='ltr'>exigere,</span> <span class='ocrx_word' id='word_1_99' title='bbox 599 1166 720 1204; x_wconf 87' lang='lat' dir='ltr'>praeter</span> <span class='ocrx_word' id='word_1_100' title='bbox 740 1157 851 1192; x_wconf 86' lang='lat' dir='ltr'>libram</span> <span class='ocrx_word' id='word_1_101' title='bbox 880 1169 980 1203; x_wconf 89' lang='lat' dir='ltr'>cerae,</span> 
     </span>
    </p>
   </div>
   <div class='ocr_carea' id='block_1_4' title="bbox 36 1206 980 2639">
    <p class='ocr_par' dir='ltr' id='par_1_10' title="bbox 42 1206 980 1402">
     <span class='ocr_line' id='line_1_20' title="bbox 42 1206 980 1253; baseline -0.001 -11"><span class='ocrx_word' id='word_1_102' title='bbox 42 1208 115 1227; x_wconf 55' lang='lat' dir='ltr'>“em</span> <span class='ocrx_word' id='word_1_103' title='bbox 235 1206 346 1243; x_wconf 78' lang='lat' dir='ltr'>audeat</span> <span class='ocrx_word' id='word_1_104' title='bbox 372 1207 420 1243; x_wconf 93' lang='lat' dir='ltr'>vel</span> <span class='ocrx_word' id='word_1_105' title='bbox 441 1209 534 1242; x_wconf 89' lang='lat' dir='ltr'>etiam</span> <span class='ocrx_word' id='word_1_106' title='bbox 561 1215 755 1253; x_wconf 87' lang='lat' dir='ltr'>extorquere.</span> <span class='ocrx_word' id='word_1_107' title='bbox 783 1207 883 1242; x_wconf 87' lang='lat' dir='ltr'>Salvis</span> <span class='ocrx_word' id='word_1_108' title='bbox 905 1219 980 1242; x_wconf 90' lang='lat' dir='ltr'>cen-</span> 
     </span>
     <span class='ocr_line' id='line_1_21' title="bbox 237 1254 980 1303; baseline 0.001 -13"><span class='ocrx_word' id='word_1_109' title='bbox 237 1254 325 1291; x_wconf 87' lang='lat' dir='ltr'>sibus</span> <span class='ocrx_word' id='word_1_110' title='bbox 346 1255 427 1301; x_wconf 85' lang='lat' dir='ltr'>illis,</span> <span class='ocrx_word' id='word_1_111' title='bbox 460 1257 513 1303; x_wconf 91' lang='lat' dir='ltr'>qui</span> <span class='ocrx_word' id='word_1_112' title='bbox 548 1268 632 1292; x_wconf 92' lang='lat' dir='ltr'>nunc</span> <span class='ocrx_word' id='word_1_113' title='bbox 657 1256 687 1291; x_wconf 93' lang='lat' dir='ltr'>in</span> <span class='ocrx_word' id='word_1_114' title='bbox 710 1256 897 1303; x_wconf 90' lang='lat' dir='ltr'>quibusdam</span> <span class='ocrx_word' id='word_1_115' title='bbox 921 1256 980 1291; x_wconf 92' lang='lat' dir='ltr'>do-</span> 
     </span>
     <span class='ocr_line' id='line_1_22' title="bbox 237 1304 978 1350; baseline 0.001 -10"><span class='ocrx_word' id='word_1_116' title='bbox 237 1304 340 1341; x_wconf 84' lang='lat' dir='ltr'>mibus</span> <span class='ocrx_word' id='word_1_117' title='bbox 364 1306 475 1341; x_wconf 88' lang='lat' dir='ltr'>vestris</span> <span class='ocrx_word' id='word_1_118' title='bbox 495 1305 654 1342; x_wconf 87' lang='lat' dir='ltr'>constituti</span> <span class='ocrx_word' id='word_1_119' title='bbox 668 1314 756 1350; x_wconf 88' lang='lat' dir='ltr'>sunt,</span> <span class='ocrx_word' id='word_1_120' title='bbox 771 1305 809 1340; x_wconf 92' lang='lat' dir='ltr'>de</span> <span class='ocrx_word' id='word_1_121' title='bbox 823 1318 978 1341; x_wconf 89' lang='lat' dir='ltr'>consensu</span> 
     </span>
     <span class='ocr_line' id='line_1_23' title="bbox 235 1354 880 1402; baseline 0 -14"><span class='ocrx_word' id='word_1_122' title='bbox 235 1354 459 1402; x_wconf 88' lang='lat' dir='ltr'>episcoporum</span> <span class='ocrx_word' id='word_1_123' title='bbox 487 1355 647 1391; x_wconf 87' lang='lat' dir='ltr'>annuatim</span> <span class='ocrx_word' id='word_1_124' title='bbox 677 1354 880 1401; x_wconf 87' lang='lat' dir='ltr'>percipiendi.</span> 
     </span>
    </p>

    <p class='ocr_par' dir='ltr' id='par_1_11' title="bbox 40 1403 979 1549">
     <span class='ocr_line' id='line_1_24' title="bbox 282 1403 979 1440; baseline -0.001 -2"><span class='ocrx_word' id='word_1_125' title='bbox 282 1403 492 1440; x_wconf 86' lang='lat' dir='ltr'>Nihilominus</span> <span class='ocrx_word' id='word_1_126' title='bbox 518 1405 609 1439; x_wconf 89' lang='lat' dir='ltr'>etiam</span> <span class='ocrx_word' id='word_1_127' title='bbox 639 1404 725 1439; x_wconf 88' lang='lat' dir='ltr'>vobis</span> <span class='ocrx_word' id='word_1_128' title='bbox 749 1404 896 1438; x_wconf 83' lang='lat' dir='ltr'>duximus</span> <span class='ocrx_word' id='word_1_129' title='bbox 930 1404 979 1438; x_wconf 80' lang='lat' dir='ltr'>in-</span> 
     </span>
     <span class='ocr_line' id='line_1_25' title="bbox 41 1451 975 1508; baseline 0.002 -22"><span class='ocrx_word' id='word_1_130' title='bbox 41 1451 438 1508; x_wconf 50' lang='lat' dir='ltr'>„gffinffmfflssdnlgendum&#39;</span> <span class='ocrx_word' id='word_1_131' title='bbox 466 1461 500 1488; x_wconf 91' lang='lat' dir='ltr'>ut</span> <span class='ocrx_word' id='word_1_132' title='bbox 533 1454 564 1488; x_wconf 91' lang='lat' dir='ltr'>in</span> <span class='ocrx_word' id='word_1_133' title='bbox 600 1453 743 1488; x_wconf 81' lang='lat' dir='ltr'>domibus</span> <span class='ocrx_word' id='word_1_134' title='bbox 776 1452 896 1493; x_wconf 89' lang='lat' dir='ltr'>vestris,</span> <span class='ocrx_word' id='word_1_135' title='bbox 924 1453 975 1488; x_wconf 90' lang='lat' dir='ltr'>ubi</span> 
     </span>
     <span class='ocr_line' id='line_1_26' title="bbox 40 1501 977 1549; baseline 0 -11"><span class='ocrx_word' id='word_1_136' title='bbox 40 1508 60 1538; x_wconf 70' lang='grc' dir='ltr'>ἐι</span> <span class='ocrx_word' id='word_1_137' title='bbox 84 1517 218 1540; x_wconf 64' lang='lat' dir='ltr'>coemeteria.</span> <span class='ocrx_word' id='word_1_138' title='bbox 233 1508 278 1537; x_wconf 86' lang='lat' dir='ltr'>tot</span> <span class='ocrx_word' id='word_1_139' title='bbox 298 1501 407 1538; x_wconf 81' lang='lat' dir='ltr'>fratres</span> <span class='ocrx_word' id='word_1_140' title='bbox 436 1502 561 1538; x_wconf 88' lang='lat' dir='ltr'>assidue</span> <span class='ocrx_word' id='word_1_141' title='bbox 588 1511 835 1541; x_wconf 81' lang='lat' dir='ltr'>commorantur,</span> <span class='ocrx_word' id='word_1_142' title='bbox 861 1502 977 1549; x_wconf 89' lang='lat' dir='ltr'>quibus</span> 
     </span>
    </p>

    <p class='ocr_par' dir='ltr' id='par_1_12' title="bbox 231 1551 977 1649">
     <span class='ocr_line' id='line_1_27' title="bbox 231 1551 977 1593; baseline 0.003 -9"><span class='ocrx_word' id='word_1_143' title='bbox 231 1551 271 1585; x_wconf 85' lang='lat' dir='ltr'>sit</span> <span class='ocrx_word' id='word_1_144' title='bbox 296 1551 425 1588; x_wconf 88' lang='lat' dir='ltr'>ecclesia</span> <span class='ocrx_word' id='word_1_145' title='bbox 462 1552 652 1593; x_wconf 81' lang='lat' dir='ltr'>neccssaria,</span> <span class='ocrx_word' id='word_1_146' title='bbox 681 1551 771 1587; x_wconf 79' lang='lat' dir='ltr'>liceat</span> <span class='ocrx_word' id='word_1_147' title='bbox 794 1551 879 1586; x_wconf 90' lang='lat' dir='ltr'>vobis</span> <span class='ocrx_word' id='word_1_148' title='bbox 901 1564 977 1586; x_wconf 88' lang='lat' dir='ltr'>ora-</span> 
     </span>
     <span class='ocr_line' id='line_1_28' title="bbox 233 1600 902 1649; baseline 0 -14"><span class='ocrx_word' id='word_1_149' title='bbox 233 1600 311 1649; x_wconf 82' lang='lat' dir='ltr'>toria</span> <span class='ocrx_word' id='word_1_150' title='bbox 337 1602 456 1648; x_wconf 84' lang='lat' dir='ltr'>erigere</span> <span class='ocrx_word' id='word_1_151' title='bbox 478 1610 506 1637; x_wconf 88' lang='lat' dir='ltr'>et</span> <span class='ocrx_word' id='word_1_152' title='bbox 528 1601 713 1639; x_wconf 84' lang='lat' dir='ltr'>coemeteria</span> <span class='ocrx_word' id='word_1_153' title='bbox 740 1601 902 1636; x_wconf 84' lang='lat' dir='ltr'>fabricare.</span> 
     </span>
    </p>

    <p class='ocr_par' dir='ltr' id='par_1_13' title="bbox 39 1648 976 1798">
     <span class='ocr_line' id='line_1_29' title="bbox 279 1648 976 1700; baseline 0.001 -15"><span class='ocrx_word' id='word_1_154' title='bbox 279 1648 422 1693; x_wconf 86' lang='lat' dir='ltr'>Quorum</span> <span class='ocrx_word' id='word_1_155' title='bbox 445 1651 636 1700; x_wconf 84' lang='lat' dir='ltr'>sepulturam</span> <span class='ocrx_word' id='word_1_156' title='bbox 667 1650 794 1685; x_wconf 88' lang='lat' dir='ltr'>liberam</span> <span class='ocrx_word' id='word_1_157' title='bbox 822 1663 890 1686; x_wconf 90' lang='lat' dir='ltr'>esse</span> <span class='ocrx_word' id='word_1_158' title='bbox 919 1650 976 1686; x_wconf 91' lang='lat' dir='ltr'>de-</span> 
     </span>
     <span class='ocr_line' id='line_1_30' title="bbox 50 1700 976 1745; baseline 0.001 -11"><span class='ocrx_word' id='word_1_159' title='bbox 50 1700 401 1745; x_wconf 46' lang='lat' dir='ltr'>Quorumfepucernimus,</span> <span class='ocrx_word' id='word_1_160' title='bbox 435 1711 469 1737; x_wconf 87' lang='lat' dir='ltr'>ut</span> <span class='ocrx_word' id='word_1_161' title='bbox 502 1713 609 1736; x_wconf 86' lang='lat' dir='ltr'>eorum</span> <span class='ocrx_word' id='word_1_162' title='bbox 639 1700 795 1735; x_wconf 84' lang='lat' dir='ltr'>devotioni</span> <span class='ocrx_word' id='word_1_163' title='bbox 818 1708 844 1735; x_wconf 85' lang='lat' dir='ltr'>et</span> <span class='ocrx_word' id='word_1_164' title='bbox 873 1708 976 1735; x_wconf 79' lang='lat' dir='ltr'>extre-</span> 
     </span>
     <span class='ocr_line' id='line_1_31' title="bbox 39 1738 976 1798; baseline 0 -14"><span class='ocrx_word' id='word_1_165' title='bbox 39 1738 218 1790; x_wconf 52' lang='lat'>222⁸„¹}&#39;„„¹‚&#39;¹&#39;‘¹¹&#39;¹²</span> <span class='ocrx_word' id='word_1_166' title='bbox 231 1761 300 1785; x_wconf 77' lang='lat' dir='ltr'>inae</span> <span class='ocrx_word' id='word_1_167' title='bbox 321 1750 470 1786; x_wconf 88' lang='lat' dir='ltr'>voluntati</span> <span class='ocrx_word' id='word_1_168' title='bbox 489 1752 542 1798; x_wconf 83' lang='lat' dir='ltr'>qui</span> <span class='ocrx_word' id='word_1_169' title='bbox 563 1763 595 1785; x_wconf 85' lang='lat' dir='ltr'>se</span> <span class='ocrx_word' id='word_1_170' title='bbox 617 1749 679 1785; x_wconf 91' lang='lat' dir='ltr'>illic</span> <span class='ocrx_word' id='word_1_171' title='bbox 700 1750 825 1797; x_wconf 86' lang='lat' dir='ltr'>sepeliri</span> <span class='ocrx_word' id='word_1_172' title='bbox 853 1749 976 1785; x_wconf 85' lang='lat' dir='ltr'>delibe-</span> 
     </span>
    </p>

    <p class='ocr_par' dir='ltr' id='par_1_14' title="bbox 231 1799 976 1996">
     <span class='ocr_line' id='line_1_32' title="bbox 232 1799 974 1844; baseline 0.001 -10"><span class='ocrx_word' id='word_1_173' title='bbox 232 1799 383 1842; x_wconf 71' lang='lat' dir='ltr'>raverint,</span> <span class='ocrx_word' id='word_1_174' title='bbox 418 1801 476 1835; x_wconf 87' lang='lat' dir='ltr'>nisi</span> <span class='ocrx_word' id='word_1_175' title='bbox 511 1800 588 1835; x_wconf 79' lang='lat' dir='ltr'>sorte</span> <span class='ocrx_word' id='word_1_176' title='bbox 621 1800 894 1844; x_wconf 80' lang='lat' dir='ltr'>excommunicati,</span> <span class='ocrx_word' id='word_1_177' title='bbox 928 1799 974 1835; x_wconf 85' lang='lat' dir='ltr'>vel</span> 
     </span>
     <span class='ocr_line' id='line_1_33' title="bbox 231 1848 976 1889; baseline 0.001 -6"><span class='ocrx_word' id='word_1_178' title='bbox 231 1848 385 1884; x_wconf 80' lang='lat' dir='ltr'>interdicti</span> <span class='ocrx_word' id='word_1_179' title='bbox 408 1850 487 1889; x_wconf 73' lang='lat' dir='ltr'>sint,</span> <span class='ocrx_word' id='word_1_180' title='bbox 516 1850 620 1884; x_wconf 89' lang='lat' dir='ltr'>nullus</span> <span class='ocrx_word' id='word_1_181' title='bbox 641 1849 779 1884; x_wconf 89' lang='lat' dir='ltr'>obsistat.</span> <span class='ocrx_word' id='word_1_182' title='bbox 808 1848 898 1884; x_wconf 85' lang='lat' dir='ltr'>Salva</span> <span class='ocrx_word' id='word_1_183' title='bbox 931 1856 976 1884; x_wconf 86' lang='lat' dir='ltr'>ta-</span> 
     </span>
     <span class='ocr_line' id='line_1_34' title="bbox 233 1898 976 1946; baseline 0.003 -15"><span class='ocrx_word' id='word_1_184' title='bbox 233 1909 304 1932; x_wconf 89' lang='lat' dir='ltr'>men</span> <span class='ocrx_word' id='word_1_185' title='bbox 327 1899 441 1934; x_wconf 84' lang='lat' dir='ltr'>iustitia</span> <span class='ocrx_word' id='word_1_186' title='bbox 463 1899 583 1934; x_wconf 89' lang='lat' dir='ltr'>illarum</span> <span class='ocrx_word' id='word_1_187' title='bbox 598 1898 809 1934; x_wconf 86' lang='lat' dir='ltr'>Ecclesiarum</span> <span class='ocrx_word' id='word_1_188' title='bbox 826 1910 841 1933; x_wconf 89' lang='lat' dir='ltr'>a</span> <span class='ocrx_word' id='word_1_189' title='bbox 860 1898 976 1946; x_wconf 86' lang='lat' dir='ltr'>quibus</span> 
     </span>
     <span class='ocr_line' id='line_1_35' title="bbox 233 1955 810 1996; baseline 0 -14"><span class='ocrx_word' id='word_1_190' title='bbox 233 1955 426 1983; x_wconf 87' lang='lat' dir='ltr'>mortuorum</span> <span class='ocrx_word' id='word_1_191' title='bbox 448 1960 576 1996; x_wconf 87' lang='lat' dir='ltr'>corpora</span> <span class='ocrx_word' id='word_1_192' title='bbox 599 1955 810 1984; x_wconf 85' lang='lat' dir='ltr'>assumuntur.</span> 
     </span>
    </p>

    <p class='ocr_par' dir='ltr' id='par_1_15' title="bbox 36 1996 975 2204">
     <span class='ocr_line' id='line_1_36' title="bbox 280 1996 975 2046; baseline 0 -15"><span class='ocrx_word' id='word_1_193' title='bbox 280 1996 423 2033; x_wconf 87' lang='lat' dir='ltr'>Chrisma</span> <span class='ocrx_word' id='word_1_194' title='bbox 449 2009 585 2046; x_wconf 81' lang='lat' dir='ltr'>quoque,</span> <span class='ocrx_word' id='word_1_195' title='bbox 611 1997 723 2033; x_wconf 90' lang='lat' dir='ltr'>Oleum</span> <span class='ocrx_word' id='word_1_196' title='bbox 746 2005 901 2038; x_wconf 69' lang='lat' dir='ltr'>sanctum,</span> <span class='ocrx_word' id='word_1_197' title='bbox 925 1996 975 2032; x_wconf 85' lang='lat' dir='ltr'>de-</span> 
     </span>
     <span class='ocr_line' id='line_1_37' title="bbox 49 2044 975 2104; baseline 0.001 -24"><span class='ocrx_word' id='word_1_198' title='bbox 49 2051 134 2104; x_wconf 43' lang='lat' dir='ltr'>sum-0³·</span> <span class='ocrx_word' id='word_1_199' title='bbox 149 2050 216 2101; x_wconf 56' lang='lat' dir='ltr'>,⁰¹⁶ss</span> <span class='ocrx_word' id='word_1_200' title='bbox 231 2044 407 2086; x_wconf 78' lang='lat' dir='ltr'>dicationes</span> <span class='ocrx_word' id='word_1_201' title='bbox 432 2048 646 2087; x_wconf 76' lang='lat' dir='ltr'>ecclesiarum,</span> <span class='ocrx_word' id='word_1_202' title='bbox 674 2047 887 2082; x_wconf 83' lang='lat' dir='ltr'>ordinationes</span> <span class='ocrx_word' id='word_1_203' title='bbox 911 2045 975 2082; x_wconf 90' lang='lat' dir='ltr'>cle-</span> 
     </span>
     <span class='ocr_line' id='line_1_38' title="bbox 36 2085 975 2144; baseline 0.002 -14"><span class='ocrx_word' id='word_1_204' title='bbox 36 2085 216 2140; x_wconf 58' lang='lat' dir='ltr'>1¹13.{‡¹52095.2²i&gt;-</span> <span class='ocrx_word' id='word_1_205' title='bbox 231 2095 385 2137; x_wconf 86' lang='lat' dir='ltr'>ricorum‚</span> <span class='ocrx_word' id='word_1_206' title='bbox 422 2098 476 2144; x_wconf 90' lang='lat' dir='ltr'>qui</span> <span class='ocrx_word' id='word_1_207' title='bbox 511 2097 548 2132; x_wconf 88' lang='lat' dir='ltr'>ad</span> <span class='ocrx_word' id='word_1_208' title='bbox 576 2109 681 2132; x_wconf 88' lang='lat' dir='ltr'>sacros</span> <span class='ocrx_word' id='word_1_209' title='bbox 707 2096 820 2132; x_wconf 87' lang='lat' dir='ltr'>fuerint</span> <span class='ocrx_word' id='word_1_210' title='bbox 847 2096 975 2132; x_wconf 83' lang='lat' dir='ltr'>ordines</span> 
     </span>
     <span class='ocr_line' id='line_1_39' title="bbox 36 2144 975 2204; baseline 0.001 -24"><span class='ocrx_word' id='word_1_211' title='bbox 36 2144 217 2204; x_wconf 55' lang='lat' dir='ltr'>gg·‘·‘·⁰¹,¹;⁸ffi⁸⁰g⁵</span> <span class='ocrx_word' id='word_1_212' title='bbox 231 2145 447 2193; x_wconf 85' lang='lat' dir='ltr'>promovendi,</span> <span class='ocrx_word' id='word_1_213' title='bbox 462 2154 492 2181; x_wconf 89' lang='lat' dir='ltr'>et</span> <span class='ocrx_word' id='word_1_214' title='bbox 506 2154 623 2181; x_wconf 87' lang='lat' dir='ltr'>caetera</span> <span class='ocrx_word' id='word_1_215' title='bbox 645 2146 853 2182; x_wconf 88' lang='lat' dir='ltr'>ecclesiastica</span> <span class='ocrx_word' id='word_1_216' title='bbox 876 2157 975 2181; x_wconf 83' lang='lat' dir='ltr'>sacra-</span> 
     </span>
    </p>

    <p class='ocr_par' dir='ltr' id='par_1_16' title="bbox 229 2195 974 2342">
     <span class='ocr_line' id='line_1_40' title="bbox 229 2195 974 2242; baseline 0 -12"><span class='ocrx_word' id='word_1_217' title='bbox 229 2203 346 2235; x_wconf 71' lang='lat' dir='ltr'>menta,</span> <span class='ocrx_word' id='word_1_218' title='bbox 372 2207 388 2229; x_wconf 90' lang='lat' dir='ltr'>a</span> <span class='ocrx_word' id='word_1_219' title='bbox 410 2207 608 2242; x_wconf 87' lang='lat' dir='ltr'>quocumque</span> <span class='ocrx_word' id='word_1_220' title='bbox 629 2195 803 2231; x_wconf 89' lang='lat' dir='ltr'>malueritis</span> <span class='ocrx_word' id='word_1_221' title='bbox 823 2195 974 2231; x_wconf 82' lang='lat' dir='ltr'>catholico</span> 
     </span>
     <span class='ocr_line' id='line_1_41' title="bbox 232 2245 974 2292; baseline 0 -13"><span class='ocrx_word' id='word_1_222' title='bbox 232 2245 389 2292; x_wconf 88' lang='lat' dir='ltr'>recipiatis</span> <span class='ocrx_word' id='word_1_223' title='bbox 414 2245 574 2292; x_wconf 78' lang='lat' dir='ltr'>episcopo,</span> <span class='ocrx_word' id='word_1_224' title='bbox 600 2246 652 2292; x_wconf 86' lang='lat' dir='ltr'>qui</span> <span class='ocrx_word' id='word_1_225' title='bbox 676 2253 779 2280; x_wconf 90' lang='lat' dir='ltr'>nostra</span> <span class='ocrx_word' id='word_1_226' title='bbox 802 2245 896 2280; x_wconf 84' lang='lat' dir='ltr'>fultus</span> <span class='ocrx_word' id='word_1_227' title='bbox 917 2256 974 2279; x_wconf 91' lang='lat' dir='ltr'>au-</span> 
     </span>
     <span class='ocr_line' id='line_1_42' title="bbox 232 2293 903 2342; baseline 0.001 -14"><span class='ocrx_word' id='word_1_228' title='bbox 232 2293 389 2340; x_wconf 88' lang='lat' dir='ltr'>thoritate,</span> <span class='ocrx_word' id='word_1_229' title='bbox 414 2294 497 2342; x_wconf 88' lang='lat' dir='ltr'>quod</span> <span class='ocrx_word' id='word_1_230' title='bbox 523 2295 705 2341; x_wconf 76' lang='lat' dir='ltr'>postulatur,</span> <span class='ocrx_word' id='word_1_231' title='bbox 733 2294 903 2342; x_wconf 88' lang='lat' dir='ltr'>impendat.</span> 
     </span>
    </p>

    <p class='ocr_par' dir='ltr' id='par_1_17' title="bbox 36 2342 973 2491">
     <span class='ocr_line' id='line_1_43' title="bbox 279 2342 973 2392; baseline -0.001 -13"><span class='ocrx_word' id='word_1_232' title='bbox 279 2342 327 2379; x_wconf 77' lang='lat' dir='ltr'>Ad</span> <span class='ocrx_word' id='word_1_233' title='bbox 350 2343 501 2379; x_wconf 86' lang='lat' dir='ltr'>iudicium</span> <span class='ocrx_word' id='word_1_234' title='bbox 527 2352 644 2383; x_wconf 85' lang='lat' dir='ltr'>autem.</span> <span class='ocrx_word' id='word_1_235' title='bbox 671 2344 754 2392; x_wconf 85' lang='lat' dir='ltr'>quod</span> <span class='ocrx_word' id='word_1_236' title='bbox 777 2344 885 2379; x_wconf 89' lang='lat' dir='ltr'>eadem</span> <span class='ocrx_word' id='word_1_237' title='bbox 910 2343 973 2378; x_wconf 89' lang='lat' dir='ltr'>do-</span> 
     </span>
     <span class='ocr_line' id='line_1_44' title="bbox 48 2392 972 2441; baseline 0 -13"><span class='ocrx_word' id='word_1_238' title='bbox 48 2396 138 2420; x_wconf 59' lang='lat' dir='ltr'>C‘ssssm·</span> <span class='ocrx_word' id='word_1_239' title='bbox 177 2402 215 2432; x_wconf 64' lang='grc' dir='ltr'>’Ψ-</span> <span class='ocrx_word' id='word_1_240' title='bbox 232 2405 302 2428; x_wconf 91' lang='lat' dir='ltr'>mus</span> <span class='ocrx_word' id='word_1_241' title='bbox 324 2401 422 2429; x_wconf 88' lang='lat' dir='ltr'>vestra</span> <span class='ocrx_word' id='word_1_242' title='bbox 445 2393 620 2441; x_wconf 82' lang='lat' dir='ltr'>specialiter</span> <span class='ocrx_word' id='word_1_243' title='bbox 643 2393 720 2428; x_wconf 91' lang='lat' dir='ltr'>beati</span> <span class='ocrx_word' id='word_1_244' title='bbox 744 2392 826 2429; x_wconf 87' lang='lat' dir='ltr'>Petri</span> <span class='ocrx_word' id='word_1_245' title='bbox 849 2393 972 2434; x_wconf 78' lang='lat' dir='ltr'>existat,</span> 
     </span>
     <span class='ocr_line' id='line_1_45' title="bbox 36 2430 973 2491; baseline 0.001 -15"><span class='ocrx_word' id='word_1_246' title='bbox 36 2434 97 2450; x_wconf 63' lang='lat'><strong>”⁸⁹¹³</strong></span> <span class='ocrx_word' id='word_1_247' title='bbox 120 2430 214 2455; x_wconf 56' lang='lat' dir='ltr'>mmm</span> <span class='ocrx_word' id='word_1_248' title='bbox 231 2442 397 2479; x_wconf 86' lang='lat' dir='ltr'>duodecim</span> <span class='ocrx_word' id='word_1_249' title='bbox 442 2443 618 2491; x_wconf 88' lang='lat' dir='ltr'>imperiales</span> <span class='ocrx_word' id='word_1_250' title='bbox 668 2442 758 2477; x_wconf 84' lang='lat' dir='ltr'>nohis</span> <span class='ocrx_word' id='word_1_251' title='bbox 795 2443 973 2490; x_wconf 82' lang='lat' dir='ltr'>nostrisque</span> 
     </span>
    </p>

    <p class='ocr_par' dir='ltr' id='par_1_18' title="bbox 231 2492 970 2540">
     <span class='ocr_line' id='line_1_46' title="bbox 231 2492 970 2540; baseline -0.003 -12"><span class='ocrx_word' id='word_1_252' title='bbox 231 2492 466 2528; x_wconf 80' lang='lat' dir='ltr'>successoribus</span> <span class='ocrx_word' id='word_1_253' title='bbox 492 2492 581 2528; x_wconf 88' lang='lat' dir='ltr'>annis</span> <span class='ocrx_word' id='word_1_254' title='bbox 615 2492 744 2538; x_wconf 81' lang='lat' dir='ltr'>singulis</span> <span class='ocrx_word' id='word_1_255' title='bbox 779 2492 970 2540; x_wconf 82' lang='lat' dir='ltr'>persolvatis.</span> 
     </span>
    </p>

    <p class='ocr_par' dir='ltr' id='par_1_19' title="bbox 49 2540 973 2639">
     <span class='ocr_line' id='line_1_47' title="bbox 279 2540 972 2588; baseline -0.001 -12"><span class='ocrx_word' id='word_1_256' title='bbox 279 2540 485 2578; x_wconf 86' lang='lat' dir='ltr'>Decernimus</span> <span class='ocrx_word' id='word_1_257' title='bbox 507 2554 591 2588; x_wconf 80' lang='lat' dir='ltr'>ergo.</span> <span class='ocrx_word' id='word_1_258' title='bbox 619 2549 650 2576; x_wconf 91' lang='lat' dir='ltr'>ut</span> <span class='ocrx_word' id='word_1_259' title='bbox 679 2541 754 2576; x_wconf 88' lang='lat' dir='ltr'>nulli</span> <span class='ocrx_word' id='word_1_260' title='bbox 776 2542 904 2577; x_wconf 90' lang='lat' dir='ltr'>omnino</span> <span class='ocrx_word' id='word_1_261' title='bbox 923 2541 972 2576; x_wconf 93' lang='lat' dir='ltr'>ho-</span> 
     </span>
     <span class='ocr_line' id='line_1_48' title="bbox 49 2589 973 2639; baseline -0.001 -13"><span class='ocrx_word' id='word_1_262' title='bbox 49 2596 135 2619; x_wconf 70' lang='lat' dir='ltr'>⁸⁰¹iw¹¹=</span> <span class='ocrx_word' id='word_1_263' title='bbox 176 2597 215 2617; x_wconf 70' lang='lat'>¹¹¹¹-</span> <span class='ocrx_word' id='word_1_264' title='bbox 231 2593 350 2626; x_wconf 85' lang='lat' dir='ltr'>minum</span> <span class='ocrx_word' id='word_1_265' title='bbox 372 2591 462 2627; x_wconf 90' lang='lat' dir='ltr'>liceat</span> <span class='ocrx_word' id='word_1_266' title='bbox 484 2591 650 2639; x_wconf 79' lang='lat' dir='ltr'>praefatam</span> <span class='ocrx_word' id='word_1_267' title='bbox 668 2589 838 2626; x_wconf 83' lang='lat' dir='ltr'>Ecclesiam</span> <span class='ocrx_word' id='word_1_268' title='bbox 858 2599 886 2626; x_wconf 90' lang='lat' dir='ltr'>et</span> <span class='ocrx_word' id='word_1_269' title='bbox 915 2590 973 2626; x_wconf 91' lang='lat' dir='ltr'>ho-</span> 
     </span>
    </p>
   </div>
   <div class='ocr_carea' id='block_1_5' title="bbox 36 2627 972 2689">
    <p class='ocr_par' dir='ltr' id='par_1_20' title="bbox 36 2627 972 2689">
     <span class='ocr_line' id='line_1_49' title="bbox 37 2627 827 2650; baseline -0.014 1"><span class='ocrx_word' id='word_1_270' title='bbox 37 2628 143 2650; x_wconf 71' lang='lat' dir='ltr'>munnam</span> <span class='ocrx_word' id='word_1_271' title='bbox 178 2627 217 2649; x_wconf 74' lang='lat' dir='ltr'>ds·</span> <span class='ocrx_word' id='word_1_272' title='bbox 270 2641 276 2647; x_wconf 85' lang='lat'><strong>.</strong></span> <span class='ocrx_word' id='word_1_273' title='bbox 822 2641 827 2646; x_wconf 68' lang='grc'><strong>,</strong></span> 
     </span>
     <span class='ocr_line' id='line_1_50' title="bbox 36 2640 972 2689; baseline -0.002 -12"><span class='ocrx_word' id='word_1_274' title='bbox 36 2662 124 2685; x_wconf 70' lang='lat' dir='ltr'>enim</span> <span class='ocrx_word' id='word_1_275' title='bbox 230 2640 340 2688; x_wconf 82' lang='lat' dir='ltr'>spitale</span> <span class='ocrx_word' id='word_1_276' title='bbox 363 2648 479 2678; x_wconf 84' lang='lat' dir='ltr'>temere</span> <span class='ocrx_word' id='word_1_277' title='bbox 500 2640 693 2689; x_wconf 79' lang='lat' dir='ltr'>perturbare,</span> <span class='ocrx_word' id='word_1_278' title='bbox 721 2647 772 2676; x_wconf 82' lang='lat' dir='ltr'>aut</span> <span class='ocrx_word' id='word_1_279' title='bbox 801 2652 870 2676; x_wconf 83' lang='lat' dir='ltr'>eius</span> <span class='ocrx_word' id='word_1_280' title='bbox 892 2651 972 2688; x_wconf 88' lang='lat' dir='ltr'>pos—</span> 
     </span>
    </p>
   </div>
   <div class='ocr_carea' id='block_1_6' title="bbox 855 262 1129 286">
    <p class='ocr_par' dir='ltr' id='par_1_21' title="bbox 855 262 1129 286">
     <span class='ocr_line' id='line_1_51' title="bbox 855 262 1129 286; baseline -0.004 -1"><span class='ocrx_word' id='word_1_281' title='bbox 855 262 1000 286; x_wconf 76' lang='lat' dir='ltr'>nnBANus</span> <span class='ocrx_word' id='word_1_282' title='bbox 1021 263 1058 285; x_wconf 87' lang='grc' dir='ltr'>ΙΙΙ</span> <span class='ocrx_word' id='word_1_283' title='bbox 1082 262 1129 284; x_wconf 74' lang='grc' dir='ltr'>ΙΨ.</span> 
     </span>
    </p>
   </div>
   <div class='ocr_carea' id='block_1_7' title="bbox 988 2489 994 2694">
    <p class='ocr_par' dir='ltr' id='par_1_22' title="bbox 988 2489 994 2694">
     <span class='ocr_line' id='line_1_52' title="bbox 988 2489 994 2694; baseline 0 529"><span class='ocrx_word' id='word_1_284' title='bbox 988 2489 994 2694; x_wconf 95' lang='lat' dir='ltr'> </span> 
     </span>
    </p>
   </div>
   <div class='ocr_carea' id='block_1_8' title="bbox 1681 253 1725 285">
    <p class='ocr_par' dir='ltr' id='par_1_23' title="bbox 1681 253 1725 285">
     <span class='ocr_line' id='line_1_53' title="bbox 1681 253 1725 285; baseline -0.023 0"><span class='ocrx_word' id='word_1_285' title='bbox 1681 253 1725 285; x_wconf 82' lang='grc'>47</span> 
     </span>
    </p>
   </div>
   <div class='ocr_carea' id='block_1_9' title="bbox 1017 315 1775 1503">
    <p class='ocr_par' dir='ltr' id='par_1_24' title="bbox 1019 315 1775 1244">
     <span class='ocr_line' id='line_1_54' title="bbox 1026 315 1774 357; baseline 0 -7"><span class='ocrx_word' id='word_1_286' title='bbox 1026 315 1183 350; x_wconf 88' lang='lat' dir='ltr'>sessiones</span> <span class='ocrx_word' id='word_1_287' title='bbox 1217 315 1357 357; x_wconf 82' lang='lat' dir='ltr'>auferre,</span> <span class='ocrx_word' id='word_1_288' title='bbox 1386 316 1431 352; x_wconf 88' lang='lat' dir='ltr'>vel</span> <span class='ocrx_word' id='word_1_289' title='bbox 1467 316 1585 352; x_wconf 89' lang='lat' dir='ltr'>ablatas</span> <span class='ocrx_word' id='word_1_290' title='bbox 1620 316 1774 356; x_wconf 82' lang='lat' dir='ltr'>retinere,</span> 
     </span>
     <span class='ocr_line' id='line_1_55' title="bbox 1026 365 1774 412; baseline 0 -13"><span class='ocrx_word' id='word_1_291' title='bbox 1026 365 1187 410; x_wconf 86' lang='lat' dir='ltr'>minuere,</span> <span class='ocrx_word' id='word_1_292' title='bbox 1227 377 1282 400; x_wconf 89' lang='lat' dir='ltr'>scu</span> <span class='ocrx_word' id='word_1_293' title='bbox 1317 365 1517 412; x_wconf 85' lang='lat' dir='ltr'>quibuslibet</span> <span class='ocrx_word' id='word_1_294' title='bbox 1554 365 1774 401; x_wconf 83' lang='lat' dir='ltr'>vexationibus</span> 
     </span>
     <span class='ocr_line' id='line_1_56' title="bbox 1026 414 1775 461; baseline -0.001 -12"><span class='ocrx_word' id='word_1_295' title='bbox 1026 414 1175 460; x_wconf 79' lang='lat' dir='ltr'>fatigare;</span> <span class='ocrx_word' id='word_1_296' title='bbox 1198 414 1254 449; x_wconf 84' lang='lat' dir='ltr'>sed</span> <span class='ocrx_word' id='word_1_297' title='bbox 1278 415 1383 449; x_wconf 91' lang='lat' dir='ltr'>omnia</span> <span class='ocrx_word' id='word_1_298' title='bbox 1401 416 1524 461; x_wconf 79' lang='lat' dir='ltr'>integre</span> <span class='ocrx_word' id='word_1_299' title='bbox 1547 422 1775 451; x_wconf 79' lang='lat' dir='ltr'>conserventur</span> 
     </span>
     <span class='ocr_line' id='line_1_57' title="bbox 1025 465 1774 511; baseline -0.001 -12"><span class='ocrx_word' id='word_1_300' title='bbox 1025 476 1145 503; x_wconf 87' lang='lat' dir='ltr'>eorum,</span> <span class='ocrx_word' id='word_1_301' title='bbox 1170 476 1226 511; x_wconf 88' lang='lat' dir='ltr'>pro</span> <span class='ocrx_word' id='word_1_302' title='bbox 1248 476 1382 511; x_wconf 88' lang='lat' dir='ltr'>quorum</span> <span class='ocrx_word' id='word_1_303' title='bbox 1404 465 1633 511; x_wconf 78' lang='lat' dir='ltr'>gubernatione</span> <span class='ocrx_word' id='word_1_304' title='bbox 1655 477 1692 500; x_wconf 87' lang='lat' dir='ltr'>ac</span> <span class='ocrx_word' id='word_1_305' title='bbox 1719 476 1774 499; x_wconf 88' lang='lat' dir='ltr'>su—</span> 
     </span>
     <span class='ocr_line' id='line_1_58' title="bbox 1024 514 1772 549; baseline -0.003 0"><span class='ocrx_word' id='word_1_306' title='bbox 1024 514 1215 549; x_wconf 88' lang='lat' dir='ltr'>stentatione</span> <span class='ocrx_word' id='word_1_307' title='bbox 1247 525 1400 549; x_wconf 88' lang='lat' dir='ltr'>concessa</span> <span class='ocrx_word' id='word_1_308' title='bbox 1428 522 1500 548; x_wconf 93' lang='lat' dir='ltr'>sunt</span> <span class='ocrx_word' id='word_1_309' title='bbox 1529 514 1640 549; x_wconf 90' lang='lat' dir='ltr'>usibus</span> <span class='ocrx_word' id='word_1_310' title='bbox 1662 514 1772 549; x_wconf 90' lang='lat' dir='ltr'>omni—</span> 
     </span>
     <span class='ocr_line' id='line_1_59' title="bbox 1024 562 1771 611; baseline -0.003 -13"><span class='ocrx_word' id='word_1_311' title='bbox 1024 564 1127 599; x_wconf 89' lang='lat' dir='ltr'>modis</span> <span class='ocrx_word' id='word_1_312' title='bbox 1149 563 1322 610; x_wconf 80' lang='lat' dir='ltr'>profutura⁷</span> <span class='ocrx_word' id='word_1_313' title='bbox 1346 563 1428 598; x_wconf 87' lang='lat' dir='ltr'>salva</span> <span class='ocrx_word' id='word_1_314' title='bbox 1452 562 1547 598; x_wconf 80' lang='lat' dir='ltr'>Sedis</span> <span class='ocrx_word' id='word_1_315' title='bbox 1570 563 1771 611; x_wconf 71' lang='lat' dir='ltr'>Apostolicau²</span> 
     </span>
     <span class='ocr_line' id='line_1_60' title="bbox 1023 612 1770 660; baseline -0.001 -12"><span class='ocrx_word' id='word_1_316' title='bbox 1023 614 1219 648; x_wconf 85' lang='lat' dir='ltr'>auctoritate.</span> <span class='ocrx_word' id='word_1_317' title='bbox 1261 612 1295 647; x_wconf 86' lang='lat' dir='ltr'>Si</span> <span class='ocrx_word' id='word_1_318' title='bbox 1336 625 1396 660; x_wconf 87' lang='lat' dir='ltr'>qua</span> <span class='ocrx_word' id='word_1_319' title='bbox 1433 613 1529 660; x_wconf 82' lang='lat' dir='ltr'>igitur</span> <span class='ocrx_word' id='word_1_320' title='bbox 1564 613 1594 648; x_wconf 93' lang='lat' dir='ltr'>in</span> <span class='ocrx_word' id='word_1_321' title='bbox 1633 613 1770 648; x_wconf 79' lang='lat' dir='ltr'>futurum</span> 
     </span>
     <span class='ocr_line' id='line_1_61' title="bbox 1023 662 1771 709; baseline -0.003 -10"><span class='ocrx_word' id='word_1_322' title='bbox 1023 663 1256 702; x_wconf 79' lang='lat' dir='ltr'>ecclesiastica,</span> <span class='ocrx_word' id='word_1_323' title='bbox 1285 662 1496 698; x_wconf 77' lang='lat' dir='ltr'>saecularisve</span> <span class='ocrx_word' id='word_1_324' title='bbox 1520 674 1669 709; x_wconf 83' lang='lat' dir='ltr'>persona,</span> <span class='ocrx_word' id='word_1_325' title='bbox 1691 662 1771 697; x_wconf 86' lang='lat' dir='ltr'>hanc</span> 
     </span>
     <span class='ocr_line' id='line_1_62' title="bbox 1024 712 1770 759; baseline -0.001 -11"><span class='ocrx_word' id='word_1_326' title='bbox 1024 721 1146 748; x_wconf 87' lang='lat' dir='ltr'>nostrae</span> <span class='ocrx_word' id='word_1_327' title='bbox 1185 712 1426 747; x_wconf 85' lang='lat' dir='ltr'>constitutionis</span> <span class='ocrx_word' id='word_1_328' title='bbox 1467 713 1612 759; x_wconf 88' lang='lat' dir='ltr'>paginam</span> <span class='ocrx_word' id='word_1_329' title='bbox 1649 713 1770 751; x_wconf 76' lang='lat' dir='ltr'>sciens,</span> 
     </span>
     <span class='ocr_line' id='line_1_63' title="bbox 1022 769 1772 803; baseline -0.003 -6"><span class='ocrx_word' id='word_1_330' title='bbox 1022 771 1127 798; x_wconf 89' lang='lat' dir='ltr'>contra</span> <span class='ocrx_word' id='word_1_331' title='bbox 1150 773 1218 797; x_wconf 87' lang='lat' dir='ltr'>eam</span> <span class='ocrx_word' id='word_1_332' title='bbox 1246 770 1364 798; x_wconf 88' lang='lat' dir='ltr'>temere</span> <span class='ocrx_word' id='word_1_333' title='bbox 1391 773 1496 796; x_wconf 85' lang='lat' dir='ltr'>venire</span> <span class='ocrx_word' id='word_1_334' title='bbox 1519 769 1697 803; x_wconf 79' lang='lat' dir='ltr'>tentaverit,</span> <span class='ocrx_word' id='word_1_335' title='bbox 1725 773 1772 796; x_wconf 83' lang='lat' dir='ltr'>sc—</span> 
     </span>
     <span class='ocr_line' id='line_1_64' title="bbox 1022 811 1769 855; baseline -0.001 -9"><span class='ocrx_word' id='word_1_336' title='bbox 1022 812 1127 847; x_wconf 89' lang='lat' dir='ltr'>cundo</span> <span class='ocrx_word' id='word_1_337' title='bbox 1156 812 1288 847; x_wconf 88' lang='lat' dir='ltr'>tertiove</span> <span class='ocrx_word' id='word_1_338' title='bbox 1322 811 1525 855; x_wconf 87' lang='lat' dir='ltr'>commonita,</span> <span class='ocrx_word' id='word_1_339' title='bbox 1558 811 1620 846; x_wconf 91' lang='lat' dir='ltr'>nisi</span> <span class='ocrx_word' id='word_1_340' title='bbox 1649 818 1769 846; x_wconf 88' lang='lat' dir='ltr'>reatum</span> 
     </span>
     <span class='ocr_line' id='line_1_65' title="bbox 1021 860 1769 908; baseline -0.003 -12"><span class='ocrx_word' id='word_1_341' title='bbox 1021 874 1115 896; x_wconf 90' lang='lat' dir='ltr'>suum</span> <span class='ocrx_word' id='word_1_342' title='bbox 1148 873 1287 908; x_wconf 80' lang='lat' dir='ltr'>congrua</span> <span class='ocrx_word' id='word_1_343' title='bbox 1323 860 1536 896; x_wconf 83' lang='lat' dir='ltr'>satisfactione</span> <span class='ocrx_word' id='word_1_344' title='bbox 1573 861 1769 900; x_wconf 78' lang='lat' dir='ltr'>correxerit,</span> 
     </span>
     <span class='ocr_line' id='line_1_66' title="bbox 1023 910 1769 958; baseline -0.003 -12"><span class='ocrx_word' id='word_1_345' title='bbox 1023 911 1197 958; x_wconf 80' lang='lat' dir='ltr'>potestatis,</span> <span class='ocrx_word' id='word_1_346' title='bbox 1231 910 1424 958; x_wconf 88' lang='lat' dir='ltr'>honorisque</span> <span class='ocrx_word' id='word_1_347' title='bbox 1454 911 1503 945; x_wconf 90' lang='lat' dir='ltr'>sui</span> <span class='ocrx_word' id='word_1_348' title='bbox 1527 918 1631 946; x_wconf 89' lang='lat' dir='ltr'>careat</span> <span class='ocrx_word' id='word_1_349' title='bbox 1657 910 1769 956; x_wconf 87' lang='lat' dir='ltr'>digni-</span> 
     </span>
     <span class='ocr_line' id='line_1_67' title="bbox 1021 960 1770 1008; baseline -0.001 -13"><span class='ocrx_word' id='word_1_350' title='bbox 1021 968 1100 1006; x_wconf 83' lang='lat' dir='ltr'>tate,</span> <span class='ocrx_word' id='word_1_351' title='bbox 1123 973 1275 1008; x_wconf 86' lang='lat' dir='ltr'>reumque</span> <span class='ocrx_word' id='word_1_352' title='bbox 1302 972 1336 996; x_wconf 91' lang='lat' dir='ltr'>se</span> <span class='ocrx_word' id='word_1_353' title='bbox 1364 960 1470 995; x_wconf 89' lang='lat' dir='ltr'>divino</span> <span class='ocrx_word' id='word_1_354' title='bbox 1497 960 1613 996; x_wconf 92' lang='lat' dir='ltr'>iudicio</span> <span class='ocrx_word' id='word_1_355' title='bbox 1635 960 1770 995; x_wconf 86' lang='lat' dir='ltr'>existere</span> 
     </span>
     <span class='ocr_line' id='line_1_68' title="bbox 1020 1009 1768 1058; baseline -0.004 -13"><span class='ocrx_word' id='word_1_356' title='bbox 1020 1010 1059 1045; x_wconf 88' lang='lat' dir='ltr'>de</span> <span class='ocrx_word' id='word_1_357' title='bbox 1086 1019 1262 1058; x_wconf 86' lang='lat' dir='ltr'>perpetrata</span> <span class='ocrx_word' id='word_1_358' title='bbox 1299 1009 1462 1057; x_wconf 87' lang='lat' dir='ltr'>iniquitate</span> <span class='ocrx_word' id='word_1_359' title='bbox 1490 1018 1658 1056; x_wconf 83' lang='lat' dir='ltr'>cognoscat</span> <span class='ocrx_word' id='word_1_360' title='bbox 1691 1016 1722 1043; x_wconf 85' lang='lat' dir='ltr'>et</span> <span class='ocrx_word' id='word_1_361' title='bbox 1752 1020 1768 1042; x_wconf 88' lang='lat' dir='ltr'>a</span> 
     </span>
     <span class='ocr_line' id='line_1_69' title="bbox 1020 1057 1766 1107; baseline -0.001 -13"><span class='ocrx_word' id='word_1_362' title='bbox 1020 1060 1236 1095; x_wconf 86' lang='lat' dir='ltr'>sacratissimo</span> <span class='ocrx_word' id='word_1_363' title='bbox 1268 1058 1408 1107; x_wconf 89' lang='lat' dir='ltr'>Corpore</span> <span class='ocrx_word' id='word_1_364' title='bbox 1441 1071 1477 1094; x_wconf 92' lang='lat' dir='ltr'>ac</span> <span class='ocrx_word' id='word_1_365' title='bbox 1510 1058 1674 1107; x_wconf 84' lang='lat' dir='ltr'>Sanguine</span> <span class='ocrx_word' id='word_1_366' title='bbox 1708 1057 1766 1093; x_wconf 86' lang='lat' dir='ltr'>Dei</span> 
     </span>
     <span class='ocr_line' id='line_1_70' title="bbox 1019 1107 1766 1155; baseline -0.003 -11"><span class='ocrx_word' id='word_1_367' title='bbox 1019 1117 1049 1145; x_wconf 90' lang='lat' dir='ltr'>et</span> <span class='ocrx_word' id='word_1_368' title='bbox 1069 1109 1193 1144; x_wconf 92' lang='lat' dir='ltr'>Domini</span> <span class='ocrx_word' id='word_1_369' title='bbox 1212 1108 1435 1155; x_wconf 87' lang='lat' dir='ltr'>Redemptoris</span> <span class='ocrx_word' id='word_1_370' title='bbox 1448 1109 1546 1144; x_wconf 87' lang='lat' dir='ltr'>nostri</span> <span class='ocrx_word' id='word_1_371' title='bbox 1562 1108 1631 1145; x_wconf 89' lang='lat' dir='ltr'>Iesu</span> <span class='ocrx_word' id='word_1_372' title='bbox 1647 1107 1766 1144; x_wconf 86' lang='lat' dir='ltr'>Christi</span> 
     </span>
     <span class='ocr_line' id='line_1_71' title="bbox 1019 1157 1766 1206; baseline -0.003 -13"><span class='ocrx_word' id='word_1_373' title='bbox 1019 1158 1119 1193; x_wconf 88' lang='lat' dir='ltr'>aliena</span> <span class='ocrx_word' id='word_1_374' title='bbox 1151 1159 1220 1199; x_wconf 84' lang='lat' dir='ltr'>fiat,</span> <span class='ocrx_word' id='word_1_375' title='bbox 1259 1166 1352 1206; x_wconf 86' lang='lat' dir='ltr'>atque</span> <span class='ocrx_word' id='word_1_376' title='bbox 1380 1158 1410 1192; x_wconf 93' lang='lat' dir='ltr'>in</span> <span class='ocrx_word' id='word_1_377' title='bbox 1447 1166 1587 1194; x_wconf 82' lang='lat' dir='ltr'>extremo</span> <span class='ocrx_word' id='word_1_378' title='bbox 1621 1157 1766 1193; x_wconf 80' lang='lat' dir='ltr'>examine</span> 
     </span>
     <span class='ocr_line' id='line_1_72' title="bbox 1019 1206 1515 1244; baseline -0.004 -1"><span class='ocrx_word' id='word_1_379' title='bbox 1019 1207 1180 1244; x_wconf 89' lang='lat' dir='ltr'>districtae</span> <span class='ocrx_word' id='word_1_380' title='bbox 1206 1206 1319 1243; x_wconf 89' lang='lat' dir='ltr'>ultioni</span> <span class='ocrx_word' id='word_1_381' title='bbox 1345 1206 1515 1243; x_wconf 89' lang='lat' dir='ltr'>subiaceat.</span> 
     </span>
    </p>

    <p class='ocr_par' dir='ltr' id='par_1_25' title="bbox 1017 1256 1765 1503">
     <span class='ocr_line' id='line_1_73' title="bbox 1067 1256 1765 1293; baseline 0 -1"><span class='ocrx_word' id='word_1_382' title='bbox 1067 1257 1200 1293; x_wconf 89' lang='lat' dir='ltr'>Cunctis</span> <span class='ocrx_word' id='word_1_383' title='bbox 1232 1265 1337 1292; x_wconf 87' lang='lat' dir='ltr'>autem</span> <span class='ocrx_word' id='word_1_384' title='bbox 1373 1256 1476 1292; x_wconf 86' lang='lat' dir='ltr'>eidem</span> <span class='ocrx_word' id='word_1_385' title='bbox 1512 1257 1581 1292; x_wconf 90' lang='lat' dir='ltr'>loco</span> <span class='ocrx_word' id='word_1_386' title='bbox 1609 1268 1662 1291; x_wconf 83' lang='lat' dir='ltr'>sua</span> <span class='ocrx_word' id='word_1_387' title='bbox 1700 1257 1765 1292; x_wconf 88' lang='lat' dir='ltr'>iura</span> 
     </span>
     <span class='ocr_line' id='line_1_74' title="bbox 1019 1305 1765 1354; baseline -0.001 -13"><span class='ocrx_word' id='word_1_388' title='bbox 1019 1307 1214 1342; x_wconf 88' lang='lat' dir='ltr'>servantibus</span> <span class='ocrx_word' id='word_1_389' title='bbox 1241 1306 1281 1341; x_wconf 93' lang='lat' dir='ltr'>sit</span> <span class='ocrx_word' id='word_1_390' title='bbox 1315 1318 1374 1354; x_wconf 87' lang='lat' dir='ltr'>pax</span> <span class='ocrx_word' id='word_1_391' title='bbox 1408 1305 1532 1341; x_wconf 91' lang='lat' dir='ltr'>Domini</span> <span class='ocrx_word' id='word_1_392' title='bbox 1562 1306 1660 1341; x_wconf 88' lang='lat' dir='ltr'>nostri</span> <span class='ocrx_word' id='word_1_393' title='bbox 1696 1305 1765 1341; x_wconf 89' lang='lat' dir='ltr'>lesu</span> 
     </span>
     <span class='ocr_line' id='line_1_75' title="bbox 1018 1354 1763 1404; baseline 0 -14"><span class='ocrx_word' id='word_1_394' title='bbox 1018 1355 1152 1394; x_wconf 78' lang='lat' dir='ltr'>Christi.</span> <span class='ocrx_word' id='word_1_395' title='bbox 1179 1363 1336 1404; x_wconf 87' lang='lat' dir='ltr'>quatenus</span> <span class='ocrx_word' id='word_1_396' title='bbox 1359 1364 1389 1391; x_wconf 87' lang='lat' dir='ltr'>et</span> <span class='ocrx_word' id='word_1_397' title='bbox 1416 1355 1467 1390; x_wconf 87' lang='lat' dir='ltr'>hie</span> <span class='ocrx_word' id='word_1_398' title='bbox 1503 1354 1638 1390; x_wconf 82' lang='lat' dir='ltr'>fructum</span> <span class='ocrx_word' id='word_1_399' title='bbox 1663 1355 1763 1390; x_wconf 73' lang='lat' dir='ltr'>lionae</span> 
     </span>
     <span class='ocr_line' id='line_1_76' title="bbox 1017 1404 1763 1452; baseline 0 -13"><span class='ocrx_word' id='word_1_400' title='bbox 1017 1405 1149 1440; x_wconf 86' lang='lat' dir='ltr'>actionis</span> <span class='ocrx_word' id='word_1_401' title='bbox 1179 1405 1353 1452; x_wconf 86' lang='lat' dir='ltr'>percipiant</span> <span class='ocrx_word' id='word_1_402' title='bbox 1395 1414 1423 1440; x_wconf 91' lang='lat' dir='ltr'>et</span> <span class='ocrx_word' id='word_1_403' title='bbox 1465 1404 1550 1452; x_wconf 89' lang='lat' dir='ltr'>apud</span> <span class='ocrx_word' id='word_1_404' title='bbox 1588 1404 1763 1440; x_wconf 89' lang='lat' dir='ltr'>districtum</span> 
     </span>
     <span class='ocr_line' id='line_1_77' title="bbox 1018 1453 1762 1503; baseline 0.001 -15"><span class='ocrx_word' id='word_1_405' title='bbox 1018 1453 1155 1490; x_wconf 85' lang='lat' dir='ltr'>Iudicem</span> <span class='ocrx_word' id='word_1_406' title='bbox 1180 1455 1316 1502; x_wconf 87' lang='lat' dir='ltr'>praemia</span> <span class='ocrx_word' id='word_1_407' title='bbox 1343 1455 1426 1503; x_wconf 82' lang='lat' dir='ltr'>pacis</span> <span class='ocrx_word' id='word_1_408' title='bbox 1453 1454 1624 1490; x_wconf 89' lang='lat' dir='ltr'>inveniant.</span> <span class='ocrx_word' id='word_1_409' title='bbox 1651 1454 1762 1489; x_wconf 83' lang='lat' dir='ltr'>Amen.</span> 
     </span>
    </p>
   </div>
   <div class='ocr_carea' id='block_1_10' title="bbox 1041 1537 1735 1561">
    <p class='ocr_par' dir='ltr' id='par_1_26' title="bbox 1041 1537 1735 1561">
     <span class='ocr_line' id='line_1_78' title="bbox 1041 1537 1735 1561; baseline -0.001 -1"><span class='ocrx_word' id='word_1_410' title='bbox 1041 1539 1083 1561; x_wconf 76' lang='lat' dir='ltr'>At)</span> <span class='ocrx_word' id='word_1_411' title='bbox 1109 1538 1148 1561; x_wconf 84' lang='grc' dir='ltr'>ΤΕ</span> <span class='ocrx_word' id='word_1_412' title='bbox 1170 1538 1297 1561; x_wconf 81' lang='grc' dir='ltr'><strong>ΒΟΜΙΝΕ</strong></span> <span class='ocrx_word' id='word_1_413' title='bbox 1324 1537 1442 1561; x_wconf 77' lang='lat' dir='ltr'>LEVAV!</span> <span class='ocrx_word' id='word_1_414' title='bbox 1471 1537 1601 1561; x_wconf 72' lang='lat' dir='ltr'>ANJMAM</span> <span class='ocrx_word' id='word_1_415' title='bbox 1628 1538 1735 1561; x_wconf 73' lang='lat' dir='ltr'><strong>MEAM.</strong></span> 
     </span>
    </p>
   </div>
   <div class='ocr_carea' id='block_1_11' title="bbox 1011 1597 1763 2675">
    <p class='ocr_par' dir='ltr' id='par_1_27' title="bbox 1016 1597 1763 1695">
     <span class='ocr_line' id='line_1_79' title="bbox 1065 1597 1763 1633; baseline -0.001 0"><span class='ocrx_word' id='word_1_416' title='bbox 1065 1597 1136 1633; x_wconf 78' lang='lat' dir='ltr'>Eoo</span> <span class='ocrx_word' id='word_1_417' title='bbox 1182 1597 1335 1633; x_wconf 72' lang='lat' dir='ltr'>URBANUS</span> <span class='ocrx_word' id='word_1_418' title='bbox 1379 1597 1550 1633; x_wconf 84' lang='lat' dir='ltr'>catholicae</span> <span class='ocrx_word' id='word_1_419' title='bbox 1601 1597 1763 1633; x_wconf 85' lang='lat' dir='ltr'>Ecclesiae</span> 
     </span>
     <span class='ocr_line' id='line_1_80' title="bbox 1016 1647 1197 1695; baseline -0.006 -13"><span class='ocrx_word' id='word_1_420' title='bbox 1016 1647 1197 1695; x_wconf 91' lang='lat' dir='ltr'>episcopus.</span> 
     </span>
    </p>

    <p class='ocr_par' dir='ltr' id='par_1_28' title="bbox 1064 1696 1734 1745">
     <span class='ocr_line' id='line_1_81' title="bbox 1064 1696 1734 1745; baseline 0 -14"><span class='ocrx_word' id='word_1_421' title='bbox 1064 1697 1131 1743; x_wconf 84' lang='lat' dir='ltr'>Ego</span> <span class='ocrx_word' id='word_1_422' title='bbox 1158 1696 1315 1732; x_wconf 89' lang='lat' dir='ltr'>Henricus</span> <span class='ocrx_word' id='word_1_423' title='bbox 1337 1696 1525 1732; x_wconf 75' lang='lat' dir='ltr'>Albanensis</span> <span class='ocrx_word' id='word_1_424' title='bbox 1551 1698 1734 1745; x_wconf 87' lang='lat' dir='ltr'>episcopus.</span> 
     </span>
    </p>

    <p class='ocr_par' dir='ltr' id='par_1_29' title="bbox 1064 1746 1732 1794">
     <span class='ocr_line' id='line_1_82' title="bbox 1064 1746 1732 1794; baseline 0.001 -14"><span class='ocrx_word' id='word_1_425' title='bbox 1064 1746 1132 1794; x_wconf 83' lang='lat' dir='ltr'>Ego</span> <span class='ocrx_word' id='word_1_426' title='bbox 1159 1746 1275 1782; x_wconf 89' lang='lat' dir='ltr'>Paulus</span> <span class='ocrx_word' id='word_1_427' title='bbox 1300 1746 1524 1782; x_wconf 81' lang='lat' dir='ltr'>Praenestinus</span> <span class='ocrx_word' id='word_1_428' title='bbox 1552 1748 1732 1794; x_wconf 88' lang='lat' dir='ltr'>episcopus.</span> 
     </span>
    </p>

    <p class='ocr_par' dir='ltr' id='par_1_30' title="bbox 1014 1795 1761 1893">
     <span class='ocr_line' id='line_1_83' title="bbox 1064 1795 1761 1842; baseline 0 -11"><span class='ocrx_word' id='word_1_429' title='bbox 1064 1796 1132 1842; x_wconf 84' lang='lat' dir='ltr'>Ego</span> <span class='ocrx_word' id='word_1_430' title='bbox 1153 1795 1354 1831; x_wconf 85' lang='lat' dir='ltr'>Theobaldus</span> <span class='ocrx_word' id='word_1_431' title='bbox 1388 1795 1567 1832; x_wconf 85' lang='lat' dir='ltr'>Hostiensis</span> <span class='ocrx_word' id='word_1_432' title='bbox 1596 1806 1626 1831; x_wconf 91' lang='lat' dir='ltr'>et</span> <span class='ocrx_word' id='word_1_433' title='bbox 1653 1796 1761 1832; x_wconf 89' lang='lat' dir='ltr'>Velle-</span> 
     </span>
     <span class='ocr_line' id='line_1_84' title="bbox 1014 1846 1334 1893; baseline -0.003 -12"><span class='ocrx_word' id='word_1_434' title='bbox 1014 1847 1131 1881; x_wconf 89' lang='lat' dir='ltr'>trensis</span> <span class='ocrx_word' id='word_1_435' title='bbox 1154 1846 1334 1893; x_wconf 87' lang='lat' dir='ltr'>episcopus.</span> 
     </span>
    </p>

    <p class='ocr_par' dir='ltr' id='par_1_31' title="bbox 1014 1895 1759 1981">
     <span class='ocr_line' id='line_1_85' title="bbox 1063 1895 1759 1943; baseline 0 -13"><span class='ocrx_word' id='word_1_436' title='bbox 1063 1895 1131 1942; x_wconf 82' lang='lat' dir='ltr'>Ego</span> <span class='ocrx_word' id='word_1_437' title='bbox 1153 1895 1265 1931; x_wconf 90' lang='lat' dir='ltr'>Petrus</span> <span class='ocrx_word' id='word_1_438' title='bbox 1280 1896 1442 1943; x_wconf 79' lang='lat' dir='ltr'>presbyter</span> <span class='ocrx_word' id='word_1_439' title='bbox 1463 1896 1549 1931; x_wconf 84' lang='lat' dir='ltr'>card.</span> <span class='ocrx_word' id='word_1_440' title='bbox 1566 1897 1611 1931; x_wconf 87' lang='lat' dir='ltr'>tit.</span> <span class='ocrx_word' id='word_1_441' title='bbox 1627 1896 1759 1931; x_wconf 84' lang='lat' dir='ltr'>Sanctae</span> 
     </span>
     <span class='ocr_line' id='line_1_86' title="bbox 1014 1944 1189 1981; baseline -0.011 0"><span class='ocrx_word' id='word_1_442' title='bbox 1014 1944 1189 1981; x_wconf 78' lang='lat' dir='ltr'>Susannae.</span> 
     </span>
    </p>

    <p class='ocr_par' dir='ltr' id='par_1_32' title="bbox 1013 1994 1758 2092">
     <span class='ocr_line' id='line_1_87' title="bbox 1062 1994 1758 2042; baseline -0.001 -13"><span class='ocrx_word' id='word_1_443' title='bbox 1062 1994 1130 2042; x_wconf 84' lang='lat' dir='ltr'>Ego</span> <span class='ocrx_word' id='word_1_444' title='bbox 1152 1994 1312 2030; x_wconf 89' lang='lat' dir='ltr'>Laborans</span> <span class='ocrx_word' id='word_1_445' title='bbox 1339 1994 1500 2042; x_wconf 75' lang='lat' dir='ltr'>presbyter</span> <span class='ocrx_word' id='word_1_446' title='bbox 1521 1994 1604 2030; x_wconf 90' lang='lat' dir='ltr'>card.</span> <span class='ocrx_word' id='word_1_447' title='bbox 1626 1994 1758 2030; x_wconf 86' lang='lat' dir='ltr'>Sanctae</span> 
     </span>
     <span class='ocr_line' id='line_1_88' title="bbox 1013 2043 1607 2092; baseline -0.002 -13"><span class='ocrx_word' id='word_1_448' title='bbox 1013 2043 1129 2080; x_wconf 85' lang='lat' dir='ltr'>Mariae</span> <span class='ocrx_word' id='word_1_449' title='bbox 1157 2043 1388 2092; x_wconf 86' lang='lat' dir='ltr'>Transtyberim</span> <span class='ocrx_word' id='word_1_450' title='bbox 1412 2045 1458 2079; x_wconf 89' lang='lat' dir='ltr'>tit.</span> <span class='ocrx_word' id='word_1_451' title='bbox 1481 2043 1607 2081; x_wconf 85' lang='lat' dir='ltr'>Calixti.</span> 
     </span>
    </p>

    <p class='ocr_par' dir='ltr' id='par_1_33' title="bbox 1013 2092 1756 2191">
     <span class='ocr_line' id='line_1_89' title="bbox 1061 2092 1756 2142; baseline -0.001 -14"><span class='ocrx_word' id='word_1_452' title='bbox 1061 2093 1129 2141; x_wconf 82' lang='lat' dir='ltr'>Ego</span> <span class='ocrx_word' id='word_1_453' title='bbox 1156 2092 1364 2142; x_wconf 87' lang='lat' dir='ltr'>Pandulphus</span> <span class='ocrx_word' id='word_1_454' title='bbox 1398 2093 1558 2141; x_wconf 88' lang='lat' dir='ltr'>presbyter</span> <span class='ocrx_word' id='word_1_455' title='bbox 1588 2093 1670 2128; x_wconf 88' lang='lat' dir='ltr'>card.</span> <span class='ocrx_word' id='word_1_456' title='bbox 1710 2096 1756 2128; x_wconf 85' lang='lat' dir='ltr'>tit.</span> 
     </span>
     <span class='ocr_line' id='line_1_90' title="bbox 1013 2142 1331 2191; baseline -0.003 -12"><span class='ocrx_word' id='word_1_457' title='bbox 1013 2143 1071 2179; x_wconf 90' lang='lat' dir='ltr'>Xll</span> <span class='ocrx_word' id='word_1_458' title='bbox 1096 2142 1331 2191; x_wconf 84' lang='lat' dir='ltr'>Apostolorum.</span> 
     </span>
    </p>

    <p class='ocr_par' dir='ltr' id='par_1_34' title="bbox 1013 2192 1757 2278">
     <span class='ocr_line' id='line_1_91' title="bbox 1062 2192 1757 2240; baseline -0.001 -13"><span class='ocrx_word' id='word_1_459' title='bbox 1062 2192 1130 2239; x_wconf 79' lang='lat' dir='ltr'>Ego</span> <span class='ocrx_word' id='word_1_460' title='bbox 1151 2193 1262 2227; x_wconf 88' lang='lat' dir='ltr'>Melior</span> <span class='ocrx_word' id='word_1_461' title='bbox 1284 2192 1445 2240; x_wconf 87' lang='lat' dir='ltr'>presbyter</span> <span class='ocrx_word' id='word_1_462' title='bbox 1465 2193 1547 2227; x_wconf 88' lang='lat' dir='ltr'>card.</span> <span class='ocrx_word' id='word_1_463' title='bbox 1564 2193 1613 2227; x_wconf 72' lang='lat' dir='ltr'>Ss.</span> <span class='ocrx_word' id='word_1_464' title='bbox 1634 2192 1757 2228; x_wconf 80' lang='lat' dir='ltr'>loannis</span> 
     </span>
     <span class='ocr_line' id='line_1_92' title="bbox 1013 2242 1462 2278; baseline -0.002 -1"><span class='ocrx_word' id='word_1_465' title='bbox 1013 2250 1043 2278; x_wconf 82' lang='lat' dir='ltr'>et</span> <span class='ocrx_word' id='word_1_466' title='bbox 1068 2242 1154 2277; x_wconf 84' lang='lat' dir='ltr'>Pauli</span> <span class='ocrx_word' id='word_1_467' title='bbox 1183 2243 1228 2277; x_wconf 87' lang='lat' dir='ltr'>tit.</span> <span class='ocrx_word' id='word_1_468' title='bbox 1257 2242 1462 2277; x_wconf 80' lang='lat' dir='ltr'>pammachii.</span> 
     </span>
    </p>

    <p class='ocr_par' dir='ltr' id='par_1_35' title="bbox 1014 2290 1756 2390">
     <span class='ocr_line' id='line_1_93' title="bbox 1062 2290 1756 2339; baseline -0.003 -12"><span class='ocrx_word' id='word_1_469' title='bbox 1062 2292 1130 2339; x_wconf 82' lang='lat' dir='ltr'>Ego</span> <span class='ocrx_word' id='word_1_470' title='bbox 1163 2291 1339 2327; x_wconf 81' lang='lat' dir='ltr'>Adelardus</span> <span class='ocrx_word' id='word_1_471' title='bbox 1364 2291 1442 2326; x_wconf 87' lang='lat' dir='ltr'>tituli</span> <span class='ocrx_word' id='word_1_472' title='bbox 1480 2291 1585 2327; x_wconf 88' lang='lat' dir='ltr'>Sancti</span> <span class='ocrx_word' id='word_1_473' title='bbox 1620 2290 1756 2326; x_wconf 83' lang='lat' dir='ltr'>Marcelli</span> 
     </span>
     <span class='ocr_line' id='line_1_94' title="bbox 1014 2341 1281 2390; baseline -0.007 -13"><span class='ocrx_word' id='word_1_474' title='bbox 1014 2342 1171 2390; x_wconf 87' lang='lat' dir='ltr'>presbyter</span> <span class='ocrx_word' id='word_1_475' title='bbox 1197 2341 1281 2376; x_wconf 89' lang='lat' dir='ltr'>card.</span> 
     </span>
    </p>

    <p class='ocr_par' dir='ltr' id='par_1_36' title="bbox 1013 2389 1756 2476">
     <span class='ocr_line' id='line_1_95' title="bbox 1063 2389 1756 2437; baseline -0.001 -11"><span class='ocrx_word' id='word_1_476' title='bbox 1063 2392 1129 2437; x_wconf 77' lang='lat' dir='ltr'>Ego</span> <span class='ocrx_word' id='word_1_477' title='bbox 1156 2391 1215 2425; x_wconf 86' lang='lat' dir='ltr'>lae.</span> <span class='ocrx_word' id='word_1_478' title='bbox 1243 2390 1395 2425; x_wconf 86' lang='lat' dir='ltr'>diaconus</span> <span class='ocrx_word' id='word_1_479' title='bbox 1416 2390 1500 2424; x_wconf 89' lang='lat' dir='ltr'>card.</span> <span class='ocrx_word' id='word_1_480' title='bbox 1528 2389 1661 2425; x_wconf 85' lang='lat' dir='ltr'>Sanctae</span> <span class='ocrx_word' id='word_1_481' title='bbox 1689 2389 1756 2425; x_wconf 75' lang='lat' dir='ltr'>Ma-</span> 
     </span>
     <span class='ocr_line' id='line_1_96' title="bbox 1013 2439 1340 2476; baseline -0.006 0"><span class='ocrx_word' id='word_1_482' title='bbox 1013 2442 1077 2476; x_wconf 84' lang='lat' dir='ltr'>riae</span> <span class='ocrx_word' id='word_1_483' title='bbox 1099 2441 1130 2474; x_wconf 92' lang='lat' dir='ltr'>in</span> <span class='ocrx_word' id='word_1_484' title='bbox 1158 2439 1340 2475; x_wconf 83' lang='lat' dir='ltr'>Cosmedin.</span> 
     </span>
    </p>

    <p class='ocr_par' dir='ltr' id='par_1_37' title="bbox 1011 2487 1752 2575">
     <span class='ocr_line' id='line_1_97' title="bbox 1060 2487 1752 2537; baseline 0 -13"><span class='ocrx_word' id='word_1_485' title='bbox 1060 2489 1128 2537; x_wconf 82' lang='lat' dir='ltr'>Ego</span> <span class='ocrx_word' id='word_1_486' title='bbox 1149 2489 1318 2524; x_wconf 86' lang='lat' dir='ltr'>Gratianus</span> <span class='ocrx_word' id='word_1_487' title='bbox 1344 2488 1394 2523; x_wconf 87' lang='lat' dir='ltr'>Ss.</span> <span class='ocrx_word' id='word_1_488' title='bbox 1418 2487 1551 2524; x_wconf 81' lang='lat' dir='ltr'>Cosmae</span> <span class='ocrx_word' id='word_1_489' title='bbox 1565 2496 1595 2523; x_wconf 91' lang='lat' dir='ltr'>et</span> <span class='ocrx_word' id='word_1_490' title='bbox 1610 2488 1752 2524; x_wconf 86' lang='lat' dir='ltr'>Damiani</span> 
     </span>
     <span class='ocr_line' id='line_1_98' title="bbox 1011 2539 1266 2575; baseline -0.004 0"><span class='ocrx_word' id='word_1_491' title='bbox 1011 2540 1163 2575; x_wconf 88' lang='lat' dir='ltr'>diaconus</span> <span class='ocrx_word' id='word_1_492' title='bbox 1183 2539 1266 2574; x_wconf 88' lang='lat' dir='ltr'>card.</span> 
     </span>
    </p>

    <p class='ocr_par' dir='ltr' id='par_1_38' title="bbox 1012 2587 1753 2675">
     <span class='ocr_line' id='line_1_99' title="bbox 1061 2587 1753 2635; baseline 0 -12"><span class='ocrx_word' id='word_1_493' title='bbox 1061 2588 1127 2635; x_wconf 79' lang='lat' dir='ltr'>Ego</span> <span class='ocrx_word' id='word_1_494' title='bbox 1142 2588 1274 2624; x_wconf 84' lang='lat' dir='ltr'>Rolaud.</span> <span class='ocrx_word' id='word_1_495' title='bbox 1298 2588 1429 2623; x_wconf 86' lang='lat' dir='ltr'>Sanctae</span> <span class='ocrx_word' id='word_1_496' title='bbox 1452 2587 1567 2624; x_wconf 86' lang='lat' dir='ltr'>Mariae</span> <span class='ocrx_word' id='word_1_497' title='bbox 1581 2589 1613 2623; x_wconf 88' lang='lat' dir='ltr'>in</span> <span class='ocrx_word' id='word_1_498' title='bbox 1627 2587 1753 2624; x_wconf 73' lang='lat' dir='ltr'>Portica</span> 
     </span>
     <span class='ocr_line' id='line_1_100' title="bbox 1012 2638 1274 2675; baseline -0.008 0"><span class='ocrx_word' id='word_1_499' title='bbox 1012 2638 1163 2675; x_wconf 87' lang='lat' dir='ltr'>diaconus</span> <span class='ocrx_word' id='word_1_500' title='bbox 1190 2645 1274 2674; x_wconf 78' lang='lat' dir='ltr'>caru.</span> 
     </span>
    </p>
   </div>
   <div class='ocr_carea' id='block_1_12' title="bbox 1790 261 1970 289">
    <p class='ocr_par' dir='ltr' id='par_1_39' title="bbox 1790 261 1970 289">
     <span class='ocr_line' id='line_1_101' title="bbox 1790 261 1970 289; baseline 0.006 -1"><span class='ocrx_word' id='word_1_501' title='bbox 1790 262 1838 288; x_wconf 80' lang='lat' dir='ltr'>An.</span> <span class='ocrx_word' id='word_1_502' title='bbox 1857 261 1884 288; x_wconf 85' lang='lat' dir='ltr'>C.</span> <span class='ocrx_word' id='word_1_503' title='bbox 1905 261 1970 289; x_wconf 70' lang='lat'>¹¹87</span> 
     </span>
    </p>
   </div>
   <div class='ocr_carea' id='block_1_13' title="bbox 1786 618 1970 701">
    <p class='ocr_par' dir='ltr' id='par_1_40' title="bbox 1786 618 1970 701">
     <span class='ocr_line' id='line_1_102' title="bbox 1808 618 1970 645; baseline 0.006 -6"><span class='ocrx_word' id='word_1_504' title='bbox 1808 618 1856 640; x_wconf 82' lang='lat' dir='ltr'>Cum</span> <span class='ocrx_word' id='word_1_505' title='bbox 1875 620 1970 645; x_wconf 67' lang='lat' dir='ltr'>poenal!-</span> 
     </span>
     <span class='ocr_line' id='line_1_103' title="bbox 1786 650 1966 671; baseline 0.011 -2"><span class='ocrx_word' id='word_1_506' title='bbox 1786 650 1823 669; x_wconf 77' lang='lat' dir='ltr'>biis</span> <span class='ocrx_word' id='word_1_507' title='bbox 1845 650 1966 671; x_wconf 55' lang='lat' dir='ltr'>conciunt»-</span> 
     </span>
     <span class='ocr_line' id='line_1_104' title="bbox 1786 681 1846 701; baseline 0.017 -1"><span class='ocrx_word' id='word_1_508' title='bbox 1786 681 1846 701; x_wconf 69' lang='lat' dir='ltr'>nibus</span> 
     </span>
    </p>
   </div>
   <div class='ocr_carea' id='block_1_14' title="bbox 1793 1262 1961 1352">
    <p class='ocr_par' dir='ltr' id='par_1_41' title="bbox 1793 1262 1961 1352">
     <span class='ocr_line' id='line_1_105' title="bbox 1793 1262 1961 1290; baseline 0.006 -7"><span class='ocrx_word' id='word_1_509' title='bbox 1793 1262 1816 1284; x_wconf 78' lang='lat' dir='ltr'>Et</span> <span class='ocrx_word' id='word_1_510' title='bbox 1833 1265 1931 1290; x_wconf 67' lang='lat' dir='ltr'>praeuius</span> <span class='ocrx_word' id='word_1_511' title='bbox 1941 1270 1961 1284; x_wconf 62' lang='lat' dir='ltr'>ov</span> 
     </span>
     <span class='ocr_line' id='line_1_106' title="bbox 1806 1294 1940 1315; baseline 0 0"><span class='ocrx_word' id='word_1_512' title='bbox 1806 1294 1940 1315; x_wconf 52' lang='lat' dir='ltr'>beate-:titas</span> 
     </span>
     <span class='ocr_line' id='line_1_107' title="bbox 1811 1327 1927 1352; baseline 0.009 -6"><span class='ocrx_word' id='word_1_513' title='bbox 1811 1327 1927 1352; x_wconf 67' lang='lat' dir='ltr'>promta-ta.</span> 
     </span>
    </p>
   </div>
   <div class='ocr_carea' id='block_1_15' title="bbox 1801 1609 1929 1631">
    <p class='ocr_par' dir='ltr' id='par_1_42' title="bbox 1801 1609 1929 1631">
     <span class='ocr_line' id='line_1_108' title="bbox 1801 1609 1929 1631; baseline 0.008 -1"><span class='ocrx_word' id='word_1_514' title='bbox 1801 1609 1877 1631; x_wconf 76' lang='lat' dir='ltr'>Urbani</span> <span class='ocrx_word' id='word_1_515' title='bbox 1892 1610 1929 1631; x_wconf 71' lang='lat' dir='ltr'>PF.</span> 
     </span>
    </p>
   </div>
   <div class='ocr_carea' id='block_1_16' title="bbox 1775 1708 1955 1797">
    <p class='ocr_par' dir='ltr' id='par_1_43' title="bbox 1775 1708 1955 1797">
     <span class='ocr_line' id='line_1_109' title="bbox 1776 1708 1955 1730; baseline 0.006 -2"><span class='ocrx_word' id='word_1_516' title='bbox 1776 1712 1796 1728; x_wconf 80' lang='lat' dir='ltr'>et</span> <span class='ocrx_word' id='word_1_517' title='bbox 1815 1708 1834 1728; x_wconf 82' lang='lat' dir='ltr'>S.</span> <span class='ocrx_word' id='word_1_518' title='bbox 1857 1708 1878 1728; x_wconf 71' lang='lat' dir='ltr'>tt</span> <span class='ocrx_word' id='word_1_519' title='bbox 1900 1708 1955 1730; x_wconf 68' lang='lat' dir='ltr'>Ercl.</span> 
     </span>
     <span class='ocr_line' id='line_1_110' title="bbox 1795 1739 1931 1760; baseline 0 0"><span class='ocrx_word' id='word_1_520' title='bbox 1795 1739 1931 1760; x_wconf 69' lang='lat' dir='ltr'>cardinalium</span> 
     </span>
     <span class='ocr_line' id='line_1_111' title="bbox 1775 1770 1941 1797; baseline 0.006 -6"><span class='ocrx_word' id='word_1_521' title='bbox 1775 1770 1941 1797; x_wconf 61' lang='lat' dir='ltr'>subscriptione·</span> 
     </span>
    </p>
   </div>
  </div>
 </body>
</html>
