2129 3223
860 243 1068 267 ixxocsxrius
1102 243 1134 265 iv
1166 243 1212 265 Ρν.
1685 235 1756 268 515

1059 309 1129 333 cum
1165 298 1272 332 multis
1305 299 1374 334 aliis
1401 300 1562 346 praelatis,
1590 300 1803 349 principibus,

1059 355 1088 381 et
1123 347 1310 386 baronibus,
1345 349 1428 395 quod
1468 358 1580 388 staret,
1613 358 1643 385 ct
1683 360 1803 397 pareret

1060 398 1197 444 praecise
1225 397 1341 444 absque
1373 398 1430 432 ulla
1454 400 1633 434 conditione
1655 400 1803 436 omnibus

1060 447 1213 481 mandatis
1234 446 1394 482 Ecclesiae
1417 449 1583 494 superbis,
1608 461 1663 496 pro
1684 449 1802 497 quibus

1058 505 1122 531 crat
1145 496 1269 531 vinculo
1291 498 1625 533 excommunicationis
1645 499 1801 542 astrictus,

1058 546 1162 581 causis
1194 548 1528 581 excommunicationis
1564 550 1720 595 expressis
1747 561 1802 597 per

1058 596 1201 630 ordinem
1229 608 1332 630 coram
1357 608 1404 630 eo.
1427 596 1516 631 'lunc
1540 599 1689 644 temporis
1709 599 1799 634 etiam

1059 645 1207 680 omnibus
1246 645 1441 680 Tlieutoniae
1481 646 1676 692 bominibus,
1715 650 1800 695 regui

1058 695 1194 735 Siciliae,
1213 706 1249 729 ac
1269 695 1462 743 quibuslibet
1483 695 1550 730 aliis
1572 697 1801 745 cuiuscumque

1057 744 1257 783 conditionis,
1280 753 1332 779 aut
1350 753 1458 785 status,
1481 748 1533 792 qui
1551 745 1706 782 Ecclesiae
1725 759 1801 782 con-

1059 803 1102 828 tra
1129 806 1201 828 eum
1229 794 1453 836 adhaeserant,
1481 806 1606 830 ornnem
1641 797 1801 831 remittens

79 245 170 274 Aac.
191 246 258 272 tatis
1818 248 1864 274 An.
1884 248 1910 274 e.
1932 240 1999 275 iiis

274 301 342 348 capi
380 299 470 344 fecit,
496 307 525 334 et
552 298 643 334 bonis
670 298 818 333 omnibus
853 298 1016 346 spoliatos,

274 362 309 385 ac
336 361 392 397 per
418 348 538 384 diversa
566 347 634 383 loca
667 359 728 382 non
755 348 851 382 semel
881 348 1015 395 ignomi-

274 400 362 434 niose
382 397 536 434 deductos
565 406 596 432 et
633 397 880 439 circumductos,
907 409 1017 432 carce-

273 448 360 484 ribus
385 447 567 494 mancipari.

314 497 340 545 S
361 501 394 533 6.
417 497 618 544 Privilegium
643 497 781 544 insuper,
803 496 887 544 quod
904 496 939 530 B.
962 497 1018 531 Pe-

89 556 215 590 θυμω-αυ-
240 561 259 590 ,ι
272 554 331 588 tro,
357 555 387 582 et
414 546 651 582 successoribus
673 547 741 581 eius
756 547 786 580 in
810 547 877 593 ipso
894 546 1017 580 tradidit

75 585 259 639 {2¹:¹⁵¹fucss‘2ifflf
271 595 426 632 Dominus
447 596 536 632 Iesus
550 595 707 639 Christus,
730 595 889 630 videlicet:
908 595 1018 637 Quod·

75 653 117 670 “¹¹¹¹
131 649 222 674 mm*
271 658 408 694 cumque
441 646 587 693 ligaveris
612 657 708 692 super
733 654 857 684 terram,
885 647 942 680 erit
979 645 1018 679 li-

269 704 375 742 gatum
398 704 427 730 et
449 696 479 730 in
501 694 614 736 caelis,
637 703 666 729 et
699 694 924 741 quodcumque
947 694 1016 729 sol-

271 745 351 780 veris
375 757 472 792 super
497 752 635 788 terram,
668 744 726 779 erit
757 743 896 779 solutum
929 753 956 779 et
987 744 1015 778 in

269 795 376 836 caelis;
399 795 429 829 in
451 806 515 842 quo
535 793 706 829 auctoritas
732 801 763 828 et
789 801 927 841 potestas
949 793 1016 827 Ro-

269 856 380 880 manae
416 843 575 879 Ecclesiae
611 843 769 882 consistit,
805 855 860 890 pro
899 842 1016 877 vii-ibus

268 894 457 934 diminuere,
479 893 525 928 vel
547 893 605 940 ipsi
629 891 788 927 Ecclesiae
809 891 931 927 auferre
953 900 1016 926 sat-

268 944 343 990 agit,
377 942 521 979 scribens
542 954 576 977 se
596 942 722 989 praefati
745 940 890 988 Gregorii
912 941 1016 988 Papae

270 992 520 1040 praedecessoris
554 993 652 1027 nostri
692 1003 752 1026 non
787 992 886 1025 vereri
923 991 1014 1025 latam

267 1041 308 1078 ab
332 1054 370 1078 eo
401 1041 737 1077 excommunicationis
763 1041 949 1075 sententiam
985 1041 1014 1074 in

268 1092 390 1138 ipsum;
416 1099 447 1127 et
469 1103 530 1126 non
546 1091 647 1126 solum
667 1090 856 1137 contemptis
876 1090 1016 1124 clavibus

267 1139 429 1177 Ecclesiae
452 1153 513 1176 non
547 1139 744 1181 servandam,
781 1151 887 1174 verum
922 1140 1015 1175 etiam

268 1202 324 1238 per
345 1203 390 1236 se,
412 1203 449 1226 ac
470 1190 618 1226 officiales
639 1202 726 1229 suos,
748 1196 778 1224 et
793 1188 875 1223 illam
896 1199 926 1225 et
941 1189 1016 1223 alias
1035 1211 1038 1242 1

267 1240 604 1276 excommunicationis
649 1239 697 1274 vel
742 1238 899 1273 interdicti
940 1250 1016 1273 sen-

269 1290 400 1330 tentias,
439 1302 517 1338 quas
551 1289 632 1324 idem
655 1289 784 1323 omuino
818 1287 1016 1335 contempsit,

268 1339 413 1386 cogendo
439 1347 471 1374 et
504 1338 723 1386 compellendo
757 1337 835 1373 alios
862 1350 923 1372 non
947 1350 1017 1373 ser-

271 1401 354 1424 rare.

317 1438 338 1486 S
373 1442 403 1472 7.
443 1437 662 1473 possessiones
699 1449 826 1484 quoque
863 1436 1017 1483 praefatae

83 1490 216 1526 ,mihiel-¹¹¹
227 1492 257 1512 ἀί·
269 1486 430 1523 Ecclesiae
451 1487 626 1531 Romanae,
654 1487 809 1529 videlicet,
832 1486 1016 1525 Mareliiam,

73 1525 152 1574 'viiia'
168 1527 257 1550 σαψ
270 1536 419 1572 ducatum
449 1536 719 1580 Beneventanum,
743 1536 836 1570 cuius
864 1547 971 1570 muros
988 1544 1018 1569 et

270 1595 374 1622 turres
395 1586 478 1622 dirui
505 1587 594 1630 lecit,
624 1598 659 1621 ac
682 1585 769 1623 alias,
797 1597 875 1632 quas
897 1585 926 1619 in
950 1585 1018 1619 Tu-

269 1636 353 1672 sciae
373 1644 404 1672 et
424 1635 632 1672 Lombardiae
656 1635 807 1682 partibus.
836 1643 865 1670 et
890 1634 1019 1682 quibus-

270 1685 343 1722 dam
365 1685 435 1722 aliis
456 1685 616 1721 obtinebat
632 1685 721 1729 locis,
744 1686 854 1732 paucis
868 1685 1017 1731 exceptis,

270 1747 427 1784 occupare
441 1748 503 1771 non
527 1744 683 1776 metuens,
705 1746 757 1769 eas
775 1735 893 1769 detinet
915 1734 1020 1768 adbuc

270 1794 449 1833 occupatas.
477 1785 518 1820 Et
540 1794 687 1832 tanquam
715 1784 741 1818 ei
766 1796 828 1818 non
851 1782 1019 1823 sufficeret,

271 1834 358 1883 quod
380 1835 543 1870 manifeste
574 1842 683 1869 contra
718 1833 888 1867 iuramenta
926 1844 1019 1879 prae-

8 1897 20 1937 i
271 1885 367 1919 missa
387 1884 617 1932 praesumendo
639 1883 707 1918 talia
731 1881 885 1921 veniebat,
907 1894 961 1929 per
975 1893 1019 1920 se,

5 1940 29 1997 ξ
273 1933 320 1968 vel
349 1946 405 1981 per
425 1946 500 1969 suos
521 1932 678 1971 officiales,
704 1931 884 1966 earumdem
902 1943 1020 1978 posses-

10 1990 19 2006 '
273 1985 398 2018 sionuni
420 1983 568 2018 homines
589 1982 726 2017 deierare
748 1981 911 2028 compulit,
937 1981 1022 2028 ipsos

274 2045 290 2067 a
315 2033 498 2068 iuramentis
512 2031 682 2075 fidelitatis,
704 2030 818 2078 quibus
837 2029 1022 2065 tenebantur
1041 2047 1043 2051 Α

276 2083 395 2118 ratione
413 2081 588 2124 Ecclesiae,
616 2081 654 2115 de
681 2080 772 2121 facto,
798 2092 870 2114 cum
893 2080 931 2114 de
956 2080 1022 2114 iure

277 2144 339 2167 non
366 2140 492 2179 posset,
510 2131 692 2174 absolvens,
706 2139 736 2164 et
758 2129 874 2164 faciens
895 2129 1020 2164 eosdem

276 2181 458 2217 fidelitatem
485 2180 694 2215 nihilominus
726 2179 868 2214 abiurare
899 2179 1023 2225 praedi-

277 2239 378 2271 ctam,
405 2230 528 2277 sibique
556 2229 712 2264 fidelitatis
736 2229 913 2263 huiusmodi
939 2229 1023 2262 iura-

278 2289 383 2316 menta
406 2289 571 2328 praestare.

1057 843 1207 878 offensam
1230 852 1259 878 et
1295 856 1447 891 poenam,
1482 853 1511 879 et
1545 844 1630 892 quod
1663 845 1691 879 in
1716 845 1801 881 nullo

1057 901 1198 940 tempore
1225 893 1413 932 offenderet,
1455 893 1500 928 vel
1537 893 1651 928 offendi
1688 894 1801 930 faceret

1058 943 1153 989 ipsos,
1181 954 1237 990 pro
1271 955 1309 977 eo
1335 942 1420 990 quod
1446 943 1605 978 Ecclesiae
1631 944 1801 988 astiterant,

1058 993 1204 1039 praestari
1230 992 1259 1026 in
1278 992 1380 1026 anima
1395 1005 1450 1026 sua
1464 1004 1519 1040 per
1541 992 1688 1028 comitem
1708 993 1802 1028 Acer-

1059 1053 1160 1076 rarum
1196 1041 1316 1076 faciens
1343 1042 1571 1083 iuramentum
1600 1043 1800 1090 postmodum

1057 1103 1166 1137 pacem
1199 1099 1228 1125 et
1254 1091 1426 1126 iuramenta
1468 1092 1648 1126 huiusmodi
1683 1105 1802 1140 nequa-

1056 1153 1149 1187 quam
1185 1141 1374 1176 erubescens
1401 1141 1510 1175 irretiri
1550 1142 1705 1188 periuriis,
1740 1154 1800 1177 non

1057 1190 1199 1225 servavit.
1234 1189 1410 1225 Nonnullos
1437 1191 1518 1225 enim
1546 1192 1637 1225 etiam
1660 1204 1697 1226 ex
1727 1191 1802 1238 ipsis

1058 1239 1240 1275 bominibus
1264 1240 1430 1287 praedictis
1457 1249 1516 1275 tam
1542 1240 1674 1284 nobiles,
1709 1253 1800 1288 quain

1057 1289 1134 1324 alios
1157 1298 1262 1336 postea
1292 1290 1359 1337 capi
1391 1298 1420 1324 et
1450 1290 1632 1324 incarcerari
1657 1290 1739 1334 fecit,
1772 1299 1803 1324 et

1057 1340 1103 1374 eis
1131 1339 1222 1373 bonis
1254 1339 1319 1373 suis
1347 1339 1495 1373 omuibus
1521 1340 1675 1386 spoliatis,
1689 1351 1803 1374 uxores

1058 1401 1165 1423 eorum
1189 1396 1219 1423 et
1241 1387 1322 1423 filios
1344 1389 1503 1435 captivari,
1530 1401 1564 1422 ac
1593 1389 1722 1436 insuper
1739 1396 1803 1424 ter-

1059 1451 1107 1473 ras
1127 1437 1286 1472 Ecclesiae
1303 1446 1410 1473 contra
1434 1438 1687 1485 promissionem,
1708 1450 1801 1485 quam

1058 1488 1140 1522 idem
1171 1487 1192 1521 l.
1215 1486 1384 1522 Sabinensi
1413 1488 1560 1534 episcopo
1582 1496 1612 1522 et
1633 1487 1803 1523 Tliomasio

1059 1537 1206 1572 cardinali
1222 1537 1345 1576 lecerat,
1369 1538 1574 1572 irreverenter
1590 1538 1717 1572 invasit:
1743 1538 1800 1585 ipsi

1059 1599 1096 1622 ex
1124 1596 1199 1622 tunc
1223 1586 1251 1620 in
1281 1586 1417 1621 eundem
1446 1595 1660 1634 praesentem,
1691 1587 1715 1620 si
1740 1587 1802 1621 ullo

1061 1636 1154 1671 modo
1178 1636 1341 1683 praedictis
1363 1637 1512 1672 articulis.
1541 1646 1593 1671 aut
1612 1636 1802 1671 conditioni-

1061 1687 1118 1721 bus
1164 1686 1414 1728 coutraveniret,
1468 1686 1803 1722 excommunicationis

1060 1736 1245 1771 seutentiam
1272 1735 1558 1782 promulgaverunt.

1109 1785 1128 1832 g
1150 1788 1182 1819 9.
1210 1784 1248 1819 Et
1272 1797 1342 1819 cuni
1375 1785 1469 1825 idem,
1497 1785 1665 1832 apostolica
1692 1793 1803 1820 aucto·-

1062 1835 1148 1869 ritatc
1171 1833 1229 1868 sibi
1253 1834 1431 1874 commissa,
1455 1835 1512 1882 ipsi
1536 1834 1746 1875 mandassent,
1771 1844 1802 1869 ut

1063 1896 1100 1919 ne
1121 1896 1175 1930 per
1195 1895 1240 1923 se,
1263 1896 1320 1918 uec
1340 1896 1394 1929 per
1413 1883 1509 1919 alium
1529 1884 1706 1932 impediret,
1728 1885 1802 1931 quin

1062 1933 1301 1981 postulationes,
1323 1932 1505 1973 electiones,
1539 1942 1568 1968 et
1590 1933 1806 1968 confirmatio—

1063 1995 1117 2017 nes
1156 1982 1365 2018 Ecclesiarum
1411 1990 1440 2018 et
1481 1983 1741 2018 monasteriorum
1775 1984 1804 2017 iu

1064 2045 1158 2079 regno
1187 2032 1322 2079 praefato
1350 2032 1446 2067 libere
1474 2033 1512 2067 ‹le
1534 2040 1658 2068 caetero
1686 2032 1805 2075 fierent,

1063 2082 1238 2117 secundum
1262 2090 1411 2116 statutum
1440 2082 1562 2117 concilii
1585 2082 1752 2129 generalis,
1775 2091 1803 2116 et

1064 2132 1146 2179 quod
1171 2131 1276 2167 nullus
1303 2131 1452 2178 deinceps
1481 2133 1510 2166 iu
1546 2132 1655 2166 eodem
1691 2144 1804 2178 regno,

1064 2183 1137 2216 viris
1158 2182 1395 2225 ecclesiasticis,
1428 2193 1462 2215 ac
1491 2181 1597 2221 bouis,
1629 2188 1681 2216 aut
1714 2180 1807 2215 rebus

1065 2243 1173 2265 eorum
1214 2231 1388 2278 imponeret
1426 2231 1525 2265 tallias
1561 2230 1606 2264 vel
1643 2229 1805 2269 collectas,

1066 2280 1213 2328 quodque
1236 2280 1340 2315 nullus
1362 2280 1475 2314 ibidem
1495 2280 1639 2322 clericus,
1666 2279 1712 2313 vel
1736 2292 1807 2326 per·

1066 2342 1141 2364 sona
1189 2330 1397 2365 ecclesiastica
1433 2329 1471 2364 dc
1510 2338 1631 2364 caetero
1663 2329 1691 2363 in
1724 2328 1805 2363 civili

1067 2379 1114 2413 vel
1142 2379 1292 2414 criminali
1328 2391 1418 2414 causa
1449 2379 1671 2427 'conveniretur
1704 2390 1806 2412 coram

1069 2428 1171 2463 iudice
1197 2429 1359 2466 saeculari,
1387 2428 1443 2462 nisi
1466 2441 1562 2474 super
1586 2426 1685 2463 feudis
1706 2440 1805 2475 quae—

1830 1794 1920 1817 Siculsm
1929 1793 1998 1816 Baete-

1818 1826 1868 1846 §ism
1887 1826 1996 1852 apprezsit.

328 2333 349 2379 g
375 2333 408 2365 8.
432 2329 520 2364 Pacis
548 2340 619 2363 vero
641 2329 742 2375 ipsum
763 2327 941 2362 violatorem
962 2328 1024 2361 exi-

97 2386 179 2422 ¹==r=¹⁴5
221 2391 267 2421 turn
280 2388 363 2417 stere
384 2380 476 2427 plane
498 2386 636 2414 constat:
659 2378 730 2425 quia
758 2390 830 2412 cum
852 2377 926 2412 olim
947 2385 1026 2411 tem-

83 2416 186 2444 ⁰“‘⁰‘¹⁰
208 2422 268 2444 '’⁸⁶''
283 2441 358 2476 pore
380 2429 464 2476 pacis
487 2428 567 2463 inter
589 2428 705 2475 ipsum,
732 2435 761 2462 et
783 2426 957 2462 Ecclesiam
978 2438 1027 2461 re-

85 2447 144 2475 leges
157 2448 251 2469 riotnvtt.

282 2478 431 2514 formatae
453 2479 589 2513 iurasset
610 2489 714 2512 coram
737 2475 835 2511 bonae
857 2488 950 2510 mern.
967 2475 1025 2511 l....

283 2528 323 2564 de
344 2527 510 2564 abbatibus
530 2527 630 2568 Villa,
664 2526 812 2574 episcopo
845 2524 1028 2568 Sabinensi,

283 2586 314 2613 et
334 2579 484 2625 magistro
510 2577 680 2612 Thomasio
711 2583 788 2610 tunc
823 2575 972 2621 temporis
995 2574 1026 2610 S.

283 2626 419 2663 Sabinae
439 2627 619 2675 presbytero
641 2625 799 2665 cardinali,
815 2624 1030 2672 praesentibus

363 2684 437 2715 Ball.
462 2683 537 2713 Rom.
565 2684 618 2712 t‘ot.
638 2683 687 2712 Ill.
850 2682 887 2712 65

1068 2479 1127 2512 stio
1148 2478 1248 2513 civilis
1270 2479 1493 2521 liaberetur,ac
1507 2476 1706 2524 Templariis,
1732 2475 1810 2511 Ilo>-

1071 2527 1231 2575 pitalariis,
1263 2536 1293 2563 et
1323 2528 1390 2563 aliis
1423 2528 1564 2573 personis
1590 2526 1809 2562 ecclesiasticis

1070 2578 1108 2612 de
1135 2577 1255 2612 damnis
1290 2586 1319 2612 et
1360 2577 1481 2611 iniuriis
1515 2576 1659 2623 irrogatis
1691 2576 1807 2611 eisdem

1071 2626 1256 2662 satisfaceret
1280 2634 1503 2672 competenter,
1532 2626 1597 2671 ipse
1629 2626 1809 2661 mandatum
