2129 3223
134 266 184 293 An.
202 265 232 293 C.
252 265 319 292 ¹265

148 1686 234 1710 Poenae
246 1691 322 1709 contu

137 1719 185 1740 huie
200 1721 278 1739 statuto
290 1719 321 1739 in-

137 1750 270 1771 obedientes.

385 254 453 287 702

331 325 437 354 autem
473 316 652 351 ommittere
680 312 767 348 nullo
783 312 879 347 modo
897 312 1082 360 poterimus,

331 368 407 415 quin
437 377 492 413 per
518 364 716 411 disciplinam
742 362 875 409 rigidam
906 369 937 396 et
972 373 1081 408 perso-

332 418 380 451 nis
407 414 608 449 metuendam
646 412 830 459 improvidis
856 410 1081 450 ostendamus,

331 465 415 513 quod
440 464 509 498 illos
536 475 590 498 cor
617 471 760 497 nostrum
788 462 961 508 pupugisse
994 460 1083 494 duris

331 515 517 549 :minamur
542 512 674 556 aculeis,
705 512 758 558 qui
786 510 921 545 iustitiae
944 509 1081 555 vigorem

331 563 521 610 impediunt.
544 562 590 596 vel
609 561 807 608 saepedictae
824 559 918 594 robur
941 558 1083 593 nituntur

331 613 448 649 elidere
476 611 638 646 libertatis.

380 661 497 696 Datum
534 660 618 708 apud
653 659 913 695 Urbemveterem
942 656 1083 691 kalendis

332 710 521 754 decembris,
546 709 746 757 pontificatus
762 708 857 743 nostri
880 719 963 742 anno
980 706 1081 741 tertio.

352 773 412 803 [int.
432 773 478 802 die
499 772 507 802 l
528 771 691 802 decembris
712 769 912 808 1263,p0111it'.
930 777 1007 797 anno
1023 776 1062 797 iu.

664 927 747 963 XVI.

335 1012 428 1053 Quod
453 1018 566 1050 castra,
607 1011 711 1054 feuda,

384 1061 555 1106 Campania
568 1067 594 1092 et
617 1060 779 1092 Maritima
798 1058 994 1091 consistentia
1012 1069 1085 1090 non—

380 1111 442 1143 nisi
456 1109 593 1154 personis
611 1110 646 1141 <te
663 1109 773 1142 eisdem
794 1108 963 1152 provinciis
984 1108 1084 1140 oriun-

380 1160 428 1193 ctis
449 1160 549 1197 vendi,
586 1158 700 1191 donari
731 1169 783 1191 seu
819 1157 976 1201 infeudari
1012 1169 1086 1200 pos-

381 1209 442 1242 sint
468 1210 524 1251 (t).

756 1016 853 1042 terras
892 1015 917 1041 et
951 1009 1016 1041 alia
1052 1009 1085 1041 in

600 1284 816 1315 SUMMARIUM

334 1353 358 1382 t.
378 1352 492 1382 Poenae
514 1356 614 1382 contra
643 1351 712 1381 huic
740 1354 848 1380 statuto
871 1349 1084 1380 inobedientes.

370 1413 409 1418 —
434 1396 461 1426 2.
483 1395 609 1425 Irritatio
641 1398 844 1424 contractuum
875 1399 976 1424 contra
1010 1394 1085 1424 banc

373 1442 467 1479 legem
491 1439 645 1470 sactorum.

376 1516 497 1545 Urbanus
520 1516 662 1551 episcopus
686 1520 780 1543 servus
806 1519 947 1542 servorum
977 1513 1039 1545 Dei,

502 1564 536 1593 ad
550 1563 673 1593 futuram
686 1563 728 1592 roi
747 1562 914 1591 memoriam.

383 1641 398 1680 ξ
416 1640 446 1671 1.
461 1637 623 1672 Romanae
644 1634 815 1675 Ecclesiae,
830 1633 923 1669 cuius
942 1633 1084 1680 regimini

335 1683 1085 1732 licetimmeritiauetoreDominopraesidemus,

336 1735 597 1771 indemnitatibus
632 1745 834 1782 praecavere,
865 1745 901 1768 ac
933 1744 1086 1780 prospero

335 1793 366 1819 et
382 1784 550 1832 tranquillo
578 1784 758 1832 provinciae
785 1782 978 1830 Campaniae
1017 1782 1086 1816 Ma-

336 1834 522 1882 ritimaeque
547 1834 641 1869 statui
670 1832 841 1880 apostolica
875 1831 1086 1867 sollicitudine

336 1884 500 1932 providere
526 1883 680 1923 volentes,
704 1883 858 1917 universis
892 1881 1062 1916 baronibus
1078 1908 1099 1924 ,-

337 1933 498 1975 militibus,
525 1933 647 1968 civibus
674 1940 704 1967 et
731 1931 918 1978 generaliter
939 1930 1087 1966 omnibus

337 1984 503 2030 utriusque
531 1994 625 2017 sexus
647 1982 837 2029 Campaniae
859 1989 889 2015 et
914 1980 1088 2015 Maritimae

337 2032 580 2080 praedictarum:
610 2032 781 2078 unicuique
804 2030 911 2065 baroni
938 2038 969 2065 et
1002 2030 1087 2064 baro-

338 2083 443 2117 nissae
465 2081 526 2117 sub
549 2081 644 2123 mille;
667 2081 756 2115 militi
787 2091 860 2115 vero
899 2087 930 2114 et
964 2078 1087 2113 mulieri

340 2132 379 2166 de
405 2131 532 2166 militari
554 2142 669 2177 genere
706 2130 886 2176 prodeunti,
913 2129 973 2164 sub
994 2129 1089 2176 quiu-

338 2188 515 2227 gentarum;
536 2180 670 2228 singulis
691 2187 796 2214 autem
819 2178 942 2213 civibus
963 2186 993 2213 et
1019 2178 1089 2212 aliis

340 2230 594 2278 quibuscumque
616 2230 781 2276 utriusque
803 2240 898 2263 sexus
925 2228 986 2263 sub
1019 2236 1089 2262 tre-

340 2289 503 2315 centarum
526 2280 679 2315 librarum
696 2278 870 2326 provinien.
888 2278 1008 2324 poeuis,
1032 2289 1089 2311 au-

341 2330 480 2364 ctoritate
507 2329 677 2377 apostoliea
699 2328 870 2363 districtius
899 2327 1088 2366 inhibemus,

343 2391 379 2412 ne
403 2386 514 2420 castra,
536 2378 640 2420 seuda,
658 2378 815 2417 homines,
839 2376 998 2417 vassallos,
1025 2382 1090 2410 ter-

342 2440 401 2472 ras,
420 2429 544 2469 domos,
567 2429 672 2463 vineas
693 2434 747 2461 aut
773 2426 989 2473 possessiones
1015 2425 1090 2460 alias

341 2489 395 2511 seu
419 2478 477 2512 alia
496 2488 715 2524 quaecumque
738 2475 819 2511 bona
838 2475 1010 2510 immobilia
1035 2486 1089 2508 seu

344 2527 409 2560 iura
431 2527 571 2574 ipsorum
596 2527 625 2561 in
649 2524 790 2574 partibus
804 2524 986 2560 earumdem
1000 2523 1092 2559 Carn-

345 2575 454 2621 paniae
476 2577 520 2610 vel
543 2575 716 2611 Maritimae
738 2574 939 2610 consistentia
955 2602 962 2614 ,
997 2572 1088 2608 alicui

379 2644 418 2679 (t)
437 2645 475 2671 Ex
493 2646 595 2679 Regest.
620 2646 703 2671 Vatic.

916 255 1106 281 BULLARIUM
1131 254 1295 279 ROMANUM

1123 310 1169 345 vel
1192 309 1350 357 aliquibus
1377 310 1595 345 ecclesiasticis
1620 309 1872 345 saecularibusve

1123 360 1266 406 personis
1293 360 1521 407 cuiuscumque
1547 367 1659 401 status,
1699 359 1872 406 dignitatis,

1122 409 1242 444 ordinis
1257 409 1302 444 vel
1324 408 1513 444 conditionis
1534 410 1679 453 existant,
1701 420 1782 455 quae
1811 421 1872 444 non

1122 458 1184 493 sint
1205 458 1243 494 de
1268 458 1386 493 eisdem
1414 458 1586 505 Campania
1608 459 1655 494 vel
1694 458 1848 493 Maritima
1863 486 1873 503 ,

1122 517 1152 542 et
1179 507 1293 543 exinde
1320 507 1485 548 oriundae,
1512 515 1541 541 et
1563 519 1645 554 quae
1675 509 1768 543 etiam
1809 519 1872 542 non

1122 557 1185 591 sint
1202 557 1241 592 de
1267 557 1335 592 foro
1357 557 1486 591 rectoris
1510 556 1653 592 eiusdem
1682 558 1873 604 provinciae,

1124 607 1269 647 vendere,
1301 606 1487 650 distrahere,
1519 606 1648 648 donare,
1683 615 1872 653 permutare,

1123 655 1236 697 locare,
1258 664 1309 690 aut
1330 655 1368 691 ad
1392 667 1522 690 censum
1560 655 1607 689 vel
1640 656 1871 703 emphyteusim

1123 704 1209 746 dare,
1231 713 1283 740 aut
1306 705 1367 740 alio
1389 716 1593 751 quocumque
1623 705 1719 740 modo
1752 705 1799 740 vel
1832 706 1873 740 ti-

1124 755 1190 789 tulo
1211 754 1345 789 alienare
1374 762 1585 801 praesumant.

1172 807 1187 847 ἕ
1209 808 1241 838 2.
1271 803 1334 838 Nos
1358 804 1442 838 enim
1466 815 1502 838 ex
1524 811 1600 838 tunc
1631 815 1758 837 omnem
1796 816 1874 839 con-

1886 255 1936 282 An.
1951 255 1982 283 C.
2000 253 2067 282 ¹26³
2107 230 2115 256 ‘i

1899 811 1992 835 tri-{tatio
2015 818 2072 834 con·

1886 846 1989 865 “Sel-llum
1996 847 2072 864 βθῦῑῐὸ

1123 860 1268 897 tractum,
1295 853 1320 888 si
1348 864 1442 899 quem
1465 861 1571 887 contra
1593 852 1772 888 huiusmodi
1808 866 1872 889 no—
1886 874 1941 895 hm
1954 871 2072 900 1050„sp

1123 910 1219 937 stram
1242 902 1462 937 inhibitionem
1485 902 1550 937 fieri
1571 902 1615 937 vel
1637 902 1788 937 celebrari
1803 914 1873 938 con·

1124 952 1239 998 tigerit,
1268 952 1391 986 irritum
1422 951 1560 998 penitus,
1593 964 1727 986 vacuum
1763 951 1874 987 decer-

1125 1003 1231 1036 nimus
1262 1008 1293 1036 et
1313 1002 1450 1040 inanem,
1473 1013 1507 1035 ac
1530 1001 1648 1036 nullius
1672 1013 1800 1047 prorsus
1813 1003 1876 1036 exi-

1124 1058 1205 1087 stere
1227 1049 1392 1085 firmitatis.

1173 1099 1256 1134 Nulli
1283 1112 1357 1146 ergo
1379 1099 1508 1135 omnino
1535 1100 1700 1135 bominum
1722 1107 1774 1134 etc.

1175 1149 1290 1184 Datum
1305 1150 1387 1197 apud
1404 1148 1660 1184 Urbemveterem
1676 1158 1788 1198 quarto
1803 1149 1876 1185 idus

1125 1198 1314 1238 decembris,
1337 1198 1536 1246 pontificatus
1555 1199 1650 1233 nostri
1669 1211 1750 1234 anno
1773 1200 1875 1234 tertio.

1138 1261 1199 1291 Dat.
1215 1261 1263 1291 die
1275 1261 1312 1292 10
1326 1260 1493 1291 decembris
1510 1260 1595 1298 1263,
1612 1260 1718 1307 pontis..
1731 1270 1807 1291 anno
1822 1270 1863 1291 ιιι.

1456 1441 1556 1476 XVII.

1126 1522 1257 1556 Privata
1279 1523 1480 1556 Recanatensi
1500 1524 1619 1556 civitate
1644 1522 1810 1566 episcopali
1832 1524 1877 1557 di-

1172 1572 1304 1615 qnt‘tate,
1329 1572 1529 1605 Auximanae
1545 1573 1715 1606 restituitur
1727 1584 1795 1606 cum
1809 1584 1877 1606 om-

1173 1621 1261 1654 nibus
1288 1621 1406 1654 itu-ibus
1428 1627 1479 1654 etc.
1509 1623 1569 1663 (t).

1397 1697 1467 1728 SUM
1471 1698 1493 1727 M
1498 1697 1582 1727 ARIU
1588 1699 1610 1727 M

1125 1762 1293 1793 Exordium.
1313 1780 1351 1785 —
1379 1764 1533 1793 Auximani
1569 1765 1740 1804 episcopatu
1773 1767 1877 1805 privati

1166 1813 1284 1848 propter
1307 1807 1519 1845 rebellionem,
1537 1813 1564 1838 et
1586 1809 1715 1847 dignitas
1742 1808 1876 1840 Recana-

1166 1853 1301 1883 tensibus
1321 1853 1396 1882 (lata.
1418 1869 1457 1874 —
1475 1853 1705 1883 Auximanorum
1728 1854 1879 1893 poeniten-

1167 1898 1205 1928 tia
1228 1902 1256 1927 et
1284 1897 1461 1927 emendatio.
1491 1914 1530 1919 -—
1560 1896 1807 1928 Recanatensium
1833 1899 1878 1929 in-

1167 1942 1322 1980 gratitudo.
1339 1958 1378 1963 —
1394 1941 1513 1981 Dempta
1530 1942 1628 1981 itaque
1647 1942 1694 1978 iis,
1705 1951 1738 1972 ea
1751 1942 1877 1980 dignitas

1167 1986 1338 2016 Auximanis
1358 1986 1531 2023 restituitur,
1548 2002 1587 2008 ——
1601 1985 1749 2025 Datusque
1764 1987 1876 2017 eisdem

1167 2030 1353 2061 Benvenutus
1386 2032 1553 2070 episcopus.
1583 2046 1623 2052 —
1653 2030 1826 2061 Obedientia
1851 2031 1878 2061 ei

1169 2076 1353 2114 praestanda.

1127 2147 1250 2176 Urbanus
1267 2146 1409 2183 episcopus
1427 2152 1523 2175 servus
1542 2152 1683 2175 sorvorum
1700 2145 1757 2179 Dei.
1770 2145 1878 2176 dilectis

1172 2196 1238 2224 filiis
1268 2196 1340 2225 clero
1359 2196 1485 2225 civitatis
1503 2196 1534 2224 et
1552 2194 1684 2224 dioecesis
1702 2195 1876 2228 auximanus,

1173 2246 1292 2275 satutem
1316 2247 1346 2274 et
1364 2246 1539 2281 apostoticam
1558 2245 1778 2274 benedictionem.

1178 2318 1268 2352 Reeti
1292 2325 1404 2352 statera
1433 2317 1538 2352 iudicii
1566 2329 1668 2364 aequo
1690 2323 1764 2351 tunc
1797 2328 1878 2350 exa-

1131 2368 1214 2402 mine
1237 2374 1443 2414 temperatur,
1465 2379 1538 2402 cum
1571 2367 1664 2413 digna
1710 2365 1878 2400 virtutibus

1164 2442 1204 2476 (t)
1221 2442 1259 2468 Ex
1277 2441 1392 2469 Bolland.
1416 2440 1512 2473 Martii,
1534 2443 1599 2468 tom.
1625 2447 1664 2472 nt,
1685 2447 1745 2475 pag.
1766 2439 1827 2467 593.
1844 2455 1879 2461 —-

1130 2482 1306 2508 Auximanam
1325 2480 1622 2516 civitatem,episcopali
1642 2480 1773 2515 privatam
1793 2480 1879 2514 digni-

1130 2525 1194 2553 tate,
1212 2521 1400 2549 Humanatensi
1408 2522 1533 2556 episcopo
1543 2520 1644 2547 addixit
1654 2519 1821 2547 innocentius
1832 2520 1877 2553 tv,

1131 2561 1243 2588 Constit.
1261 2569 1310 2594 κν,
1328 2569 1386 2597 pag.
1404 2562 1465 2588 555.
1477 2559 1700 2587 Recanatensibus
1711 2567 1776 2587 vero
1786 2559 1879 2587 adem-

1131 2604 1201 2636 ptam
1212 2601 1364 2636 dignitatem
1380 2600 1501 2628 eamdem
1515 2599 1549 2626 ab
1570 2598 1677 2626 Urbano
1697 2599 1807 2634 legimus
1831 2607 1863 2627 su

1131 2640 1220 2675 perius
1247 2641 1359 2667 Constit..
1379 2648 1451 2666 num.
1473 2646 1609 2675 xrtnpae.
1629 2638 1690 2664 697.

1887 907 1975 926 Morum.

1922 2325 2045 2350 Exordium.
