2129 3223
33 246 80 273 An.
101 247 126 272 C.
147 246 213 273 ¹223

835 246 996 267 HONORH'S
1018 246 1053 267 ΙΙΙ
1078 246 1124 267 ΡΡ.

1642 237 1709 270 597

1775 247 1822 273 Ati.
1842 247 1868 274 C.
1893 247 1957 274 ti‘23

226 308 377 346 gaverunt
403 299 544 346 proprias
567 299 749 333 voluntates.
786 298 876 333 Unde
915 299 969 333 lir—
1011 297 1130 342 litleles,
1151 307 1256 345 petant
1282 300 1354 334 inde
1376 299 1535 335 licentiam
1564 313 1581 336 a
1606 302 1674 336 suis
1695 303 1758 336 mi·
1785 307 1955 330 'donemconce-
1995 308 1997 311 '

226 398 329 433 nistris
370 398 400 432 in
442 397 602 437 omnibus,
640 387 727 444 qan
758 397 969 443 promiserunt

225 447 361 482 Domino
382 446 559 491 observare,
580 455 610 481 et
632 459 692 481 non
720 447 783 481 sint
816 447 967 481 contraria

224 497 346 532 animae
367 503 398 530 et
419 496 544 542 regulae
567 504 701 531 nostrae.
719 496 757 530 Et
777 496 968 542 ubicumque

223 553 298 581 sunt
323 545 455 589 fratres,
488 546 540 593 qui
573 546 688 580 scirent
726 554 755 580 et
789 557 968 591 cognosce-

224 603 292 631 rent
312 607 345 630 se
367 607 428 630 non
457 607 547 641 posse
587 595 724 641 regulam
762 594 968 641 spiritualiter

221 644 397 684 observare,
423 644 460 678 ad
484 657 557 679 suos
585 645 744 679 ministros
766 644 897 678 debeant
937 652 967 678 et

223 694 342 740 possint
364 706 536 729 recurrere.
570 694 702 728 Ministri
742 706 813 728 vero
851 694 963 728 carita-

221 744 282 778 tive
315 751 346 778 et
372 743 505 790 benigne
528 756 581 778 eos
604 744 767 790 recipiant,
790 751 819 777 et
848 750 963 777 tantam

221 792 458 828 familiaritatem
501 792 633 827 habeant
671 793 750 827 circa
792 793 890 839 ipsos,
932 801 964 827 nt

219 841 322 877 dicere
344 843 465 889 possint
487 843 543 884 eis,
566 849 595 876 et
618 842 719 877 facere
741 842 821 876 sicut
842 841 962 876 domini

218 891 316 927 servis
337 892 412 933 suis;
434 904 505 926 nam
523 893 564 925 ita
587 891 679 926 debet
700 904 780 931 esse,
803 892 886 938 quod
903 892 963 925 mi-

219 941 307 976 nistri
328 942 392 976 sint
412 942 491 976 servi
520 941 661 976 omnium
685 941 825 975 fratrum.
850 941 963 975 Moneo

217 1001 355 1038 quoque,
389 999 420 1025 et
466 991 613 1025 exhortor
655 991 683 1024 in
723 990 859 1024 Domino
892 990 960 1024 lesu

216 1039 354 1084 Christo,
377 1047 409 1074 ut
430 1048 558 1075 caveant
587 1040 696 1074 fratres
722 1039 761 1074 ab
794 1041 877 1074 omni
907 1052 961 1073 su-

217 1088 338 1135 perbia,
364 1089 553 1135 vanagloria,
577 1089 702 1133 invidia,
724 1089 862 1129 avaritia,
888 1102 960 1124 cura

215 1147 246 1173 et
266 1138 480 1174 sollicitudine
507 1138 602 1173 huius
614 1138 742 1174 saeculi.
769 1138 960 1173 detractione

31 1193 195 1216 Nouem-andan
215 1196 246 1222 el.
272 1190 532 1223 murmuratione.
568 1188 607 1222 El
649 1200 711 1222 non
751 1196 862 1222 Curenl
902 1200 958 1222 ne-

17 1228 101 1280 ptiffnm
112 1228 136 1249 de
149 1228 199 1249 lite-

213 1285 298 1334 quod
319 1299 416 1333 super
436 1286 540 1322 omnia
563 1286 741 1322 desiderare
762 1286 877 1321 debent
903 1287 959 1321 ba-

214 1335 287 1370 bere
320 1336 465 1382 spiritum
492 1336 618 1370 Domini
650 1344 681 1371 et
718 1344 856 1370 sanctam
891 1336 959 1371 eius

212 1385 437 1432 operationem,
459 1397 547 1420 orare
562 1397 687 1432 semper
708 1386 745 1420 ad
760 1385 861 1420 Deum
878 1398 958 1433 puro

211 1433 317 1479 corde,
338 1441 369 1470 et
394 1434 509 1469 habere
532 1435 752 1474 humilitatem,
777 1434 956 1481 patientiam

211 1484 242 1518 in
265 1484 482 1532 persecutione
521 1492 550 1519 et
579 1485 610 1518 in
633 1484 822 1525 infirmitate,
849 1492 879 1519 et
908 1484 957 1519 di-

211 1532 308 1580 ligere
333 1545 399 1574 eos,
420 1534 472 1581 qui
499 1546 558 1568 nos
585 1541 827 1580 persequuntur,
855 1546 977 1583 repre-3

211 1582 355 1617 hendunt
379 1591 409 1618 et
429 1592 576 1629 arguunt,
598 1583 669 1630 quia
684 1583 760 1617 dicit
786 1582 954 1617 Dominus:

210 1631 340 1679 Diligite
368 1632 513 1667 inimicos
548 1641 678 1671 vestros,
712 1641 742 1666 et
774 1641 858 1667 orate
900 1646 955 1680 pro

212 1681 473 1728 persequentibus
505 1690 534 1716 et
572 1681 836 1717 calumniantibus
876 1695 954 1723 x·0s;

209 1731 297 1765 Beati
323 1731 377 1777 qui
405 1732 656 1777 persecutionem
685 1731 846 1777 patiuntur
881 1744 954 1778 pro-

209 1788 277 1826 pter
298 1780 463 1819 iustitiam,
490 1782 639 1827 qnoniam
664 1781 801 1826 ipsorum
835 1789 881 1815 est
905 1794 954 1815 re-

208 1841 304 1876 gnum
327 1829 505 1869 coelorum,
537 1830 597 1870 Qui
632 1837 735 1863 autem
771 1842 954 1876 persevera-

209 1879 288 1914 verit
307 1890 408 1926 usque
430 1879 462 1913 in
486 1878 594 1916 finem,
622 1878 672 1912 bic
695 1878 800 1913 salvus
823 1880 890 1913 erit.

507 1953 576 1988 Cn·
598 1953 650 1988 Xl.

259 2024 422 2073 Praecipio
445 2024 574 2060 firmiter
616 2025 762 2061 fratribus
799 2026 953 2062 universis

39 2080 98 2117 ⁹¹¹9*
117 2081 195 2117 safres
211 2088 249 2111 ne
269 2075 403 2110 habeant
430 2082 575 2121 suspecta
597 2077 766 2120 consortia,
794 2076 838 2111 vel
877 2089 953 2111 con-

15 2114 57 2165 ffl’
68 2113 196 2165 ᾇᾛξξΐξζ
209 2125 276 2172 silia
302 2125 481 2160 mulierum.
504 2123 544 2159 Et
570 2136 609 2159 ne
633 2125 843 2170 ingrediantur
881 2139 952 2161 mo—

15 2174 168 2196 ¹¹²⁰¹⁸⁶¹²³¹¹¹¹¹¹·
210 2175 342 2210 nasteria
359 2173 594 2218 monacharum,
609 2182 729 2220 praeter
750 2174 820 2210 illos
838 2175 952 2222 quibus

209 2236 225 2259 a
248 2223 331 2260 Sede
351 2222 531 2272 Apostolica
562 2235 709 2258 concessa
749 2232 793 2258 est
828 2224 950 2259 licentia

209 2273 365 2321 specialis.
393 2273 458 2308 Nec
492 2272 567 2308 fiant
605 2281 779 2320 compatres
815 2274 950 2309 virorum

209 2323 256 2358 vel
279 2322 460 2364 mulierum,
489 2335 526 2357 ne
562 2322 619 2357 hac
658 2323 833 2362 occasione,
874 2324 952 2359 inter

210 2372 330 2413 fratres,
351 2372 398 2407 vel
421 2371 460 2407 de
482 2372 627 2407 fratribus
654 2371 833 2406 scandalum
868 2374 953 2408 oria-

210 2430 271 2456 tur.

491 2492 569 2527 CAP.
599 2491 668 2526 XII.

260 2563 457 2611 Quicumque
479 2564 605 2599 fratrum
629 2563 732 2598 divina
752 2563 952 2610 inspiratione

212 2612 368 2648 voluerint
388 2613 434 2648 ire
454 2613 534 2648 inter
555 2613 729 2648 Saracenos
750 2621 780 2647 et
806 2613 882 2648 alios
904 2614 953 2648 in-

214 1236 349 1272 scientes
372 1237 491 1272 litteras
524 1237 661 1274 discere.
695 1237 748 1272 sed
789 1237 981 1275 attendam?

1771 340 1838 360 denda

227 350 319 384 miter
341 349 500 396 praecipio
520 349 578 392 eis,
601 357 634 382 ut
656 348 803 382 obediant
823 349 890 383 suis
917 348 969 382 mi·
1011 348 1115 382 nistris
1137 347 1391 394 provincialibus.
1411 349 1545 384 Ministri
1569 362 1640 385 vero
1662 350 1756 386 nullis
1769 372 1832 392 eund,
1848 373 1868 392 j„

1869 340 1953 361 licentia

1885 375 1952 392 lOl'YB*

1008 397 1103 432 eundi
1132 397 1288 432 licentiam
1325 399 1472 437 tribuant.
1501 399 1559 434 nisi
1594 400 1639 435 eis
1674 402 1891 447 quosi'ffl‘ff'i'm

1008 446 1143 482 viderint
1165 446 1295 482 idoneos
1316 447 1354 482 ad
1382 448 1578 484 mittendum.

1057 497 1104 531 Ad
1134 497 1220 540 baec,
1244 509 1299 543 per
1315 497 1527 532 obedientiam
1549 498 1678 546 iniungo
1700 499 1753 534 mi·

1009 546 1125 586 nisti-is,
1149 555 1181 581 ut
1209 554 1314 593 petant
1340 559 1354 580 a
1378 547 1505 582 domino
1536 547 1620 595 Papa
1655 561 1752 583 unum

1007 594 1045 629 «lc
1068 604 1191 631 sanctae
1214 595 1374 630 Romanae
1396 596 1554 632 Ecclesiae
1586 598 1754 633 cardinali-

1008 643 1083 688 bus,
1118 645 1170 692 qui
1205 645 1245 680 sit
1282 645 1488 691 gubernator,
1528 656 1558 681 et
1597 655 1753 693 protector

1006 702 1032 727 ct
1057 704 1212 729 corrector
1235 694 1318 729 illius
1339 695 1548 736 fraternitatis,
1570 704 1602 730 ut
1626 709 1753 744 semper

1005 743 1122 778 subditi
1158 753 1187 778 et
1215 744 1347 779 subiecti
1375 744 1510 792 pedibus
1542 745 1683 781 eiusdem
1716 746 1750 781 S.

1005 792 1164 828 Ecclesiae
1190 794 1319 829 stabiles
1348 794 1377 829 in
1406 794 1468 829 fide
1494 794 1645 830 catholica
1668 807 1750 842 pau-

1006 851 1153 887 pertatem
1190 851 1219 878 et
1266 844 1470 878 humilitatem
1485 872 1492 884 ,
1534 853 1565 879 et
1605 853 1748 880 sanctum

1004 891 1210 938 Evangelium
1235 893 1363 928 Domini
1386 894 1482 929 nostri
1517 893 1588 929 lesu
1619 893 1748 935 Christi,

1003 942 1088 987 quod
1107 942 1238 977 firmiter
1260 944 1475 990 promisimus,
1501 943 1716 980 observemus.

1051 991 1136 1026 Nulli
1153 1004 1226 1039 ergo
1241 993 1370 1027 omnino
1384 993 1547 1028 hominum
1562 993 1654 1028 liceat
1667 993 1748 1029 hanc

1003 1041 1147 1086 paginam
1164 1050 1287 1076 nostrae
1308 1042 1555 1078 confirmationis
1576 1043 1747 1090 infringere

1003 1090 1047 1124 vel
1070 1091 1097 1125 ei
1120 1103 1199 1126 ausu
1223 1092 1386 1126 temerario
1407 1093 1574 1127 contraire.
1608 1092 1641 1128 Si
1676 1094 1748 1140 quis

1001 1146 1104 1174 autem
1131 1149 1183 1174 etc.

1049 1189 1163 1224 Datum
1182 1190 1326 1224 Laterani
1350 1190 1441 1225 tertio
1462 1189 1611 1227 kalendas
1624 1191 1747 1227 decem-

1001 1237 1075 1277 bris,
1104 1239 1304 1285 pontificatus
1326 1240 1421 1274 nostri
1444 1252 1527 1275 anno
1551 1250 1670 1276 octavo.

1038 1299 1097 1328 Dat.
1122 1301 1168 1328 die
1192 1301 1228 1329 ⁹29
1246 1310 1357 1330 novem.
1382 1301 1466 1337 1223,
1486 1307 1563 1340 pont.
1582 1312 1628 1332 an.
1646 1312 1706 1332 vni.

1011 1452 1156 1494 Sequetur
1178 1451 1224 1483 luc
1252 1458 1459 1484 testamentum
1488 1453 1525 1485 Β.
1556 1453 1722 1487 Franci'sci'.

1267 1529 1480 1560 SUMMARIUM

1000 1596 1022 1624 l.
1059 1595 1086 1625 S.
1121 1594 1270 1624 Francisci
1308 1597 1510 1626 conversionis
1545 1599 1670 1628 initium.
1706 1616 1745 1621 —

1035 1639 1062 1668 2.
1081 1639 1181 1669 Modus
1198 1640 1309 1670 orandi.
1325 1657 1362 1662 —
1375 1641 1402 1670 3.
1418 1640 1588 1671 Reverentia
1602 1652 1668 1681 erga
1697 1652 1744 1673 sa-

1035 1683 1167 1712 cerdotes
1183 1700 1220 1705 —
1238 1684 1264 1713 4.
1288 1683 1320 1713 Et
1333 1693 1400 1722 erga
1424 1686 1560 1725 mysteria
1584 1687 1690 1716 divina.
1706 1706 1744 1711 —

1036 1728 1061 1757 Τ.
1082 1727 1144 1757 vita
1169 1729 1331 1759 secundum
1351 1729 1551 1768 Evangelium.
1575 1748 1612 1753 --
1634 1731 1742 1762 10.Fu-

1034 1772 1095 1809 gari
1114 1772 1174 1802 vult
1192 1773 1378 1803 otiositatem:
1396 1791 1435 1796 —-
1458 1775 1502 1804 13.
1525 1774 1639 1806 Servari
1667 1786 1741 1815 pau-

1035 1820 1173 1855 pertatem
1197 1817 1225 1845 in
1245 1817 1397 1847 aedificiis.
1421 1836 1459 1840 —
1487 1819 1531 1848 15.
1554 1819 1743 1851 Commendat

1034 1860 1230 1891 obedientiam
1250 1871 1316 1899 erga
1337 1863 1493 1900 praelatos,
1517 1881 1555 1886 —
1576 1865 1620 1895 18.
1638 1864 1670 1895 Et
1691 1866 1742 1895 ob-

1033 1905 1209 1935 servantiam
1225 1906 1313 1936 huius
1331 1909 1506 1938 testamenti.
1522 1908 1741 1940 —19.0bser-

1034 1950 1124 1979 vanda
1148 1951 1248 1989 regula
1269 1953 1333 1982 sine
1352 1952 1461 1991 glossa.

1047 2020 1066 2066 ἓ
1096 2024 1124 2053 t.
1148 2019 1306 2054 Dominus
1327 2020 1413 2056 dedit
1440 2021 1515 2056 mihi
1539 2022 1622 2058 fratri
1645 2023 1740 2058 Fran-

993 2072 1076 2106 cisco
1104 2069 1143 2103 ita
1177 2069 1314 2117 incipere
1359 2071 1458 2106 facere
1501 2073 1737 2119 poenitentiam,

993 2121 1066 2168 quia
1093 2131 1163 2153 cum
1187 2131 1288 2154 essem
1316 2121 1346 2155 in
1377 2122 1524 2167 peccatis,
1551 2123 1645 2158 nimis
1661 2123 1736 2157 milii

994 2170 1152 2205 videbatur
1170 2180 1309 2204 amarum
1343 2170 1447 2205 videre
1489 2171 1649 2217 leprosos,
1681 2172 1736 2206 setl

993 2220 1060 2267 ipse
1088 2217 1245 2252 Dominus
1265 2219 1477 2254 conduxitme
1499 2221 1577 2256 inter
1600 2222 1694 2267 ipsos,
1710 2229 1737 2255 et

994 2269 1064 2303 fecit
1085 2267 1330 2302 misericordiam
1353 2281 1424 2304 cum
1462 2270 1549 2316 ipsis;
1586 2278 1615 2304 et
1649 2282 1737 2305 rece-

993 2318 1085 2352 dente
1108 2330 1156 2351 me
1184 2317 1221 2351 ab
1244 2318 1330 2363 ipsis,
1372 2319 1400 2352 id
1444 2319 1527 2366 quod
1573 2319 1737 2355 videbatur

994 2368 1069 2401 milii
1090 2378 1242 2401 amarum.
1279 2378 1463 2402 conversum
1505 2368 1558 2402 l'uit
1596 2368 1671 2403 mihi
1705 2371 1735 2404 in

993 2416 1191 2451 dulcedinem
1214 2415 1336 2451 animae
1351 2425 1379 2451 et
1399 2418 1548 2464 corporis.
1572 2417 1612 2452 Et
1630 2427 1736 2465 postea

995 2478 1102 2513 parum
1120 2466 1201 2503 steti,
1224 2473 1251 2499 et
1276 2466 1353 2500 exivi
1377 2466 1415 2501 de
1443 2467 1577 2502 saeculo.

1041 2515 1114 2563 §9⁶-
1142 2514 1181 2549 Et
1220 2513 1375 2550 Dominus
1406 2515 1493 2550 dedit
1527 2516 1604 2551 mihi
1644 2517 1735 2553 talem

994 2563 1084 2599 fidem
1114 2566 1143 2598 in
1162 2564 1323 2608 Ecclesiis,
1346 2573 1378 2599 ut
1401 2566 1440 2600 ita
1462 2566 1646 2612 simpliciter
1665 2567 1737 2602 ado-

992 2626 1091 2648 rarem
1119 2621 1147 2648 et
1170 2613 1318 2649 dicerem:
1343 2614 1518 2650 Adoramus
1541 2623 1580 2660 te,
1603 2618 1736 2652 sanctis-

1795 1000 1911 1023 clausulae.

1767 2030 1785 2050 S.
1815 2030 1920 2051 francisci

1771 2063 1915 2083 conversionis

1798 2094 1878 2113 initium

1764 2527 1835 2549 unius
1851 2530 1924 2550 orandi
