2129 3223
57 249 106 276 Λη.
123 248 152 274 C.
172 248 238 274 1219

68 1146 97 1168 De
113 1147 196 1167 statutis
216 1146 237 1167 tn

56 1178 149 1204 generati
177 1177 238 1204 capt-

57 1209 99 1229 iuto
115 1207 182 1229 [actia.

70 1536 230 1564 Appellationen

58 1571 132 1588 contra
161 1570 240 1587 statuta

57 1604 98 1618 non
125 1598 239 1619 admitten-

57 1629 104 1655 daeg

876 251 1039 274 HoNotttt's
1062 251 1096 273 ΙΙΙ
1122 251 1169 272 ΙΨ.

252 304 514 339 Grandimonten.
543 303 704 339 Ecclesiae
726 305 889 351 speciales,
917 306 999 351 iique

252 353 348 388 semel
369 353 400 387 in
428 356 511 388 anno
537 353 662 388 visitent
691 353 788 400 ipsam
813 354 941 388 domum
970 361 999 389 et

252 402 410 448 corrigant
437 401 467 436 in
490 413 526 437 ea
553 409 615 436 tam
645 402 673 436 in
703 403 821 449 capite,
851 415 943 450 qnam
969 403 998 437 in

252 450 413 491 membris,
436 460 516 498 quae
537 451 723 497 corrigenda
748 452 923 487 invenerint
946 464 1000 487 se-

251 499 391 535 cundum
410 499 524 540 Deum,
536 499 870 536 etGrandimontensis
880 501 1000 536 ordinis

252 549 403 590 instituta,
430 557 461 583 ct
489 549 614 584 audiant
642 549 682 584 de
714 550 849 597 receptis
881 559 908 585 ct
946 563 999 585 cx-

253 598 359 645 pensis
385 598 533 633 omnibus
559 599 724 638 rationem,
756 606 787 633 et
813 599 998 634 eorumdem

252 647 447 683 visitatorum
464 647 598 682 consilio
619 648 781 682 annuatim
807 648 902 695 prior,
919 649 1000 684 sicut

252 697 349 731 moris
369 706 427 738 est,
450 697 480 731 in
508 696 646 743 generali
676 698 814 743 capitulo
837 697 998 745 provideat

252 745 451 793 presbyteros
478 745 611 781 idoneos
638 754 667 781 et
694 745 849 782 discretos
881 746 918 782 ad
955 747 1000 782 vi-

251 795 429 830 sitationem
452 794 550 830 semel
575 796 605 829 in
628 807 711 830 anno
739 807 795 842 per
816 804 917 831 totum
942 808 999 831 or-

251 843 357 879 dinem
384 843 572 890 generaliter
588 843 776 888 faciendam,
799 846 852 891 qui
881 845 945 879 hini
969 853 999 879 et

251 892 329 937 bini,
341 905 403 928 uno
417 905 568 928 converso
579 901 757 940 assumpto,
777 905 888 928 omnes
905 895 1000 929 cellas

250 941 370 976 ordinis
387 954 459 977 cum
488 950 571 977 tanta
598 950 764 989 potestate,
787 951 936 989 quantam
953 944 999 978 eis

250 991 335 1037 prior
355 991 557 1036 concesserit,
591 991 755 1026 visitantes
787 993 943 1039 corrigant
969 1000 999 1026 ct

252 1040 433 1084 reforment,
449 1052 529 1087 quae
543 1040 720 1075 secundnm
745 1041 883 1087 regulam
898 1049 928 1075 ct
949 1042 999 1075 in-

250 1089 357 1124 stituta
379 1089 510 1130 ordinis,
532 1101 568 1124 ac
595 1089 796 1137 Apostolicae
816 1089 907 1125 Sedis
934 1099 998 1125 sta-

252 1145 315 1173 tuta
344 1139 548 1174 correctionis
575 1147 604 1173 et
633 1138 864 1174 reformationis
897 1139 999 1173 ollicio

253 1187 385 1223 viderint
403 1188 555 1235 indigere.
580 1187 701 1223 Statuta
731 1200 803 1223 vcro
826 1200 906 1235 quac
925 1188 999 1222 {ient

252 1237 281 1271 in
309 1237 446 1283 generali
475 1237 612 1284 capitulo
640 1237 678 1271 ab
711 1237 859 1272 omnibus
884 1237 999 1272 obser-

252 1294 364 1321 ventur
386 1286 521 1334 proviso,
544 1295 579 1320 ut
606 1286 689 1320 nulla
714 1287 788 1321 liant
814 1295 922 1321 contra
951 1294 1000 1321 te-

252 1342 360 1370 norem
390 1336 564 1382 praesentis
593 1335 758 1382 privilegii,
789 1335 834 1370 vel
871 1335 998 1382 regulae

253 1383 404 1425 instituta;
428 1392 623 1419 correctores
654 1392 683 1418 et
711 1384 827 1419 curiosi
855 1385 999 1430 singula-

253 1437 321 1468 ru‘r'n
361 1432 509 1468 cellarum
548 1433 710 1468 annuatim
747 1434 933 1468 conveniant
968 1433 998 1467 in

251 1481 482 1517 Graudimonte
503 1481 541 1516 ad
564 1481 736 1529 capitulum
758 1482 915 1528 generale.
938 1482 1001 1530 Ap-

253 1530 435 1578 pellationes
469 1538 573 1566 autem
616 1540 696 1578 quae
735 1530 851 1566 suerint
892 1540 999 1566 contra

252 1587 365 1615 statuta
387 1580 539 1626 regularia
562 1580 765 1625 interiectae,
789 1580 1000 1628 praecipimus

253 1640 314 1664 non
337 1629 476 1670 admitti;
499 1629 606 1665 domui
623 1642 695 1664 vero
707 1629 999 1670 Grandimontensi,

253 1690 333 1726 quae
371 1687 467 1726 caput
505 1686 552 1713 est
590 1679 727 1719 ordinis,
754 1679 791 1714 ad
835 1679 998 1714 arbitrium

252 1726 377 1775 prioris,
399 1735 429 1762 et
447 1727 542 1762 trium
565 1728 783 1775 principalium
804 1729 999 1763 visitatorum

253 1777 455 1824 provideatur
489 1777 591 1812 taliter
626 1776 664 1811 de
698 1777 789 1812 bonis
830 1777 1001 1813 mobilibus

251 1825 382 1860 aliarum
404 1825 585 1865 domorum,
609 1833 643 1860 ut
666 1825 776 1861 fratres
797 1826 835 1860 de
857 1826 926 1861 aliis
948 1827 1001 1862 do-

251 1873 357 1909 mibus
379 1874 540 1909 venientes
561 1874 632 1908 alibi
655 1875 828 1909 necessaria
851 1887 1000 1922 quaerere

252 1935 316 1958 non
351 1930 514 1970 cogantur.
549 1923 652 1958 Domo
687 1936 759 1959 vero
787 1923 1001 1960 Grandimon-

253 1972 332 2007 tensi
360 1972 508 2007 destituta
535 1973 649 2019 priore,
676 1985 788 2008 omnes
815 1982 876 2009 tam
896 1976 999 2009 clerici

252 2029 346 2068 quam
367 2021 436 2057 laici
455 2022 551 2056 totius
568 2022 688 2057 ordinis
712 2023 879 2069 praedictis
902 2024 1001 2059 tribus

253 2070 464 2106 visitatoribus
486 2071 584 2117 ipsius
605 2071 719 2106 domus
741 2072 903 2108 humiliter
924 2073 1001 2108 obe-

252 2119 341 2154 aiant
357 2129 386 2155 et
407 2120 582 2160 intendant,
600 2119 700 2155 donec
721 2122 801 2155 alius
823 2122 999 2157 secundum

253 2169 391 2216 regulam
412 2168 497 2204 bulla
514 2176 617 2203 nostra
640 2171 791 2205 munitam
814 2169 907 2206 fuerit
924 2172 1001 2206 sub-

253 2218 390 2253 stitutus.
433 2217 538 2265 Hique
583 2218 710 2253 interim
752 2231 857 2254 euram
903 2221 1001 2267 ipsius

252 2266 369 2303 tl‘omus
398 2275 430 2303 et
456 2267 551 2302 totius
578 2267 697 2302 ordinis
729 2270 935 2316 vieeaprioris
961 2272 1001 2305 ita

1672 241 1742 274 355

1041 304 1093 351 qui
1123 316 1180 351 pro
1201 312 1344 351 tempore
1372 305 1477 346 fuerit,
1500 313 1530 340 et
1551 305 1791 340 successoribus

1040 354 1107 389 eius
1141 352 1316 393 catholicis,
1352 354 1399 387 vel
1425 355 1451 389 si
1475 354 1560 401 prior
1591 365 1654 389 non
1685 354 1789 394 fuerit,

1041 402 1135 437 futuri
1164 403 1277 450 prioris
1305 404 1431 437 nomine
1458 403 1552 438 dictis
1578 403 1790 439 visitatoribus

1041 451 1251 487 obedientiam
1276 459 1306 486 ct
1330 453 1534 488 reverentiam
1554 453 1697 488 absolute
1721 464 1790 500 pro-

1042 501 1176 536 mittant.
1200 501 1304 536 Liceat
1332 513 1458 548 quoque
1486 502 1574 538 vobis
1600 502 1732 538 clericos
1759 510 1790 537 et

1041 550 1136 586 laicos
1158 550 1273 585 liberos
1300 557 1329 585 et
1351 550 1513 586 absolutos
1539 563 1556 586 e
1582 551 1709 587 saeculo
1737 551 1785 586 l'u-

1041 599 1175 646 gicntcs,
1202 599 1376 634 dummodo
1404 601 1486 635 iuxta
1521 608 1636 636 statuta
1666 601 1790 648 regulae

1043 658 1162 684 vestrae
1184 649 1371 696 vigesimum
1395 662 1512 684 annum
1540 650 1735 697 attingerint,
1752 651 1790 685 ad

1041 699 1279 733 conversionem
1319 699 1475 746 recipere,
1515 708 1544 734 et
1580 711 1635 734 eos
1670 698 1790 745 absque

1042 747 1290 783 contradictione
1325 748 1433 794 aliqua
1462 748 1607 784 retinere.
1635 746 1791 783 Prohibe-

1042 808 1112 831 mus
1134 798 1274 845 insuper,
1299 805 1331 831 ut
1355 797 1430 831 nulli
1460 795 1592 832 fratrum
1617 804 1790 831 vestrorum

1042 854 1109 891 post
1134 845 1246 881 factam
1270 846 1299 880 in
1323 845 1434 880 eodem
1457 846 1526 881 loco
1550 845 1790 893 professionem,

1041 894 1086 929 fas
1121 895 1162 930 sit
1200 894 1320 941 absque
1356 896 1469 942 prioris
1506 896 1553 930 sui
1589 895 1714 930 licentia
1752 894 1790 929 de

1041 943 1150 978 eodem
1171 943 1240 979 loco
1268 945 1441 979 discedere.
1472 944 1693 979 Discedentem
1718 955 1789 978 vero

1040 993 1158 1040 absque
1186 993 1403 1028 communium
1433 994 1605 1029 litterarum
1632 993 1789 1037 cautione,

1041 1042 1147 1076 nullus
1168 1042 1279 1077 audeat
1300 1043 1447 1086 retinere,
1465 1043 1548 1090 quod
1571 1043 1596 1077 si
1619 1043 1690 1090 quis
1710 1041 1789 1076 forte

1042 1091 1177 1126 retinere
1207 1092 1464 1139 praesumpserit,
1499 1092 1618 1127 licitum
1639 1092 1679 1127 sit
1702 1091 1790 1125 vobis

1043 1140 1072 1174 in
1101 1141 1187 1187 ipsos
1229 1140 1416 1175 clericosve!
1451 1152 1620 1177 conversos
1650 1140 1788 1188 proferre

1041 1190 1228 1224 sententiam
1260 1190 1450 1236 regularem.
1480 1190 1594 1225 Nullus
1628 1198 1789 1237 praeterea

1040 1239 1176 1274 clericus
1186 1238 1231 1273 vel
1241 1244 1433 1284 conversus(
1443 1243 1449 1273 Ι
1460 1243 1469 1283 )
1479 1252 1616 1287 unquam
1629 1239 1789 1288 proprium

1041 1287 1153 1322 habeat
1184 1300 1240 1323 nec
1267 1289 1360 1323 etiam
1388 1300 1510 1324 arcam:
1544 1289 1688 1336 deposita
1719 1300 1791 1324 vero

1041 1338 1070 1371 in
1094 1336 1204 1372 ordine
1227 1345 1329 1372 vestro
1351 1337 1502 1385 deinceps
1524 1338 1619 1384 recipi
1648 1336 1791 1386 prohibe-

1041 1390 1122 1420 mus:
1151 1387 1237 1433 prior
1263 1386 1380 1422 lectum
1407 1398 1500 1423 suum
1523 1386 1650 1422 habebit
1671 1387 1701 1422 in
1724 1386 1791 1422 dor-

1041 1435 1183 1475 mitorio,
1212 1443 1243 1470 et
1269 1436 1403 1471 dormiet
1430 1448 1502 1472 cum
1529 1436 1695 1477 fratribus,
1714 1436 1791 1472 dum

1041 1495 1136 1519 sanus
1158 1484 1261 1520 fuerit.
1292 1485 1371 1520 lttud
1402 1498 1475 1521 vero
1502 1485 1677 1521 districtius
1707 1486 1793 1521 inhi-

1042 1533 1165 1579 bemus,
1192 1545 1232 1569 ne
1254 1535 1368 1582 aliquis
1395 1535 1531 1570 clericus
1553 1535 1675 1570 ordinis
1697 1535 1790 1570 vestri

1042 1585 1101 1617 nisi
1128 1584 1224 1630 prior,
1253 1584 1301 1618 vel
1328 1585 1381 1632 qui
1409 1585 1469 1620 boc
1501 1585 1611 1620 fecerit
1640 1584 1679 1620 d'e
1701 1596 1792 1620 man·

1041 1632 1114 1668 dato
1134 1634 1260 1680 prioris,
1288 1633 1398 1669 fratres
1419 1645 1495 1670 suos
1516 1634 1792 1670 excommunicare

1043 1692 1233 1728 praesumat.
1256 1682 1428 1718 Silentium
1448 1696 1520 1719 vero
1542 1692 1604 1718 tam
1627 1683 1657 1718 in
1677 1684 1790 1730 capite,

1041 1743 1135 1777 quam
1164 1733 1193 1766 in
1217 1732 1372 1767 membris
1400 1734 1430 1767 in
1462 1733 1608 1774 ecclesia,
1637 1732 1668 1767 in
1696 1733 1790 1768 clau-

1041 1790 1122 1822 stro,
1155 1782 1186 1816 in
1213 1782 1380 1817 refectorio
1406 1790 1438 1818 et
1469 1783 1499 1817 in
1535 1782 1720 1818 dormitorio
1753 1781 1791 1817 ab

1041 1831 1190 1866 omnibus
1212 1833 1362 1866 continue
1390 1832 1589 1873 observetur,
1617 1840 1649 1867 et
1675 1839 1737 1866 tam
1761 1831 1789 1865 in

1042 1881 1155 1927 capite,
1183 1893 1276 1927 quam
1304 1882 1335 1916 in
1358 1881 1517 1922 membris,
1536 1881 1566 1916 in
1586 1880 1705 1929 quibus
1721 1891 1788 1915 con-

1043 1938 1155 1964 ventus
1182 1930 1286 1975 fuerit,
1308 1930 1481 1966 claustrum
1510 1932 1552 1966 ita
1578 1939 1734 1971 servetur,
1755 1938 1789 1965 ut

1043 1978 1148 2013 nullus
1181 1988 1291 2021 exeat,
1324 1992 1382 2015 nec
1416 1980 1562 2028 loquatur
1593 1979 1686 2015 alicui
1719 1979 1788 2014 sine

1043 2027 1167 2063 licentia
1195 2029 1307 2075 prioris
1333 2030 1380 2064 vel
1410 2032 1494 2074 eius,
1524 2030 1575 2065 cui
1598 2028 1790 2064 commiserit

1043 2080 1130 2112 vices
1155 2090 1246 2118 suas3
1274 2080 1305 2113 iu
1341 2080 1409 2125 ipso
1439 2082 1535 2114 etiam
1562 2078 1700 2114 claustro
1730 2076 1791 2112 sub

1042 2128 1151 2161 eadem
1180 2127 1377 2163 observantia
1400 2129 1557 2164 resideant
1586 2128 1654 2163 laici
1677 2127 1790 2162 diebus

1043 2176 1211 2211 dominicis
1233 2185 1263 2211 et
1290 2176 1419 2212 festivis.
1442 2178 1671 2224 Transgressor
1685 2184 1788 2210 autem

1044 2226 1074 2259 in
1097 2227 1233 2271 capitulo
1262 2227 1455 2268 verberetur,
1478 2236 1508 2261 et
1536 2239 1614 2273 pane
1652 2233 1684 2260 et
1709 2229 1790 2272 aqua

1043 2275 1082 2308 sit
1102 2275 1168 2321 ipsa
1196 2275 1247 2310 die
1270 2284 1448 2320 contentus,
1475 2283 1505 2310 et
1531 2284 1564 2311 ut
1585 2286 1666 2322 quae
1684 2275 1724 2310 de
1744 2275 1790 2309 si—

254 2315 427 2363 prudentel·
447 2324 477 2351 el
505 2316 640 2352 fideliler
668 2325 789 2364 gemm,
818 2327 851 2353 1¹2
872 2318 999 2365 dignam
1020 2313 1024 2347 l
1044 2323 1138 2358 lentio
1166 2324 1336 2370 praemissa
1355 2333 1430 2359 sunt
1454 2326 1652 2360 commodius
1671 2324 1788 2359 valeant

253 2365 406 2401 Rationem
427 2365 560 2401 'reddere
588 2367 709 2413 possint
736 2365 814 2407 Deo,
847 2376 877 2402 'e't
907 2369 1000 2403 etiam
1043 2373 1225 2415 observari,
1244 2375 1412 2409 statuimus
1435 2384 1464 2409 ut
1494 2373 1635 2409 habeatis
1661 2375 1701 2410 de
1719 2386 1791 2410 cae-

252 2413 424 2451 substituto
443 2416 537 2462 priori
551 2415 576 2449 si
592 2415 715 2450 duxerit
728 2416 925 2462 exigendam,
939 2430 1001 2452 non
1045 2430 1111 2456 tero
1138 2431 1223 2457 certa
1242 2424 1342 2469 signa,
1370 2423 1498 2470 quibus,
1520 2436 1593 2459 cum
1607 2424 1792 2471 expedierit,

254 2467 357 2499 tamen
394 2472 579 2519 potestatem
611 2465 747 2511 aliquam
783 2466 915 2501 habeant
946 2466 1002 2502 ali·
1045 2473 1145 2518 possit
1178 2484 1261 2506 unus
1283 2473 1389 2516 atteri,
1411 2473 1479 2508 sine
1500 2473 1619 2510 silentii.
1641 2473 1792 2519 laesione,

254 2517 349 2559 quem
383 2513 422 2549 de
453 2513 601 2548 fratrtbus
628 2526 643 2549 a
677 2513 755 2549 locis
782 2516 847 2549 Suis
876 2517 1001 2551 interim
1044 2524 1133 2555 suam
1163 2523 1296 2557 innuere
1324 2522 1536 2557 voluntatem:
1564 2535 1638 2559 cura
1668 2524 1793 2571 signifi-

254 2561 432 2597 amovendi.
466 2562 548 2598 Sane
581 2562 631 2604 hi,
656 2564 712 2610 qui
739 2562 848 2598 relicto
876 2566 1002 2600 saeculo
1044 2570 1135 2604 candi
1159 2569 1252 2606 boras
1275 2571 1305 2605 in
1328 2572 1465 2618 singulis
1486 2569 1587 2614 cellis,
1604 2573 1687 2609 sicut
1707 2576 1738 2610 e't
1760 2574 1791 2609 in

255 2609 294 2645 ad
324 2610 464 2646 ordinem
496 2616 636 2647 vestrum
663 2611 874 2658 confugerint,
890 2614 1003 2660 priori,
1079 2631 1118 2665 (t)
1136 2631 1292 2659 Adde-ndum
1309 2632 1416 2660 forsitan
1433 2635 1507 2660 „im-1,

335 2666 408 2696 Ball.
428 2666 504 2697 Ram.
532 2667 584 2697 Vol.
604 2668 653 2697 III.

886 2669 924 2699 45

1807 251 1856 277 An.
1872 250 1900 277 C.
1923 252 1989 278 ¹21⁹

1816 460 1846 482 De
1887 459 1934 481 tut.
1942 459 1986 481 thu·

1803 491 1940 518 reciptendtn.

1818 1201 1927 1229 Proprium
1958 1200 1987 1223 nit

1804 1231 1987 1255 (attentabunt.

1819 1696 1848 1717 De
1903 1696 1989 1717 ntteuttu

1806 1727 1918 1748 set-vando.

1811 2186 1928 2209 Nonnullae
1935 2185 1988 2207 atta·

1807 2218 1899 2245 rogatae.
