2129 3223
52 250 101 281 Ἆη.
120 253 147 280 Ε,
170 253 235 280 1119

62 607 231 629 summumn-

48 641 117 659 noncs
132 639 177 659 sine
196 639 230 659 iu-

48 672 80 690 sta
94 675 157 690 causa
176 675 231 690 cou—

47 702 80 720 ιη
106 704 144 720 ao·
176 699 229 721 laus

47 731 121 752 irriti-t,

80 2182 194 2206 clausulae-

869 256 1034 280 nonomus
1056 256 1093 279 111
1115 256 1164 279 PP.

248 310 353 346 omnia
379 311 474 358 gratis
497 310 584 346 vobis
605 323 620 345 a
650 311 845 346 dioecesanis
867 312 994 358 episco-

247 362 297 408 pis
332 361 573 407 impendantur:
604 361 744 408 alioquin
779 360 869 395 liceat
907 360 994 395 vohis

247 422 482 457 quemcumque
498 409 670 444 malueritis
688 409 877 444 catholicum
907 409 993 445 adire

245 459 430 503 antistitem,
451 459 581 505 gratiam
616 466 709 505 atquc
736 459 990 493 communionem

245 508 445 556 Apostolicae
470 508 564 543 Sedis
599 507 779 547 habentem,
806 508 858 554 qui
887 516 991 543 nostra

245 557 342 592 fretus
375 557 572 601 auctoritate,
598 556 684 591 robis
712 556 796 602 quod
819 557 993 603 postulatur

245 606 416 653 impendat.
440 606 539 641 Porro
561 606 584 640 si
614 606 767 652 episcopi,
786 606 832 640 vel
855 605 905 640 alii
931 606 992 639 Ec—

244 655 410 691 clesiarum
443 663 581 691 rectores
608 655 638 688 in
669 654 826 689 Ecclesias
861 662 990 695 vestras,

245 705 290 739 vel
319 717 469 751 personas
491 704 566 739 inibi
595 704 781 738 constitutas
807 716 991 738 excommu-

244 754 409 789 nicationis
440 754 484 788 vel
514 753 674 788 interdicti
702 753 887 788 sententiam
918 765 991 800 pro-

243 803 461 849 mulgaverint,
495 802 559 837 sive
586 802 679 837 etiam
714 802 744 836 in
781 803 990 838 mercenarios

241 859 361 888 vestros
388 864 444 900 pro
477 866 514 887 eo
548 852 645 899 quod,
672 852 752 886 sicut
778 852 897 887 dictum
932 860 990 897 est,

240 901 378 937 decimas
405 914 466 936 non
497 901 687 948 persolvitis,
714 913 769 935 seu
805 901 906 949 aliqua
934 914 990 936 oc-

240 951 365 986 casione
387 950 524 994 illorum,
545 963 625 997 quae
648 964 662 984 a
686 950 877 996 benignitate
901 951 989 986 vobis

240 999 410 1047 apostolica
433 1008 508 1035 sunt
530 999 662 1043 indulta,
690 1012 745 1034 seu
775 1000 990 1035 benefactores

240 1056 360 1084 vestros
384 1061 441 1096 pro
468 1061 518 1089 eo,
540 1049 623 1096 quod
647 1048 736 1083 vobis
757 1049 861 1096 aliqua
890 1048 989 1084 bene-

239 1097 310 1134 ficia
337 1097 384 1133 vel
412 1097 563 1144 obsequia
591 1109 627 1132 ex
656 1097 806 1132 charitate
830 1099 989 1145 praestite-

239 1147 317 1185 rint.
347 1147 391 1182 vel
429 1147 466 1181 ad
504 1146 710 1181 laborandum
747 1147 923 1181 adiuverint
958 1148 987 1181 in

240 1188 303 1231 illis
330 1195 443 1230 diebus
470 1197 500 1230 in
536 1195 653 1242 quibus
681 1208 736 1230 vos
767 1196 930 1241 laboratis,
959 1206 987 1231 et

238 1245 288 1279 alii
321 1245 470 1280 feriantur
499 1252 564 1284 etc„
600 1245 800 1279 decernimus
829 1246 986 1280 irritanda.

239 1293 321 1328 Sane
343 1306 416 1329 cum
448 1294 534 1328 locus
562 1301 663 1328 vester
685 1294 776 1340 longe
803 1295 841 1328 sit
864 1295 901 1328 ab
925 1295 987 1329 ho—

238 1344 360 1378 minum
381 1342 572 1377 habitatione
592 1350 745 1382 semotus,
768 1343 855 1377 vobis
877 1344 986 1390 pagina

240 1392 394 1438 praesenti
422 1392 642 1431 concedimus,
672 1400 703 1425 ut
738 1404 809 1426 cuin
843 1393 987 1438 generale

239 1449 340 1476 terrae
379 1440 475 1474 suerit
509 1440 730 1484 interdictum,
770 1441 860 1475 liceat
900 1441 988 1477 vobis

240 1492 336 1525 unius
353 1501 523 1535 campanae
548 1489 724 1536 pulsatione
741 1489 850 1524 fratres
869 1498 989 1525 vestros

238 1538 492 1586 competentibus
513 1539 598 1573 horis
619 1538 658 1573 de
680 1538 842 1574 laboribus
864 1540 901 1574 ad
934 1552 988 1575 ec-

239 1587 367 1623 clesiam
389 1599 572 1623 convocare.
591 1587 660 1622 Hoc
678 1596 796 1628 autem,
816 1597 847 1623 et
871 1589 900 1623 in
921 1590 989 1625 aliis

239 1637 318 1672 locis
341 1636 453 1672 vestris
475 1637 680 1672 concedimus
710 1637 880 1682 observari,
908 1651 989 1685 quae

239 1697 256 1721 a
281 1685 473 1727 civitatibus,
496 1687 618 1727 castris,
641 1698 674 1720 ac
700 1687 774 1721 vicis
797 1687 875 1722 adeo
898 1700 989 1734 sepa-

240 1743 359 1777 rantur,
381 1742 416 1770 ut
436 1735 468 1769 in
491 1735 536 1770 eis
557 1747 655 1770 sonus
676 1748 847 1783 campanae
870 1745 990 1772 vestrae

239 1784 370 1819 minime
391 1784 551 1825 audiatur;
578 1784 617 1818 ad
652 1784 730 1819 haec
765 1785 913 1820 omnibus
941 1799 990 1820 re-

239 1833 347 1880 gulam
369 1840 502 1868 vestram
525 1833 736 1873 servantibus,
757 1833 896 1869 laborem
922 1835 990 1870 loco

240 1882 466 1930 poenitentiae,
496 1890 527 1918 et
555 1890 753 1928 peccatorum
781 1896 910 1918 suorum
939 1896 990 1919 re-

241 1931 392 1966 missione
413 1931 608 1977 iniungimus
629 1943 723 1977 quem
746 1933 777 1967 in
800 1933 866 1979 ipsa
886 1933 992 1968 obser-

241 1980 343 2015 vantia
379 1980 553 2026 patiuntur.
589 1980 689 2015 Vobis
721 1989 826 2016 autem
861 1983 992 2018 firmiter

241 2029 441 2076 iniungimus
463 2037 498 2063 ut
524 2029 593 2064 sitis
614 2031 754 2065 contenti
781 2033 904 2067 statutis
935 2045 990 2067 re—

242 2078 333 2120 gulae
358 2085 489 2121 vestrae,
515 2086 546 2113 et
574 2079 634 2113 hoc
665 2079 826 2126 privilegio
858 2088 991 2127 tantum,

242 2139 302 2163 nos
315 2127 399 2162 enim
428 2127 487 2162 alia
511 2128 670 2174 privilegia
692 2129 758 2163 sive
778 2129 992 2176 indulgentias

243 2176 444 2212 decernimus
463 2188 527 2210 non
542 2184 662 2212 tenere.
679 2177 888 2213 Decernimus
905 2192 991 2227 ergo,

245 2233 279 2261 ut
311 2225 389 2260 nulli
416 2225 546 2260 omnino
573 2225 738 2261 hominum
766 2227 855 2262 liceat
870 2229 992 2274 praefa-

244 2283 308 2310 tam
329 2274 458 2310 domum
482 2282 601 2309 temere
623 2275 817 2322 perturbare,
848 2286 899 2312 aut
924 2279 993 2313 eius

245 2325 467 2371 possessiones
484 2323 618 2366 auferre,
639 2325 686 2358 vel
709 2324 827 2360 ablatas
846 2327 992 2368 retinere,

245 2371 405 2413 minuere,
444 2385 503 2408 seu
540 2372 735 2420 quibuslibet
777 2376 993 2410 vexationibus

246 2420 387 2467 fatigare,
408 2421 465 2456 sed
489 2423 594 2456 omnia
618 2422 741 2468 integre
763 2434 994 2460 conserventur

246 2481 372 2514 eorum,
391 2482 446 2517 pro
468 2482 603 2517 quorum
624 2472 852 2517 gubernatione
873 2481 904 2508 et
922 2474 993 2509 sub-

247 2520 437 2555 stentatione
467 2531 618 2556 concessa
654 2528 728 2555 sunt
756 2521 865 2556 usibus
891 2524 994 2557 omni-

248 2567 352 2602 modis
373 2568 547 2615 profutura,
570 2569 651 2604 salva
674 2569 768 2605 Sedis
792 2569 994 2617 Apostolicae

249 2617 440 2653 auctoritate.
468 2617 501 2653 Si
524 2630 586 2655 ona
607 2619 704 2666 igitur
729 2619 759 2653 in
783 2619 923 2655 futurum
946 2633 995 2656 ec-

1665 246 1736 279 555

1035 310 1219 349 clesiastica,
1241 312 1448 346 saecularisve
1470 323 1615 358 persona,
1633 311 1714 347 hanc
1733 324 1786 346 no·

1035 367 1116 394 strae
1132 360 1368 395 constitutionis
1384 361 1527 407 paginam
1544 361 1658 401 sciens,
1675 368 1783 396 contra

1034 421 1102 444 cam
1134 416 1253 445 temere
1291 411 1397 444 venire
1437 410 1614 454 tentaverit,
1640 410 1784 446 secundo

1035 458 1162 493 tertiove
1202 460 1405 502 commonita,
1443 459 1502 493 nisi
1528 468 1650 495 reatum
1687 471 1782 494 suum

1034 519 1172 553 congrua
1188 508 1400 544 satisfactione
1418 509 1600 548 correxerit,
1621 510 1784 556 potestatis

1034 557 1226 604 honorisque
1247 557 1295 591 sui
1322 557 1472 603 dignitate
1494 565 1608 597 careat,
1633 570 1782 605 reamque

1033 618 1066 641 se
1099 605 1206 641 divino
1233 606 1349 641 iudicio
1377 606 1511 642 existere
1538 607 1577 642 de
1605 615 1782 654 perpetrata

1034 655 1196 702 iniquitate
1223 664 1411 702 cognoscat,
1446 663 1476 690 et
1517 668 1531 690 a
1568 657 1782 692 sacratissimo

1032 704 1173 751 Corpore
1206 713 1236 739 et
1276 704 1437 750 Sanguine
1471 705 1547 743 Dei.
1586 717 1622 740 ac
1655 705 1781 741 Domini

1034 753 1256 801 Redemptoris
1289 753 1392 788 Nostri
1424 754 1496 788 Iesu
1529 753 1648 789 Christi
1683 755 1781 790 aliena

1033 803 1095 843 fiat,
1118 811 1212 850 atque
1234 804 1264 837 in
1287 811 1427 838 extremo
1459 804 1604 839 examine
1624 803 1782 840 districtae

1031 852 1192 887 subiaceat
1219 852 1341 888 ultioni.
1376 852 1508 887 Cunctis
1542 860 1645 888 autem
1678 853 1781 889 eidem

1031 901 1138 936 domui
1176 903 1243 936 iura
1276 902 1475 937 servantibus
1497 902 1538 937 sit
1571 914 1630 950 pax
1651 901 1781 938 Domini

1030 950 1135 985 Nostri
1163 951 1233 985 lesu
1255 951 1385 991 Christi,
1407 959 1563 998 quatenus
1584 959 1616 987 et
1641 952 1692 987 hic
1714 951 1783 987 fru-

1031 1008 1116 1034 ctum
1141 1000 1241 1035 bonae
1267 1001 1401 1035 actionis
1430 1001 1616 1047 percipiant,
1638 1009 1670 1036 et
1698 1002 1781 1047 apud

1030 1049 1206 1084 districtum
1224 1049 1362 1084 iudicem
1382 1050 1519 1096 praemia
1535 1060 1680 1086 aeternae
1696 1052 1782 1098 pacis

1030 1098 1199 1132 inveniant.
1229 1099 1342 1133 Amen.

1078 1147 1193 1182 Datum
1218 1147 1363 1183 Laterani
1393 1160 1447 1192 per
1473 1160 1602 1183 manum
1629 1147 1780 1195 Raynerii

1029 1204 1156 1231 sanctae
1189 1196 1352 1232 Romanae
1378 1196 1539 1232 Ecclesiae
1565 1197 1782 1232 vice-cancel-

1030 1245 1109 1285 larii,
1138 1245 1280 1280 kalendis
1302 1247 1416 1285 martii,
1440 1246 1612 1281 indictIOne
1634 1247 1781 1292 septima,

1030 1295 1256 1329 incarnationis
1294 1294 1471 1330 dominicae
1497 1307 1580 1330 anno
1612 1295 1781 1330 millesimo

1029 1343 1248 1378 ducentesimo
1296 1344 1525 1384 decimonono,
1578 1344 1781 1392 pontificatus

1030 1404 1102 1426 vero
1125 1392 1244 1427 domini
1273 1392 1405 1428 Honorii
1440 1392 1544 1440 Papae
1584 1394 1666 1429 tertii
1698 1406 1782 1429 anno

1030 1448 1133 1476 tertio.

1069 1497 1129 1527 Dat*
1149 1499 1194 1528 die
1216 1499 1226 1527 1
1251 1500 1347 1529 martii
1368 1500 1453 1536 1219,
1476 1500 1578 1539 pontif.
1598 1508 1674 1531 anno
1692 1508 1734 1532 m.

1333 1617 1481 1653 XXXIII.

1057 1689 1256 1733 Confirmatio
1281 1696 1462 1722 statutorum
1498 1692 1616 1725 ordinis
1649 1692 1757 1725 Vallis-

1084 1738 1282 1771 scholarium
1308 1739 1426 1772 ordinis
1448 1739 1648 1774 Ci'slcrct'emis
1670 1741 1703 1783 (1
1705 1744 1732 1783 ).

1298 1798 1512 1830 SUMMARtUM

1032 1849 1161 1919 Reguli&i
1188 1850 1487 1919 Vall'is-Scbolarium
1507 1869 1544 1876 -
1559 1853 1783 1886 Confirmantur.

1070 1905 1110 1911 -
1165 1899 1240 1920 ausu
1256 1900 1298 1920 ae.

1030 1946 1161 1975 Honorius
1177 1948 1318 1985 episcopus
1335 1956 1430 1979 servus
1449 1957 1589 1980 servorum
1598 1951 1654 1986 Dei.
1674 1953 1785 1982 dilectis

1075 1991 1141 2020 filiis
1171 1992 1259 2028 priori
1277 1995 1307 2022 et
1337 1995 1480 2024 conventui
1503 1995 1783 2030 vanis-scholarium.

1076 2036 1197 2065 salutem
1217 2038 1246 2066 et
1265 2039 1443 2074 apostolicam
1460 2040 1685 2070 benedictionem.

1081 2090 1230 2125 Exhibita
1259 2092 1350 2127 nobis
1375 2106 1411 2127 ex
1444 2103 1531 2140 parte
1552 2103 1651 2130 vestra
1674 2097 1784 2142 petitio

1033 2139 1225 2179 continebat,
1248 2142 1331 2187 quod
1355 2154 1427 2176 cum
1451 2143 1491 2177 de
1520 2144 1712 2190 prudentum
1736 2147 1784 2179 vi-

1033 2200 1140 2223 rorum
1177 2191 1309 2225 consilio
1341 2199 1456 2226 certam
1489 2193 1613 2227 vivendi
1652 2193 1783 2228 formam

1033 2237 1194 2283 elegeritis
1220 2239 1304 2273 iuxta
1334 2239 1415 2274 beati
1443 2240 1614 2286 Augustini
1642 2242 1782 2287 regulam

1033 2285 1274 2326 observandam,
1303 2287 1341 2322 de
1369 2289 1550 2334 approbatis
1577 2290 1785 2337 religionibus

1033 2335 1183 2381 quasdam
1208 2335 1422 2371 institutiones
1446 2339 1578 2384 proinde
1599 2352 1784 2387 assumpse—

1035 2384 1112 2421 ritis.
1144 2385 1227 2430 quod
1252 2392 1283 2418 tu
1317 2386 1447 2422 scilicet.
1471 2386 1512 2420 sili
1537 2388 1634 2434 prior,
1661 2397 1688 2423 et
1712 2401 1785 2425 suc—

1034 2444 1177 2467 cessores
1199 2433 1256 2476 tui‚
1283 2434 1433 2469 omnibus
1454 2435 1614 2472 Ecclesiae
1645 2438 1687 2472 tui
1725 2451 1784 2473 or—

1034 2481 1128 2521 dinis,
1150 2481 1188 2515 de
1210 2494 1297 2517 more
1321 2482 1577 2520 Cisterciensium
1600 2487 1784 2522 visitationis

1035 2530 1193 2574 officium,
1226 2532 1297 2567 sine
1328 2532 1390 2566 ulla
1429 2545 1534 2569 rerum
1565 2536 1783 2583 temporalium

1035 2580 1197 2613 exactione
1239 2580 1449 2625 impendatis,
1488 2591 1519 2617 et
1559 2592 1623 2620 tres
1664 2586 1783 2633 primae

1070 2635 1109 2670 (t)
1126 2636 1164 2663 Ex
1181 2636 1247 2663 Gall.
1266 2636 1377 2670 Christ„
1393 2647 1418 2665 n.
1437 2647 1462 2672 c,
1480 2644 1544 2667 torn.
1562 2641 1588 2667 Ιι.

1802 254 1851 281 An.
1867 251 1896 279 C.
1914 251 1983 279 ¹2¹9

1807 2103 1899 2129 Regulus
1908 2103 1983 2125 Vallis-

1799 2133 1938 2156 Sabetanum.
