2129 3223
34 230 79 258 An.
99 229 126 257 C.
146 231 207 256 ini

44 1028 107 1050 Tei-u
135 1027 211 1050 Partu—

31 1059 78 1081 setti
88 1058 213 1081 eomitilter-

849 229 1012 253 BONORIL‘S
1034 230 1070 251 111
1094 229 1140 251 Pr.

562 284 642 319 LVI.

227 364 426 409 Confirmatio
449 361 668 405 i'nfeudationis
683 368 779 395 terrae
798 362 974 399 Partuselli,

273 414 328 447 sub
361 424 467 446 annua
495 412 703 456 praestatione
728 412 861 444 duarum
889 423 975 444 mar-

273 463 401 496 charum
426 462 567 506 arqentt',
594 461 700 504 favo-re
739 461 857 494 comitis
898 462 974 493 Ber-

274 513 350 546 eoldi
370 512 431 554 (t).

493 583 706 616 snitiiARlUM

224 652 312 682 Terra
323 651 479 682 Partuselli
491 651 589 681 comiti
601 650 735 680 Bertoldo
752 650 899 680 infeudata
921 650 975 679 snb

265 705 362 726 annuo
389 705 479 725 censu
509 696 633 725 duarum
650 695 835 724 mart-haruin
853 696 974 733 argenti.

264 758 300 764 —
323 740 489 771 Clausiilae.

225 812 353 841 Honorius
372 811 512 847 episcopus
531 817 629 839 servus
647 817 786 838 servorum
802 809 856 842 Dei,
876 810 976 839 dilecto

268 861 325 891 filio
342 861 437 889 comiti
457 859 592 892 Bertoldo.
613 860 733 888 salutem
752 860 781 887 et
797 859 976 895 apostolicam

269 909 492 939 benedictionem.

274 976 355 1012 Cum
379 984 504 1011 terram.
527 975 733 1023 quaedicitur
756 976 936 1015 Paitiiselli
960 989 974 1010 a

226 1026 366 1061 Romana
382 1026 521 1061 Ecclesia
540 1038 780 1072 recognoscens,
790 1026 903 1060 dilecto
913 1026 975 1060 flio

31 1090 88 1112 tetdo
107 1090 213 1112 innacius
227 1076 376 1124 magistro
396 1075 637 1110 Bartholoniaeo
652 1075 846 1110 subdiacono
861 1084 888 1110 et
906 1088 977 1122 cap-

31 1122 69 1144 sub
79 1128 148 1143 annuo
164 1126 214 1143 een-

31 1159 55 1175 eu
65 1154 149 1175 duarum
156 1158 213 1173 mar-

31 1184 116 1206 tharum
123 1184 211 1210 argenti-

61 1672 178 1695 timeum

228 1126 351 1181 pellano
377 1134 495 1160 nostro.
519 1124 716 1171 Apostolicae
738 1125 833 1160 Sedis
862 1126 975 1170 legato,

228 1187 356 1211 nomine
379 1183 486 1209 nostro
508 1175 664 1210 fidelitatis
684 1175 875 1221 praestiteris
899 1175 976 1209 inra-

228 1233 391 1263 nientum,
425 1225 568 1270 obligans
607 1232 651 1261 te.
691 1236 727 1258 ac
760 1232 829 1259 tuos
865 1224 975 1259 haere-

227 1275 283 1310 des
309 1273 392 1322 quod
421 1273 512 1308 nobis
539 1282 568 1308 et
595 1273 833 1308 successoribus
860 1274 975 1309 nostris

228 1324 306 1359 duas
328 1323 470 1359 marchas
497 1323 616 1368 argenti
643 1323 776 1370 singulis
801 1323 891 1357 annis
919 1336 974 1370 pro

229 1383 306 1409 terra
343 1374 407 1419 ipsa
446 1373 619 1420 persolves,
654 1385 711 1407 nos
738 1372 801 1407 tuis
829 1373 974 1419 precibus

229 1423 380 1462 inclinati,
413 1430 524 1456 terrani
549 1422 646 1468 ipsam
679 1422 761 1457 sicut
795 1434 862 1456 eam
895 1422 974 1457 iuste

229 1472 369 1520 possides
396 1479 424 1506 et
455 1471 572 1518 quiete,
601 1472 784 1506 auctoritate
811 1471 879 1506 tibi.
895 1484 974 1527 apo-

227 1522 334 1558 stolica
361 1520 596 1564 confiirnamus,
619 1529 650 1556 et
672 1522 844 1568 praesentis
866 1522 973 1569 scripti

229 1571 401 1619 patrocinio
427 1570 671 1605 communimus.

275 1621 360 1656 Nulli
376 1632 450 1666 ergo
464 1620 594 1655 omnino
609 1620 771 1655 hominum
788 1620 877 1655 liceat
894 1621 975 1655 hanc

228 1671 371 1726 paginam
390 1677 512 1704 nostiae
527 1669 774 1705 confirmationis
793 1670 974 1726 insiingere,

229 1721 275 1755 vel
297 1721 325 1755 ei
353 1732 432 1755 ausu
460 1720 626 1754 temerario
648 1720 814 1754 contraite
846 1719 879 1754 Si
903 1720 974 1767 quis

229 1777 334 1805 autem
356 1769 416 1804 boc
437 1777 588 1804 attentare
612 1770 869 1824 praesumpserit,
891 1769 975 1804 indi—

229 1820 407 1860 nutritionem
430 1819 653 1865 omnipotentis
672 1819 740 1859 Dei
760 1831 795 1854 ac
812 1819 973 1854 beatorum

231 1863 314 1904 l‘etri
340 1877 371 1903 et
396 1868 484 1903 Panli
504 1869 715 1916 apostolorum
739 1869 807 1903 eius
829 1881 862 1904 se
884 1882 975 1904 nove-

231 1919 270 1952 iit
295 1918 507 1953 incursurum.

277 1967 393 2003 Datum
415 1967 559 2002 Laterani
582 1967 705 2002 decimo
725 1967 873 2003 kalendas
895 1978 974 2004 octo-

231 2018 307 2059 bris,
332 2017 532 2065 pontificatus
558 2018 654 2052 nostri
682 2030 764 2052 anno
776 2027 874 2053 sexto.

230 2076 290 2106 liat.
310 2075 357 2105 die
372 2075 409 2105 ⁶2⁶2
425 2073 600 2114 septembris
619 2074 702 2111 1221,
722 2077 822 2114 pontif.
847 2086 922 2106 anno
939 2086 974 2107 vi.

558 2215 650 2250 Lvn.

233 2290 411 2324 commissio
438 2289 642 2332 acquisitionis
668 2299 754 2332 super
780 2297 843 2322 υιια
863 2297 889 2322 et
916 2290 975 2322 »ηἰ-

281 2339 396 2372 raculis
423 2339 564 2382 Huqoni's
590 2338 708 2371 abbatis
745 2339 848 2372 Bonae
882 2339 975 2371 Vallis

281 2389 398 2426 ordinis
427 2388 596 2421 cistercien.
621 2388 682 2428 (l).

497 2456 709 2487 SUMMARIUM

234 2515 397 2546 Exordium.
417 2532 454 2537 —
474 2514 603 2554 Hugonis
625 2524 732 2553 corpus
752 2514 901 2546 miraculis
920 2515 977 2545 cla-

275 2568 348 2589 rum.
370 2577 407 2581 —-
427 2559 582 2598 Inquisitio
605 2559 796 2589 demandatur
815 2560 847 2587 dr
873 2560 926 2588 tiis.

271 2622 310 2656 (t)
324 2621 364 2649 Ex
379 2622 482 2658 Regest.
500 2621 581 2648 Vatic.

1646 217 1708 249 581

1015 288 1146 317 Honorius
1163 289 1305 324 episcopiis
1324 294 1418 316 servus
1440 293 1581 316 servornm
1603 285 1658 319 Det.
1685 291 1765 314 veno-

1060 337 1193 366 rabilibus
1212 338 1345 366 fratribus
1364 337 1565 373 archiepiscopo
1585 337 1722 369 watinum,
1734 337 1766 364 et

1060 387 1184 422 episcopo
1201 387 1457 422 Gratianopolitan..
1479 386 1596 416 satutem
1613 386 1642 414 et
1653 386 1765 422 aposto-

1060 436 1140 465 ticam
1157 436 1382 465 benedictionem.

1065 503 1126 545 Qui
1142 515 1196 538 sua
1219 503 1467 538 incommutabili
1484 503 1676 550 providentia
1691 515 1764 546 cun-

1017 561 1065 587 cta
1084 553 1241 600 disposuit
1259 552 1297 586 ab
1315 560 1453 592 aeterno,
1473 552 1544 588 licet
1563 553 1593 587 in
1613 552 1764 600 operibns

1018 604 1138 649 primae
1155 602 1322 637 creationis
1338 602 1510 636 mirabilem
1530 614 1564 637 se
1579 602 1764 644 ostenderit,

1017 660 1044 686 et
1069 652 1291 687 mirabiliorem
1316 652 1344 685 iii
1368 652 1562 686 exhibitione
1581 652 1762 699 redemptio-

1019 703 1066 735 nis
1088 703 1259 742 humanam
1282 701 1386 736 adbuc
1409 709 1511 736 tamen
1535 701 1765 736 misericordias

1017 764 1089 786 suas
1112 751 1277 786 mirificare
1299 763 1361 785 non
1381 750 1541 791 desinens,
1556 751 1648 786 variis
1671 752 1764 786 mira-

1017 801 1157 835 culorum
1175 800 1353 847 insignibus
1373 800 1544 835 Ecclesiam
1560 813 1648 835 snam
1664 809 1764 837 ornat.

1017 850 1092 885 dnni
1116 851 1232 885 electos
1253 850 1333 890 eins,
1355 862 1435 896 quos
1458 850 1486 884 in
1511 849 1672 885 Ecclesiae
1693 850 1763 884 fidei

1018 900 1145 935 veritate
1168 908 1294 935 renatos
1321 899 1461 947 provebit
1485 900 1514 934 in
1538 907 1763 947 augumentum

1018 949 1763 993 virtutum,datmiraculiscoruscare,utsicma-

1016 999 1063 1045 gis
1074 1007 1103 1034 et
1119 999 1304 1045 magistides
1318 999 1348 1033 in
1363 998 1490 1033 Christo
1504 999 1698 1034 credentium
1713 1013 1764 1035 ro-

1018 1048 1241 1095 boretiii·,spes
1257 1048 1395 1095 proficiat
1408 1056 1438 1083 et
1452 1048 1586 1083 charitas
1608 1049 1764 1085 accenda-

1017 1105 1077 1137 tur,
1106 1105 1139 1132 ut
1160 1098 1405 1137 confundantur,
1427 1106 1457 1132 et
1480 1106 1681 1133 revereantur
1701 1099 1763 1134 Ec-

1017 1148 1130 1182 clesiae
1152 1148 1283 1187 inimici,
1311 1147 1364 1194 qui
1393 1147 1485 1182 vitam
1514 1148 1584 1182 eius
1611 1149 1762 1184 insaniam

1016 1197 1228 1236 aestimantes,
1242 1197 1344 1231 eidem
1365 1196 1528 1231 detrahere
1550 1197 1765 1245 multipliciter

1017 1246 1199 1281 moliuntur.
1222 1247 1306 1281 Sane
1322 1246 1497 1292 gaudemus
1516 1247 1546 1280 in
1568 1247 1717 1292 Domino,
1735 1256 1765 1282 et

1017 1296 1047 1329 in
1075 1296 1144 1330 eius
1171 1295 1317 1331 laudibus
1348 1295 1538 1342 gloriamur,
1573 1296 1657 1343 quod
1683 1298 1765 1332 sicut

1016 1345 1119 1380 dilecti
1161 1345 1213 1379 filii
1249 1345 1346 1380 abbas
1377 1353 1408 1380 et
1446 1355 1624 1380 conventus
1658 1346 1765 1382 Bonae

1017 1394 1111 1429 Vallis
1150 1394 1372 1430 Cisterciensis
1409 1394 1528 1430 ordinis
1566 1396 1634 1430 suis
1673 1396 1764 1430 nobis

1017 1444 1140 1478 nunciis
1192 1452 1223 1479 et
1271 1444 1407 1483 litteris
1449 1444 1600 1479 adhibitis
1640 1457 1766 1500 quoque

1016 1495 1186 1528 multorum
1211 1494 1419 1548 praelatorum
1434 1495 1633 1535 testimoniis,
1648 1495 1765 1530 intima-

1016 1551 1105 1587 runt,
1142 1543 1242 1578 felicis
1274 1544 1444 1578 memoriae
1481 1544 1571 1591 Hiigo
1605 1545 1764 1591 quondam

1016 1605 1123 1627 eorum
1147 1592 1244 1627 abbas
1279 1593 1327 1639 pie
1349 1605 1385 1627 ac
1408 1593 1486 1627 iuste
1506 1593 1536 1628 in
1558 1594 1618 1628 hoc
1639 1595 1765 1629 saeculo

1018 1642 1135 1682 vivens,
1156 1643 1252 1676 multa
1275 1642 1409 1676 obtinuit
1428 1655 1443 1676 a
1457 1643 1593 1678 Domino
1615 1643 1763 1678 miracula

1018 1693 1081 1726 tieri
1116 1692 1289 1734 manifesta,
1324 1700 1354 1726 et
1389 1704 1472 1726 nunc
1505 1693 1608 1727 anima
1636 1693 1706 1728 eius
1733 1694 1763 1728 iii

1016 1749 1195 1776 sanctorum
1218 1741 1438 1787 splendoribus
1458 1741 1627 1782 habitante,
1650 1755 1765 1790 corpus

1017 1791 1115 1836 ipsius
1131 1791 1238 1826 multis
1253 1790 1350 1836 fulget
1368 1791 1565 1826 mirabilibus
1580 1792 1762 1838 gloriosum.

1016 1839 1121 1882 Quare
1154 1840 1247 1875 nobis
1278 1840 1498 1888 supplicarunt
1530 1841 1697 1882 instanter,
1733 1852 1764 1875 ut

1016 1902 1087 1924 cum
1132 1889 1219 1925 valde
1262 1889 1431 1937 deputetur
1470 1890 1635 1937 indignum
1673 1903 1763 1926 euni.

1016 1952 1109 1986 quein
1134 1951 1191 1986 pro
1212 1951 1288 1974 suae
1311 1939 1423 1974 merito
1446 1941 1621 1975 sanctitatis
1642 1948 1761 1975 constat

1016 2003 1031 2023 a
1059 1988 1196 2024 Domino
1222 1989 1254 2023 in
1276 1989 1482 2036 triumphanti
1501 1989 1640 2025 Ecclesia
1663 1990 1765 2025 taliter

1017 2039 1181 2082 honorari,
1208 2038 1247 2073 ab
1280 2038 1463 2074 hominibus
1489 2040 1556 2073 sine
1580 2039 1683 2074 debita
1709 2053 1763 2074 vc-

1018 2089 1179 2123 neratione
1214 2088 1245 2122 in
1273 2088 1415 2123 Ecclesia
1443 2088 1588 2123 militanti
1617 2090 1762 2136 relinqui.

1017 2137 1162 2172 eumdem
1185 2146 1365 2173 sanctorum
1388 2138 1550 2184 cathalogo
1571 2138 1685 2173 ascribi
1712 2139 1762 2174 fa-

995 2199 1170 2233 ceremus.
1199 2187 1263 2221 Nos
1290 2187 1397 2233 igitur,
1424 2187 1495 2222 licet
1513 2188 1762 2235 supplicationes

1019 2236 1196 2271 huiusmodi
1207 2236 1414 2271 libentissime
1423 2236 1712 2283 amplectamur3ne
1724 2238 1750 2271 ta

1019 2298 1088 2321 men
1103 2287 1132 2320 in
1147 2286 1206 2320 hoc
1215 2285 1333 2332 aliquid
1347 2285 1386 2320 de
1399 2286 1656 2332 contingentibus
1664 2287 1751 2322 videa

1019 2352 1088 2373 mur
1103 2340 1256 2379 omittere,
1268 2339 1489 2374 fraternitatem
1501 2348 1646 2384 vesti-am,
1655 2340 1694 2375 de
1701 2353 1761 2388 qua

1019 2392 1142 2439 plenam
1156 2392 1187 2426 in
1200 2392 1338 2427 Domino
1352 2392 1496 2427 fiduciam
1509 2393 1701 2439 obtinemus,
1713 2407 1763 2430 ro-

1019 2458 1130 2492 gamus
1143 2454 1174 2481 et
1195 2459 1360 2481 monemus
1382 2454 1497 2482 attente
1514 2459 1568 2493 per
1593 2448 1762 2494 apostolica

1018 2501 1133 2547 scripta
1157 2499 1244 2535 vobis
1258 2499 1454 2544 mandantes,
1476 2510 1634 2548 quatenus
1647 2509 1709 2537 tam
1724 2502 1763 2537 de

1020 2553 1090 2593 vita,
1100 2566 1192 2601 quam
1204 2553 1363 2589 miraculis
1372 2554 1479 2590 Sancti
1489 2555 1638 2603 praedicti
1651 2557 1763 2604 plenis·

1019 2607 1097 2643 sime
1127 2608 1332 2656 inquirentes,
1357 2608 1534 2645 rescribatis
1560 2610 1652 2647 nobis
1667 2624 1762 2660 super

1781 225 1830 252 Λιι.
1844 225 1871 252 C.
1893 225 1954 251 ¹22!

1810 512 1823 533 t
1828 520 1835 533 x
1840 513 1917 534 entium

1793 1705 1884 1731 flngniiis
1912 1711 1955 1725 verr

1779 1742 1817 1761 piis
1855 1736 1961 1757 mim-uiis

1779 1767 1865 1787 rlaiuni,

1791 2398 1899 2425 Inquisitio
1921 2399 1956 2419 ἀει

1777 2431 1884 2451 mandatur
1935 2431 1959 2451 d·

1777 2461 1817 2482 lits.
