2129 3223
152 296 196 322 sn.
227 295 328 324 tlt-256

157 555 273 582 Earumque
289 561 328 575 vo-

155 593 185 606 cr:
202 591 221 605 et
244 587 325 611 petitio,

159 1677 237 1698 Unicu-
251 1678 331 1703 eligen-

145 1712 183 1731 dus
198 1711 255 1737 prior
267 1715 331 1736 gene-

392 286 462 319 656

343 351 379 385 ad
404 358 540 385 nostram
556 348 755 382 mitteremur
769 346 988 394 praesentiam,
1006 344 1089 392 quod

344 408 446 434 nostra
469 399 551 433 circa
574 409 627 431 vos
649 395 817 431 salubriter
843 395 1003 431 ordinaret
1031 394 1091 429 dis-

345 450 457 494 positio
481 447 647 493 recepturi.

391 498 410 546 g
433 502 464 532 5.
481 496 627 543 Cumque
646 495 687 530 fra
706 508 754 530 res
776 493 955 529 huiusmodi
979 493 1015 527 ad
1038 493 1092 527 Se-

342 548 413 583 dem
442 545 656 592 Apostolicain
675 545 893 587 arcessissent,
915 554 1018 578 coram
1042 542 1091 576 di-

342 598 422 633 lecto
445 595 507 630 filio
530 603 638 629 nostro
663 593 701 628 R.
737 593 771 628 S.
813 592 923 639 Angeli
958 591 1091 626 diacono

341 645 510 689 cardinale,
537 655 630 691 quein
653 643 778 690 negotio
807 642 934 677 unionis
974 649 1091 676 testrae

342 694 536 742 perficiendo
559 693 778 740 deputavimus
797 691 863 725 rice
889 699 1004 733 nostra,
1029 689 1092 723 suf-

342 745 478 779 ficientia
505 743 543 777 ad
571 743 600 776 id
620 741 791 776 exhibuere
813 739 971 782 mandata,
1003 748 1032 774 et
1061 739 1088 772 in

342 793 479 840 generali
507 791 644 838 capitulo
673 799 774 825 vestro
797 791 826 823 in
852 788 936 824 Urbe
958 788 1090 823 celebri-

343 854 389 878 ter
414 850 615 888 congregato,
656 841 781 874 nomine
803 838 957 880 omnium,
979 850 994 871 a
1018 838 1091 883 qni-

342 893 401 927 bus
433 891 557 926 fuerant
588 889 746 931 destinati,
785 896 813 921 et
852 888 890 921 de
929 887 1089 921 communi

342 940 471 987 capituli
495 939 636 975 eiusdem
664 950 806 972 assensu.
834 949 888 970 vos
919 946 948 971 et
980 935 1091 970 domos

342 999 460 1026 vestras
483 990 514 1023 iu
537 1000 632 1023 unam
656 987 776 1021 ordinis
797 986 1039 1027 observantiam,
1062 992 1091 1018 et

343 1038 465 1074 vivendi
480 1037 646 1073 formulam
662 1035 850 1070 uniformem
862 1034 970 1080 redigi.
982 1046 1092 1068 unum-

342 1100 403 1136 que
425 1100 462 1123 ex
485 1088 532 1121 eis
553 1086 632 1121 ovile
670 1084 748 1128 fieri,
788 1084 941 1131 generalis
978 1082 1092 1129 prioris

342 1137 551 1185 praesidentia
593 1133 833 1181 gubernandum
850 1162 858 1172 ,
901 1133 1092 1167 unanimiter

341 1194 590 1225 consenserunt,
621 1192 762 1230 petentes
797 1190 830 1216 ut
866 1194 921 1229 per
962 1183 1090 1226 gratiam

339 1236 467 1271 unionis
489 1243 519 1269 et
553 1233 781 1268 conformitatis
809 1231 1004 1273 huiusmodi,
1044 1231 1086 1264 eis

340 1286 423 1320 iuxta
452 1291 639 1329 conceptum
658 1291 760 1316 votnm
785 1280 974 1328 paupertatis
996 1292 1093 1326 spon-

343 1343 450 1372 tanea&
475 1341 622 1379 perpetua
647 1330 879 1378 possessionum
900 1331 1091 1364 terrestrium

341 1383 496 1417 abdicatio
517 1388 701 1418 remaneret,
729 1388 758 1414 et
787 1378 864 1426 ipsis
891 1378 1019 1413 baculos
1047 1377 1092 1412 rel

342 1431 458 1466 ferulas
481 1429 644 1464 deferendi
669 1429 812 1475 imposita
837 1427 1007 1462 necessitas
1034 1426 1093 1460 tol-

343 1481 472 1519 leretur,
510 1479 618 1513 collata
655 1478 684 1512 in
720 1476 908 1512 cardinalem
945 1476 1092 1510 eumdem

344 1528 527 1576 providendi
564 1527 649 1562 vobis
688 1538 723 1560 ea
768 1526 834 1560 vice
871 1525 910 1559 de
956 1524 1092 1570 generali

345 1578 447 1625 priore
464 1578 559 1611 totius
576 1576 695 1610 ordinis
709 1574 915 1609 nihilominus
932 1581 1092 1620 potestate.

393 1626 413 1673 S
436 1630 468 1660 4.
494 1626 590 1660 Porro
610 1624 690 1658 idem
715 1623 892 1667 cardinalis,
909 1622 1004 1656 nostri
1037 1634 1095 1655 au-

344 1676 486 1710 ctoritate
516 1674 652 1708 mandati
686 1673 754 1707 vivo
789 1672 826 1706 ad
849 1684 919 1706 eum
950 1683 1095 1706 sermone

344 1725 466 1767 directi,
501 1735 623 1757 necnon
663 1730 692 1756 et
725 1720 874 1756 concordi
908 1720 1094 1755 eorumdem

345 1773 486 1811 fratrum,
510 1785 544 1807 ac
569 1771 716 1818 praedicti
739 1770 866 1816 capituli
886 1770 1095 1804 consensione

344 1822 504 1862 suffultus‚
529 1824 692 1856 universas
713 1820 824 1854 domos
861 1827 890 1853 et
928 1830 1096 1865 congrega·

345 1873 446 1907 tiones
469 1879 596 1910 vestras,
620 1870 650 1904 in
674 1881 767 1904 unam
788 1868 908 1903 ordinis
935 1868 1096 1902 Eremita-

346 1933 414 1956 rum
455 1919 561 1955 Sancti
593 1918 763 1965 Augustini
798 1917 1024 1964 professionem
1067 1925 1095 1951 et

347 1970 520 2016 regularem
536 1968 764 2003 observantiam
781 1975 932 2014 perpetuo
945 1967 1096 2010 counit-it,

346 2019 408 2055 sub
434 2018 588 2065 generalis
610 2030 681 2052 cura
712 2016 835 2063 prioris,
873 2016 1023 2051 canonice
1049 2017 1096 2049 ina

348 2067 498 2104 stitnendi
523 2078 578 2114 pro
600 2076 752 2113 tempore,
776 2077 849 2112 prae
867 2065 937 2100 aliis
968 2066 1098 2111 provin-

348 2118 491 2159 cialibus,
514 2127 634 2150 necnon
659 2123 689 2150 et
711 2114 918 2150 conventibus
950 2113 1098 2160 singula-

349 2180 418 2202 rum
454 2166 620 2200 domorum
660 2177 676 2199 a
717 2164 873 2212 prioribus
913 2164 1098 2209 regulariter

349 2215 580 2263 gubernandas.

398 2266 418 2313 S
440 2267 471 2299 5.
495 2263 533 2298 Et
550 2272 583 2298 ut
599 2274 709 2298 novam
729 2263 818 2296 ovilis
840 2262 990 2297 dominici
1015 2262 1097 2295 uuio-

351 2327 421 2349 nem
458 2313 642 2348 universalis
665 2311 775 2357 capitis
806 2312 911 2346 unitas
947 2323 1098 2345 consum-

352 2372 460 2402 maret,
480 2371 521 2406 te,
545 2362 658 2397 dilecte
682 2360 723 2394 fili
747 2360 841 2395 frater
860 2360 1043 2399 Lausi-auce,
1068 2360 1098 2393 in

351 2413 526 2459 generalem
545 2411 664 2446 ordinis
691 2410 832 2445 eiusdem
849 2411 984 2456 priorem
1000 2418 1029 2443 et
1050 2421 1098 2455 pa-

354 2471 442 2505 trem,
464 2461 601 2508 Spiritus
614 2459 721 2495 Sancti
734 2460 829 2505 gratia
849 2460 999 2499 invocata,
1016 2470 1100 2504 prae-

353 2510 435 2551 fecit,
463 2522 497 2544 ac
519 2511 609 2544 etiarn
636 2517 727 2555 prout
747 2522 762 2543 a
803 2508 893 2543 nobis
924 2507 1100 2555 specialiter

355 2560 384 2593 in
403 2559 557 2594 mandatis
577 2566 751 2605 acceperat,
777 2558 988 2593 confirmavit:

403 2608 423 2655 ἓ
456 2609 487 2642 6.
528 2607 591 2643 Vos
628 2608 801 2647 universos,
836 2617 866 2642 et
900 2618 1101 2642 successores

356 2664 474 2692 vestros
495 2669 511 2692 a
535 2656 655 2692 baculis
677 2657 723 2692 vel
745 2656 853 2692 ferulis
885 2655 1100 2704 deportandis,

927 289 1117 314 temanum
1137 288 1300 312 nonaum:

1895 291 1945 318 An.
1963 290 1993 318 C.
2012 292 2079 319 1256

1132 351 1162 378 et
1198 343 1281 390 quod
1317 355 1379 379 non
1411 344 1567 390 cogamini
1610 344 1649 379 ad
1686 335 1881 392 recipiendas
1907 351 1977 374 amu
2000 356 2023 374 οι
2044 352 2079 374 t·-

1133 392 1350 440 possessiones
1373 392 1493 440 aliquas
1520 393 1567 429 vel
1594 393 1756 429 habendas
1777 393 1883 430 decer·
1895 383 2078 436 ngssmneisdem

1133 454 1212 477 nens
1239 450 1390 488 perpetuo
1413 442 1526 478 liberos
1546 452 1578 479 et
1603 450 1779 489 exemptos.

1181 492 1201 539 g
1223 493 1255 525 7.
1282 491 1347 526 Nos
1371 491 1466 538 igitur
1480 492 1606 537 praefati
1629 492 1796 528 cardinalis
1815 504 1881 539 pro-
1907 499 1967 535 Quas
1983 501 2080 520 omnin

1132 553 1256 576 cessum
1283 541 1521 576 convenientem
1544 553 1617 577 cum
1641 541 1809 577 voluntatis
1829 554 1882 577 ve·
1895 530 2011 582 ξῗζζῗιῗ,
2026 535 2080 550 '³⁰³'

1132 598 1212 624 strae
1252 590 1412 637 proposito
1449 590 1672 637 approbantes,
1711 591 1881 638 praemissa

1131 639 1235 674 omnia
1270 647 1355 685 grata
1379 639 1532 674 habemus
1569 649 1599 675 et
1625 648 1714 680 rata,
1749 641 1881 687 ipsaque

1131 688 1315 724 auctoritate
1347 689 1519 735 apostolica
1558 689 1809 738 confirmamus,
1852 698 1880 723 et

1133 738 1305 784 praesentis
1319 738 1426 784 scripti
1446 738 1618 784 patrocinio
1636 739 1880 773 communimus.

1180 787 1200 834 S
1227 788 1259 821 8.
1287 787 1418 833 Insuper
1440 795 1556 827 autem,
1579 799 1730 834 personas
1764 795 1796 822 et
1825 787 1885 822 do-
1908 801 2083 824 atsnusunnor-

1133 848 1201 871 mos
1218 844 1346 876 vestras,
1368 835 1429 871 sub
1451 836 1616 871 beatorum
1639 836 1725 871 Petri
1747 845 1778 871 et
1791 836 1882 871 Pauli
1899 835 1944 854 Μ’

1133 886 1327 932 protectione
1349 885 1561 932 suscipientes
1582 895 1613 920 et
1634 894 1752 930 nostra,
1793 898 1884 932 prae-

1131 934 1268 969 sentium
1290 934 1473 969 auctoritate
1501 935 1678 974 statuimus,
1700 943 1815 974 utvos,
1830 934 1883 969 filii

1132 984 1254 1031 priores
1275 992 1305 1018 et
1326 983 1446 1021 fratres,
1470 984 1499 1017 in
1521 984 1715 1030 professione
1735 983 1884 1030 praedicti

1131 1033 1254 1068 ordinis
1276 1033 1306 1067 in
1335 1032 1472 1079 praefato
1494 1033 1631 1079 generali
1663 1033 1801 1080 capitulo
1834 1045 1886 1068 or-

1132 1082 1234 1116 dinata
1258 1086 1332 1129 (quo
1354 1081 1482 1128 quidem
1505 1081 1616 1117 ordine
1637 1094 1692 1117 vos
1730 1090 1886 1129 perpetuo

1132 1132 1253 1166 censeri
1283 1130 1439 1171 volumus,
1463 1131 1624 1166 vobiscum
1651 1143 1750 1178 super
1780 1131 1886 1166 diver-

1132 1192 1237 1214 sarum
1276 1180 1506 1227 professionum
1540 1188 1594 1215 aut
1627 1180 1885 1216 observationum

1133 1229 1252 1273 debito,
1273 1241 1350 1277 quas
1371 1237 1462 1264 antea
1477 1229 1629 1273 feceratis,
1653 1231 1684 1264 in
1705 1230 1886 1277 praedictis,

1134 1279 1181 1313 vel
1209 1279 1278 1313 aliis
1304 1278 1470 1313 ordinibus
1493 1278 1734 1326 dispensantes),
1755 1279 1817 1314 sub
1837 1279 1884 1315 de-

1133 1336 1202 1362 vota
1224 1327 1380 1376 generalis
1403 1327 1527 1374 prioris,
1550 1340 1644 1375 quem
1675 1340 1763 1363 nunc
1797 1328 1887 1363 vobis

1133 1377 1238 1411 divina
1260 1376 1415 1412 ordinatio
1444 1378 1602 1423 praetulit,
1635 1379 1769 1426 eiusque
1809 1390 1885 1412 suc-

1134 1438 1297 1461 cessorum
1332 1425 1511 1461 obedientia
1549 1435 1701 1474 perpetuo
1735 1427 1886 1463 virtutum

1133 1475 1273 1509 Domino
1299 1476 1483 1518 servientes,
1507 1476 1605 1522 nigris
1640 1476 1814 1517 dumtaxat,
1856 1485 1888 1511 et

1136 1524 1230 1558 nullis
1251 1524 1320 1558 aliis
1351 1524 1479 1558 alterius
1515 1525 1630 1560 coloris
1663 1525 1820 1566 cucullis,
1854 1533 1888 1559 ut

1136 1573 1303 1607 uniformis
1317 1573 1461 1613 amictus,
1475 1586 1615 1608 normam
1631 1574 1814 1609 eiusdemin
1831 1586 1888 1609 vo-

1136 1622 1184 1657 bis
1212 1621 1416 1669 professionis
1442 1622 1598 1666 ostendat,
1615 1623 1746 1658 utamini
1760 1623 1799 1659 de
1813 1635 1887 1658 cae-

1136 1680 1202 1706 tero
1231 1683 1380 1706 universi.

1184 1721 1204 1767 ἓ
1230 1722 1263 1754 9.
1288 1719 1327 1756 Et
1350 1728 1382 1754 ut
1403 1720 1481 1755 haec
1511 1729 1616 1755 sancta
1654 1721 1728 1755 unio
1745 1748 1753 1760 ,
1792 1733 1885 1768 quam
1914 1735 2016 1758 emme
2045 1737 2087 1757 ao-

1137 1778 1307 1816 perpetuae
1331 1769 1415 1815 pacis
1436 1769 1662 1816 tranquillitate
1682 1770 1821 1816 gaudere
1839 1782 1888 1804 vo·
1902 1767 2085 1824 ξ’ᾗζξζξῦρξξζξζὶ

1137 1819 1253 1858 lumus,
1281 1818 1429 1853 omnibus
1451 1818 1640 1864 integritatis
1662 1831 1737 1854 suae
1752 1819 1887 1866 perfecta
2079 1811 2084 1818 ‚

1138 1867 1290 1915 partibus,
1315 1867 1435 1902 stabilis
1461 1877 1649 1914 perseveret;
1675 1868 1889 1909 decernimus,

1139 1926 1169 1951 ut
1188 1929 1300 1951 omnes
1322 1916 1437 1952 domus
1470 1917 1617 1952 ordinum
1657 1918 1889 1964 suprascripto-

1139 1978 1220 2004 rum,
1243 1978 1379 2012 quorum
1407 1966 1528 2005 fratres,
1557 1967 1641 2001 iuxta
1669 1967 1806 2002 mandati
1837 1979 1888 2002 no-

1137 2017 1190 2050 stri
1215 2015 1356 2052 formam.
1379 2016 1418 2049 ad
1435 2023 1571 2051 nostram
1593 2016 1801 2063 praesentiam
1824 2029 1888 2051 non

1140 2073 1302 2102 venerunt,
1331 2064 1388 2110 ipsi
1429 2065 1535 2099 unioni
1571 2074 1730 2112 tamquam
1763 2065 1888 2112 corpori

1138 2113 1290 2156 membra,
1317 2114 1435 2161 absque
1457 2113 1586 2160 diffugio
1610 2114 1703 2149 ullius
1727 2115 1886 2161 exceptio-

1139 2163 1198 2204 nis,
1218 2162 1411 2206 inhaereant,
1425 2170 1455 2198 et
1476 2163 1513 2197 ad
1528 2163 1776 2198 observationem
1797 2175 1888 2210 prae-

1138 2211 1296 2246 dictorum
1337 2212 1481 2247 omnium
1519 2221 1698 2248 teneantur.
1736 2212 1886 2259 Alioquin

1138 2262 1337 2305 sententiam,
1358 2273 1451 2308 quam
1475 2269 1520 2302 tu,
1540 2261 1653 2297 dilecte
1671 2262 1712 2296 fili
1727 2262 1811 2308 prior
1831 2274 1888 2306 ge-

1139 2310 1264 2350 neralis,
1286 2318 1317 2345 et
1338 2322 1537 2346 successores
1574 2311 1617 2345 tui
1657 2311 1715 2346 rite
1752 2310 1887 2346 tuleritis

1141 2360 1170 2394 in
1194 2359 1337 2403 rebelles,
1350 2367 1447 2395 ratam
1466 2359 1663 2400 habebimus,
1684 2368 1713 2395 et
1724 2360 1886 2396 faciemus.

1139 2418 1265 2444 auctore
1286 2407 1434 2455 Domino,
1461 2421 1561 2456 usque
1586 2409 1702 2445 adsatis
1722 2408 1885 2444 factionem

1140 2458 1341 2504 condignam,
1364 2458 1572 2506 appellatione
1584 2466 1713 2503 remota,
1726 2457 1887 2493 inviolabi-

1141 2508 1209 2542 liter
1230 2508 1398 2543 observari.
1426 2508 1510 2542 Nulli
1535 2519 1610 2555 ergo
1635 2515 1688 2542 ecc.

1190 2556 1304 2591 Datum
1333 2557 1478 2593 Lateran.
1510 2565 1622 2604 quarto
1659 2569 1758 2592 nonas
1789 2559 1858 2592 maii
1876 2585 1885 2601 ,

1143 2607 1344 2654 pontificatus
1362 2607 1457 2642 nostri
1480 2618 1562 2641 anno
1586 2606 1737 2643 secundo.

1201 2662 1261 2694 Dat.
1282 2665 1328 2695 die
1346 2664 1364 2694 4
1384 2665 1452 2694 maii
1476 2663 1561 2701 1256,
1580 2663 1682 2703 pontif.
1702 2673 1779 2695 anno
1796 2674 1826 2696 u.
