2129 3223
1673 235 1742 267 579

1039 292 1152 328 etesiae
1177 293 1402 330 candelabrum
1432 295 1606 332 honorilice
1632 298 1790 340 collocari,

1039 347 1221 394 praesertim
1237 360 1309 382 cum
1332 361 1370 384 ex
1384 350 1444 385 hoc
1460 350 1670 397 ignorantium
1687 353 1788 388 Deum

57 248 105 272 An.
125 244 156 272 C.
170 243 236 270 ¹253
847 239 1059 263 lNNocENTtus
1080 240 1114 262 lv
1136 240 1182 263 PP.
1805 245 1853 270 An·
1871 245 1899 272 C.
1922 247 1985 273 ¹233

68 304 110 326 ⁰00
137 304 234 326 inunm-
251 303 422 339 pauperum
446 303 507 326 non
527 291 641 339 peribit
663 291 692 326 in
716 292 828 333 linem,
853 305 914 328 nou
942 304 998 328 so-

53 335 229 386 *ζζῃῗζᾭξῗξὲξζ
249 340 315 376 lum
341 340 542 376 rutilantibus
575 341 668 375 buius
702 343 888 377 sanctissimi
925 354 996 377 cor-

91 395 198 421 corporis,

53 1320 206 1350 Frequentibus

73 1353 188 1381 mineum,

57 2497 181 2519 διηοιοτιιηι
192 2502 227 2517 cn-

45 2528 133 2554 tuatogo
147 2527 227 2548 adscri-

104 2559 168 2580 bitus.

249 390 334 436 poris
348 397 450 436 partes
461 389 684 436 splendoribus
697 391 872 432 illustravit,
883 403 994 426 verum

247 439 339 474 etiam
362 439 466 485 ipsum
489 438 575 474 nullo
602 440 632 474 in
654 451 692 474 eo
713 440 870 476 cicatricis
896 452 996 487 appa-

247 495 333 522 rente
355 487 497 534 vestigio,
519 488 687 535 integritati
711 490 888 527 restituens,
903 489 994 536 aqui·

246 536 344 572 larum
391 548 519 572 suarum
560 537 717 585 praesidio
755 538 942 573 miraculose
977 550 993 572 a

245 584 380 621 ferarum
409 586 568 622 morsibus
603 588 820 634 praeservavit.
861 586 993 621 Gustato

244 634 380 682 denique
407 636 561 672 acerrimo
591 636 632 671 ob
652 637 754 671 zelum
778 636 915 672 iustitiae
938 648 993 670 ca—

244 682 302 719 lice
335 684 515 731 passionis,
547 697 619 721 cum
647 685 686 720 ab
712 685 823 720 eodem
862 693 992 733 tyranno

244 733 380 768 totaliter
407 741 571 780 putaretur
597 742 823 780 consumptus,
851 746 925 769 ecce
960 742 991 768 ut

242 781 352 818 lucifer
363 783 471 824 oritur,
486 792 517 818 et
530 784 621 831 quasi
635 784 828 820 meridianus
843 783 946 829 fulgor
960 783 989 817 in

242 830 438 867 firmamento
459 835 634 880 consurgit,
659 843 786 881 propter
812 833 896 880 quod
923 833 990 867 eius

241 880 351 917 faciem
390 881 533 917 nonnulli
572 883 602 918 in
643 883 711 919 suis
751 881 990 918 necessitatibus

240 929 441 967 devotissime
459 931 680 979 deprecantur.
704 931 775 979 lpse
791 931 919 979 quidem
934 931 989 965 de·

239 978 344 1016 fossus
368 991 499 1016 securus
522 981 650 1024 dormit,
677 981 847 1028 requiescit
873 989 902 1015 et
927 992 987 1014 non

238 1029 372 1076 est‚’qui
394 1029 453 1064 iam
477 1030 582 1078 ipsum
597 1039 760 1066 exterreat.
789 1030 854 1065 Nec
872 1030 986 1065 mirum

237 1078 311 1125 quia
338 1078 492 1115 civitatem
522 1080 606 1114 illam
642 1080 772 1114 lionoris
806 1088 836 1114 et
869 1078 987 1125 gloriae

238 1138 351 1162 corona
373 1127 542 1176 insignitus
564 1128 727 1173 inhabitat,
755 1128 807 1163 ubi
836 1136 882 1163 est
897 1139 988 1162 man-

238 1176 285 1211 sio
310 1187 441 1219 secura,
468 1178 604 1226 populus
640 1178 708 1213 sine
735 1189 919 1220 murmure,
951 1188 987 1211 ac

239 1225 337 1273 patria
359 1234 459 1262 totum
482 1227 512 1262 id
539 1227 705 1263 continens
730 1227 813 1273 quod
841 1226 986 1261 delectat.

285 1277 302 1318 ξ
323 1278 355 1310 5.
377 1274 497 1312 Verum
520 1288 558 1311 ne
576 1276 716 1311 militaus
730 1276 868 1311 Ecclesia
884 1274 922 1309 de
937 1274 986 1309 tali

237 1335 274 1358 ac
299 1331 386 1360 tanto
413 1334 543 1372 patrono
570 1326 616 1360 sic
643 1326 788 1360 atrociter
819 1324 879 1359 sibi
902 1323 986 1358 sub-

238 1381 346 1417 tracto,
368 1373 634 1410 inconsolabiliter
655 1375 743 1421 quasi
767 1374 904 1419 gemitus
923 1373 986 1407 sin-

235 1422 400 1469 gultuosos
412 1424 580 1467 emitteret,
601 1423 627 1458 si
644 1423 868 1458 beneficiorum
886 1422 984 1468 ipsius

236 1471 392 1507 affluentia
426 1485 494 1508 eam
534 1484 596 1507 uon
630 1473 826 1518 contingeret
858 1471 985 1517 saepius

236 1520 460 1557 delectabiliter
494 1521 632 1568 irrigari,
667 1533 741 1556 ecce
774 1520 930 1567 gloriosus
953 1519 983 1553 in

236 1570 353 1605 sanctis
388 1571 454 1606 suis
484 1570 666 1611 Dominus,
703 1570 812 1605 volens
844 1568 983 1604 eiusdem

237 1619 337 1654 Patris
363 1620 592 1667 plenitudinem
617 1620 752 1666 gloriose
780 1618 907 1653 indiciis
928 1630 987 1652 ex·—

236 1669 370 1716 primere
393 1669 578 1710 manifestis,
600 1678 630 1703 et
649 1667 850 1716 praestolanti
875 1667 985 1702 Eccle-

234 1717 300 1753 siae
319 1726 404 1765 grata
429 1717 572 1754 conferre
595 1730 691 1765 super
706 1718 766 1752 boc
785 1716 986 1752 recreationis

237 1768 385 1810 remedia,
408 1775 452 1803 tot
473 1776 503 1802 et
527 1768 621 1801 tantis
643 1767 714 1802 fecit
735 1767 838 1812 ipsum
859 1765 986 1799 famosis

237 1815 396 1852 miraculis
417 1828 582 1851 coruscare
611 1815 661 1859 (de
687 1816 802 1862 quibus
824 1815 903 1849 facta
926 1826 986 1848 no-

237 1865 288 1900 his
311 1873 342 1900 et
368 1864 514 1901 fratribus
536 1866 652 1899 uostris
675 1872 767 1911 prout
794 1864 903 1898 debuit
932 1875 986 1908 per

237 1922 334 1950 testes
360 1913 492 1949 idoneos
521 1914 612 1960 plena
640 1913 718 1948 fides
745 1914 868 1956 extitit),
900 1911 984 1958 quod

236 1964 306 1999 eius
344 1963 425 1998 inter
463 1971 589 1998 sanctos
633 1971 774 1998 caeteros
815 1960 984 2008 implorare

237 2016 426 2057 subsidium,
453 2016 668 2064 reputavimus
696 2016 809 2051 merito
828 2027 890 2050 non
907 2015 987 2049 indi-

237 2082 346 2118 gnum.
373 2069 451 2105 Nam
475 2069 606 2105 mortuis
631 2070 712 2113 vita,
735 2069 842 2104 lumen
871 2068 985 2111 caecis,

236 2124 363 2160 auditus
392 2123 517 2167 surdis,
550 2123 680 2158 verbum
717 2123 831 2165 mutis,
865 2121 986 2156 claudis

236 2189 376 2225 gressus,
395 2177 574 2225 epilepticis
592 2175 710 2211 cerebri
734 2175 841 2219 robur,
868 2175 986 2209 etdae-

238 2231 408 2275 maniacis,
436 2229 609 2266 immundis
635 2229 673 2264 ab
695 2229 741 2265 eis
762 2228 871 2264 eiectis
892 2228 987 2274 spiri-

240 2284 334 2325 tibus,
355 2296 524 2332 corporum
548 2283 686 2330 requies,
709 2282 748 2317 ad
769 2282 838 2317 eius
858 2282 987 2316 invoca-

239 2339 354 2375 tionem
383 2338 534 2381 nominis,
569 2337 697 2372 coelesti
725 2336 852 2371 dextera
878 2335 986 2370 subito

239 2391 455 2430 conteruntur.

288 2450 305 2490 5
326 2448 358 2481 6.
382 2445 514 2491 Propter
526 2442 624 2490 quod,
642 2454 682 2477 ne
697 2441 792 2476 huius
807 2441 984 2476 rutilantem
1005 2449 1008 2464 ³

240 2499 398 2535 lucernam
420 2498 480 2533 sub
507 2496 613 2532 modio
636 2495 812 2543 periculose
833 2493 985 2529 abscondi

1039 400 1254 448 propellantur
1277 402 1441 442 tenebrae,
1477 404 1689 440 confundatur
1716 419 1788 454 per-

1037 466 1161 488 versum
1185 454 1411 490 baereticorum
1435 456 1560 504 dogma,
1593 467 1623 494 ct
1646 460 1785 496 fidelium

1037 506 1123 542 beata
1139 508 1308 543 credulitas
1329 518 1498 554 augeatur,
1526 520 1704 548 nostrorum
1723 513 1786 548 sra-

1036 568 1140 604 trum,
1169 574 1292 597 necnon
1315 573 1345 598 et
1372 564 1580 609 praelatorum
1604 573 1679 600 tunc
1701 568 1783 614 apud

1034 613 1150 649 Sedem
1175 616 1388 662 Apostolicam
1416 617 1616 653 existentium
1644 631 1784 655 commu-

1036 668 1138 703 nicato
1159 670 1304 712 consilio,
1335 671 1528 717 praedictum
1559 672 1683 708 beatum
1712 673 1784 709 Sta-

1035 721 1168 756 uislaum
1191 722 1376 770 episcopum
1406 725 1498 769 digne
1525 735 1706 762 sanctorum
1728 740 1784 763 ca-

1034 775 1159 822 thalogo
1186 775 1336 812 duximus
1358 778 1615 814 adscribendum.

1081 833 1096 872 ἓ
1119 830 1149 865 7.
1178 829 1249 872 Quo
1272 832 1351 866 circa
1377 833 1566 868 universitati
1595 842 1714 868 vestrae
1730 847 1783 880 per
1811 863 1871 883 ΓΝ,
1911 871 1963 884 ,Μ

1031 883 1200 930 apostolica
1236 885 1349 932 scripta
1387 886 1527 922 districte
1559 888 1939 935 praecipiendomun-um-

1032 937 1240 978 mandamus,
1277 948 1432 987 quatenus
1461 948 1572 975 octavo
1602 941 1672 975 idus
1709 943 1781 977 maii

1030 990 1092 1035 (die
1124 991 1270 1027 videlicet
1302 1005 1364 1040 quo
1393 993 1501 1028 mortis
1524 993 1688 1029 absolutus
1710 995 1783 1029 viu-

1031 1044 1114 1086 culo,
1140 1046 1281 1081 victurus
1304 1047 1485 1094 perenniter
1508 1046 1545 1082 ad
1575 1047 1691 1083 fontem
1727 1061 1782 1084 su-

1031 1110 1145 1146 pernae
1160 1100 1276 1146 prodiit
1291 1100 1471 1148 voluptatis)
1492 1100 1606 1136 festum
1624 1102 1779 1139 eiusdem.

1030 1160 1125 1200 prout
1153 1153 1294 1188 miranda
1320 1153 1421 1200 ipsius
1450 1154 1632 1190 meritorum
1658 1156 1781 1201 magni-

1030 1206 1105 1240 tudo
1132 1207 1237 1253 exigit,
1259 1207 1425 1242 celehretis
1446 1215 1477 1242 et
1500 1207 1619 1243 faciatis
1635 1208 1782 1243 solemni-

1029 1268 1076 1294 ter
1096 1260 1266 1301 celebrari,
1301 1269 1334 1296 ut
1367 1261 1396 1295 id
1434 1260 1522 1296 vobis
1554 1261 1594 1297 de
1621 1262 1777 1298 thesauris

1028 1314 1216 1349 coelestibus
1238 1316 1308 1349 eius
1335 1316 1383 1362 pia
1415 1316 1641 1350 intercessione
1665 1327 1777 1362 prove-

1029 1368 1102 1411 niat,
1123 1367 1208 1415 quod
1236 1368 1316 1414 ipse,
1340 1375 1518 1415 praestante
1539 1367 1684 1413 Christo,
1709 1381 1780 1416 per-

1027 1422 1148 1468 cepisse
1165 1421 1372 1469 dignoscitur,
1391 1429 1422 1456 et
1441 1421 1602 1469 possidere
1626 1430 1779 1470 perpetuo

1027 1473 1190 1522 gloriatur.

1076 1533 1091 1573 ἓ
1113 1531 1145 1565 8.
1165 1528 1330 1565 Caeterum
1363 1538 1397 1565 ut
1419 1529 1612 1566 universitati
1635 1529 1776 1565 fidelium

1027 1582 1190 1618 invisibilis
1222 1584 1310 1618 aulae
1339 1583 1555 1632 consequendi
1589 1583 1718 1619 delicias
1740 1596 1777 1618 cx

1027 1649 1174 1672 concessa
1207 1637 1297 1672 nobis
1325 1645 1477 1684 potestate
1503 1637 1642 1684 desuper
1669 1638 1778 1685 propi-

1029 1692 1124 1726 tiante
1152 1691 1289 1725 Domino
1316 1691 1355 1725 sit
1390 1691 1533 1732 facultas,
1566 1691 1722 1738 quinimo,
1748 1700 1778 1725 et

1028 1754 1059 1779 ut
1086 1757 1200 1779 nomen
1235 1745 1389 1779 exaltetur
1417 1745 1585 1785 Altissimi,
1612 1744 1636 1778 si
1664 1752 1777 1790 sponte

1027 1811 1115 1833 suam
1153 1799 1362 1833 venerabilem
1400 1799 1593 1845 sepulturam
1634 1797 1773 1833 fidelium

1028 1864 1234 1900 procuremus
1260 1851 1442 1887 accessibus
1459 1851 1660 1899 frequentari,
1678 1853 1778 1887 omni-

1029 1906 1086 1940 bns
1109 1918 1178 1940 vere
1207 1905 1444 1953 poenitentibus
1470 1912 1501 1940 et
1522 1904 1693 1943 confessis,
1719 1907 1772 1953 qui

1027 1960 1064 1994 ad
1088 1959 1201 1994 dictam
1225 1960 1419 2007 sepulturam
1444 1960 1473 1993 in
1493 1970 1667 1994 memorato
1686 1958 1775 1999 festo,

1027 2021 1057 2048 et
1079 2025 1179 2060 usque
1200 2014 1237 2048 ad
1266 2022 1405 2048 octavam
1434 2013 1545 2060 ipsius,
1572 2021 1664 2047 causa
1679 2012 1776 2046 devo-

1028 2067 1123 2102 tionis
1148 2067 1350 2107 accesserint,
1368 2067 1529 2101 annuatim
1549 2066 1648 2112 ipsius
1663 2066 1776 2101 suffra-

1027 2122 1076 2168 gia
1112 2121 1252 2168 petituri,
1288 2121 1327 2156 de
1360 2120 1583 2166 omnipotentis
1614 2119 1673 2154 Dei
1701 2128 1771 2159 etc„

1029 2188 1125 2209 unum
1149 2187 1267 2210 aunum
1295 2183 1326 2210 et
1347 2173 1552 2221 quadraginta
1574 2173 1654 2211 dies,
1680 2185 1776 2207 accc—

1028 2229 1176 2264 dentibus
1211 2241 1283 2264 vero
1316 2228 1407 2263 annis
1442 2227 1574 2273 singulis
1606 2225 1643 2261 ad
1679 2238 1776 2273 prae—

1028 2283 1142 2317 dictam
1178 2282 1370 2327 sepulturnm
1412 2280 1489 2315 infra
1527 2279 1668 2314 eiusdem
1707 2279 1776 2314 festi

1028 2335 1231 2383 quindenam,
1253 2334 1460 2381 quadraginta
1481 2333 1548 2367 dies
1575 2333 1613 2367 de
1636 2332 1775 2367 iniuncta

1028 2389 1085 2424 sibi
1108 2388 1298 2435 poenitentia
1323 2386 1565 2421 misericorditer
1587 2386 1774 2420 relaxamus.

1076 2442 1192 2477 Datum
1220 2441 1333 2477 Assisii
1361 2439 1600 2487 decimoquinto
1627 2438 1776 2474 kalendas

1028 2496 1177 2540 octobris,
1208 2494 1410 2542 pontificatus
1438 2493 1535 2528 nostri
1562 2505 1645 2528 auno
1672 2492 1775 2528 unde-

240 2552 454 2599 contingeret,
490 2563 584 2598 quam
621 2550 704 2584 idem
745 2548 902 2583 Dominus
941 2555 985 2582 tot
1028 2550 1121 2586 cimo.

242 2606 382 2642 mirificis
402 2605 500 2652 siguis
522 2613 605 2640 recte
635 2602 790 2649 disposuit
810 2613 905 2648 super
922 2600 986 2635 Ec-

1067 2606 1126 2636 Dat.
1143 2606 1189 2636 die
1208 2606 1241 2635 17
1262 2604 1439 2644 septembris
1452 2603 1538 2639 1253,
1553 2603 1658 2643 pontif.
1675 2611 1721 2633 an.
1736 2612 1774 2634 xi.

1819 1553 1839 1574 lu
1851 1556 1949 1576 Ειιῐῑηιῑία

1793 1616 1864 1636 clirnrn
1888 1618 1945 1636 visit<
1966 1628 1974 1631 «

1806 1647 1859 1667 libu:
1881 1654 1937 1673 picti-
1950 1659 1960 1661 μ
