2129 3223
57 220 103 259 Αἠ.
122 232 150 258 c.
168 231 234 259 tais

70 679 194 707 Lemanno
203 681 238 701 ho-

56 718 100 733 rum
129 711 237 739 exemplo-

58 749 108 764 rum.

77 2439 152 2462 orbani
162 2439 201 2462 ΡΡ.
208 2441 250 2468 pri-

70 2470 173 2499 vilegium.

849 227 1061 253 INNOCENTIUS
1082 227 1119 251 111
1143 228 1191 251 PP-

250 286 289 322 ad
317 286 440 322 laudem
462 294 492 320 et
513 285 711 320 stabilitatem
727 283 900 331 supradicti
924 295 998 319 san-

251 336 292 371 cti
319 335 497 370 monasterii
520 335 687 370 statuimus
714 333 800 368 firma
829 333 998 369 stabilitate

251 391 442 432 permaneat.
458 383 687 419 Interdicentes
702 383 832 418 omnino
847 383 998 429 episcopo

251 434 281 468 in
294 433 385 468 cuius
398 433 546 479 parochia
558 445 627 469 esse
642 433 764 468 videtur
780 432 996 479 supradictum

251 482 476 518 monasterium
508 483 735 522 constitutum,
762 489 794 516 ut
824 481 899 516 nihil
927 493 999 516 con-

250 539 295 567 tra
323 539 462 567 tenorem
479 532 652 579 praesentis
674 531 789 566 decreti
814 531 861 578 pia
887 539 998 577 postu-

251 581 367 616 latione
405 581 517 616 indulti
549 581 717 628 quicquam
762 588 909 619 attentet;
944 580 997 614 sed

253 641 357 677 neque
393 630 457 665 ullo
492 631 585 666 modo
612 629 815 677 baptismales
850 629 999 663 ecclesias

252 679 311 714 sibi
335 679 479 726 vindicet.
508 679 575 726 Ego
604 679 760 714 Henricus
782 686 999 713 sacrosanctae

253 728 415 764 Romanae
442 728 602 764 Ecclesiae
629 729 809 767 scriniarus,
840 740 899 762 una
926 739 998 762 cum

253 777 477 814 Bartholomeo
499 778 616 813 clerico
642 779 749 813 Sancti
774 777 857 812 Petri
873 776 910 811 ad
926 776 1001 811 Vin-

253 827 323 862 cula
345 827 457 863 horum
491 828 745 875 supradictorum
781 826 999 872 exemplorum

253 877 432 912 authentica
446 877 621 924 privilegia,
634 877 836 912 dominorum
853 875 1000 911 videlicet

253 926 396 971 Adriani,
431 926 594 968 Iohannis,
622 935 715 974 atque
749 925 860 961 Marini
896 924 1001 981 Papae

252 975 374 1017 videns,
402 983 432 1011 et
466 976 643 1023 perlegens
672 984 705 1011 ut
729 976 759 1010 in
788 976 833 1010 eis
855 975 1002 1009 contine-

253 1025 366 1068 batur,
389 1025 481 1060 sicin
511 1026 737 1073 suprascriptis
759 1025 939 1060 continetur
974 1037 1003 1059 e-

251 1052 399 1122 xemplis‚
421 1082 451 1109 et
473 1087 506 1110 ea
530 1074 665 1110 fideliter
691 1074 880 1121 exemplavi,
907 1081 935 1107 et
959 1074 1002 1108 si-

252 1136 349 1170 gnum
377 1123 448 1159 feci.

301 1172 386 1208 Nulli
403 1184 478 1219 ergo
491 1182 560 1218 elo„
571 1173 816 1221 conscriptionis
830 1181 896 1213 etc,
912 1185 1004 1218 usque

253 1234 469 1257 incursurum.

302 1269 419 1307 Datum
443 1271 588 1307 Laterani
605 1271 708 1306 idibus
730 1272 819 1308 iunii.
842 1271 1005 1317 pontifica-

255 1329 306 1355 tus
327 1320 424 1356 nostri
451 1330 534 1355 anno
556 1320 781 1356 sextodecimo.

297 1382 356 1413 Dat.
375 1382 423 1414 die
442 1382 478 1413 13
494 1382 568 1413 iunii
588 1382 674 1417 1213,
693 1383 794 1422 pontif.
818 1392 894 1413 anno
910 1392 964 1412 xvi.

595 1548 691 1584 XCV.

257 1628 456 1673 Confirmatio
490 1626 668 1672 diplomatis
704 1627 822 1660 Urbani
861 1627 926 1659 PP
964 1627 1008 1669 ΙΙ

305 1689 366 1722 quo
391 1688 519 1721 requam
546 1678 728 1720 Araqwzum
753 1676 807 1709 sub
824 1687 863 1719 pi
867 1683 1009 1709 electione

306 1727 395 1761 Sedis
417 1726 610 1771 Apostoli'cae
630 1725 793 1769 suscipitur
820 1727 863 1767 (1)

529 1800 571 1830 Sc
576 1799 743 1829 mmmm!

260 1867 366 1898 Urbani
384 1866 437 1896 PP.
455 1866 652 1905 privilegium.
670 1882 708 1888 ——
726 1863 824 1895 Innoc.
840 1865 1009 1905 Philippum

297 1916 417 1942 coronat
445 1912 474 1940 in
499 1919 609 1949 regem.
635 1927 674 1933 —
701 1910 859 1940 Confirmat
890 1911 1009 1949 suprad.

297 1955 494 1995 privilegium.
509 1971 547 1978 —-
563 1953 730 1985 Clausulae.

257 2027 430 2057 Innocentius
448 2027 591 2062 episeopus
609 2033 707 2055 servus
723 2033 864 2056 sorvorum
879 2027 934 2061 Del.
948 2026 1011 2056 cha

302 2076 415 2106 risslmo
433 2075 461 2104 in
484 2076 594 2105 christo
613 2075 670 2104 filio
688 2075 807 2112 Philippo
822 2075 928 2105 illustri
951 2079 1012 2114 regi

303 2125 466 2161 Δηςοιιιιιῑι,
487 2125 606 2154 salutem
629 2125 658 2153 et
687 2124 868 2161 apostolicam
904 2126 1013 2156 benecti-

303 2174 430 2204 otiorum]c

309 2242 344 2277 In
358 2242 522 2289 privilegio
539 2240 639 2275 felicis
653 2241 879 2276 recordationis
892 2242 1012 2277 Urbani

263 2291 366 2338 Papae
400 2290 531 2325 secundi
567 2289 818 2337 praedecessoris
850 2293 944 2326 nostri
975 2292 1014 2327 ‹le

264 2340 358 2376 verbo
382 2340 420 2375 ad
449 2339 576 2374 verbum
607 2339 825 2386 prospeximus
846 2341 1012 2375 contineri.

311 2388 461 2425 Urbanus
499 2390 668 2436 episcopus
705 2400 813 2423 servus
853 2401 1014 2425 servorum

263 2438 334 2478 Dei,
363 2437 552 2474 charissimo
582 2437 644 2472 filio
670 2436 764 2472 Petro
795 2437 1013 2486 Pampilonen.

263 2495 295 2522 et
316 2488 494 2534 Aragonen.
517 2486 602 2532 regi,
617 2487 747 2533 eiusque
780 2488 1015 2524 successoribus

263 2537 295 2572 in
316 2536 424 2572 eadem
452 2536 532 2572 beati
551 2536 636 2571 Petri
659 2535 808 2571 fidelitate
831 2549 1015 2584 permansu=

301 2604 339 2640 (l)
357 2606 394 2633 Ex
413 2606 514 2641 aegest,
539 2606 621 2633 Vatic.

1669 216 1741 250 283

1037 281 1078 317 ris
1101 281 1131 316 in
1157 288 1356 328 perpetuum.
1383 280 1464 316 Cum
1488 281 1640 316 universis
1665 288 1791 316 sanctae

1038 330 1198 366 Ecclesiae
1215 330 1287 365 liliis
1309 344 1346 365 ex
1363 332 1562 377 apostolicae
1577 330 1672 366 Sedis
1686 339 1792 365 aucto-

1037 380 1127 416 ritate
1154 393 1189 415 ac
1224 379 1439 415 benevolentia
1479 379 1637 415 debitores
1670 380 1792 415 exista-

1038 442 1121 471 mus,
1138 429 1199 464 illis
1218 436 1321 463 tamen
1339 430 1492 476 personis,
1514 441 1593 476 quac
1610 428 1793 465 familiarius

1037 491 1073 514 ac
1092 479 1237 514 devotius
1252 478 1414 513 Romanae
1435 478 1607 514 adbaerent
1629 477 1792 513 Ecclesiae

1039 528 1237 576 propensiori
1255 539 1313 562 nos
1328 528 1473 562 convenit
1489 527 1594 562 studio
1615 526 1790 562 imminere.

1038 578 1119 619 Quia
1160 577 1254 623 igitur
1287 576 1387 611 bonae
1422 577 1592 612 memoriae
1621 576 1718 624 patris
1749 577 1792 611 tui

1039 626 1150 671 Santii,
1177 627 1267 661 cuius
1299 637 1395 672 regno
1422 625 1635 672 temporaliter
1663 637 1795 660 succes-

1039 676 1120 721 sisti,
1143 675 1237 710 fidem
1263 688 1408 722 quoque,
1437 687 1472 710 ac
1501 674 1699 709 devotionem
1722 687 1794 721 erga

1039 725 1215 760 Romanam
1238 724 1414 760 Ecclesiam
1442 724 1610 759 efficaciter
1636 725 1795 771 sequeris;

1040 787 1098 810 nos
1130 774 1240 809 eadem
1276 773 1487 821 benignitate
1520 786 1579 821 qua
1621 774 1715 820 patris
1749 774 1793 807 tui

1041 823 1283 879 postulationem
1315 823 1527 870 implevimus
1563 830 1635 857 tuae
1669 834 1797 869 quoque

1042 873 1185 920 petitioni
1212 873 1321 908 adesse
1344 884 1501 908 curamus.
1532 871 1577 907 Te
1603 871 1687 906 enim
1710 879 1796 906 tam-

1040 935 1134 970 quam
1169 935 1271 969 regem
1297 922 1388 956 beato
1417 922 1511 957 Petro
1540 920 1797 966 devotissimum,

1041 980 1070 1007 et
1089 984 1183 1007 omne
1212 981 1297 1006 tuum
1328 984 1457 1016 regnum
1491 970 1521 1004 in
1548 970 1677 1005 tutelam
1705 969 1797 1005 Sedis

1042 1021 1242 1068 Apostolicae
1261 1020 1387 1067 speciali
1411 1020 1577 1055 dilectione
1594 1020 1795 1066 suscipimus

1042 1069 1277 1105 Censtituimus
1307 1081 1382 1117 ergo
1410 1069 1594 1104 auctoritate
1622 1069 1796 1120 apostolica

1042 1120 1232 1159 sancientes
1261 1126 1293 1154 ut
1315 1131 1426 1154 omnes
1448 1118 1492 1153 tui
1516 1129 1720 1153 successores
1742 1130 1797 1153 re-

1043 1181 1140 1216 gnum
1164 1168 1241 1203 illud
1265 1169 1304 1203 de
1326 1180 1420 1203 manu
1449 1176 1554 1203 nostra
1577 1174 1798 1202 nostrorumve

1044 1230 1263 1253 successorum
1292 1217 1466 1264 accipiant
1498 1216 1633 1252 eundem
1666 1228 1798 1251 censum

1044 1267 1164 1302 scilicet
1181 1269 1426 1314 quingentorum
1448 1277 1671 1301 mancusorum
1692 1277 1797 1320 repen

1045 1316 1132 1359 dant
1154 1324 1184 1350 et
1210 1328 1244 1351 se
1272 1316 1352 1350 beati
1375 1315 1460 1350 Petri
1495 1327 1597 1360 teges,
1627 1314 1798 1354 ministros

1046 1377 1081 1400 ac
1100 1364 1234 1400 famulos
1251 1372 1488 1419 recognoscant
1512 1364 1712 1411 Quapropter
1728 1363 1800 1398 nul·-

1046 1415 1094 1450 lus
1116 1414 1269 1461 deinceps
1295 1422 1477 1454 viventium,
1491 1421 1520 1448 et
1534 1413 1628 1448 tidem
1655 1412 1801 1448 christia-

1048 1476 1117 1498 nam
1142 1463 1318 1498 tenentium
1341 1475 1472 1509 regnum
1496 1462 1572 1497 illud
1594 1470 1712 1497 temere
1734 1474 1801 1509 per-

1048 1513 1184 1554 turbare,
1208 1512 1366 1552 invadere,
1388 1520 1441 1547 aut
1463 1512 1638 1547 diminuere
1661 1511 1801 1559 qualibet

1048 1563 1214 1597 occasione
1231 1569 1421 1609 praesumat,
1440 1573 1497 1596 nec
1513 1561 1688 1596 molestiam
1706 1561 1799 1596 ullam

1049 1611 1103 1646 tibi
1133 1612 1233 1646 tuisve
1265 1610 1513 1654 successoribus,
1543 1611 1595 1658 qui
1626 1611 1656 1644 in
1690 1610 1799 1646 eadem

1048 1660 1140 1695 Sedis
1163 1660 1363 1707 Apostolirae
1387 1660 1536 1694 fidelitate
1560 1660 1800 1707 permanserint,

1049 1710 1162 1744 inferre
1194 1709 1325 1754 audeat,
1357 1721 1396 1744 ne
1431 1709 1488 1744 Dei
1521 1716 1551 1743 et
1586 1708 1800 1755 apostolorum

1049 1760 1118 1794 eius
1145 1759 1393 1805 indignationem
1423 1758 1571 1794 incurrat.
1602 1758 1702 1793 Tuam
1731 1770 1802 1793 vero

1051 1820 1216 1855 personam
1236 1809 1264 1842 in
1286 1808 1364 1843 beati
1385 1807 1482 1851 Petri,
1499 1816 1529 1843 et
1548 1816 1670 1842 nostrae
1691 1820 1802 1842 manus

1051 1858 1178 1893 tutelam
1209 1858 1248 1892 ita
1275 1858 1406 1893 omuino
1432 1857 1638 1903 suscipimus,
1663 1864 1697 1892 ut
1724 1856 1801 1891 nulli

1049 1909 1283 1955 episcoporum,
1299 1907 1375 1942 nulli
1388 1907 1710 1954 archiepiscoporum,
1725 1906 1801 1940 nulli

1049 1958 1142 1992 etiam
1179 1964 1304 1991 sanctae
1327 1956 1489 1992 Romanae
1515 1955 1676 1991 Ecclesiae
1702 1956 1803 2002 legato

1050 2006 1142 2041 liceat
1175 2006 1243 2041 sine
1278 2015 1364 2041 certo
1402 2015 1570 2053 praecepto
1606 2012 1713 2040 nostro
1746 2003 1804 2039 ad-

1051 2067 1175 2090 versum
1197 2062 1241 2094 te
1270 2056 1314 2089 vel
1354 2063 1440 2090 tuam
1476 2055 1642 2101 coniugem
1677 2066 1803 2088 excom-

1053 2104 1277 2139 municationis
1313 2112 1366 2139 aut
1403 2103 1633 2138 interdictionis
1665 2102 1802 2149 proferre

1052 2154 1251 2189 sententiam.
1276 2153 1324 2188 Tu
1348 2154 1450 2200 igilur,
1477 2152 1547 2186 fili
1542 2165 1571 2187 in
1592 2151 1718 2187 Cin-isto
1732 2152 1803 2186 cha-

1053 2203 1186 2243 rissime,
1214 2202 1245 2236 iu
1276 2214 1327 2246 ea,
1358 2214 1450 2249 quam
1466 2202 1610 2248 coepisti,
1638 2200 1803 2235 devotione

1055 2253 1237 2297 persistens,
1255 2252 1293 2285 ita
1306 2263 1437 2297 regnum
1458 2251 1618 2285 saeculare
1639 2249 1697 2284 sub
1722 2263 1802 2285 coe-

1054 2301 1140 2335 lestis
1173 2301 1309 2335 iustitiae
1340 2301 1407 2346 lege
1443 2311 1569 2339 coerce,
1604 2300 1642 2334 ita
1677 2311 1803 2345 semper

1056 2358 1125 2384 tuae
1151 2357 1180 2383 et
1202 2349 1426 2384 catholicorum
1446 2350 1589 2383 omnium
1614 2349 1721 2383 matris
1744 2348 1804 2384 Ro·

1056 2410 1165 2433 manae
1183 2397 1346 2432 Ecclesiae
1373 2399 1502 2444 gratiam
1525 2397 1643 2439 excole,
1668 2406 1701 2432 ut
1722 2406 1752 2433 et
1771 2399 1801 2433 in

1055 2448 1387 2493 praesenti‚annnente
1401 2446 1676 2486 Domino,maiora
1688 2459 1804 2482 merea=

1055 2497 1108 2540 ris,
1131 2504 1162 2531 et
1189 2497 1218 2530 in
1247 2496 1351 2531 futuro
1380 2504 1560 2532 sanctorum
1587 2496 1802 2543 apostolorum

1055 2545 1333 2581 intercessionibus
1354 2546 1471 2581 aeterni
1487 2546 1572 2593 regni
1585 2546 1716 2593 gloriam
1731 2558 1804 2581 con-

1054 2595 1203 2642 sequarise
1237 2595 1320 2630 Sane
1352 2595 1389 2630 ad
1417 2595 1566 2643 indicium
1601 2595 1696 2631 huius
1729 2608 1806 2646 pet·-=

1804 225 1853 253 An.
1872 225 1899 252 C.
1921 223 1988 251 {2¹3
