2129 3223
905 256 998 280 uvnssx
1021 257 1135 281 uenum
1658 252 1727 285 819

338 308 531 354 Baptismum
555 308 770 354 admittantur,
790 312 852 345 35t
887 324 915 345 α.
940 310 1099 347 Molestias
1121 312 1164 346 eis
1188 312 1300 348 inferre
1324 315 1441 349 nemini
1473 316 1580 355 liceat,
1610 317 1684 351 ibid.
1718 317 1779 352 Ha-

337 357 401 392 bitu
429 358 578 403 distingui
603 358 717 393 debent
744 372 760 394 a
788 360 978 401 christiani&
1007 363 1076 396 580
1098 375 1128 396 a.
1151 362 1280 398 Publica
1304 364 1401 399 officia
1426 377 1486 399 non
1514 374 1587 400 sunt
1613 367 1660 401 eis
1688 379 1777 402 com-

336 407 500 452 mittenda,
521 409 596 442 ibid.
621 408 803 454 Benignitas
824 409 984 445 Ecclesiae
1011 411 1198 446 christianae
1222 412 1250 446 in
1286 426 1351 453 eos,
1398 417 1467 450 479
1495 428 1524 450 α.
1565 414 1707 461 Ingratos
1743 429 1776 452 se

336 465 506 505 praestant,
532 459 605 492 ibid.
631 458 746 493 Eorum
774 472 933 500 excessus,
955 463 1030 496 ibr‘d.
1059 463 1086 496 b.
1115 461 1270 509 Mancipia
1292 470 1322 497 et
1351 464 1488 499 nutrices
1520 464 1704 500 christianas
1745 468 1774 500 in

334 507 399 542 suis
425 507 572 542 domibus
591 508 705 543 hahere
733 521 794 544 nou
820 518 962 557 possunt,
984 512 1081 552 imus,
1106 524 1162 546 nec
1184 524 1255 546 cum
1284 513 1462 548 christianis
1484 514 1522 548 ‹le
1561 515 1620 550 fide
1655 516 1775 563 dispu-

334 564 409 599 tare,
431 558 506 592 ibid.
529 565 559 592 et
580 571 641 603 seq.
663 558 780 593 Eorum
806 560 986 607 iniquitates
1009 561 1135 601 multae,
1159 563 1228 597 509
1247 575 1276 597 a.
1300 562 1400 605 Quam
1421 563 1459 597 sit
1485 563 1647 610 indignum
1666 574 1696 599 ut
1714 578 1774 600 nn-

334 606 427 641 trices
448 614 479 642 et
499 607 669 643 servientes
696 609 878 644 christianas
901 609 1047 654 habeant,
1071 612 1145 645 ibid.

234 654 442 692 ludaizantes.
466 656 590 693 Poenae
613 666 719 693 contra
743 670 808 700 eos,
830 671 865 694 ac
889 659 1017 694 ludaeos
1039 660 1233 695 Christianos
1255 661 1294 696 ad
1317 662 1348 696 id
1372 663 1541 707 trahentes,
1571 665 1639 698 785
1662 666 1691 698 b.

235 705 331 741 ludex
359 706 532 753 delegatus,
552 709 612 742 111
641 721 670 742 α.
699 708 883 756 Suspectus,
914 710 988 744 ibid.
1012 711 1040 744 b.

990 906 1037 950 K

231 1051 443 1099 Kssnegundis
468 1052 658 1099 imperatrix.
680 1051 759 1088 Eius
781 1053 913 1088 virtutes
933 1061 964 1088 et
998 1053 1157 1098 miracula,
1194 1056 1264 1090 174
1297 1056 1315 1090 b
1351 1063 1382 1091 et
1414 1068 1473 1102 seq.
1507 1056 1694 1093 Sanctarum
1717 1071 1773 1093 ca·

331 1101 456 1159 tbalogo
478 1102 678 1187 adssscrgbitur,
709 1104 777 1138 176
799 1116 829 1138 α.
848 1102 1015 1138 Orationes
1038 1103 1192 1139 dicendae
1219 1105 1249 1139 in
1277 1103 1380 1140 officio
1410 1115 1440 1140 et
1479 1106 1571 1142 missa
1594 1107 1664 1143 eius
1691 1106 1771 1143 sesti-

331 1159 446 1197 vitatts,
471 1154 514 1187 17
583 1179 590 1186 .

980 1349 1017 1389 1.

228 1496 312 1532 Laici
336 1496 376 1531 de
397 1496 569 1543 Scripturis
590 1496 695 1531 Sacris
714 1506 830 1532 temere
858 1496 996 1532 iudicare
1019 1508 1080 1532 non
1104 1497 1232 1541 debent,
1261 1500 1330 1533 159
1352 1511 1382 1534 a.
1410 1498 1476 1535 Nec
1497 1498 1537 1534 de
1559 1499 1621 1535 fide
1656 1500 1768 1548 dispu-

325 1553 401 1589 tare,
428 1548 498 1581 589
520 1547 548 1581 b.
576 1545 679 1592 Leges
700 1558 810 1582 omnes
833 1547 862 1581 in
882 1547 1111 1582 ecclesiasticos
1138 1556 1244 1583 contra
1267 1560 1405 1584 canones
1437 1549 1477 1584 ab
1511 1550 1557 1585 eis
1594 1551 1674 1585 latae
1715 1563 1767 1586 re—

323 1596 523 1634 scinduntur,
546 1597 619 1631 205
645 1598 672 1631 b.

226 1644 383 1681 Lamberti
409 1646 466 1690 (S.)
488 1645 630 1681 Subnen.
658 1645 874 1692 Salisburgen.
898 1646 1052 1682 dioecesis
1078 1647 1219 1683 Ecclesia
1242 1648 1301 1683 sub
1324 1649 1517 1696 protectione
1539 1650 1649 1697 Apost.
1673 1649 1767 1686 Sedis

323 1696 506 1742 suscipitur,
533 1697 624 1743 eique
652 1695 732 1729 bona
755 1696 860 1730 omnia
882 1696 1119 1741 confirmantur,
1143 1699 1215 1733 493
1236 1699 1267 1732 b.

224 1745 436 1780 Lateranense
462 1757 584 1779 sacrum
608 1753 637 1779 et
659 1746 897 1780 oecumenicum
922 1745 1102 1781 Concilium
1130 1748 1292 1791 indicitur,
1314 1750 1386 1782 278
1409 1750 1436 1783 b.

224 1793 446 1830 Lateraneusis
468 1794 611 1829 Ecclesia
637 1795 832 1830 centenariae
856 1797 1109 1842 praescriptionis
1137 1797 1332 1844 privilegium
1356 1798 1485 1839 obtinet,
1509 1800 1578 1833 379
1601 1800 1629 1834 b.

224 1843 415 1879 Laurentius
437 1843 498 1887 (Β.)
520 1844 724 1879 Duhliuensis
745 1845 883 1892 archiep.
910 1846 1076 1881 virtutibus
1098 1858 1132 1881 ac
1154 1848 1312 1882 miraculis
1334 1848 1435 1883 clarus
1458 1847 1506 1883 Ss.
1523 1847 1666 1884 Confess.
1685 1848 1766 1884 Pon·

325 1893 367 1928 til'.
396 1894 558 1940 cathalogo
585 1894 786 1939 adscribitur,
815 1898 886 1930 415
913 1908 932 1930 α
954 1904 983 1930 et
1005 1909 1064 1942 seq.

224 1943 381 1979 Laurentii
404 1943 462 1987 (S.)
483 1944 522 1978 de
543 1944 659 1979 Aversa
681 1946 906 1979 monasterium
930 1945 989 1980 sul)
1011 1947 1204 1992 protectione
1223 1947 1333 1994 Apost.
1359 1947 1451 1982 Sedis
1473 1949 1659 1995 suscipitur,
1682 1948 1763 1983 bona

321 1993 348 2028 ei
371 1994 598 2028 confirmantur
624 2002 654 2028 et
677 1994 836 2042 privilegia
865 1995 1015 2030 nonnulla
1038 1995 1267 2037 conceduntur„
1292 1999 1362 2032 183
1388 1998 1405 2031 b
1427 2005 1457 2032 et
1477 2009 1537 2043 seq.

223 2043 386 2078 Laurentii
413 2043 469 2087 (S.)
495 2043 523 2077 in
553 2043 687 2079 Damaso
709 2053 739 2079 et
760 2044 793 2080 S.
817 2044 978 2080 Eustachii
1007 2045 1045 2079 de
1074 2045 1156 2080 Urbe
1183 2047 1390 2093 capitulorum
1418 2047 1585 2082 concordia
1612 2047 1686 2082 inita
1708 2060 1763 2082 su-

322 2104 377 2140 per
405 2092 627 2128 nonnullarum
650 2094 863 2129 Ecclesiarum
887 2095 1101 2130 iurisdictione
1124 2096 1337 2135 confirmatur,
1361 2098 1432 2131 455
1459 2098 1485 2131 b.

224 2142 331 2179 Lazari
353 2141 410 2186 (S.)
432 2141 709 2191 Hierosolymitaui
741 2144 903 2190 hospitalis
927 2144 1136 2191 Leprosorum
1159 2146 1236 2180 ordo
1258 2145 1404 2181 Fratrum
1422 2155 1451 2180 et
1466 2145 1602 2181 Militum
1625 2146 1684 2181 sub
1720 2158 1763 2181 re-

321 2192 391 2239 gula
419 2191 452 2227 S.
478 2192 646 2239 Augustini
676 2194 892 2235 confirmatur,
913 2196 982 2229 60⁶2
1004 2207 1032 2229 a.
1057 2193 1207 2230 Militibus
1231 2196 1389 2242 privilegia
1405 2196 1555 2230 nonnulla
1579 2196 1762 2230 concedun-

322 2250 383 2283 tur,
409 2244 476 2276 727
504 2244 531 2277 b.
556 2243 713 2291 Leprosos
736 2257 828 2288 posse
852 2244 992 2292 undique
1021 2244 1169 2291 colligere
1196 2253 1225 2280 et
1260 2246 1296 2280 ad
1326 2245 1437 2281 domos
1468 2245 1677 2292 Leprosorurn
1699 2246 1757 2280 ad-

321 2299 463 2339 sportare
489 2291 677 2333 declaratur,
704 2295 773 2328 742
796 2296 823 2328 b.

221 2341 388 2376 Lectoviae
422 2354 474 2376 rex
499 2341 531 2375 fit
559 2343 759 2383 christianus,
789 2345 857 2378 597
885 2346 912 2379 b.
942 2343 1143 2391 privilegium
1171 2344 1355 2379 conceditur
1381 2345 1409 2379 ei
1438 2351 1470 2379 ut
1494 2345 1668 2392 praesulem
1708 2358 1760 2380 ca-

318 2390 468 2426 tholicum
492 2393 621 2427 advocet
648 2392 684 2427 ad
710 2393 792 2439 regia
817 2393 880 2428 filio
907 2402 1088 2428 ornamenta
1111 2392 1312 2433 conferenda,
1335 2396 1410 2429 ibid.

222 2439 370 2487 Legionis
391 2449 423 2476 et
445 2441 597 2476 Castellae
626 2442 731 2488 reguis
753 2444 937 2478 conceditur
964 2443 1097 2477 cruciata
1122 2455 1178 2490 pro
1201 2443 1393 2490 extirpandis
1415 2443 1580 2489 Agarenis,
1607 2445 1677 2479 492
1705 2446 1733 2479 b.

221 2488 286 2525 Leo
308 2502 362 2526 rex
390 2490 601 2525 Armenorum
625 2491 664 2525 ab
690 2491 927 2539 archiepiscopo
947 2493 1133 2540 Moguntiuo
1155 2503 1333 2533 coronatus,
1359 2495 1425 2528 167
1457 2494 1485 2527 b.
1523 2493 1570 2528 Ad
1615 2500 1759 2538 perseve-

319 2541 451 2575 rantiam
475 2541 504 2575 in
526 2540 585 2575 lide
607 2548 636 2575 et
658 2541 895 2577 subventionem
912 2542 1026 2578 Terrae
1049 2542 1182 2577 Sanctae
1195 2543 1392 2583 admonetur,
1412 2544 1480 2577 468
1498 2556 1528 2578 a.
1550 2543 1596 2578 De
1615 2543 1757 2578 Romana

322 2589 464 2626 Ecclesia
492 2591 609 2637 optime
638 2592 779 2631 meritus,
809 2594 877 2626 182
905 2594 932 2627 b.
960 2592 1037 2628 Eius
1065 2604 1194 2639 reguum
1233 2593 1357 2628 nonnisi
1404 2605 1458 2640 per
1491 2592 1608 2628 Sedem
1648 2593 1756 2640 Apos't'.

319 2641 584 2676 excommunicari
613 2649 724 2689 potest,
755 2644 826 2677 185
846 2654 876 2677 α.
