2129 3223
132 268 179 296 Αη.
199 269 228 297 C.
246 269 315 297 {2¹0

140 948 219 968 Abu-u!
231 950 250 969 in
261 954 307 974 pro.

127 984 200 999 viuczis
217 978 305 1000 Galliae.

154 1597 267 1618 Tollenda!

123 1629 205 1649 mundat
222 1629 247 1649 ab
263 1634 306 1654 epr-

122 1660 199 1685 stopie.

378 259 450 293 246

637 323 764 359 LXXV.

326 388 378 421 Ad
402 387 553 432 episcopos
577 387 710 427 Galliae,
740 389 774 421 de
796 389 922 421 vitanda
945 389 1075 422 simonia

375 437 407 470 in
426 437 591 481 receptione
611 437 841 478 monachorum,
877 446 928 472 αιιι
959 440 1076 472 sancti-

374 486 558 520 mom'atium
579 488 635 529 (1).

580 546 796 578 summanum

325 601 444 632 Abusus
466 601 496 631 in
535 600 674 630 rovinciis
697 600 819 631 Galliae.
847 618 885 624 --
916 601 1072 632 Tollendos

363 641 483 671 mandat
504 651 518 671 a
562 641 719 680 episcopis.

322 703 496 733 Innocentius
513 702 656 739 episcopus
676 709 772 731 servus
790 709 931 732 servornm
949 703 1005 737 Dei,
1030 711 1072 733 ve-

366 748 532 777 nerabilibus
550 747 686 776 tratribus
701 747 909 784 archiepiscopis
929 749 958 777 et
970 749 1072 784 episco-

366 793 411 830 pis
427 792 456 822 tn
470 799 553 829 regno
571 793 698 822 Franci-ae
715 792 888 825 constitutis,
906 793 1024 822 salutem
1044 795 1073 823 et

366 838 546 875 apostolicam
563 837 785 866 benedictionem.

371 896 554 932 Multotiens
587 895 791 939 audivimus,
824 904 855 930 et
888 908 903 930 a
941 897 1070 939 multis,

321 946 406 995 quod
429 947 460 981 in
487 945 678 993 quibusdam
715 945 955 986 monachorum,
995 960 1071 982 mo-

323 997 464 1040 nialium,
490 1004 520 1031 et
541 995 674 1030 aliorum
710 994 929 1042 religiosorum
959 1008 1072 1032 mona—

321 1046 424 1082 steriis
452 1057 508 1092 per
542 1053 664 1080 vestras·
694 1044 856 1080 dioeceses
889 1047 1071 1082 constitutis

321 1094 520 1131 consuetudo
542 1093 744 1134 damnabilis,
767 1094 863 1129 immo
889 1093 1070 1141 damnatus,

321 1153 351 1180 et
378 1143 580 1180 damnandus
606 1143 726 1178 abusus
758 1156 858 1191 usque
891 1144 971 1179 adeo
998 1146 1071 1181 ino-

322 1195 406 1239 levit,
434 1202 468 1228 ut
494 1205 573 1241 pene
596 1194 721 1240 penitus
750 1193 834 1228 nulla
862 1205 995 1240 persona
1019 1208 1070 1230 re-

320 1244 456 1292 cipiatur
478 1243 508 1277 in
538 1243 617 1289 ipsis
643 1243 762 1290 absque
789 1242 857 1277 labe
880 1244 1070 1280 simoniacae

322 1293 492 1340 pravitatis.
531 1292 578 1327 Ne
614 1292 710 1339 igitur
746 1291 916 1327 clamorem
955 1295 1070 1330 totiens

321 1345 466 1378 iteratum
484 1341 656 1382 videamur,
677 1341 762 1389 quod
777 1341 870 1381 absit,
890 1343 1069 1379 simulando

321 1393 437 1434 fovere,
459 1391 653 1427 universitati
677 1399 798 1425 vestrae
821 1403 875 1438 per
896 1393 1068 1439 apostolica

321 1443 435 1490 scripta
477 1440 680 1485 mandamus,
719 1449 810 1488 atque
839 1442 1068 1488 praecipimus,

321 1501 478 1539 quatenus
505 1489 602 1525 semel
632 1490 663 1524 in
687 1501 770 1525 anno
794 1490 974 1525 huiusmodi
999 1505 1069 1526 mo-

321 1541 456 1576 nasteria
486 1552 542 1587 per
564 1547 682 1574 vestras
710 1539 873 1574 dioeceses
907 1541 1069 1577 visitantes

321 1591 381 1626 sub
407 1590 615 1626 anathematis
649 1589 904 1624 interminatione
941 1593 1068 1635 vetetis,

322 1653 360 1676 ne
381 1653 444 1688 qua
471 1651 604 1687 persona
633 1638 671 1673 de
698 1646 822 1673 caetero
840 1639 1012 1687 recipiatur
1037 1643 1068 1676 in

320 1691 366 1726 eis
388 1702 444 1737 per
470 1687 652 1724 huiusmodi
677 1688 872 1735 pravitatem,
894 1701 1020 1737 semper
1037 1692 1068 1725 in

322 1740 431 1775 vestris
457 1737 586 1787 synodis
611 1737 840 1773 denunciantes
863 1738 923 1773 hoc
951 1741 1068 1786 ipsum,

319 1798 349 1824 et
371 1789 453 1825 circa
479 1800 546 1832 eas,
567 1799 645 1835 quas
667 1787 712 1822 sic
730 1795 872 1834 receptas
893 1788 1069 1828 invenietis,

320 1839 504 1874 auctoritate
529 1837 714 1885 apostolica,
736 1837 861 1872 sublato
879 1840 1069 1885 appellatio—

320 1888 370 1924 nis
394 1886 573 1930 obstaculo,
612 1887 773 1930 statuatis,
801 1888 886 1934 quod
916 1890 1006 1923 saluti
1040 1897 1069 1924 et

322 1938 478 1974 honestati
500 1936 639 1971 videritis
662 1936 821 1983 expedire.

369 1987 485 2023 Datum
520 1986 666 2021 Lateran.
695 1986 933 2033 decimoquinto
962 1987 1069 2021 kalen-

320 2038 377 2073 das
399 2037 491 2077 maii,
517 2035 718 2084 pontificatus
741 2037 838 2070 nostri
873 2049 955 2071 anno
983 2036 1069 2071 deci-

322 2087 477 2122 motertio.

341 2145 401 2175 Dat.
424 2144 470 2175 die
490 2143 524 2173 17
547 2142 650 2182 aprilis
674 2142 760 2179 1210,
777 2142 877 2182 pontis.
897 2152 973 2172 anno
989 2153 1047 2173 xut.

626 2256 764 2291 LXXVl.

322 2318 429 2362 Refert
450 2318 665 2361 confessionem
690 2318 760 2361 fidet
795 2317 1004 2350 Waldensium
1030 2317 1093 2360 αιὶι

371 2369 460 2412 fidem
481 2377 681 2405 reversorum,
703 2374 729 2399 ee
746 2378 851 2399 eorum
867 2369 1069 2410 propositum„
1090 2362 1093 2432 Ι

371 2429 422 2450 seu
441 2419 522 2450 vitae
547 2416 685 2461 regulam
710 2417 870 2461 confirmat
898 2416 958 2458 (2).
1090 2435 1094 2493 ἱ

590 2480 804 2512 SUMMARHJM
1091 2497 1094 2501 ·

324 2534 488 2572 Exordium.
510 2550 549 2557 -—-
568 2533 696 2564 [iurandi
716 2537 751 2563 dc
769 2531 841 2563 Osca
866 2536 1071 2563 iuramentum.
1091 2530 1094 2578 ξ

362 2590 401 2597 —
422 2574 572 2611 Eiusdem,
594 2578 621 2603 et
649 2573 799 2603 Guillelrni
822 2574 857 2602 de
876 2572 903 2602 S.
928 2574 1073 2603 Antonino
1091 2582 1094 2618 Ξ

359 2630 399 2664 (1)
412 2630 500 2657 Edidit
518 2631 648 2663 Matiene,
664 2630 792 2657 Thesaur.
817 2630 958 2661 Anecdot.,
972 2634 1035 2658 tom.
1054 2638 1073 2663 1,
1091 2628 1095 2658 Ξ

324 2666 374 2693 col.
393 2666 452 2692 817.
493 2669 532 2700 (l)
552 2666 590 2692 Ex
608 2666 708 2698 Belua,
729 2666 772 2692 lib.
791 2673 851 2696 xm,
872 2665 954 2700 Epist.
977 2667 1019 2692 73.
1091 2661 1096 2695 ξ

922 270 1107 294 nutantum
1131 270 1291 293 ROMANUM

1157 324 1224 353 fidei
1243 324 1397 362 professio.
1421 340 1460 346 —
1482 323 1610 361 Regulas
1628 323 1800 354 eorumdem
1817 331 1862 353 re·

1157 363 1211 393 sert
1232 367 1261 393 et
1281 364 1443 394 confirmat.
1465 380 1504 387 -
1530 363 1586 393 Eos
1605 362 1789 394 reconciliari
1810 361 1863 393 Ec-

1155 404 1265 433 clesiae
1287 404 1405 434 mandat
1422 413 1473 444 per
1494 404 1658 444 episcopos.

1115 470 1286 499 innocentius
1304 471 1445 507 episcopus
1464 477 1561 499 servus
1583 476 1724 500 servorum
1741 469 1798 503 Boi,
1815 477 1862 499 ar-

1158 515 1326 552 chiepiscopo
1345 517 1376 545 et
1391 515 1572 551 suffraganeis
1593 515 1800 545 Tarraconensis
1815 515 1860 544 Bc·

1158 561 1266 589 clasiae.

1162 624 1243 659 Cum
1288 624 1514 660 inaestimabile
1531 623 1671 672 precium
1687 624 1859 671 Sanguinis

1113 674 1182 709 lesu
1213 673 1329 710 Christi
1364 683 1526 709 teneamur
1552 674 1583 708 in
1611 673 1776 709 animabus
1804 686 1859 709 re-

1112 723 1250 770 demptis
1283 736 1320 758 ex
1356 724 1496 758 iniuncto
1535 723 1627 759 nobis
1666 723 1859 771 apostolatus

1112 773 1215 808 officio
1252 773 1430 813 custodire:
1471 785 1533 807 non
1567 774 1670 808 solum
1707 773 1859 808 veraciter

1112 823 1348 870 poenitentibus
1384 823 1554 858 clementer
1585 822 1767 869 impendere
1804 835 1858 857 ve-

1112 873 1196 907 niam
1223 884 1281 907 nos
1302 880 1436 919 oportet,
1463 884 1571 907 verum
1598 873 1690 907 etiam
1717 871 1859 920 pertina-

1111 923 1188 957 citer
1210 922 1432 969 delinquentes
1456 922 1607 956 instanter
1631 921 1669 957 ad
1692 922 1858 970 poeniten-

1111 973 1184 1005 tiam
1214 983 1399 1019 provocare:
1434 983 1472 1006 ne
1495 972 1520 1006 si
1548 972 1594 1006 vel
1622 971 1672 1007 his
1697 972 1856 1018 paternam

1111 1021 1383 1062 consuetudinem,
1422 1021 1471 1055 vel
1511 1020 1572 1056 illis
1610 1021 1856 1057 sollicitudinem

1110 1070 1361 1106 subtraxerimus
1393 1070 1598 1118 pastoralem;
1625 1078 1669 1106 tot
1694 1071 1875 1120 videamur·

1109 1120 1251 1155 eiusdem
1292 1121 1382 1167 pretii
1418 1120 1628 1166 redemptioni
1655 1120 1855 1160 subtrahere.

1110 1178 1187 1217 quot
1214 1170 1246 1204 in
1274 1169 1444 1205 salvatione
1467 1170 1578 1216 ipsius,
1607 1179 1711 1205 nostra
1733 1171 1857 1218 potuis-

1109 1231 1217 1254 semus
1241 1220 1399 1266 vigilantia
1426 1231 1622 1255 conservare.
1657 1219 1858 1267 Quapropter

1111 1270 1271 1304 venientes
1293 1269 1414 1304 dudum
1441 1269 1480 1304 ad
1502 1268 1717 1316 Apostolicam
1739 1269 1856 1304 Sedem

1109 1319 1241 1354 dilectos
1279 1318 1359 1353 filios
1396 1318 1582 1353 Durandum
1618 1319 1657 1354 de
1694 1318 1790 1362 Osca,
1826 1324 1876 1367 ‹th>

1109 1367 1313 1403 Guillelmum
1336 1368 1375 1403 de
1409 1367 1443 1403 S.
1472 1368 1650 1409 Antonino,
1685 1377 1716 1403 et
1742 1368 1875 1417 lohans

1110 1431 1181 1453 nem
1203 1418 1241 1452 de
1267 1418 1426 1462 Narbona,
1462 1426 1493 1452 et
1523 1418 1794 1464 Ermengaudum,
1829 1429 1857 1453 et

1110 1467 1306 1502 Bernardum
1329 1467 1484 1502 Biterren.
1513 1464 1788 1514 etRaymundum
1819 1468 1858 1503 de

1110 1516 1142 1551 S.
1166 1516 1276 1557 Paulo,
1304 1525 1333 1551 et
1359 1516 1526 1557 Ebrinum,
1553 1529 1589 1551 ac
1611 1517 1714 1552 socios
1735 1529 1857 1561 eorum,

1111 1576 1236 1613 paterna
1254 1567 1445 1613 benignitate
1459 1567 1668 1612 suscepimus,
1683 1574 1714 1601 et
1728 1579 1763 1602 ea
1778 1580 1858 1614 quae
1875 1563 1879 1566 ⁴

1110 1615 1201 1650 nobis
1234 1625 1295 1650 tam
1325 1628 1381 1663 pro
1416 1627 1468 1659 se,
1495 1628 1588 1663 quam
1618 1628 1673 1663 pro
1709 1616 1857 1652 fratribus

1109 1667 1174 1700 suis
1200 1677 1359 1712 exponere
1387 1674 1590 1710 curaverunt,
1620 1666 1713 1712 pleno
1740 1679 1856 1701 couce-

1110 1717 1215 1762 pimus
1238 1715 1406 1749 intellectu.
1435 1714 1482 1748 Ex
1505 1714 1553 1748 his
1571 1727 1645 1761 ergo
1666 1727 1747 1762 quae
1767 1716 1857 1751 nobis

1109 1765 1147 1799 de
1170 1765 1308 1799 articulis
1333 1763 1435 1802 Fidei,
1457 1773 1486 1798 et
1518 1765 1722 1800 sacramentis
1750 1765 1857 1800 Eccle-

1109 1815 1173 1849 siae
1194 1815 1358 1860 diligenter
1372 1814 1538 1848 examinati
1561 1816 1719 1855 dixerunt,
1746 1827 1857 1862 cogno-

1111 1866 1211 1898 ximus
1238 1877 1293 1898 eos
1311 1863 1423 1898 Fidem
1446 1875 1557 1910 sapere
1581 1864 1801 1906 orthodoxam,
1828 1874 1859 1900 et

1109 1914 1294 1948 catholicam
1323 1925 1461 1947 astruere
1483 1913 1654 1949 veritatem.
1683 1915 1731 1949 Ad
1761 1915 1860 1950 maio-

1111 1975 1174 1997 rem
1195 1971 1298 1998 tamen
1314 1963 1562 2009 expressionem,
1584 1964 1738 2011 appositis
1751 1964 1858 1999 Evan-

1109 2013 1219 2058 geliis,
1261 2020 1290 2047 et
1333 2014 1451 2058 scripto
1495 2012 1703 2049 confessionis
1748 2026 1858 2050 eorum

1111 2063 1259 2108 imposito
1292 2074 1388 2108 super
1418 2062 1486 2097 illa.
1530 2063 1707 2110 recepimus
1735 2063 1776 2099 ab
1812 2064 1858 2099 eis

1111 2111 1292 2145 huiusmodi
1316 2113 1537 2146 iuramentum.
1562 2112 1639 2159 Ego,
1666 2113 1781 2160 inquit,
1797 2108 1976 2148 Dolo-nna.
2028 2127 2054 2147 ea

1892 2164 1926 2177 <fd
1948 2159 1977 2178 iur
1995 2162 2055 2178 :nen—

1111 2161 1228 2195 randus
1260 2161 1299 2195 de
1327 2162 1407 2196 Osca
1448 2161 1528 2195 inter
1555 2174 1665 2197 manus
1690 2172 1760 2198 tuas
1781 2175 1858 2198 con-

1111 2219 1263 2249 secratas,
1286 2223 1410 2246 summe
1443 2209 1585 2246 Pontifex
1607 2213 1733 2247 domine
1762 2212 1857 2247 Inno-

1111 2261 1216 2299 centi,
1245 2259 1346 2294 Deum
1375 2261 1487 2295 invoco
1524 2271 1634 2295 testem
1664 2263 1694 2296 in
1722 2262 1856 2306 animam

1113 2321 1225 2353 meam,
1252 2311 1337 2355 quod
1372 2311 1411 2345 ita
1447 2311 1632 2357 simpliciter
1657 2320 1687 2346 et
1709 2312 1852 2347 veraciter

1111 2358 1221 2398 credo,
1248 2360 1330 2394 sicut
1365 2362 1394 2393 in
1423 2362 1481 2394 hoc
1520 2362 1639 2406 scripto
1672 2371 1728 2407 per
1752 2364 1856 2396 omnia

1111 2417 1302 2449 continetur,
1329 2418 1359 2443 et
1384 2417 1579 2444 ‘contrarium
1607 2420 1766 2456 nunquam
1789 2423 1858 2446 cre-

1112 2458 1202 2502 dam,
1241 2459 1296 2492 sed
1332 2462 1523 2494 contrarium
1564 2459 1764 2494 credentibus
1802 2473 1858 2508 pro

1114 2518 1204 2552 posse
1228 2509 1380 2542 resistam.
1417 2508 1488 2543 Tibi
1516 2521 1587 2543 vero
1609 2518 1756 2555 tanquam
1779 2509 1872 2545 beati'

1113 2556 1196 2590 Petri
1219 2562 1349 2604 apostoii
1373 2560 1557 2598 successori,
1589 2567 1617 2592 et
1640 2558 1871 2608 archiepisco-1

1114 2608 1161 2650 pis
1195 2613 1225 2641 et
1259 2609 1428 2654 episcopis,
1466 2608 1597 2654 aliisque
1637 2609 1791 2654 praelatis,
1827 2610 1857 2643 in

1113 2667 1247 2701 quorum
1275 2656 1474 2692 dioecesibus
1503 2657 1547 2691 rel
1571 2657 1742 2704 parrochiis
1769 2659 1870 2694 com‘-'

1876 267 1928 295 An.
1946 266 1974 294 C.
1989 266 2058 296 12¹0

1905 636 2025 657 Eiorrtium.
