2129 3223
47 233 95 260 Αη.
113 233 142 260 C.
159 233 226 260 ¹220

54 1525 147 1548 Castrum
160 1523 222 1545 Prae-

41 1559 109 1578 tense.

58 2023 204 2048 nadicotauum

43 2059 63 2078 0¹
109 2057 222 2084 Aquapen—

36 2087 100 2109 >tiens¹

57 2419 174 2444 fridericus
190 2427 223 2449 ep.

44 2449 132 2474 Ιειοηςί
141 2453 214 2474 manda
217 2456 225 2472 ι

45 2485 162 2505 comitatum
170 2491 222 2506 com

45 2512 182 2536 BnthitnisPa
174 2522 210 2543 ipa
200 2520 224 2536 ae

45 2545 144 2572 resignet.

859 231 1022 256 flONORmS
1045 232 1080 254 nl
1103 232 1150 254 PP-

239 300 334 336 super
367 289 479 323 ducatu
506 287 544 322 ad
577 299 688 322 manus
715 286 876 322 Ecclesiae
908 286 983 322 reti-

240 338 360 383 nendo,
394 336 477 385 quod
504 344 535 371 et
561 348 633 371 cum
662 336 819 384 praedicto
849 336 983 371 subdia-

239 399 318 423 cono
340 393 545 422 tractaverant
570 385 753 433 diligenter,
777 386 900 420 tandem
922 386 983 421 Pe-

239 436 351 476 rusini.
374 436 584 481 Assisinates,
608 434 802 482 Fulginates,
832 436 981 471 Nucerini

238 493 269 521 et
299 485 550 521 Interamnenses
585 485 671 520 iuxta
710 484 890 520 mandatum
923 497 983 520 ιιο-Ι

238 542 321 571 stum
343 535 550 575 munitiones,
572 542 671 570 castra
697 542 727 570 et
750 534 874 581 regalia,
902 535 984 570 sicut

237 597 271 620 ea
299 597 435 641 unquam
458 584 569 620 habuit
591 584 697 631 aliquo
720 591 860 631 tempore
883 584 983 620 clarae

238 635 407 670 memoriae
436 634 498 670 dux
519 634 696 675 Conradus,
720 633 751 668 in
780 634 894 669 nostris
916 646 984 669 ma-

237 684 332 719 nibus
358 684 456 720 libere
482 684 698 730 resignarunt,
732 690 763 718 et
789 683 861 718 licet
893 683 984 731 Spo-

238 734 330 768 letani
349 746 445 781 snper
460 734 508 777 iis,
530 745 610 780 quae
629 733 667 768 de
685 733 819 768 ducatus
837 734 983 768 demanio

237 783 432 821 detinebant,
449 782 648 818 exhibuerint
667 795 700 818 se
721 782 876 827 difficiles,
898 795 984 818 asse-

237 840 343 868 rentes
364 832 446 880 quod
469 833 495 868 si
519 832 697 880 praedictus
723 832 786 867 dux
809 845 843 867 ea
872 844 983 879 posse-

237 883 293 922 dit,
315 882 484 931 aliquando
506 894 667 930 possessor
689 882 789 917 fuerat
815 882 983 923 violentus,

237 931 364 967 tandem
399 939 502 967 tamen
532 944 627 979 super
662 932 700 966 iis
727 931 841 967 nostris
868 944 984 979 parue-

237 989 310 1016 runt
332 980 538 1028 beneplacitis
559 989 589 1016 et
611 981 779 1020 mandatis,
803 990 833 1016 et
855 982 899 1016 sic
919 989 984 1016 toto

236 1030 351 1066 ducatu
385 1031 423 1066 ad
448 1043 561 1066 manus
587 1030 679 1066 Sedis
705 1030 905 1078 Apostolicae
931 1043 982 1066 re-

236 1091 364 1126 vocato,
387 1088 448 1115 tam
483 1080 630 1121 ducatui,
674 1093 767 1128 quam
802 1080 912 1115 Assisii
953 1089 983 1115 et

236 1129 377 1166 Nucerae
403 1129 603 1165 comitatibus
624 1129 774 1165 dilectum
799 1130 897 1165 filium
925 1142 983 1165 no-

236 1186 334 1215 strum
356 1179 550 1228 Raynerium
573 1179 706 1214 Sanctae
723 1179 839 1214 Mariae
862 1179 893 1213 in
909 1179 982 1214 Cos-

236 1228 342 1265 medin
364 1229 531 1265 diaconum
558 1228 748 1264 cardinalem
773 1228 983 1276 praefecimus

237 1280 268 1313 in
295 1286 461 1322 rectorem,
483 1278 536 1326 qui
570 1279 676 1313 omnia
708 1278 840 1325 quaein
874 1278 914 1312 iis
944 1279 981 1313 ad

236 1328 410 1363 Romanam
443 1328 618 1363 Ecclesiam
652 1329 809 1375 pertinent
836 1327 982 1363 obtinens

238 1377 368 1425 pacifice
393 1389 429 1412 ac
450 1377 574 1425 quiete,
602 1385 712 1412 cuncta
742 1389 798 1424 pro
825 1377 982 1412 voluntate

236 1439 291 1462 sua
313 1427 482 1474 disposuit,
505 1433 535 1462 et
562 1426 746 1461 iuramentis
768 1426 926 1462 fidelitatis
944 1426 983 1462 ab

238 1475 418 1512 hominibus
452 1476 584 1511 ducatus
610 1482 641 1510 et
674 1476 878 1511 comitatuum
914 1476 983 1510 sine

236 1525 418 1561 difficultate
432 1525 579 1573 receptis.
598 1525 647 1560 Ad
664 1525 741 1561 haec
762 1538 833 1561 cum
854 1525 982 1573 quidam

235 1575 453 1612 Theutonicus
479 1575 693 1611 maresciallus
719 1584 856 1611 castrum
878 1575 983 1610 Prae-

236 1634 301 1661 ten.
327 1624 513 1661 detinuisset
538 1624 656 1660 diutius
684 1632 892 1672 occupatum,
926 1637 983 1660 nos

236 1674 341 1711 missis
362 1674 438 1709 illuc
456 1674 582 1710 nunciis
602 1674 728 1719 nostris,
750 1682 854 1710 amoto
870 1674 983 1709 exinde

236 1724 429 1760 maresciallo
455 1724 624 1771 praedicto,
646 1724 902 1770 recuperavimus
930 1736 983 1759 ca-

235 1781 334 1809 strum
358 1774 464 1822 ipsum
487 1773 641 1809 universis
667 1773 894 1808 habitatoribus
915 1774 983 1809 eius

237 1823 351 1859 dilecto
376 1823 442 1858 filio
473 1822 497 1858 S
501 1849 557 1858 .....
589 1823 762 1858 camerario
797 1831 905 1858 nostro
944 1823 981 1858 ad

237 1873 297 1908 boc
317 1885 335 1908 a
357 1879 465 1908 nostro
497 1872 593 1907 latere
620 1871 793 1914 destinato,
815 1880 845 1907 et
875 1873 914 1908 ab
935 1873 982 1908 eis

237 1922 409 1958 honorifice
436 1930 466 1956 et
492 1921 602 1957 devote
628 1930 754 1968 recepto
782 1922 907 1958 nomine
929 1935 984 1958 no-

236 1979 300 2007 stro
338 1971 496 2007 fidelitatis
536 1971 758 2006 exhibentibus
796 1972 979 2008 iuramema.

236 2021 328 2057 Unde
348 2033 407 2057 nos
427 2028 490 2055 tam
513 2020 594 2056 idem
621 2028 773 2063 castrum,
800 2034 893 2069 quam
916 2023 981 2057 Ra—

237 2071 415 2107 dicofanum
438 2069 760 2117 etAquapendentem
784 2071 898 2107 dilecto
917 2072 981 2107 filio

238 2121 363 2157 Muscae
389 2120 533 2168 potestati
558 2120 732 2156 Viterbien.
760 2121 843 2156 fideli
874 2129 980 2157 nostro

237 2171 472 2211 commisimus,
511 2170 659 2216 quamdiu
695 2170 785 2205 nobis
829 2171 981 2218 placuerit

236 2220 450 2267 gubernanda.
480 2219 643 2254 Praeterea
676 2231 746 2254 cum
777 2220 980 2257 charissimus

238 2271 268 2304 in
291 2268 418 2305 Christo
440 2269 522 2304 fitius
544 2277 649 2304 noster
670 2268 730 2303 F.
737 2268 978 2306 .R0manorum

238 2319 407 2367 imperator
432 2325 508 2354 tunc
540 2330 594 2353 rex
621 2319 749 2353 veniens
774 2329 979 2367 suscepturus

238 2368 278 2404 de
298 2368 445 2404 manibus
466 2368 580 2404 nostris
607 2368 730 2415 imperii
753 2367 908 2411 diadema,
932 2383 980 2406 ve-

239 2417 407 2454 nerabilem
431 2418 554 2453 fratrem
572 2426 714 2453 nostrum
729 2417 901 2453 Metensem
916 2420 979 2467 epi-

238 2479 367 2515 scopum
389 2468 560 2515 imperialis
585 2467 673 2502 aulae
700 2467 919 2503 cancellarium
946 2469 977 2504 in

240 2516 356 2552 ltaliam
388 2517 620 2565 praemisisset,
656 2517 799 2551 misimus
833 2517 870 2552 ad
904 2530 977 2553 eum

238 2566 386 2603 dilectum
409 2566 510 2602 filium
528 2566 724 2615 Raynaldum
746 2566 885 2602 Munaldi
908 2568 979 2603 sub-

238 2615 402 2651 diaconum
425 2625 453 2652 et
476 2616 695 2665 cappellanum
720 2624 872 2659 nostrum,
896 2624 929 2652 ut
950 2617 977 2653 ei

1651 223 1720 255 3⁷5

1026 286 1090 321 vice
1126 294 1230 321 nostra
1265 287 1444 322 comitatum
1482 286 1659 323 comitissae
1702 287 1770 323 Ma-

1025 336 1130 371 thildis
1153 336 1248 371 libere
1268 336 1450 384 resignaret,
1475 337 1555 371 sicut
1577 349 1592 371 a
1612 349 1685 384 rege
1700 337 1770 385 ipso

1026 386 1122 420 fuerat
1144 386 1203 420 sibi
1240 386 1373 421 iussum.
1396 386 1433 420 Et
1467 386 1538 421 licet
1565 386 1770 422 cancellarius

1026 436 1091 482 ipsc
1107 436 1291 482 petitionem
1307 435 1449 470 eiusdem
1469 435 1653 472 subdiaconi
1670 448 1770 485 usque

1025 485 1062 520 ad
1085 485 1252 520 adventum
1276 485 1359 532 regis
1380 485 1461 520 circa
1484 493 1586 533 partes
1607 486 1770 522 Bononiae

1026 534 1199 570 distulisset
1227 537 1290 579 (1);
1318 534 1441 569 tandem
1473 542 1575 570 tamen
1604 535 1686 571 idem
1714 548 1769 571 rex

1026 591 1086 618 tam
1115 584 1153 620 de
1174 592 1275 619 castro
1303 583 1486 631 Gonzagae,
1513 597 1607 631 quam
1638 585 1676 620 de
1702 585 1770 621 aliis

1025 635 1146 675 castris,
1174 634 1292 669 scilicet
1314 633 1520 681 Pepugnano,
1542 633 1696 670 Bondeno
1718 646 1771 671 ve-

1026 684 1081 717 teri
1116 693 1145 718 et
1171 683 1324 718 Bondeno
1352 695 1450 727 novo,
1482 695 1604 719 necnon
1632 683 1672 719 de
1706 691 1770 719 toto

1025 732 1172 768 comitatu
1199 740 1229 768 et
1253 733 1384 780 podere,
1411 745 1447 768 ac
1473 733 1565 768 terris
1591 733 1770 769 comitissae

1025 782 1211 829 praedictae,
1227 783 1409 829 magistrum
1438 781 1613 818 Alatrinum
1635 783 1772 818 subdia-

1025 844 1139 866 conum
1163 840 1193 867 et
1215 832 1433 879 cappellanum
1457 840 1612 877 nostrum,
1634 833 1688 880 qui
1706 841 1771 868 erat

1026 893 1096 915 cum
1110 890 1202 926 eo,et
1223 882 1369 917 eumdem
1391 881 1587 929 Raynaldum
1610 882 1771 918 Ecclesiae

1026 930 1186 966 Romanae
1208 932 1337 966 nomine
1365 931 1539 973 investivit,
1561 940 1591 967 et
1612 944 1667 967 eos
1693 944 1770 968 con-

1025 981 1127 1015 stituit
1162 993 1376 1027 possessores;
1417 980 1570 1016 mandans
1600 982 1685 1029 ipsos
1716 994 1772 1030 per

1026 1030 1234 1065 venerabilem
1262 1030 1386 1065 fratrem
1411 1038 1552 1066 nostrum
1584 1031 1770 1079 episcopum

1024 1080 1249 1114 Taurinensem
1272 1080 1421 1115 vicarium
1444 1093 1536 1115 suum
1559 1080 1590 1115 in
1623 1092 1773 1137 corpora-

1025 1128 1085 1164 lem
1114 1130 1344 1177 possessionem
1369 1129 1490 1175 induci,
1519 1137 1550 1166 et
1573 1131 1771 1178 praecipiens

1025 1188 1086 1213 tam
1122 1179 1271 1213 omnibus
1306 1178 1456 1214 militibus
1486 1186 1517 1214 et
1542 1179 1771 1216 habitatoribus

1024 1236 1197 1263 castrorum
1226 1228 1381 1275 ipsorum,
1409 1241 1502 1275 quam
1529 1228 1600 1264 aliis
1633 1228 1771 1265 vassallis

1024 1277 1062 1312 de
1089 1278 1156 1324 ipso
1184 1279 1348 1317 comitatu,
1376 1289 1430 1313 seu
1459 1278 1550 1313 terris
1575 1286 1606 1313 et
1633 1278 1771 1326 poderis,

1026 1334 1058 1361 ut
1079 1339 1189 1361 omnes
1215 1327 1254 1361 ab
1276 1327 1360 1361 omni
1395 1327 1586 1383 iuramento,
1615 1341 1680 1376 quo
1710 1329 1770 1377 ipsi

1025 1376 1211 1411 tenebantur
1232 1376 1352 1412 ratione
1374 1384 1526 1412 terrarum
1548 1377 1699 1425 ipsarum,
1720 1390 1771 1426 pe-

1024 1426 1108 1460 nitus
1144 1425 1295 1471 absoluti,
1330 1426 1449 1462 eisdem
1475 1426 1689 1474 cappellanis,
1721 1427 1770 1463 vel

1024 1487 1131 1510 eorum
1147 1475 1248 1520 alteri,
1271 1488 1326 1511 seu
1349 1476 1477 1512 cuilibet
1498 1477 1548 1511 alii
1571 1476 1610 1512 ab
1629 1477 1770 1513 Ecclesia

1024 1525 1167 1560 Romana
1190 1525 1286 1561 misso
1309 1525 1467 1561 fidelitatis
1489 1526 1662 1562 iuramenta
1681 1539 1771 1575 prae-

1024 1581 1152 1616 starent,
1185 1582 1216 1609 et
1236 1575 1416 1610 abiurarent
1450 1576 1510 1611 alia
1545 1576 1582 1611 iis
1614 1578 1770 1612 contraria

1025 1624 1214 1659 iuramenta:
1237 1625 1321 1672 quod
1344 1625 1368 1659 si
1394 1637 1455 1660 non
1478 1625 1628 1667 facerent,
1654 1626 1770 1662 scirent

1024 1685 1057 1707 se
1095 1685 1132 1708 ex
1167 1681 1241 1709 tunc
1275 1674 1422 1709 omnibus
1454 1675 1545 1710 bonis
1579 1675 1769 1715 comitatus

1023 1723 1088 1757 sive
1111 1722 1251 1770 poderis,
1273 1736 1329 1759 seu
1352 1732 1505 1759 terrarum
1527 1724 1597 1759 ab
1590 1725 1668 1773 ipsis
1695 1737 1770 1773 pos-

1024 1772 1118 1806 sessis
1140 1773 1224 1819 regia
1245 1774 1413 1813 sententia,
1437 1781 1590 1822 perpetuo
1610 1787 1680 1811 esse
1702 1776 1770 1823 pri-

1025 1830 1120 1856 v.atos
1138 1822 1301 1858 Praeterea
1322 1823 1456 1858 iniunxit
1474 1824 1615 1869 firmiter,
1640 1832 1770 1860 etman-

1023 1870 1106 1906 davit
1134 1873 1353 1919 potestatibus,
1379 1873 1563 1909 consulibus
1588 1881 1619 1909 et
1639 1875 1769 1910 rectori-

1024 1920 1082 1956 bus
1099 1921 1259 1957 civitatum
1282 1923 1341 1958 sub
1359 1935 1459 1978 poena
1480 1923 1564 1959 mille
1580 1935 1767 1965 marcarum

1024 1979 1057 2004 ut
1083 1984 1192 2007 omnes
1231 1974 1448 2029 possessiones
1479 1974 1646 2009 comitatus
1678 1986 1768 2022 prae·

1023 2020 1095 2056 dicti
1129 2021 1270 2057 detentas
1304 2022 1342 2057 ab
1375 2022 1451 2070 ipsis
1485 2023 1552 2059 sine
1586 2023 1767 2060 difficultate

1022 2082 1058 2105 ac
1093 2083 1177 2107 mora
1204 2071 1344 2119 qualibet
1379 2073 1580 2108 restituerent
1605 2080 1636 2108 et
1661 2073 1767 2109 absol-

1023 2129 1129 2155 verent
1150 2133 1260 2156 omnes
1286 2121 1324 2156 dc
1347 2122 1493 2157 comitatu
1516 2130 1546 2157 et
1568 2123 1658 2158 terris
1681 2136 1766 2170 prae—

1022 2169 1114 2204 dictis
1152 2170 1190 2205 ab
1222 2171 1306 2206 omni
1342 2171 1534 2217 iuramento,
1560 2172 1703 2208 districtu
1737 2181 1763 2207 et

1021 2219 1286 2266 obligationibus,
1321 2220 1436 2267 quibus
1476 2222 1593 2256 ratione
1636 2221 1766 2257 alicuius

1020 2268 1257 2314 iurisdictionis,
1276 2282 1369 2316 quain
1389 2283 1419 2305 in
1442 2271 1488 2305 eis
1506 2271 1658 2306 hactenus
1673 2283 1762 2307 exer-

1020 2326 1160 2358 cuerant,
1192 2327 1374 2354 tenerentur
1405 2320 1543 2361 eisdem,
1570 2328 1601 2355 et
1622 2332 1763 2356 remove-

1021 2380 1089 2407 rent
1117 2373 1262 2408 consules
1294 2381 1324 2408 et
1355 2383 1501 2415 rectores,
1523 2374 1655 2420 baiulos,
1681 2382 1712 2410 et
1738 2378 1762 2411 si

1019 2439 1098 2473 quos
1132 2426 1279 2461 officiales
1306 2427 1382 2474 ipsis
1416 2428 1626 2474 praefecerant
1651 2437 1683 2465 et
1708 2442 1764 2465 ex-

1020 2480 1173 2516 traherent
1197 2493 1413 2528 quoscumque
1432 2489 1599 2529 posuerant
1615 2482 1655 2519 de
1673 2484 1764 2529 terris

1054 2550 1093 2586 (1)
1110 2552 1147 2577 De
1164 2552 1273 2578 aletensi
1288 2553 1412 2587 episcopo
1428 2553 1510 2581 variis
1530 2553 1763 2589 pollicitationibus

1019 2590 1239 2626 dilationibusque
1250 2599 1305 2618 rem
1316 2592 1439 2619 illudente
1451 2593 1510 2620 vide
1521 2601 1590 2629 quae
1601 2598 1675 2622 notat
1691 2596 1762 2631 Ray-

1019 2630 1111 2657 naldus
1127 2630 1176 2658 hoc
1192 2638 1270 2663 anno,
1286 2631 1302 2666 S
1321 2632 1360 2657 17.

1784 230 1836 258 An.
1853 228 1965 258 (2.1Ἀο

1796 1039 1886 1062 Peracta
1894 1040 1967 1063 buius·

1783 1072 1838 1093 modi
1851 1073 1964 1095 restitutio.
