2129 3223
40 271 90 299 Au.
108 271 136 298 C.
155 272 220 298 ¹267

65 1406 183 1428 Exordium.

48 2191 183 2214 onummitus
194 2191 226 2213 of-

42 2223 82 2244 fleti
93 2226 155 2244 antea
162 2224 183 2244 in
192 2228 226 2244 οι·-

870 271 1014 294 CLEMENS
1036 270 1067 292 tv
1090 270 1138 292 1¹1².

284 326 367 363 Nulli
390 340 464 375 ergo
486 328 617 363 omnino
640 327 803 362 hominum
825 335 879 362 etc.

284 375 399 413 Datum
432 377 582 422 viterbii,
609 385 719 425 quarto
751 389 849 413 nonas
885 377 977 416 iunii,

235 425 433 473 pontificatus
459 427 555 463 nostri
582 439 665 462 anno
687 427 787 462 tertio.

293 489 354 521 nat.
369 491 416 522 die
431 491 449 520 2
466 491 539 521 iunii
559 489 643 525 1257,
666 490 767 530 pontif.
787 499 862 520 anno
879 499 918 519 ιιι,

544 650 659 686 XXIII.

235 734 327 774 Quod
353 734 386 767 in
409 740 470 767 toto
501 734 607 766 ordine
632 733 765 777 fratrum
803 732 977 766 Praedica-

280 790 380 817 torum
401 783 540 816 divinum
566 782 703 827 officium
723 783 832 826 ubique
854 781 978 825 unifor-

278 833 376 871 miter,
395 838 488 877 prout
516 831 693 865 ordinatum
723 831 835 876 suerat,
871 831 977 864 recite-

279 888 329 916 tur
354 882 408 925 (1).

500 957 711 988 SUMMARIUM

229 1024 395 1055 Exordium.
413 1041 451 1047 —
469 1023 658 1054 Uniformitas
677 1024 764 1054 officii
784 1029 866 1053 antea
884 1025 911 1053 in
930 1033 976 1053 or-

268 1069 335 1100 dine
363 1079 421 1099 non
444 1068 623 1099 servabatur.
649 1085 689 1090 —
720 1068 740 1097 A
771 1067 815 1097 Fr.
837 1067 975 1098 Umberto

269 1114 304 1144 ad
320 1123 383 1144 eam
401 1113 562 1143 redactum.
577 1129 616 1135 —
632 1112 778 1142 Firmatur
800 1122 813 1141 a
837 1112 922 1151 Papa.

228 1187 348 1216 clemens
371 1188 512 1224 episcopus
530 1193 625 1215 servus
642 1193 782 1216 sorvorum
798 1186 852 1219 Dei.
868 1186 976 1215 dilectis

272 1236 337 1266 filiis
356 1237 501 1272 magistro,
522 1238 551 1265 et
569 1235 706 1265 fratribus
717 1235 820 1265 ordinis
838 1236 977 1264 Praedica-

271 1287 373 1319 torum.
385 1286 502 1315 satutem
520 1287 548 1314 et
562 1284 741 1321 apostoticam
755 1284 975 1313 benedictionem.

278 1357 449 1403 Consurgit
476 1358 506 1391 in
534 1357 627 1392 nobis
661 1356 835 1403 spiritualis
868 1356 976 1391 multi-

230 1407 306 1442 tudo
323 1407 469 1445 laetitiae,
485 1406 612 1454 quando
635 1417 784 1453 personas
801 1405 905 1440 dehita
927 1405 976 1440 di—

231 1457 303 1491 vino
337 1457 432 1492 cultui
465 1455 615 1503 qualitate
642 1455 789 1489 virtutum
818 1454 976 1490 cernimus

229 1505 381 1541 foederari
409 1513 441 1540 et
471 1505 531 1540 hoc
559 1506 590 1539 in
627 1504 707 1539 votis
734 1503 848 1539 habere
874 1504 975 1551 potis-

229 1555 362 1600 simum⁷
394 1563 427 1590 ut
457 1554 494 1590 ad
517 1554 614 1589 divini
648 1553 798 1588 honorem
827 1554 976 1592 nominis,

230 1604 261 1639 in
276 1604 323 1640 eis
343 1605 385 1639 ita
407 1605 509 1652 vigeat
529 1611 655 1638 sanctae
677 1602 815 1638 studium
834 1603 975 1644 unitatis,

230 1653 312 1701 qnod
335 1661 434 1689 status
459 1666 566 1689 earum
588 1653 628 1687 sit
651 1653 738 1687 firma
763 1664 838 1699 pace
864 1664 899 1687 ac
926 1652 978 1686 de-

230 1703 354 1738 votione
375 1703 539 1751 tranquilla
568 1702 738 1749 praeditus,
757 1710 787 1736 et
807 1713 901 1748 super
923 1702 976 1741 iis,

231 1764 312 1800 quae
329 1752 480 1799 regularis
507 1752 639 1799 requirit
660 1751 825 1790 honestas,
853 1762 978 1797 semper

232 1809 379 1849 appareat
400 1801 567 1836 salubriter
592 1799 769 1835 ordinatus:
793 1808 977 1834 occurrente

233 1850 307 1886 hinc
340 1851 413 1886 inde
445 1850 622 1897 gratulandi
658 1849 806 1890 materia,
844 1848 919 1883 dum
949 1849 977 1882 in

233 1900 376 1947 personis
401 1899 581 1935 huiusmodi
609 1899 655 1934 sic
690 1911 749 1933 una
775 1898 920 1945 splendet
944 1898 979 1931 [i-

234 1949 291 1984 des
317 1950 471 1984 mentium
489 1958 519 1984 et
546 1949 645 1996 pietas
666 1949 836 1991 actionum,
863 1956 896 1982 ut
922 1947 981 1981 hoc

234 1998 274 2032 de
300 1999 439 2045 ipsorum
461 1999 611 2045 religione
632 1997 748 2033 famosa
777 1997 874 2044 possit
894 2009 981 2031 assu-

234 2048 276 2082 mi
298 2048 519 2095 praeconium,
546 2047 628 2094 quod
652 2047 682 2081 in
702 2059 735 2082 se
754 2046 850 2082 decus
870 2045 982 2080 habeat

236 2097 390 2144 perfectae
434 2096 694 2144 pulchritudinis,
720 2104 750 2131 et
784 2107 911 2142 prorsus
944 2094 982 2129 ab

235 2146 323 2182 omni
349 2147 471 2181 macula
503 2146 724 2181 decentissime
751 2146 792 2180 sit
820 2146 981 2180 immunis.

238 2195 378 2231 Iocundo
411 2195 566 2243 siquidem
593 2195 703 2243 spiritu
738 2194 896 2242 petitionis
924 2206 983 2228 ve—

43 2254 90 2275 dine
112 2259 154 2275 non
177 2259 226 2274 m·
238 2252 320 2281 strae
341 2245 454 2280 seriem
470 2244 646 2279 audivimus
659 2246 883 2284 continentem,
899 2243 982 2291 quod

42 2285 126 2306 vabatut
133 2300 135 2302 -

239 2306 311 2330 cum
327 2295 506 2342 praeclarus
530 2293 607 2329 ordo
625 2301 726 2328 vester
746 2306 763 2328 a
785 2293 860 2328 mari
884 2305 984 2339 usque

240 2343 278 2378 ad
301 2356 398 2385 mare,
436 2345 494 2378 iam
523 2355 577 2390 per
610 2341 726 2377 Christi
759 2343 886 2390 gratiam
909 2354 985 2377 suos

241 2394 385 2440 palmites
410 2392 621 2431 extendisset,
656 2400 782 2440 propter
809 2392 908 2427 varias
936 2392 985 2426 di-

211 2484 213 2487 ·
239 2454 399 2478 versarum
415 2443 643 2489 provinciarum
656 2441 901 2477 consuetudines
915 2453 987 2476 con·

240 2491 379 2539 tingebat
406 2492 546 2527 divinum
569 2491 705 2527 officium
728 2491 758 2525 in
786 2491 894 2526 ordine
918 2491 986 2538 ipso

241 2541 438 2577 uniformiter
465 2554 527 2576 non
559 2541 685 2575 servari.
713 2540 913 2588 Quapropter
934 2553 987 2574 vos

241 2599 400 2639 tamquam
424 2590 556 2626 ministri
578 2590 633 2625 Dei
663 2590 754 2624 mites
783 2599 813 2624 et
838 2589 987 2632 humiles,

278 2656 317 2692 (t)
333 2657 371 2683 Ex
389 2657 492 2691 Regest.
513 2656 597 2683 Vatic.

322 2700 394 2730 Butt.
414 2700 486 2729 Rom.
510 2700 563 2729 I'ol2
582 2699 630 2728 III.
794 2699 831 2727 99

1643 257 1710 288 785

1016 337 1052 360 ac
1072 324 1294 360 saluberrimae
1317 325 1443 360 unitatis
1457 321 1659 359 sincerissimi
1674 332 1760 356 ama—

1017 383 1110 419 tores,
1133 374 1326 409 laudabiliter
1350 373 1541 418 meditando,
1558 371 1643 420 quod
1667 370 1760 405 liuius

1018 432 1175 471 praetextu
1211 423 1419 464 differentiae,
1452 422 1568 471 aliquid
1597 420 1761 456 affectibus

1016 475 1132 509 sanctis
1153 474 1345 520 oppositum,
1374 473 1419 507 vel
1444 472 1520 507 forte
1542 470 1678 506 scandali
1694 482 1763 517 gra-

1017 524 1062 558 vis
1083 523 1204 558 occasio
1227 524 1257 557 in
1276 522 1384 558 ordine
1404 523 1471 569 ipso
1488 529 1606 569 poterat
1623 521 1759 563 evenire,

1016 573 1130 608 dilecto
1153 573 1215 607 filio
1230 572 1315 607 fratri
1339 571 1501 616 Umberto‚
1523 569 1680 618 quondam
1694 581 1760 603 ma-

1016 623 1113 669 gistro
1135 621 1276 657 eiusdem
1298 621 1432 662 ordinis,
1454 619 1652 656 concorditer
1673 631 1760 653 com-

1016 672 1165 712 misistis,
1197 679 1230 706 ut
1256 671 1322 719 ipse
1345 670 1539 718 praedictum
1564 669 1698 703 officium
1722 667 1759 701 ad

1017 720 1100 756 illam
1121 720 1362 756 uniformitatem
1387 719 1562 762 reduceret,
1585 730 1678 765 quam
1696 717 1762 751 uni-

1017 771 1146 805 versitas
1172 770 1299 805 fratrum
1323 770 1422 817 ipsius
1455 768 1574 804 ordinis
1602 779 1656 813 per
1677 766 1762 801 orbis

1016 827 1114 855 terrae
1141 819 1337 854 latitudinem
1356 825 1535 853 reverenter
1556 824 1586 851 et
1601 815 1763 850 humiliter

1016 868 1204 904 observaret.
1240 868 1356 903 Verum
1384 880 1455 903 cum
1483 866 1606 901 tandem
1632 864 1763 913 praedi—

1016 925 1085 953 ctus
1118 917 1212 953 frater
1244 916 1379 952 officium
1416 917 1518 964 ipsum
1552 915 1636 950 iuxta
1675 926 1763 949 com-

1016 968 1198 1002 missionem
1233 966 1412 1001 huiusmodi
1451 965 1620 1013 prudenter
1641 963 1765 999 ordina-

1015 1017 1105 1058 verit,
1133 1025 1162 1051 et
1184 1016 1333 1051 decenter
1361 1027 1414 1050 vos
1436 1015 1467 1049 in
1493 1014 1595 1049 tribus
1617 1013 1762 1060 capitulis

1015 1066 1214 1112 generalibus
1238 1065 1383 1112 praedicti
1407 1064 1527 1099 ordinis
1553 1076 1590 1098 ex
1613 1070 1688 1097 tunc
1703 1063 1763 1096 im—

1016 1115 1150 1150 mediate
1181 1114 1387 1161 sequentibus
1424 1113 1565 1160 diligenti
1600 1111 1762 1146 delibera-

1016 1165 1100 1199 tione
1129 1164 1307 1211 praehabita
1343 1163 1512 1202 statuistis,
1540 1170 1573 1196 ut
1607 1160 1761 1196 ordinatio

1016 1214 1196 1248 huiusmodi
1221 1225 1275 1260 per
1296 1213 1459 1247 universas
1475 1219 1578 1257 partes
1597 1211 1696 1257 ipsius
1717 1222 1759 1244 or-

1015 1264 1097 1297 dinis
1123 1262 1235 1298 debeat
1265 1262 1436 1297 observari.
1467 1261 1572 1303 Quare
1599 1260 1762 1294 humiliter

1016 1312 1167 1360 petebatis
1189 1325 1204 1347 a
1227 1311 1328 1352 nobis,
1352 1319 1384 1345 ut
1406 1322 1501 1358 super
1519 1310 1578 1344 hoc
1596 1308 1760 1356 apostolici

1015 1361 1200 1396 muniminis
1236 1361 1412 1395 firmitatem
1445 1359 1578 1394 adiicere
1616 1358 1762 1405 dignare-

1016 1424 1096 1446 mur.
1131 1410 1197 1445 Nos
1222 1411 1326 1457 itaque
1347 1410 1459 1444 vestris
1479 1407 1762 1456 supplicationibus

1016 1461 1166 1502 inclinati,
1180 1459 1410 1495 ordinationem
1425 1458 1566 1493 eamdem
1577 1485 1586 1501 ⁷
1602 1457 1683 1492 sicut
1696 1468 1760 1504 pro-

1015 1510 1085 1545 vide
1108 1509 1186 1545 facta
1203 1517 1259 1549 est,
1284 1516 1378 1544 ratam
1402 1516 1432 1542 et
1454 1508 1575 1542 firmam
1598 1507 1762 1546 habentes,

1015 1571 1101 1598 eam,
1136 1571 1229 1606 quam
1261 1559 1290 1592 in
1318 1557 1467 1592 domibus
1494 1557 1605 1591 vestris
1628 1555 1763 1603 propriis

1016 1609 1177 1644 dumtaxat
1198 1608 1354 1643 observari
1378 1607 1555 1645 statuimus,
1581 1606 1762 1640 auctoritate

1016 1658 1184 1705 apostolica
1207 1657 1431 1692 confirmamus
1453 1663 1482 1690 et
1504 1656 1676 1702 praesentis
1689 1655 1765 1689 scri-

1018 1709 1059 1754 pti
1101 1707 1272 1754 patrocinio
1302 1706 1548 1748 communimus,
1591 1705 1764 1739 districtius

1018 1756 1206 1797 inhibentes,
1222 1767 1259 1790 ne
1274 1756 1396 1802 aliquis,
1410 1755 1478 1790 sine
1496 1754 1623 1802 speciali
1638 1753 1762 1788 licentia

1017 1806 1109 1841 Sedis
1132 1806 1342 1852 Apostolicae‚
1370 1805 1452 1839 cirea
1483 1803 1672 1851 praedictum
1695 1803 1763 1838 offi-

1018 1856 1100 1890 cium
1120 1864 1226 1889 contra
1249 1853 1497 1889 confirmationis
1519 1861 1548 1888 et
1562 1852 1763 1888 constitutio-

1020 1905 1067 1939 nis
1107 1912 1230 1939 nostrae
1272 1915 1306 1937 ac
1344 1902 1550 1938 ordinationis
1588 1902 1763 1950 praedictae

1020 1963 1156 1989 tenorem
1182 1953 1295 2001 aliquid
1324 1953 1490 1987 immutare
1512 1961 1699 1999 praesumat.

1068 2003 1152 2038 Nulli
1175 2015 1248 2049 ergo
1270 2003 1398 2037 omnino
1421 2001 1583 2036 hominum
1606 2010 1656 2035 etc.

1068 2053 1185 2087 Datum
1199 2052 1330 2086 Viterbii
1354 2052 1446 2086 nonis
1461 2051 1541 2094 iulii,
1564 2050 1764 2097 pontificatus

1022 2111 1118 2137 nostri
1141 2114 1223 2137 anno
1249 2109 1348 2136 tertio.

1090 2159 1149 2188 Dat.
1173 2159 1219 2188 die
1239 2158 1253 2187 7
1273 2158 1334 2187 iulii
1356 2157 1438 2193 1267,
1457 2156 1557 2196 pontif.
1576 2165 1651 2187 anno
1669 2165 1709 2186 111.

1334 2276 1448 2312 xxtv.

1027 2352 1140 2384 Contra
1173 2351 1352 2384 christianos
1385 2351 1426 2382 ad
1463 2350 1639 2382 iudaeorum
1674 2348 1765 2380 ritum

1073 2407 1267 2439 transeuntes,
1295 2411 1330 2433 ac
1356 2400 1478 2432 iudaeos
1500 2398 1680 2432 christianos
1701 2408 1766 2430 eos-

1073 2452 1138 2483 dem
1160 2451 1201 2483 ad
1221 2450 1254 2482 id
1279 2450 1437 2482 trahentes.

1289 2507 1500 2539 SUMMARIUM

1027 2565 1052 2593 1.
1089 2563 1191 2592 Contra
1223 2562 1400 2592 christianos
1443 2560 1623 2590 iudaizantes
1668 2576 1707 2583 —
1740 2559 1766 2589 2.

1065 2607 1185 2638 Procedi
1204 2606 1332 2643 mandat,
1353 2623 1391 2628 —
1409 2606 1435 2635 3.
1457 2604 1490 2635 Et
1511 2609 1612 2634 contra
1635 2603 1768 2640 iudanos,

1066 2653 1115 2691 qui
1134 2653 1199 2681 illos
1218 2652 1253 2682 ad
1274 2651 1327 2681 lioc
1345 2650 1518 2681 induxerint.

1777 264 1824 289 An⁴
1841 262 1859 287 C
1888 261 1954 286 1207

1788 571 1844 592 ΑΗ.
1858 571 1957 592 mntem

1775 603 1799 623 ad
1822 608 1866 622 eam
1896 603 1956 622 reda-

1776 637 1829 652 utum

1803 1414 1904 1436 Firmatur
1923 1422 1933 1436 ἦ
