2129 3223
151 263 200 288 An.
217 261 245 288 Ε.
267 262 330 288 1911

179 620 294 642 tmusuiae,

161 2291 189 2308 De
211 2288 330 2314 pulsatione

149 2323 262 2345 campanae
307 2325 317 2338 a

149 2350 290 2372 :ouationem

396 252 468 286 256

346 320 417 353 coni
455 327 486 354 et
517 319 622 355 vicarii
655 319 789 354 civitatis
821 318 994 354 Fundanae
1029 318 1094 353 fieri

346 367 507 408 iussimus,
522 377 552 404 et
564 377 625 404 tam
639 368 847 405 subscritione
861 369 984 416 propria
999 380 1092 416 quam

344 417 499 453 baronum
531 426 562 454 et
588 419 724 454 militum
753 428 932 454 nostrorum
961 418 1094 453 fecimus

344 468 544 503 communiri.
567 468 600 504 ln
623 481 718 514 anno,
734 481 843 504 mense
872 477 902 503 et
923 468 1093 503 indictione

343 516 532 564 supradicta.

392 566 600 603 Decernimus
620 580 708 616 ergo,
736 576 769 603 ut
791 567 865 603 nulli
888 567 1017 602 omnino
1040 566 1093 601 bo-

342 617 464 652 minum
484 617 576 653 liceat
599 618 679 654 hanc
707 618 850 666 paginam
875 625 999 652 nostrae
1021 629 1093 651 con-

342 666 528 702 firmationis
550 667 737 715 infringere,
759 667 806 703 vel
837 669 863 702 ei
886 679 964 702 ausu
988 675 1091 701 teme-

342 718 423 751 rario
444 717 616 759 contraire3
631 719 656 753 si
680 718 751 766 quis
775 726 879 753 autem
908 717 966 751 hoc
989 724 1093 750 atten-

341 774 405 802 tare
432 769 690 815 praesumpserit,
720 767 964 814 indignationem
988 766 1093 800 omni-

341 816 478 863 potentis
502 817 561 852 Dei
588 825 619 852 et
643 817 804 853 beatorum
828 816 914 851 Petri
943 825 971 850 et
1002 815 1090 850 Pauli

339 866 552 913 apostolorum
575 867 644 901 eius
669 879 702 902 se
729 867 850 901 noverit
879 866 1089 901 incursurum.

387 915 503 950 Datum
518 916 665 951 Laterani
678 925 766 951 sexto
776 916 847 951 idus
861 916 999 962 augusti,
1019 928 1092 962 pon-

338 965 477 1001 tificatus
499 966 596 1000 nostri
618 978 701 1001 anno
723 966 971 1013 decimoquarto.

371 1026 430 1057 Dat.
449 1028 495 1057 die
511 1028 528 1056 8
547 1028 664 1066 augusti
685 1027 771 1065 1211,
789 1028 890 1067 pontis.
914 1038 989 1058 anno
1008 1037 1063 1058 xnv.

645 1148 787 1183 LXXIX.

389 1224 587 1269 Confirmatio
608 1226 829 1258 nonnullorum
854 1233 1035 1259 statutorum

448 1275 629 1307 monasterii
650 1275 906 1308 Grandimomen.
929 1278 937 1316 i(
942 1279 982 1318 1).

605 1347 817 1378 SUMMARIUM

338 1414 375 1444 De
398 1414 564 1454 pulsatione
586 1423 746 1454 campanae
769 1415 803 1444 ad
827 1415 1024 1445 collationem.
1050 1433 1089 1439 -—

376 1458 415 1488 De
443 1459 625 1489 visitatorum
657 1459 760 1488 officio.
792 1476 830 1481 —
856 1459 895 1488 De
924 1460 1087 1490 hebdoma-

378 1504 468 1534 dario*

337 1575 509 1603 innocentius
528 1575 668 1610 episcopus
679 1581 774 1603 servus
784 1581 922 1604 servorum
934 1575 990 1609 nei,
1003 1576 1089 1611 priori

383 1624 629 1653 Grandimontensi.

388 1690 469 1726 Cum
491 1691 645 1738 quaedam
676 1692 812 1739 capitula
842 1693 871 1726 in
907 1693 1089 1728 authentico

340 1749 449 1776 nostro
475 1749 620 1775 contenta
649 1753 703 1788 per
736 1741 855 1776 litteras
889 1750 970 1786 tuas,
1008 1755 1089 1789 quae

340 1802 446 1825 coram
469 1789 560 1826 nobis
586 1791 731 1826 recitatae
752 1790 886 1832 fuerant,
917 1792 954 1826 ad
991 1793 1090 1827 maio-

342 1852 406 1874 rem
429 1840 558 1874 duxeris
584 1840 770 1875 evidentiam
805 1842 1004 1887 exponenda,
1027 1855 1088 1877 non

341 1889 539 1924 attendentes
560 1889 599 1924 de
625 1889 688 1934 illa,
713 1898 744 1924 et
785 1891 976 1925 intellexisse
1012 1891 1090 1927 fide-

341 1938 412 1973 liter
446 1946 478 1973 et
508 1939 674 1974 salubriter
706 1939 898 1985 explanasse,
933 1941 1089 1976 devotioni

342 1997 414 2023 tuae
442 1988 654 2035 praesentium
681 1990 866 2024 auctoritate
893 1990 1089 2030 mandamus,

343 2046 497 2085 quatenus
539 2038 603 2084 ipsa
646 2038 822 2073 secundum
860 2040 1088 2085 expositionem

342 2086 529 2122 huiusmodi
551 2087 646 2122 facias
677 2087 847 2123 observari.
867 2089 915 2122 Ad
940 2090 1090 2124 maiorem

344 2149 417 2172 vero
443 2135 596 2171 cautelam
623 2138 836 2184 expositiones
858 2137 926 2173 illas
940 2138 978 2172 de
997 2139 1091 2173 verbo

344 2186 383 2221 ad
418 2185 549 2221 verbum
584 2188 739 2234 praesenti
780 2187 896 2234 scripto
940 2189 1092 2223 iussimus

345 2235 500 2279 annotari,
532 2248 665 2283 quarum
698 2245 787 2271 tenor
819 2245 866 2271 est
895 2237 976 2271 talis.
1010 2238 1091 2279 Quia

346 2285 384 2320 de
406 2284 584 2332 pulsatione
606 2286 643 2320 ad
672 2286 869 2321 collationem
880 2287 978 2333 prima
1001 2286 1093 2322 fiebat

346 2335 500 2382 quaestio,
524 2335 625 2370 taliter
652 2335 774 2370 videtur
794 2336 1003 2371 determinare
1036 2338 1095 2383 pri-

347 2384 495 2431 vilegium
517 2385 600 2432 quod
624 2393 806 2432 procurator
827 2385 941 2421 domus
978 2398 1094 2421 secun-

347 2434 422 2468 dum
450 2441 592 2469 tenorem
626 2435 763 2469 mandati
803 2436 965 2483 apostolici
1001 2436 1093 2471 debet

348 2484 472 2530 propria
506 2496 599 2518 manu
639 2484 776 2531 pulsare,
818 2497 889 2520 cum
933 2485 964 2520 in
999 2485 1094 2521 domo

350 2544 496 2578 praesens
519 2533 610 2569 fuerit
633 2534 707 2568 liora
729 2542 841 2569 statuta
864 2547 879 2569 a
903 2535 1016 2582 priore,
1035 2536 1095 2570 nisi

349 2581 512 2617 infirmitas
535 2583 675 2630 corporis
702 2583 874 2625 manifesta,
903 2584 950 2619 vel
991 2597 1097 2620 neces-

384 2655 424 2691 (t)
439 2655 478 2682 Ex
494 2657 595 2689 Baluz.,
613 2657 657 2684 lib.
675 2665 734 2684 xiV.
755 2658 837 2694 Epist.
860 2658 919 2684 itm.

926 262 1062 285 Buram
1069 262 1113 284 CM
1136 261 1298 283 nonanes

1137 317 1211 352 sitas
1250 316 1437 352 inevitabilis
1478 316 1579 363 ipsum
1619 314 1806 359 detinuerit,
1840 325 1878 348 ne

1136 366 1292 401 collationi
1315 366 1413 402 valeat
1439 367 1602 401 interesse.
1626 365 1659 400 Si
1683 376 1754 400 vero
1790 363 1878 398 inte-

1136 428 1221 452 resse
1259 416 1446 464 nequiverit,
1473 417 1553 450 alius
1575 427 1756 455 conversus,
1784 425 1877 461 quem

1137 467 1221 513 prior
1246 466 1401 507 statuerit,
1429 466 1531 513 pulset
1564 465 1639 500 bora
1672 464 1841 499 constituta
1863 475 1878 498 a

1136 517 1247 562 priore,
1272 515 1315 551 Ita
1344 515 1514 563 siqnidem,
1546 523 1578 549 ut
1617 515 1655 549 de
1691 513 1879 560 negligentia

1135 566 1202 600 iure.
1224 578 1286 600 non
1301 565 1422 601 valeant
1444 564 1642 612 reprehendi.
1664 563 1754 598 Prior
1774 571 1877 597 autem

1134 615 1283 650 clericum
1324 615 1477 659 instituet,
1515 615 1567 661 qui
1602 613 1794 660 procuratori
1830 612 1877 647 vel

1133 664 1219 700 alteri
1248 677 1400 700 converso
1432 665 1506 699 bora
1550 671 1663 699 statuta
1696 662 1878 710 praecipiat,

1135 723 1167 748 ut
1201 714 1356 762 pulsetur,
1397 715 1442 748 vel
1482 715 1506 748 si
1547 713 1680 748 clericus
1716 712 1880 758 negligens

1133 763 1238 809 fuerit,
1260 765 1318 799 hoc
1340 764 1423 799 idem
1460 764 1601 810 iniungat
1633 763 1713 798 alius
1747 761 1880 796 clericus

1133 813 1202 848 loco
1223 815 1303 853 eius,
1329 827 1382 860 per
1404 813 1488 861 quod
1516 812 1682 847 manifeste
1711 811 1802 846 datur
1829 811 1879 845 in-

1133 863 1229 910 telligi
1249 864 1334 911 quod
1368 863 1501 898 clericus
1536 862 1751 897 auctoritatem
1787 859 1880 896 habet

1134 912 1318 959 iniungendi
1347 925 1510 957 converso,
1538 920 1571 947 ut
1597 912 1700 959 pulset
1722 911 1797 946 hora
1815 918 1880 945 sta-

1133 969 1210 1006 tuta,
1233 963 1278 997 vel
1308 963 1333 997 si
1368 962 1446 998 forte
1482 961 1557 997 liora
1592 961 1762 1005 transierit,
1800 972 1879 995 con—

1133 1023 1242 1047 versus
1264 1019 1389 1047 tenetur
1411 1012 1533 1059 pulsare
1551 1011 1588 1046 ad
1608 1010 1878 1045 denuntiationem

1132 1060 1237 1096 clerici
1259 1062 1328 1097 sine
1350 1061 1499 1096 dilatione
1526 1060 1676 1109 qualibet,
1703 1060 1749 1095 vel
1781 1072 1879 1106 quae-

1131 1111 1245 1152 stione,
1277 1120 1307 1146 et
1340 1112 1365 1146 si
1401 1111 1534 1158 quilibet
1565 1111 1677 1145 horum
1716 1109 1880 1156 negligens

1132 1159 1225 1195 suerit
1249 1161 1296 1196 vel
1311 1168 1519 1208 contemptor,
1543 1160 1581 1195 de
1594 1159 1739 1194 mandato
1754 1158 1877 1194 Summi

1131 1209 1295 1245 Pontificis
1320 1220 1466 1257 tanquam
1490 1219 1702 1256 transgressor
1719 1209 1876 1256 puniatur.

1130 1259 1316 1295 visitatores
1338 1261 1589 1307 computationes
1610 1259 1738 1294 audiant
1759 1258 1799 1293 de
1827 1270 1878 1293 re-

1130 1311 1230 1356 ceptis
1258 1310 1384 1357 pariter,
1413 1318 1442 1343 et
1464 1310 1623 1357 expensis,
1644 1320 1681 1343 eo
1708 1307 1803 1343 modo
1815 1319 1878 1355 quo

1130 1360 1216 1406 prior
1253 1359 1503 1406 computationes
1540 1358 1700 1394 consuevit
1745 1357 1878 1398 audire,

1130 1421 1223 1455 quem
1247 1409 1376 1444 modum
1417 1409 1561 1456 quamvis
1604 1408 1678 1443 satis
1712 1416 1807 1443 notus
1840 1408 1878 1442 sit

1132 1458 1297 1498 universis,
1320 1459 1412 1505 plene
1435 1470 1538 1493 coram
1563 1457 1653 1492 nobis
1675 1457 1706 1491 in
1740 1456 1878 1504 capitulo

1130 1508 1267 1554 generali
1291 1507 1506 1554 exposuimus.
1522 1506 1556 1542 Si
1575 1506 1698 1541 clericis
1712 1506 1877 1553 placuerit,

1131 1565 1164 1591 ut
1190 1565 1301 1591 exeant
1322 1557 1360 1591 ad
1383 1557 1521 1591 laborem
1548 1569 1620 1591 cum
1642 1556 1814 1601 conversis,
1829 1568 1877 1590 ex-

1131 1614 1214 1647 eant,
1229 1615 1259 1640 et
1281 1618 1351 1641 cum
1379 1607 1423 1641 eis
1450 1607 1564 1653 pariter
1591 1614 1798 1641 revertantur.
1812 1605 1876 1641 Sed

1130 1668 1257 1703 semper
1280 1656 1544 1690 hebdomadarius
1567 1656 1597 1690 in
1613 1655 1691 1690 cella
1707 1662 1876 1690 remaneat.

1130 1705 1231 1740 Cuius
1273 1706 1400 1740 nomine
1442 1705 1646 1752 intelligimus
1697 1705 1875 1740 interiorem

1131 1755 1294 1795 ambitum,
1322 1756 1369 1790 vel
1391 1755 1580 1796 clausuram,
1603 1755 1648 1790 vel
1675 1754 1701 1788 si
1735 1755 1876 1789 clausura

1132 1817 1193 1839 non
1222 1803 1324 1849 suerit,
1362 1805 1429 1839 loca
1463 1804 1637 1840 adiacentia
1667 1803 1809 1839 officinis.
1843 1803 1876 1839 Si

1134 1867 1205 1889 vero
1219 1854 1323 1889 clerici
1358 1855 1406 1889 vel
1433 1855 1575 1890 conversi
1597 1853 1789 1889 excesserint
1822 1865 1872 1888 ex-

1132 1904 1250 1944 eundo,
1278 1903 1362 1950 quod
1386 1903 1591 1950 intelligimus
1624 1904 1648 1938 si
1687 1903 1780 1938 nimis
1810 1903 1878 1938 fre-

1110 1977 1112 1987 .
1132 1962 1279 2001 quenter,
1307 1962 1336 1988 et
1363 1955 1432 1988 sine
1455 1966 1548 1988 causa
1570 1953 1714 1997 honesta,
1742 1953 1772 1988 in
1791 1953 1880 2001 capi-

1133 2004 1197 2038 tulo
1225 2002 1456 2048 proclamentur
1477 2015 1493 2038 a
1515 2003 1628 2038 clerico
1648 2002 1697 2038 vel
1717 2014 1879 2042 converso,

1132 2061 1162 2086 et
1185 2064 1240 2099 per
1267 2052 1547 2088 hebdomadarium
1570 2052 1752 2099 regulariter
1778 2059 1811 2087 et
1830 2063 1879 2087 ra—

1134 2101 1325 2137 tionabiliter
1340 2102 1532 2137 iudicentur.
1548 2101 1678 2137 Caetera
1693 2113 1766 2136 vero
1783 2114 1880 2149 expo-

1133 2151 1245 2186 sitione
1265 2151 1367 2198 aliqna
1383 2152 1525 2198 indigere
1547 2164 1609 2186 non
1633 2151 1788 2190 videntur,
1807 2163 1878 2185 cum

1133 2201 1323 2235 mutationes
1346 2201 1532 2236 clericorum
1555 2201 1595 2236 de
1621 2201 1778 2236 voluntate
1817 2201 1880 2246 pri-

1134 2250 1196 2284 oris
1219 2262 1290 2284 cum
1318 2251 1449 2285 consilio
1467 2251 1655 2286 clericorum
1671 2250 1878 2285 discretorum

1135 2298 1199 2333 fieri
1228 2299 1374 2342 debeant,
1396 2309 1511 2336 etcum
1529 2301 1636 2335 mutati
1655 2299 1784 2341 fuerint,
1802 2299 1880 2334 nihil

1135 2360 1265 2396 prorsus
1287 2362 1395 2385 secum
1418 2350 1499 2386 serre
1526 2349 1662 2385 debeant
1683 2349 1741 2384 nisi
1762 2361 1881 2396 pannos

1134 2398 1306 2446 simplices,
1329 2412 1388 2435 nec
1414 2400 1612 2447 scripturam,
1634 2410 1693 2434 uec
1718 2398 1880 2446 quodlibet

1135 2447 1233 2488 aliud,
1256 2461 1315 2484 nec
1342 2450 1483 2485 conversi
1507 2450 1621 2497 pariter
1648 2449 1716 2482 sine
1754 2449 1880 2495 speciali

1137 2499 1354 2544 permissione,
1377 2499 1425 2535 vel
1457 2498 1604 2534 mandato
1641 2497 1766 2544 prioris,
1807 2510 1879 2534 cum

1135 2547 1215 2582 sicut
1242 2558 1349 2596 aperte
1375 2557 1466 2585 sonat
1492 2547 1704 2596 privilegium,
1726 2547 1803 2583 nihil
1821 2547 1880 2584 sibi

1136 2598 1297 2645 proprium
1320 2598 1455 2634 debeant
1476 2597 1646 2633 vindicare.
1689 2596 1771 2639 Quia
1808 2609 1881 2633 vero

1135 2649 1379 2694 computationis
1405 2647 1589 2695 capitulum,
1624 2646 1665 2681 fili
1698 2647 1791 2694 prior,
1818 2647 1881 2681 mi-

1894 255 1946 282 An.
1962 253 1993 281 C.
2005 253 2073 281 ¹212

1904 1259 1934 1281 De
1943 1261 2076 1282 visitatorum

1893 1291 1969 1313 officio.

1905 1809 1935 1830 De
1959 1809 2076 1830 hebdomas

1893 1841 1958 1862 dario.
