2129 3223
104 251 154 276 An.
176 249 204 276 C.
221 250 287 277 ¹⁸20&

119 1054 203 1081 Regium
220 1054 290 1075 diade-

106 1092 137 1105 ma
148 1088 169 1106 et
183 1088 289 1111 sceptrum

106 1116 229 1136 Cototoannt
244 1116 290 1135 mit-

106 1146 287 1168 ittlnnoceniius:

355 237 421 272 188

303 302 378 346 rius,
401 301 431 336 in
460 300 519 334 hoc
545 299 615 333 loco
638 303 722 332 notat
746 295 961 330 universorum
978 293 1051 328 uni-

303 369 389 392 versa
423 360 570 403 peccata,
598 363 671 387 cum
707 349 794 386 solus
828 349 959 387 Petrus,
988 360 1050 383 non

301 410 403 445 solum
426 407 543 447 omnia,
566 405 623 441 sed
639 405 781 441 omnium
807 402 1051 451 possitcrimiua

303 464 450 499 relaxare.
472 461 535 509 Ipsi
563 460 645 496 enim
668 467 699 494 et
725 470 788 494 non
810 458 861 493 alii
884 457 1006 493 dictum
1035 469 1052 491 a

302 517 439 553 Domino
465 515 638 563 reperitur:
661 512 711 548 Tu
733 525 784 548 me
805 523 950 559 sequere,
973 511 1053 545 idest

302 572 331 605 in
358 570 422 606 veri
450 568 583 617 pastoris
609 567 724 607 officio,
755 575 787 601 et
814 565 975 613 potestatis
1000 576 1053 599 ec-

302 624 495 660 clesiastieae
512 621 708 670 plenitudine
722 620 855 655 imitare.
882 619 963 661 Quia
980 629 1053 653 eum

302 680 332 714 in
361 678 463 714 officio
490 677 641 711 vicarium
672 674 730 709 sibi
759 673 922 709 substituit
943 672 1054 707 Domi-

302 745 379 773 nus,
415 740 446 767 et
473 731 504 766 in
527 728 708 777 magisterio
735 738 973 766 successorem,
1008 726 1055 761 sic

302 785 539 828 haereditatem,
570 784 602 818 in
637 782 727 817 cuius
763 779 931 828 praeclaris
965 779 1055 814 funes

302 841 370 876 eius
391 839 587 883 ceciderant,
614 835 805 872 transferens
833 834 863 868 iu
887 832 1055 876 eumdem,

303 901 337 929 ut
362 893 432 929 aliis
454 900 526 940 post
552 903 642 935 eum,
665 897 696 924 et
720 887 780 923 sub
806 899 843 922 co
865 887 953 934 quasi
977 898 1056 933 par—

303 948 385 983 tialia
412 947 527 982 faceret
548 945 589 981 de
614 942 805 980 haereditate
826 941 939 987 legata.

352 1003 421 1046 51.
460 1000 544 1036 Cum
580 999 675 1046 igitur
701 997 772 1032 licet
802 993 952 1030 immeriti
987 994 1057 1028 eius

305 1057 388 1091 vices
420 1066 567 1102 geramus
594 1053 624 1087 in
658 1050 766 1089 terris,
795 1049 847 1096 qui
875 1047 1057 1082 dominatur

306 1110 335 1144 in
359 1120 457 1156 regno
478 1107 659 1146 hominnm,
686 1113 716 1139 et
739 1104 790 1139 cui
817 1101 950 1137 voluerit
972 1100 1059 1135 dabit

305 1163 393 1203 illud,
415 1169 524 1210 utpote
546 1172 602 1208 per
623 1170 716 1206 quem
740 1168 831 1203 reges
855 1163 997 1201 regnant.
1026 1161 1056 1188 et

305 1217 465 1264 principes
485 1215 700 1256 dominantur,
722 1223 793 1246 cum
816 1209 923 1252 Petra,
945 1216 975 1243 et
989 1220 1060 1242 suc-

304 1269 485 1306 cessoribus
511 1269 597 1312 eius,
630 1275 661 1302 et
683 1265 776 1301 nobis
797 1264 828 1298 in
850 1276 906 1305 eo,
934 1262 1059 1297 noveri—

306 1337 377 1360 mus
403 1335 473 1359 esse
511 1322 655 1357 dictum:
692 1319 761 1366 Ego
798 1330 853 1365 pro
890 1325 920 1352 te
941 1317 1058 1363 rogavi,

305 1377 413 1422 Petre,
436 1385 471 1412 ut
497 1388 559 1411 non
583 1373 707 1410 deficiat
734 1371 813 1406 fides
839 1378 913 1414 tua,
945 1369 999 1404 sed
1028 1377 1059 1404 tu

307 1431 475 1480 aliquando
489 1441 671 1471 conversus,
689 1426 840 1462 confirma
855 1423 966 1459 fratres
977 1431 1060 1467 tuos,

307 1500 379 1523 cum
407 1498 445 1521 ex
477 1490 644 1532 praecepto
665 1479 795 1516 Domini
819 1490 893 1514 oves
915 1478 982 1512 eius
1004 1489 1061 1524 pa-

308 1553 398 1578 scere
423 1548 600 1581 teneamur,
623 1534 748 1584 populis
775 1531 998 1578 Bulgarorum,
1032 1538 1062 1565 et

308 1594 513 1633 Blacborum,
546 1591 599 1639 qui
632 1589 733 1624 multo
767 1587 828 1622 iam
856 1594 997 1632 tempore
1023 1584 1062 1619 ab

310 1648 460 1685 uberibus
486 1645 596 1680 matris
617 1654 692 1679 suae
718 1640 842 1676 alienati
867 1639 1006 1679 fuerant,
1030 1638 1060 1672 in

310 1700 525 1751 spiritualibus
545 1706 576 1733 et
598 1695 826 1743 temporalibus
845 1700 973 1740 paterna
996 1692 1063 1727 sol-

310 1754 474 1792 licitudine
497 1751 661 1800 providere
684 1749 833 1787 volentes,
856 1746 924 1781 eius
951 1753 1063 1781 aucto-

312 1810 401 1845 ritate
429 1806 553 1849 confisi,
575 1817 631 1852 per
652 1814 745 1851 quem
765 1800 895 1836 Samuel
918 1798 1017 1834 David
1033 1799 1062 1833 in

314 1875 419 1911 regem
443 1860 580 1901 inunxit,
605 1870 710 1905 regem
728 1864 757 1891 tc
779 1854 947 1890 statuimus
968 1864 1066 1900 super

313 1929 386 1962 eos,
419 1924 450 1952 et
477 1927 532 1963 per
553 1913 702 1948 dilectum
730 1910 829 1945 filium
856 1907 893 1943 L.
924 1907 1002 1942 tituli
1029 1906 1064 1941 S.

313 1969 426 2005 Crucis
449 1968 665 2016 presbyterum
693 1962 884 2000 cardinalem
906 1961 990 2009 apud
1013 1973 1066 1996 se—

315 2025 385 2060 dem
412 2024 546 2070 legatum
570 2021 672 2055 virum
710 2017 873 2066 providum
909 2023 939 2051 et
965 2015 1067 2050 lione-

315 2088 410 2120 stum,
439 2078 532 2114 nobis
555 2077 635 2111 inter
656 2081 797 2109 caeteros
816 2071 924 2106 fratres
944 2077 1067 2105 nostros

316 2140 492 2179 acceptum,
514 2138 673 2176 sceptrum
697 2126 798 2173 regni,
820 2137 856 2159 ac
872 2125 994 2170 regium
1013 2123 1066 2158 tibi

317 2187 472 2222 mittimus
493 2184 650 2223 diadema,
673 2181 742 2217 eius
762 2179 849 2227 quasi
873 2178 990 2212 nostris
1011 2176 1066 2212 tibi

318 2240 465 2275 manibus
491 2237 737 2285 imponendum,
768 2230 950 2279 recipiendo
987 2243 1002 2265 a
1037 2238 1067 2264 te

318 2294 499 2330 iuratoriam
514 2291 705 2330 cautionem,
731 2286 817 2335 quod
839 2285 931 2320 nobis
952 2292 982 2319 et
999 2296 1069 2319 sue-

319 2346 498 2383 cessoribus
519 2344 648 2389 nostris,
671 2350 701 2378 et
722 2340 884 2377 Ecclesiae
905 2338 1068 2373 Romanae

319 2402 451 2437 devotus
477 2408 506 2436 et
533 2398 684 2436 obediens
707 2393 916 2444 permanebis.
938 2400 1068 2427 etcun-

320 2463 385 2491 ctas
409 2463 508 2491 terras
541 2461 572 2489 et
605 2459 715 2499 gentes
741 2457 795 2485 tuo
824 2447 984 2484 subiectas
1010 2447 1091 2513 im-¹

322 2509 426 2556 perio,
461 2509 491 2543 in
520 2506 687 2542 devotione
713 2512 741 2538 et
775 2501 950 2538 obedientia
977 2498 1070 2534 Sedis
1108 2503 1196 2531 catus
1218 2506 1291 2530 vero
1311 2493 1430 2529 domini
1451 2491 1628 2528 Innocentii
1643 2491 1749 2538 Papae
1766 2491 1858 2527 tertio

322 2562 524 2609 Apostolicae
550 2557 759 2596 conservabis.

373 2620 394 2668 S
415 2622 448 2654 2.
472 2619 519 2654 Ad
535 2617 717 2666 petitionem
733 2616 863 2662 insuper
884 2610 1071 2648 venerabilis
1122 2615 1182 2646 Dat.
1201 2615 1247 2645 die
1265 2614 1303 2645 24
1323 2612 1464 2644 februarii
1479 2610 1565 2649 1204,
1582 2609 1683 2650 pontif.
1700 2619 1776 2641 anno
1792 2618 1841 2642 vu.

886 239 1075 263 BULLARtrM
1096 237 1260 262 ROMANW

1084 1433 1197 1468 ,guum
1225 1430 1313 1458 tuum
1334 1424 1367 1458 iu
1394 1423 1595 1470 Apostolicae
1621 1423 1715 1474 Sedis
1743 1424 1854 1461 subie-

1085 2113 1087 2118 Α
1107 2086 1183 2120 nino
1208 2092 1261 2120 etc.
1286 2084 1346 2120 hoc
1369 2083 1567 2132 privilegium
1592 2090 1717 2119 nostrae
1737 2084 1858 2120 consti-

1859 235 1910 264 Αιι.
1923 235 1951 263 C.
1971 235 2039 264 noe

1091 292 1192 327 fratris
1215 292 1312 327 nostri
1335 291 1431 327 Blasii
1453 291 1585 333 Brandi‚
1604 291 1752 327 Ziberen.
1774 290 1843 338 epi·
1883 297 2020 326 cadonum

1091 346 1190 394 scopi,
1217 358 1310 394 quem
1333 345 1372 381 ad
1398 345 1514 382 Sedem
1547 345 1761 394 Apostolicam
1786 345 1843 382 de·
1855 332 1984 384 32:123...
2006 329 2042 351 ω

1092 400 1225 441 stinasti‚
1253 399 1411 448 publicam
1437 400 1469 434 in
1495 411 1592 446 regno
1617 407 1673 436 tuo
1707 399 1842 435 cudendi

1093 462 1251 489 monetam
1273 461 1328 490 tuo
1354 454 1533 490 charactere
1555 454 1747 501 insignitam,
1768 455 1846 490 libe-

1093 519 1157 543 ram
1181 507 1236 543 tibi
1258 508 1464 544 concedimus
1485 508 1675 544 facultatem.

1141 561 1161 609 S
1184 564 1217 596 5.
1244 561 1423 596 Venerabili
1445 562 1538 596 etiam
1561 562 1646 597 fratri
1669 572 1778 600 nostro
1791 577 1844 600 ar·
1871 571 2026 607 frinoyitmm

1093 614 1296 662 chiepiscopo
1324 615 1519 651 Trinovitan.
1548 616 1578 650 in
1599 617 1705 662 terris,
1727 619 1845 666 quibus
1858 602 2043 661 ffiiffi‘ii'iigniiii}

1095 668 1229 715 imperas
1251 668 1423 712 universis,
1459 669 1663 717 privilegium
1694 673 1846 708 concedi-
1859 666 1952 691 ‘¹¹⁵¹ff¹¹³¹'

1095 734 1166 757 mus
1189 723 1351 770 primatus.
1373 723 1435 765 Qui
1453 731 1487 758 et
1503 735 1704 761 successores
1730 727 1846 774 ipsius,

1094 784 1165 811 tuos
1197 777 1226 811 in
1256 784 1417 824 posterum
1440 790 1654 824 successores,
1680 780 1774 816 simili
1809 782 1849 818 ab

1095 830 1142 866 eis
1169 831 1345 867 iuramento
1367 840 1505 880 recepto,
1528 832 1730 881 Apostolicae
1753 835 1849 872 Sedis

1096 884 1280 920 auctoritate
1301 893 1465 928 coronent,
1487 894 1519 922 et
1545 886 1576 921 in
1604 894 1686 923 terra
1707 896 1758 924 tua
1781 890 1849 937 pri-

1097 947 1199 974 matus
1222 940 1384 975 obtineant
1406 939 1610 986 dignitatem,
1643 942 1754 989 eisque
1775 955 1849 979 me-

1097 993 1278 1040 tropolitani
1306 1001 1367 1028 tarn
1389 993 1568 1041 Bulgariae,
1590 1006 1685 1041 quam
1703 994 1851 1033 Blacliiae

1098 1047 1275 1092 provinciae
1296 1047 1458 1082 constituti
1486 1047 1680 1090 subiaceant,
1706 1057 1737 1084 et
1764 1049 1850 1087 iuxta

1098 1099 1229 1136 sormam
1256 1101 1453 1145 canonicam,
1482 1103 1688 1138 reverentiam
1723 1104 1850 1151 primati

1097 1153 1235 1189 debitam
1263 1155 1446 1199 exhibeant,
1467 1162 1497 1190 et
1524 1154 1689 1191 honorem.

1147 1207 1167 1254 Ξ
1194 1211 1226 1243 4.
1250 1208 1305 1244 Sic
1325 1221 1413 1256 ergo,
1430 1208 1474 1243 fili
1501 1208 1697 1250 charissime,
1719 1211 1850 1257 gratiam

1099 1272 1193 1307 quam
1217 1262 1401 1309 Apostolica
1423 1261 1525 1297 Sedes
1547 1271 1646 1297 mater
1667 1270 1719 1298 tua
1740 1263 1794 1298 tibi
1811 1263 1852 1298 fa-

1099 1316 1140 1349 cit
1163 1327 1326 1362 agnoscaS,
1348 1317 1393 1352 sic
1417 1316 1570 1352 retribuas
1595 1316 1687 1352 nobis
1708 1330 1766 1365 pro
1787 1309 1854 1354 om-

1101 1368 1206 1409 nibus,
1229 1382 1308 1416 quae
1335 1369 1507 1406 tribuimus
1528 1370 1589 1417 ipsi
1623 1368 1691 1409 tibi,
1722 1372 1769 1406 sic
1796 1383 1852 1407 re-

2052 717 2087 770 ,ἐξ

2079 1109 2097 1132 a:
2055 1027 2103 1097 ,ὦ
2088 1003 2090 1005 ,
2087 955 2089 960 .

1878 1219 1956 1246 Regem
1971 1218 2050 1241 adhor-

1865 1253 1920 1272 tatur
1935 1251 1961 1272 ad
1977 1255 2051 1278 perse·
2095 1258 2099 1259 ⁷

1866 1281 1982 1302 versutum
2028 1281 2050 1302 in

1865 1312 1988 1334 obedientia
2009 1310 2051 1333 Se-

1866 1342 2049 1370 disspostotteu.
2087 1346 2091 1373 ’Ἰ

1100 1475 1203 1509 ctione
1241 1488 1276 1512 ac
1310 1477 1475 1512 devotione
1507 1477 1687 1519 confirmes,
1722 1486 1755 1514 ut
1780 1491 1853 1515 cum

1101 1528 1161 1563 suh
1184 1528 1278 1566 Petro
1300 1530 1332 1565 in
1356 1531 1442 1566 illius
1464 1538 1570 1579 petrae
1592 1530 1686 1566 fuerit
1708 1532 1854 1571 firmitate

1101 1582 1280 1629 fundatum,
1297 1584 1337 1620 de
1353 1597 1414 1633 qua
1429 1585 1532 1632 inquit
1554 1584 1744 1633 Apostolus:
1761 1586 1854 1623 Petra

1102 1644 1205 1672 autem
1228 1645 1294 1673 erat
1319 1638 1480 1682 Christus,
1502 1650 1561 1674 nec
1589 1639 1766 1685 pluviarum
1794 1641 1855 1676 im-

1103 1690 1186 1736 bres,
1213 1704 1271 1726 nec
1307 1692 1463 1739 impulsus
1499 1700 1684 1737 ventorum,
1713 1705 1770 1729 nec
1792 1694 1856 1730 ssu-

1103 1746 1224 1780 minum
1264 1745 1409 1781 formidet
1448 1746 1605 1781 incursus.
1643 1746 1692 1782 Tu
1727 1759 1854 1796 quoque

1105 1808 1227 1847 praeter
1253 1799 1405 1835 auxilium
1421 1800 1621 1847 Apostolicae
1642 1799 1747 1842 Sedis,
1769 1803 1855 1849 quod

1106 1854 1192 1889 iuxta
1212 1853 1413 1890 devotionem
1447 1862 1534 1890 tuam
1568 1854 1688 1890 senties
1710 1855 1740 1890 in
1764 1868 1856 1903 prae-

1104 1908 1185 1944 senti
1207 1907 1248 1944 de
1259 1908 1423 1955 temporali
1446 1920 1555 1956 regno,
1577 1908 1616 1944 ad
1639 1921 1772 1956 regnum
1789 1923 1858 1958 per«

1105 1968 1214 2003 venias
1234 1966 1476 2014 sempiternum.

1155 2027 1175 2074 S
1197 2028 1229 2061 5.
1254 2025 1463 2062 Decernimus
1489 2037 1581 2073 ergo,
1618 2033 1652 2060 ut
1678 2026 1756 2061 nulli
1787 2039 1858 2065 om-

1107 2144 1238 2179 tutionis
1264 2152 1295 2179 et
1312 2143 1530 2179 concessionis
1552 2142 1733 2190 infringere,
1760 2143 1807 2179 vel
1829 2144 1856 2180 ei

1106 2210 1159 2238 etc.
1188 2201 1222 2237 Si
1250 2202 1322 2249 quis
1343 2210 1448 2237 autern
1474 2209 1527 2236 etc.

1157 2260 1271 2295 Datum
1299 2260 1476 2307 Anagniae,
1513 2271 1568 2307 per
1595 2270 1706 2294 manus
1733 2250 1858 2294 loannis

1108 2316 1140 2353 S.
1164 2317 1203 2353 R.
1226 2317 1264 2352 E.
1286 2317 1472 2353 subdiaconi
1494 2324 1526 2353 et
1541 2324 1625 2365 pot„
1647 2323 1735 2352 sexto
1753 2316 1858 2352 kalen·

1108 2376 1164 2413 das
1183 2376 1298 2422 martii,
1325 2376 1495 2412 indictione
1520 2375 1678 2424 septima,
1712 2375 1858 2412 incarna-

1108 2436 1202 2471 tionis
1238 2435 1416 2471 dominicae
1457 2446 1553 2470 anno
1578 2445 1690 2478 nieuw,
1727 2433 1857 2481 pontifi—

1108 2566 1191 2590 anno
1213 2552 1357 2600 septimo.
