2129 3223
146 262 184 289 An
213 260 241 288 C.
263 262 329 290 ¹215

155 1945 318 1967 lustramentum

133 1978 256 2004 praedictae
279 1977 319 1999 oh-

134 2008 227 2029 lationis.

392 253 463 284 286

342 315 421 350 adeo
447 321 648 356 venerantur,
671 320 704 347 ut
726 323 788 346 non
812 318 957 358 reputent
978 322 1011 344 se
1037 309 1095 344 rite

342 375 473 410 regnare
503 362 561 397 nisi
589 361 736 396 studeant
766 362 794 395 ei
821 360 932 395 devote
965 359 1091 394 servire.

130 403 245 461 '4⁴⁸9‘ss
289 421 327 436 '⁶¹
340 412 433 455 Quod
450 421 494 452 tu,
514 411 557 446 fili
581 410 777 454 charissime,
800 409 972 457 prudenter
990 417 1093 444 atten-

143 448 191 497 {32⁶¹
203 445 327 498 ⁰353„qu
341 462 435 505 dens,
462 461 515 496 illo
553 460 806 496 mescricorditer
833 459 1023 506 inspirante,
1062 458 1092 492 in

142 514 202 530 &nl-lm

340 511 431 546 euius
462 522 556 546 manu
584 517 658 544 sunt
689 509 782 545 corda
815 520 941 555 regum,
973 516 1003 543 et
1030 519 1093 553 quo

339 560 471 596 voluerit
494 559 583 594 vertit
601 558 664 600 illa,
687 567 716 594 te
738 559 855 606 ipsum,
878 566 908 592 et
930 565 980 591 tua
1000 557 1091 591 etiam

338 609 553 657 temporaliter
581 608 608 643 ei
641 608 797 643 subiicere
830 606 1007 649 decrevisti,
1041 606 1090 640 cui

338 670 472 694 noveras
500 657 706 706 spiritualiter
733 670 802 692 esse
829 656 982 695 subiecta,
1007 663 1038 690 ut
1062 656 1091 689 in

338 721 431 743 unam
454 708 567 743 vicarii
590 706 706 742 Christi
727 718 891 754 personam
911 704 999 753 quasi
1022 717 1093 739 cor-

337 771 398 805 pus
436 765 466 792 et
504 757 609 792 anima
649 768 781 803 regnum
819 763 848 790 et
879 754 1091 790 sacerdotium

337 808 488 842 uniantur
515 805 552 841 ad
582 817 732 852 magnum
762 804 927 852 utriusque
948 816 1093 839 commo—

337 856 412 891 dum
438 864 469 891 et
490 863 728 902 augumentum.
753 853 807 889 llle
830 853 935 900 itaque
963 853 1023 888 hoc
1045 854 1092 888 di-

337 914 451 952 gnatus
479 913 525 940 est
552 904 687 952 operari,
714 904 767 951 qui
796 915 866 938 curn
887 903 925 937 sit
942 902 1045 950 Alpba
1063 910 1093 937 et

337 955 471 1001 omega,
500 955 592 989 finem
617 953 722 988 retulit
750 953 787 987 ad
820 952 1031 999 principium,
1063 961 1093 987 et

339 1004 527 1052 principium
565 1002 715 1051 protraxit
748 1002 785 1037 ad
821 1001 934 1042 finem,
962 1009 996 1036 ut
1022 1002 1092 1037 illae

340 1053 530 1102 provinciae,
560 1064 640 1099 quae
666 1052 739 1086 olim
762 1058 992 1086 sacrosanctam
1019 1050 1093 1085 Ro-

341 1115 465 1138 manam
488 1101 660 1136 Ecclesiam
689 1101 845 1148 propriam
868 1101 896 1134 in
919 1100 1093 1147 spirituali-

342 1152 402 1187 bus
427 1150 566 1186 habuere
592 1150 788 1197 magistram,
819 1162 905 1185 nunc
935 1150 1027 1185 etiam
1061 1150 1091 1184 in

331 1200 558 1248 temporalibus
577 1200 737 1235 dominam
756 1198 893 1234 habeant
907 1199 1089 1247 specialem.

331 1251 378 1285 Tu
406 1250 538 1298 quippe,
561 1261 658 1297 quem
681 1248 769 1284 Deus
786 1248 824 1283 ad
854 1248 914 1283 boc
942 1248 1089 1284 idoneum

331 1300 512 1335 ministrum
547 1299 661 1345 elegit,
684 1306 747 1333 tam
782 1305 829 1338 te,
864 1310 958 1344 quam
995 1298 1089 1333 etiam

332 1361 428 1396 regna
452 1357 514 1388 tua,
537 1348 668 1394 Angliae
689 1346 835 1382 videlicet
853 1355 883 1382 et
906 1346 1089 1388 Hiberniae,

331 1409 404 1433 cum
431 1398 516 1432 omni
546 1397 613 1431 iure
641 1408 677 1431 ac
704 1396 904 1443 pertinentiis
931 1397 998 1431 suis
1032 1396 1089 1432 de-

334 1456 402 1482 vota
428 1455 460 1482 et
481 1454 654 1493 spontanea
677 1445 837 1480 voluntate
860 1458 895 1480 ac
926 1446 1088 1480 communi

332 1495 466 1532 consilio
488 1495 642 1530 baronum
671 1502 797 1530 tuorum
825 1493 894 1530 Deo
915 1503 947 1529 et
971 1496 1089 1530 sanctis

332 1544 484 1592 apostolis
505 1545 572 1579 eius
593 1544 689 1579 Petro
714 1551 743 1579 et
765 1543 877 1584 Paulo,
899 1552 1089 1591 sanctaeque

333 1594 495 1630 Romanae
519 1593 691 1634 Ecclesiae,
719 1593 876 1640 nobisque
903 1605 939 1628 ac
960 1605 1089 1628 succes-

332 1643 457 1679 soribus
478 1643 592 1678 nostris
610 1642 642 1677 in
665 1643 713 1678 ius
730 1650 762 1678 et
783 1642 1008 1690 proprietatem
1030 1643 1089 1678 sub

332 1704 438 1728 annuo
469 1692 554 1728 mille
586 1691 785 1728 marcharum
823 1703 921 1727 censu
951 1691 1089 1727 offerens

332 1742 530 1786 concessisti,
545 1741 626 1777 sicut
641 1741 670 1776 in
691 1749 746 1777 tuo
761 1741 942 1776 continetur
955 1741 1088 1777 authen-

332 1792 394 1827 tico
426 1791 556 1839 scripto,
583 1791 674 1826 cuius
707 1790 747 1826 de
772 1791 867 1826 verbo
894 1791 932 1826 ad
956 1790 1086 1826 verbum

333 1841 405 1877 talis
427 1849 519 1876 tenor
540 1840 657 1876 existit.

382 1889 540 1926 Iohannes
565 1889 625 1924 Dei
651 1889 749 1936 gratia
775 1902 830 1924 rex
852 1889 1000 1936 Anghae,
1023 1889 1088 1924 do-

333 1940 439 1976 minus
476 1938 670 1983 Hiberniae,
705 1938 770 1973 dux
809 1938 1022 1974 Normandiae
1058 1948 1089 1974 et

332 1989 534 2036 Aquitaniae,
562 2000 669 2023 comes
696 1987 912 2035 Andegaviae‚
940 1987 1088 2023 omnibus

333 2037 590 2074 christifidelibus
609 2045 806 2085 praesentem
826 2038 964 2072 chartam
981 2037 1089 2085 inspe-

333 2089 429 2123 cturis
451 2088 597 2123 salutem.

382 2136 584 2173 Universitati
615 2142 735 2171 vestrae
761 2147 817 2183 per
838 2135 919 2170 hanc
947 2136 1087 2171 chartam

334 2195 473 2222 nostram
500 2185 604 2233 sigillo
630 2193 739 2220 nostro
766 2185 919 2220 munitam
944 2185 1088 2221 volumus

333 2248 403 2272 esse
425 2243 548 2276 notum,
571 2236 657 2282 quia,
679 2247 750 2269 cum
766 2233 882 2278 Deum,
903 2242 935 2269 et
956 2243 1087 2270 matrem

334 2292 473 2320 nostram
499 2292 640 2320 sanctam
663 2283 840 2319 Ecclesiam
864 2283 1090 2319 offenderimus

334 2336 366 2369 in
390 2334 510 2375 multis,
532 2341 563 2369 et
591 2332 725 2380 proinde
748 2333 854 2368 divina
872 2333 1089 2369 misericordia

335 2383 506 2430 plurimum
546 2383 688 2430 indigere
715 2394 895 2423 noscamur,
922 2394 980 2417 nec
1012 2382 1088 2429 quid

336 2432 433 2478 digne
465 2432 577 2468 offerre
604 2432 762 2479 possimus
795 2443 850 2479 pro
877 2431 1090 2467 satisfactione

336 2481 403 2516 Deo
438 2489 468 2516 et
508 2481 669 2516 Ecclesiae
705 2480 810 2515 debita
836 2480 993 2525 facienda,
1027 2481 1088 2516 nisi

339 2540 396 2564 nos
431 2532 517 2577 ipsos
543 2530 734 2574 habeamus,
760 2538 791 2564 et
831 2542 926 2576 regna
962 2539 1088 2571 nostra,

939 253 1039 278 BULLA
1045 254 1126 277 mm!
1152 252 1317 276 ROMANUM

1134 307 1231 354 gratia
1254 306 1360 343 Sancti
1388 307 1525 354 Spiritus
1551 306 1736 355 inspirante,
1770 319 1833 342 non
1855 306 1884 342 vi

1136 357 1269 400 inducti,
1308 369 1365 391 nec
1399 358 1511 392 timore
1546 357 1666 397 coacti,
1694 356 1750 392 sed
1777 364 1884 392 nostra

1135 406 1228 446 bona,
1262 414 1498 454 spontaneaque
1531 406 1702 447 voluntate,
1729 419 1765 441 ac
1795 418 1884 441 com-

1135 456 1220 490 muni
1249 456 1384 491 consilio
1411 456 1564 491 baronum
1602 464 1800 495 nostrorum,
1834 455 1884 491 of-

1134 504 1283 545 ferimus,
1311 514 1341 540 et
1376 505 1474 540 libere
1508 505 1713 540 concedimus
1739 505 1819 550 Deo,
1853 513 1884 541 et

1133 555 1248 590 sanctis
1275 555 1425 601 apostolis
1446 556 1515 589 eius
1538 554 1630 589 Petro
1657 563 1688 589 et
1709 553 1820 598 Paulo,
1853 563 1884 590 et

1133 612 1257 639 sanctae
1280 604 1441 639 Romanae
1454 604 1614 639 Ecclesiae
1632 603 1723 638 matri
1747 612 1882 649 nostrae,

1133 665 1168 688 ac
1189 654 1319 688 domino
1341 661 1446 688 nostro
1467 653 1570 700 Papae
1585 653 1780 695 Innocentio,
1801 654 1884 689 eius-

1133 715 1192 749 que
1211 702 1372 737 catholicis
1387 702 1622 737 successorihus
1636 710 1733 737 totum
1750 714 1882 750 regnum

1134 752 1274 798 Anghae,
1298 761 1327 787 et
1345 760 1443 786 totum
1461 763 1591 798 regnum
1609 751 1791 793 Hiberniae,
1809 764 1882 787 cum

1134 802 1218 836 omni
1242 802 1309 836 iure
1331 809 1361 836 et
1384 801 1582 849 pertinentiis
1605 801 1671 836 suis
1699 812 1754 848 pro
1776 802 1884 836 remis-

1133 851 1222 886 sione
1251 859 1450 898 peccatorum
1487 858 1684 895 nostrorum,
1720 858 1751 885 et
1785 852 1883 886 totius

1134 901 1260 946 generis
1287 901 1383 935 nostri
1413 908 1473 935 tam
1497 912 1553 948 pro
1575 900 1668 941 vivis,
1696 911 1791 947 quam
1824 900 1883 935 de-

1135 949 1262 991 functis,
1289 958 1319 984 et
1351 963 1388 985 eo
1410 950 1505 985 modo
1529 949 1579 985 illa
1607 963 1621 984 a
1652 948 1731 993 Deo,
1762 957 1794 984 et
1819 949 1883 985 Ec-

1134 998 1228 1034 clesia
1250 998 1392 1035 Romana
1427 1007 1586 1047 tamquam
1612 999 1806 1034 feudatarius
1827 1011 1884 1035 re—

1134 1048 1307 1095 cipientes,
1346 1050 1377 1084 in
1415 1049 1591 1096 praesentia
1628 1048 1793 1096 prudentis
1826 1049 1882 1084 viri

1135 1097 1314 1145 Pandulphi
1342 1098 1463 1134 domini
1502 1098 1605 1146 Papae
1632 1098 1818 1134 subdiaconi
1852 1107 1884 1134 et

1135 1147 1296 1182 familiaris
1344 1147 1524 1183 fidelitatem
1563 1148 1680 1184 exinde
1722 1147 1884 1196 praedicto

1134 1196 1264 1232 domino
1287 1206 1394 1233 nostro
1424 1198 1527 1245 Papae
1561 1197 1764 1241 Innocentio,
1797 1198 1883 1233 eius-

1133 1258 1194 1292 que
1216 1246 1379 1282 catholicis
1400 1247 1650 1287 successoribus,
1673 1255 1704 1282 et
1723 1246 1884 1282 Ecclesiae

1132 1295 1294 1332 Romanae
1316 1296 1493 1332 secundum
1516 1296 1724 1342 subscriptam
1751 1296 1882 1332 formam

1132 1344 1266 1381 facimus
1303 1354 1333 1380 et
1374 1347 1529 1387 iuramus3
1570 1354 1600 1381 et
1632 1345 1812 1393 homagium
1841 1346 1883 1381 li-

1131 1395 1218 1440 gium
1247 1396 1277 1430 in
1301 1396 1476 1442 praesentia
1504 1395 1623 1430 domini
1647 1395 1762 1443 Papae,
1789 1395 1814 1431 si
1833 1408 1884 1431 co-

1132 1456 1195 1479 ram
1219 1456 1257 1479 eo
1280 1456 1347 1480 esse
1375 1445 1563 1492 poterimus,
1589 1445 1691 1480 eidem
1719 1444 1882 1490 faciemus,

1130 1505 1329 1529 successores
1349 1503 1381 1529 et
1409 1494 1560 1529 haeredes
1585 1501 1708 1529 nostros
1726 1493 1766 1530 de
1785 1507 1883 1531 uxore

1131 1551 1235 1577 nostra
1258 1544 1288 1577 in
1314 1552 1501 1591 perpetuum
1524 1543 1711 1590 obligantes,
1740 1552 1773 1578 ut
1787 1544 1882 1579 simili

1130 1592 1224 1627 modo
1251 1591 1386 1628 Summo
1407 1592 1567 1637 Pontifici,
1588 1593 1643 1640 qui
1664 1605 1720 1640 pro
1740 1601 1883 1642 tempore

1130 1641 1236 1686 fuerit,
1270 1641 1431 1677 Ecclesiae
1456 1641 1619 1677 Romanae
1651 1643 1722 1678 sine
1748 1650 1883 1679 contra-

1129 1691 1265 1726 dictione
1293 1691 1426 1726 debeant
1449 1690 1629 1727 fidelitatem
1652 1699 1824 1740 praestare,
1851 1701 1883 1728 et

1130 1740 1313 1788 homagium
1354 1752 1592 1787 recognoscere.
1638 1741 1685 1776 Ad
1729 1741 1882 1778 indicium

1129 1798 1233 1825 autem
1261 1790 1357 1825 huius
1396 1798 1521 1825 nostrae
1554 1798 1726 1838 perpetuae
1759 1791 1883 1838 obliga-

1130 1839 1225 1875 tionis
1261 1847 1291 1875 et
1318 1839 1537 1875 concessionis
1570 1840 1717 1876 volumus
1753 1848 1785 1876 et
1817 1849 1883 1876 sta-

1129 1888 1279 1931 bilimus,
1317 1897 1352 1925 ut
1389 1889 1428 1925 de
1462 1889 1599 1937 propriis
1627 1898 1658 1925 et
1692 1890 1884 1937 specialibus

1130 1938 1307 1974 redditibus
1345 1938 1577 1986 praedictorum
1617 1951 1786 1987 regnorum
1822 1951 1883 1975 no-

1129 1996 1266 2023 strorum
1292 2001 1347 2035 pro
1368 1989 1454 2023 omni
1478 1989 1605 2024 servitio
1640 1998 1671 2024 et
1705 1996 1883 2025 consuetu—

1129 2037 1213 2078 dine,
1241 2038 1324 2085 quod
1354 2051 1410 2086 pro
1442 2038 1518 2085 ipsis
1546 2038 1647 2074 facere
1681 2038 1882 2081 deberemus,

1129 2086 1214 2122 salvo
1237 2099 1293 2135 per
1314 2088 1420 2122 omnia
1441 2088 1571 2123 denario
1592 2087 1671 2123 beati
1695 2087 1791 2127 Petri,
1825 2087 1883 2124 Ec-

1130 2136 1224 2171 clesia
1246 2136 1388 2172 Romana
1417 2137 1504 2172 mille
1537 2137 1679 2173 marchas
1705 2137 1881 2183 sterlingo-

1130 2197 1198 2220 rum
1228 2187 1379 2232 percipiat
1405 2187 1578 2227 annuatim,
1606 2186 1726 2222 scilicet
1748 2186 1779 2221 in
1802 2186 1881 2222 festo

1130 2233 1237 2269 Sancti
1261 2235 1426 2271 Michaelis
1447 2236 1636 2283 quingentas
1660 2235 1814 2280 marchas,
1850 2244 1881 2272 et

1130 2284 1160 2318 in
1194 2284 1314 2319 Pascha
1349 2286 1538 2332 quingentas
1565 2284 1729 2326 marchas,
1757 2286 1879 2332 septin-

1129 2341 1240 2379 gentas
1266 2334 1385 2369 scilicet
1408 2346 1462 2380 pro
1486 2346 1582 2381 regno
1604 2334 1746 2381 Angliae,
1769 2342 1798 2369 et
1815 2343 1880 2370 tre-

1130 2390 1239 2417 centas
1262 2395 1317 2430 pro
1335 2395 1434 2429 regno
1454 2382 1644 2423 Hiberniae;
1667 2382 1760 2417 salvis
1787 2383 1880 2419 nobis

1129 2439 1161 2466 et
1182 2432 1373 2468 haeredibus
1388 2433 1505 2468 nostris
1526 2432 1663 2473 iustitiis,
1683 2431 1880 2468 libertatibus

1130 2489 1160 2516 et
1196 2481 1354 2528 regalibus
1379 2482 1513 2516 nostris.
1542 2481 1631 2523 Quae
1653 2481 1769 2522 omnia,
1796 2483 1880 2517 sicut

1130 2542 1225 2577 supra
1248 2530 1331 2566 dicta
1353 2539 1439 2571 sunt,
1462 2538 1524 2566 rata
1551 2542 1620 2565 esse
1644 2530 1784 2566 volentes
1810 2542 1880 2579 per-

338 2578 479 2613 voleutes
501 2591 559 2614 nos
580 2580 665 2627 ipsos
683 2579 850 2614 humiliare
875 2591 929 2626 pro
952 2579 1016 2624 illo,
1035 2579 1089 2627 qui
1130 2588 1236 2627 petuo,
1260 2588 1352 2628 atque
1376 2580 1475 2619 firma,
1498 2579 1675 2626 obligamus
1689 2591 1747 2615 nos
1767 2587 1796 2615 et
1810 2592 1880 2615 suc·

338 2638 372 2661 se
387 2639 444 2674 pre
467 2627 558 2662 nobis
580 2627 753 2663 humiliavit
775 2628 927 2676 usquead
945 2636 1090 2669 mortem,
1130 2640 1271 2664 cessores
1304 2636 1429 2664 nostros
1456 2635 1563 2664 contra
1597 2639 1659 2663 non
1692 2629 1809 2664 venire.
1837 2628 1878 2665 Et

1899 252 1948 280 An.
1970 251 1999 279 G.
2015 253 2082 281 1²¹3
