2129 3223
143 274 191 301 Αιι.
214 274 324 302 01204

153 769 256 790 Nonnulla
270 776 323 790 cou-

140 801 196 820 cedit
205 800 321 827 privilegia.

160 1608 188 1628 De
223 1608 322 1629 fratribus

139 1639 288 1659 turbatoribus.

157 2249 186 2268 Ab
203 2249 258 2268 omni
282 2249 328 2267 exi-

145 2284 180 2299 ffltl
196 2282 298 2298 ΞΕΠΙΙΙΗὲ

164 2585 186 2606 Et
210 2593 221 2606 a
246 2585 332 2606 decimu

151 2616 256 2637 iubendis

390 263 459 297 192

339 335 370 361 et
401 324 657 361 communionem
694 330 893 357 sacrosantae
924 320 1087 356 Romanae

339 375 432 411 Sedis
458 373 638 417 habuerint,
660 380 690 407 et
711 383 746 406 ea
773 371 862 406 vobis
883 371 951 406 sine
985 370 1087 417 pravi-

339 432 399 459 tate
425 423 529 470 aliqua
562 421 716 457 voluerint
745 420 903 456 exhibere.
937 420 1085 467 Alioquin

338 472 428 508 liceat
445 472 534 507 vobis
555 482 789 519 quemcumque
806 469 980 505 malueritis
1002 468 1086 503 adire

337 522 506 557 antistitem
525 548 534 566 ,
572 521 701 567 gratiam
758 527 789 554 et
830 519 1085 554 communionem

336 571 537 618 Apostolicae
562 569 656 605 Sedis
687 568 870 608 habentem,
897 568 949 616 qui
981 576 1085 601 nostra

337 620 435 655 fretus
457 620 655 664 auctoritate,
681 617 772 653 vobis
798 617 881 665 quod
914 616 1086 664 postulatur

337 669 508 716 impendat.

386 719 477 766 545.
497 718 577 753 Cum
597 725 701 752 autem
717 715 863 763 generale
884 715 1084 750 interdictum

339 777 437 803 terrae
464 767 576 807 fuerit,
611 767 703 801 liceat
729 766 759 800 in
791 764 934 800 ecclesiis
955 764 1084 808 vestris,

337 817 452 853 clausis
487 816 604 860 ianuis,
638 814 773 850 exclusis
805 814 1085 850 excommunicatis

337 875 367 900 et
406 865 596 906 interdictis,
633 876 696 899 non
731 863 862 910 pulsatis
898 863 1084 910 campanis,

336 927 503 962 suppressa
534 926 609 949 voce
644 912 750 948 divina
787 911 887 947 officia
914 912 1082 947 celebrare.

384 964 404 1012 g
428 966 483 998 16.
511 963 619 998 Liceat
650 973 777 1009 quoque
805 962 891 996 vobis
918 961 1034 996 liberas
1055 969 1084 994 et

335 1013 492 1049 absolutas
516 1023 667 1060 personas
682 1023 698 1045 e
719 1010 846 1045 saeculo
868 1009 1024 1056 fugientes
1045 1009 1083 1044 ad

336 1063 574 1098 conversionem
591 1061 744 1107 recipere,
763 1067 793 1094 et
810 1071 863 1094 eas
878 1059 997 1106 absque
1013 1070 1085 1094 eon-

335 1112 522 1146 tradictione
543 1110 649 1157 aliqua
677 1109 821 1143 retinere.

384 1161 483 1209 517.
518 1159 730 1195 Prohibemus
764 1158 910 1204 insuper,
938 1165 972 1192 ut
1006 1156 1082 1191 nulli

335 1210 464 1245 fratrum
493 1217 687 1253 vestrorum,
716 1214 784 1254 post
813 1207 922 1241 factam
946 1207 978 1240 in
1006 1206 1085 1241 loeis

335 1260 447 1294 vestris
470 1259 714 1307 professionem,
733 1257 778 1291 fas
800 1257 851 1297 sit,
876 1256 995 1302 absque
1010 1268 1085 1290 nia-

335 1309 422 1354 gistri
455 1308 502 1343 sui
535 1307 678 1348 licentia,
712 1305 786 1340 inde
816 1305 996 1349 discet¹e·e,
1024 1305 1083 1340 nisi

334 1357 478 1392 arctioris
505 1356 664 1402 religionis
696 1354 837 1390 obtentu.
861 1354 1083 1389 Dis-cedentem

336 1418 408 1442 vero
437 1406 557 1453 absque
579 1404 795 1439 communium
823 1403 995 1438 litterarum
1024 1415 1084 1436 ve-

335 1463 469 1490 strarum
502 1456 646 1490 cautione
673 1452 779 1488 nullus
815 1452 940 1499 penitus
973 1451 1084 1487 audeat

336 1505 481 1539 retinere.

385 1554 406 1601 S
424 1555 478 1588 18.
499 1552 531 1588 Si
547 1552 618 1600 quis
635 1563 705 1587 vero
725 1550 867 1593 fratrum,
884 1557 953 1597 post
971 1549 1082 1584 factam

337 1603 564 1650 professionem
581 1601 757 1637 turbatores
774 1599 933 1646 religionis
950 1607 1083 1637 vestrae,

337 1652 384 1686 vel
401 1651 528 1686 inutiles
548 1651 663 1685 fuerint
688 1650 827 1684 fortassis
849 1649 979 1688 inventi,
995 1648 1085 1683 liceat

338 1700 405 1742 tibi,
433 1700 476 1735 fili
501 1701 660 1746 magister,
683 1706 713 1734 et
739 1697 978 1733 suecessoribus
1004 1698 1084 1741 tuis,

337 1762 391 1784 eos
405 1762 476 1785 cum
492 1761 625 1784 assensu
644 1758 673 1783 et
689 1748 820 1783 consilio
843 1747 974 1782 sanioris
990 1747 1085 1793 partis

337 1799 466 1846 capituli
488 1810 647 1842 amovere,
672 1798 809 1845 ipsisque
832 1797 906 1831 dare
928 1796 1083 1831 licentiam

338 1848 375 1882 ad
398 1848 493 1883 alium
516 1846 684 1888 Ordinem,
708 1846 759 1880 ubi
783 1845 960 1881 secundum
983 1845 1083 1880 Deum

339 1898 441 1932 vivere
469 1896 590 1931 valeant
616 1895 813 1940 transeundi,
835 1904 865 1930 et
888 1895 957 1929 loco
977 1907 1084 1929 eorum

338 1947 417 1982 alios
438 1945 642 1992 subrogandi,
665 1946 718 1992 qui
747 1945 842 1979 unius
863 1944 935 1979 anni
960 1943 1059 1991 spatio
1073 1971 1083 1983 ,

339 1996 371 2030 in
399 2003 498 2030 vestra
531 1995 678 2030 societate
701 1993 883 2041 probentur.
911 1992 983 2035 Quo
1013 2005 1087 2040 per-

339 2053 423 2088 acto,
450 2045 475 2079 si
498 2055 602 2079 mores
624 2055 733 2079 eorum
758 2042 935 2089 exegerint.
970 2050 1001 2076 et
1029 2042 1085 2089 ipsi

340 2093 434 2129 utiles
454 2093 584 2134 fuerint,
606 2093 644 2128 ad
668 2092 831 2127 servitium
854 2091 1022 2138 hospitalis
1043 2092 1088 2125 in·

341 2143 436 2183 venti,
459 2142 687 2188 professionem
716 2141 826 2176 faciant
850 2141 1037 2187 regularem.

390 2192 410 2237 ἓ
435 2193 490 2226 19.
525 2191 573 2226 Ad
602 2191 679 2226 haec
705 2190 877 2225 districtius
909 2189 1089 2224 inhibemus

342 2253 381 2276 ne
414 2253 428 2275 a
452 2249 493 2281 te,
521 2240 562 2275 fili
591 2240 752 2287 magister,
781 2239 825 2274 vel
853 2238 1089 2274 suecessoribus

343 2290 417 2335 tuis,
439 2298 469 2325 et
497 2289 644 2325 fratribus
671 2288 873 2336 hospitalium
897 2288 1089 2333 eorundem,

343 2340 444 2386 exigat
473 2338 534 2373 ulla
557 2338 768 2374 ecclesiastica
790 2337 996 2373 saecularisve
1021 2349 1090 2386 per-

344 2400 418 2423 sona
447 2387 613 2423 fidelitates
643 2388 802 2434 homagia,
825 2387 1016 2427 iuramenta,
1044 2387 1089 2422 vel

344 2437 532 2472 securitates
564 2438 717 2484 reliquas,
746 2448 826 2484 quae
860 2448 876 2471 a
909 2436 996 2471 laicis
1024 2436 1091 2471 fre-

344 2495 544 2533 quentantur.

395 2535 414 2582 ἓ
435 2537 492 2571 20.
516 2535 691 2577 Postremo,
707 2535 847 2570 decimas
869 2546 946 2582 quas
961 2534 1093 2570 consilio

348 2591 376 2617 et
413 2596 542 2619 assensu
576 2584 796 2631 episcoporum
828 2595 845 2619 a
878 2583 1019 2629 clericis,
1045 2584 1092 2618 vel

349 2632 435 2667 laicis
473 2633 636 2679 potueritis
671 2633 835 2674 obtinere,
864 2632 995 2680 illasque
1017 2645 1095 2680 quas
1135 2645 1273 2680 pag-197.

927 265 1116 290 [tammum
1142 263 1304 287 ROMANCM

1892 261 1940 288 An.
1957 260 1985 287 C.
2003 260 2071 290 ¹2⁰0
2092 282 2095 288 ,

1129 317 1402 353 consentientibus
1434 317 1631 352 dioecesanis
1661 316 1821 365 episcopis
1845 326 1877 353 et

1129 367 1251 402 clericis
1285 366 1323 402 ad
1359 378 1440 414 quos
1473 367 1650 414 pertinent,
1681 366 1875 416 acquiretis,

1129 417 1312 451 auctoritate
1333 417 1502 462 apostolica
1525 416 1615 452 vobis
1638 416 1873 453 confirmamus.

1128 466 1210 500 Nulli
1233 477 1308 512 ergo
1333 473 1387 501 etc.

1177 515 1196 562 S
1223 516 1281 549 2t.
1304 514 1350 550 De
1377 523 1501 551 caetero
1527 528 1727 552 successores
1749 527 1872 554 nostros
1907 522 2048 545 ³⁰⁰⁶⁹³¹⁰f⁶⁵

1127 563 1329 615 obsecramus
1347 572 1376 599 et
1390 565 1584 600 obtestamur
1596 565 1626 600 in
1643 565 1770 602 Christo
1788 567 1870 610 Iesu,
1886 553 2070 611 iigffiiifg'noiiis-

1127 614 1180 660 qui
1205 623 1354 649 venturus
1375 623 1421 649 est
1450 615 1589 651 iudicare
1617 617 1702 652 vivos
1728 626 1758 653 et
1784 613 2069 666 mor·³⁰³¹¹⁰³¹'⁵¹.⁸¹;f,{'
2099 640 2102 641 ν

1127 670 1210 706 tuos,
1230 671 1263 698 ut
1277 663 1342 698 loca
1358 672 1457 699 vestra
1473 678 1545 702 eum
1565 667 1708 713 personis
1729 677 1759 703 et
1776 667 1872 704 rebus
1885 651 2019 699 irfingi-etii·-
2058 651 2068 666 r

1126 711 1164 747 ad
1187 712 1407 759 hospitalitatis
1432 714 1569 750 officium
1596 716 1769 763 deputatis,
1795 725 1872 752 tan—

1126 773 1220 808 quam
1236 763 1389 809 speciales
1408 765 1541 811 patroni,
1559 765 1736 812 specialiter
1748 766 1870 802 foveam
2127 785 2129 807 3

1126 820 1155 845 et
1178 811 1357 846 defendant.
1378 813 1535 855 Quoniam
1559 823 1588 849 et
1610 816 1635 849 si
1659 816 1792 850 caeteris
1815 816 1872 863 piis
2123 783 2129 867 il

1126 859 1203 895 locis
1233 870 1399 897 teneantur
1425 876 1463 899 ex
1484 864 1684 910 Apostolicae
1714 865 1873 900 servitutis
2127 878 2129 906 ι

1125 909 1227 944 officio
1256 911 1436 957 providere,
1471 913 1543 947 huic
1571 921 1674 948 tamen
1702 913 1872 961 hospitali,

1125 959 1208 1005 quod
1236 959 1275 995 de
1302 960 1395 996 bonis
1420 961 1580 997 Ecclesiae
1608 962 1769 998 Romanae
1798 962 1873 998 fun-

1126 1010 1245 1053 datum,
1260 1017 1290 1043 et
1313 1009 1476 1056 donatum,
1491 1021 1521 1047 et
1538 1020 1599 1047 tam
1623 1013 1755 1052 nostris,
1778 1024 1871 1060 quam

1125 1069 1346 1094 successorum
1369 1069 1547 1096 nostrorum
1577 1061 1691 1097 diebus
1714 1061 1873 1097 credimus

1125 1107 1360 1155 ampliandum,
1398 1122 1504 1146 curam
1542 1110 1660 1146 debent
1690 1110 1873 1159 impendere

1125 1157 1303 1202 specialem.
1337 1157 1370 1193 Si
1405 1172 1465 1207 qua
1502 1160 1618 1207 igitur,
1652 1168 1704 1195 etc.
1739 1160 1872 1197 Cunctis

1125 1214 1241 1249 autem,
1263 1214 1317 1241 etc.

1175 1255 1289 1290 Datum
1317 1256 1459 1292 Lateran.
1496 1270 1552 1305 per
1584 1271 1710 1294 manum
1748 1258 1873 1295 loannis

1125 1313 1250 1339 sanctae
1270 1305 1432 1341 Romanae
1453 1307 1613 1343 Ecclesiae
1634 1308 1817 1344 subdiaconi
1842 1316 1873 1344 et

1126 1355 1249 1408 notarii,
1271 1354 1489 1392 decimotertio
1515 1357 1665 1393 kalendas
1688 1357 1772 1402 iulii,
1795 1357 1874 1393 indi-

1125 1411 1228 1437 ctione
1254 1404 1407 1450 septima,
1446 1406 1669 1442 incarnationis
1696 1406 1873 1442 dominicae

1125 1464 1207 1487 anno
1229 1464 1341 1497 ucctv,
1363 1455 1563 1501 pontificatus
1585 1468 1657 1491 vero
1688 1456 1807 1492 domini
1828 1455 1872 1492 In·

1126 1503 1260 1536 noeentii
1288 1502 1392 1548 Papae
1417 1503 1460 1538 Ill
1482 1517 1564 1540 anno
1591 1506 1736 1553 septimo.

1165 1557 1215 1588 Dat
1234 1559 1280 1589 die
1304 1559 1340 1589 19
1362 1560 1435 1591 iunii
1455 1561 1541 1599 1204,
1564 1562 1665 1601 pontif.
1689 1572 1764 1593 anno
1783 1571 1831 1594 vn.

1456 1725 1539 1760 XLI.

1130 1794 1328 1840 Confirmatio
1358 1796 1487 1830 Ordinis
1517 1797 1614 1831 Vallis
1644 1797 1799 1839 caulium,
1825 1800 1878 1833 eui

1196 1846 1343 1878 nonnulla
1364 1847 1616 1889 praescribuntur
1641 1848 1793 1882 servanda
1819 1849 1874 1891 (1).
1924 1847 1931 1849 ”

1396 1918 1609 1949 SUMMARIEM

1126 1983 1294 2014 Exordium.
1312 2000 1351 2006 —
1372 1983 1423 2014 Hic
1446 1985 1517 2014 ordo
1539 1986 1687 2025 quomodo
1714 1987 1876 2020 institutus.

1167 2044 1205 2051 -
1230 2028 1369 2066 Regulae.
1398 2046 1437 2051 —
1462 2029 1641 2061 Vestimenta
1669 2031 1804 2062 destinat.
1838 2048 1878 2056 --

1168 2073 1276 2103 Locum
1295 2074 1391 2111 ipsum
1422 2072 1476 2103 sub
1500 2072 1584 2104 Sedis
1610 2075 1796 2113 Apostolicae
1811 2085 1876 2116 pro·

1168 2117 1292 2146 tectione
1328 2116 1462 2155 suscipit.
1483 2133 1522 2139 —
1543 2116 1741 2158 Ordinemque
1771 2120 1877 2151 conflr-

1170 2166 1236 2190 mat.
1255 2177 1293 2183 —-
1311 2159 1478 2192 clausulae.

1129 2231 1301 2261 Innocentius
1319 2232 1460 2269 episcopus
1478 2240 1574 2263 servus
1604 2240 1743 2263 servorum
1761 2233 1817 2268 Dei.
1836 2235 1876 2265 m·

1174 2281 1256 2310 lectis
1284 2280 1350 2310 tuiis
1372 2282 1458 2318 priori
1481 2284 1511 2312 et
1535 2282 1674 2312 fratribus
1696 2283 1782 2314 Vanis
1808 2284 1878 2314 Gau-

1174 2330 1251 2363 lium,
1272 2330 1391 2360 salutem
1417 2332 1448 2360 ot
1463 2332 1640 2368 apostolicam
1655 2333 1876 2363 benedictionem.

1180 2393 1267 2428 Solet
1306 2405 1444 2430 annuere
1478 2395 1577 2431 Sedes
1603 2395 1782 2442 Apostolica
1817 2396 1878 2444 piis
1921 2397 2038 2420 ffi⁰¹⁶¹¹²¹¹=

1133 2443 1224 2486 votis,
1246 2450 1275 2477 et
1299 2442 1440 2479 honestis
1462 2444 1634 2492 petentium
1657 2444 1806 2493 precibus
1832 2445 1878 2481 fa·
2073 2451 2103 2478 ε’

1135 2503 1237 2526 vorem
1262 2492 1449 2529 benevolum
1476 2493 1640 2540 impertiri.

1183 2540 1229 2575 Ex
1252 2541 1364 2577 litteris
1384 2554 1460 2578 sane
1487 2542 1672 2578 venerabilis
1698 2542 1800 2579 fratris
1820 2556 1880 2579 no—

1170 2605 1208 2640 (l)
1234 2606 1273 2633 Ex
1295 2607 1361 2634 Gall.
1393 2607 1502 2640 Christ„
1526 2611 1590 2636 tom.
1610 2615 1647 2639 xv,
1674 2609 1700 2635 iu
1725 2609 1879 2644 appendice,
2081 2626 2088 2641 i
2126 2617 2129 2651 ς
