2129 3223
157 272 207 298 An.
222 272 251 299 C,
271 273 338 299 191ιὸ

402 265 472 297 520

392 327 555 358 dominium
571 328 605 357 ad
624 327 726 358 Sedem
743 329 938 368 Apostolicam
956 334 1097 367 spectare.

390 384 428 390 —
450 367 480 397 ln
503 367 630 407 publicis
653 372 764 398 tantum
788 374 814 398 et
839 368 1000 399 manifestis
1027 377 1096 407 pec-

391 407 464 437 catis
486 408 520 437 ad
540 408 689 437 ministros
712 409 933 439 recurrendum.
951 426 990 431 —
1006 408 1096 438 Insti—

391 448 462 477 tutio
480 447 613 477 custodis
636 449 788 478 custodum
811 450 846 478 ad
870 449 1028 487 capitulum
1049 458 1098 486 ge-

389 487 496 522 nerale,
515 488 565 526 qui
585 489 646 517 vice
662 488 785 518 aliorum
805 488 988 527 suffragetur.
1006 505 1044 511 ——
1060 488 1097 517 De

389 527 569 557 institutione
586 529 831 567 praedicatorum.
848 546 886 550 —
905 528 942 557 De
962 529 1097 566 ingressu

389 568 633 597 monasteriorum
663 568 845 598 monialium.
868 586 907 590 —
932 568 1096 598 clausulae.

346 633 515 663 Innocentius
532 634 674 670 episcopus
706 641 800 663 servus
819 641 959 663 servorum
981 634 1037 667 Dei,
1056 634 1099 663 di-

389 683 472 712 tectis
488 683 553 712 titiis
572 684 702 719 generali.
719 685 747 713 et
765 684 983 720 provincialibus,
1001 691 1031 712 ac
1052 691 1098 712 ou-

393 732 526 765 stantibus,
547 733 718 769 caeterisque
737 733 874 762 tratribus
911 734 1014 762 ordinis
1038 734 1098 762 tra-

390 782 467 810 trum
486 781 628 817 uiuorum.
649 782 768 811 salutem
793 785 824 812 et
842 783 1022 819 apostoticam
1052 784 1095 812 be·

390 831 577 860 nediotionem.

396 893 548 929 Ordinem
578 904 712 930 vestrum
736 896 789 930 illo
812 904 1034 944 prosequentes
1050 897 1096 932 af·

200 954 209 966 ²
227 948 248 966 ’ἐ
275 954 301 966 ⁶¹¹-
348 942 441 985 fectu,
468 944 552 992 quod
577 945 680 992 ipsum
709 946 788 980 inter
817 945 894 981 alios
930 946 1095 981 laudabili—

166 2288 193 2308 De
219 2288 333 2308 admitten-

152 2318 183 2339 dis
197 2325 216 2338 m
233 2319 313 2339 ordine.

348 993 405 1027 bus
425 994 574 1029 continue
604 995 755 1041 proficere
793 996 994 1030 incrementis
1034 996 1096 1031 ser-

351 1050 456 1077 venter
481 1052 637 1091 optemus3
663 1044 798 1079 libenter
823 1057 882 1084 ea,
922 1058 976 1092 per
1015 1058 1095 1092 quae

345 1093 491 1139 oportuni
520 1093 636 1139 vigoris
653 1094 785 1141 accipiat
798 1094 1028 1139 fulcimentum,
1046 1108 1097 1143 pa-

347 1150 431 1176 terna
459 1141 670 1178 sollicitudine
694 1156 909 1190 procuramus.

394 1190 476 1226 Hinc
495 1199 553 1232 est,
581 1192 664 1239 quod
691 1205 763 1228 cum
787 1193 940 1241 quaedam
976 1194 1069 1229 dubia
1085 1222 1093 1238 7

345 1248 374 1275 et
397 1240 543 1283 obscura,
566 1254 647 1289 quae
668 1242 698 1276 in
728 1252 825 1278 vestra
853 1243 958 1289 regula
987 1245 1095 1278 couti—

347 1300 473 1331 neutur,
491 1291 615 1326 animos
633 1299 754 1327 vestros
776 1293 940 1328 cuiusdam
982 1294 1094 1328 ‹tonsu-

346 1340 436 1375 sione
464 1340 658 1387 implicitatis
684 1342 852 1386 involvant,
886 1351 916 1377 et
958 1343 1094 1378 nodosae

347 1389 555 1425 intricationis
581 1390 763 1426 difficultate
784 1391 957 1438 impediant
1001 1393 1094 1427 intel-

346 1438 475 1479 lectum;
497 1447 529 1473 et
549 1439 648 1475 felicis
677 1441 902 1476 recordationis
923 1440 1094 1487 Gregorius

346 1487 430 1535 Papa
453 1488 678 1535 praedecessor
705 1499 808 1525 noster
835 1490 938 1537 aliqua
968 1504 1005 1525 ex
1048 1493 1093 1526 eis

345 1538 538 1585 exposuerit,
552 1547 582 1573 et
604 1539 990 1587 declaraveritsemiplene
1008 1554 1013 1574 :
1037 1553 1094 1575 uos

345 1586 568 1622 obscuritatem
588 1588 626 1623 ab
649 1588 710 1624 illis
751 1589 905 1636 perfectae
939 1590 1094 1637 interpre-

345 1637 474 1671 tationis
495 1637 707 1673 declaratione
729 1639 858 1673 omnino
881 1651 1024 1674 amovere
1041 1652 1094 1675 vo-

345 1686 456 1727 lentes;
478 1694 509 1721 et
535 1687 754 1734 ambiguitatis
790 1688 976 1736 scrupulum
1020 1702 1093 1724 cura

346 1735 412 1782 ipsa
434 1735 473 1770 de
495 1737 605 1771 vestris
627 1737 777 1772 cordibus
806 1738 956 1785 plenioris
993 1752 1094 1786 expo-

345 1785 469 1820 sitionis
491 1786 679 1822 certitudine
702 1788 826 1835 penitus
849 1797 1020 1834 amputare:
1044 1788 1095 1823 di-

345 1835 460 1880 cimus,
483 1835 567 1882 quod
591 1848 645 1883 per
663 1837 804 1872 eamdem
825 1837 964 1884 regulam
990 1839 1093 1885 quoad

345 1883 593 1920 observationem
632 1885 802 1933 Evangelii,
824 1899 918 1934 quam
947 1887 1093 1934 iniungit,

346 1934 470 1969 nonnisi
486 1934 524 1969 ad
546 1947 581 1970 ea
602 1935 763 1971 dumtaxat
778 1936 941 1984 Evangelii
964 1937 1093 1973 consilia

345 1983 509 2028 tenemini,
531 1996 612 2031 quae
627 1985 656 2019 in
674 1985 738 2033 ipsa
748 1986 854 2031 regula
869 1988 1093 2034 praeceptorie,

345 2032 394 2068 vel
424 2032 605 2069 inhibitorie
627 2043 701 2069 sunt
715 2047 871 2082 expressa.
891 2035 976 2071 Licet
989 2045 1092 2072 autem

345 2082 497 2118 ministris
525 2084 780 2130 provincialibus,
808 2092 868 2119 tam
897 2097 1005 2120 eorum
1048 2086 1093 2120 ri-

346 2131 450 2176 cariis,
477 2144 569 2179 quam
593 2133 660 2168 aliis
687 2134 827 2181 providis
849 2134 997 2169 fratribus
1034 2148 1092 2170 ve-

346 2181 500 2216 nientium
535 2182 572 2217 ad
607 2183 750 2218 ordinem
787 2185 999 2230 receptionem
1038 2198 1092 2232 pro

346 2232 412 2265 suis
459 2233 630 2279 provinciis
646 2261 653 2272 ,
700 2233 737 2267 de
787 2233 917 2269 consilio
964 2234 1091 2270 fratrum

347 2281 543 2317 committere
564 2281 783 2325 discretorum
805 2295 868 2318 non
897 2293 1000 2319 tamen
1037 2297 1093 2319 ex-

348 2329 433 2377 pedit
460 2332 597 2367 converti
625 2332 765 2367 volentes
794 2332 1007 2369 indifferenter
1037 2334 1093 2369 ad-

348 2384 440 2430 mitti,
466 2385 520 2421 sed
549 2386 619 2421 illos
640 2395 772 2427 tantum,
800 2387 853 2435 qui
893 2388 1113 2435 suffraganti-¹

347 2438 406 2474 bus
427 2439 472 2475 eis
493 2439 675 2482 litteratura,
714 2450 744 2476 et
778 2441 848 2477 aliis
883 2442 1113 2478 laudabilibus,

347 2493 608 2537 circumstantiis,
636 2495 756 2543 possint
796 2495 888 2531 utiles
936 2508 1007 2532 esse
1038 2509 1092 2532 or-

347 2546 422 2590 dini,
443 2547 566 2596 sibique
589 2560 644 2596 per
672 2549 750 2585 vitae
772 2550 933 2593 meritum,
959 2559 989 2586 et
1023 2551 1091 2586 aliis

349 2599 496 2645 prolicere
522 2614 578 2648 per
599 2603 793 2650 exemplum.
817 2603 870 2639 Sic
898 2616 970 2640 vero
997 2605 1092 2640 mini-

347 2652 400 2685 stri
428 2664 569 2699 egressos
591 2655 629 2689 ab
657 2656 766 2690 ordine
809 2670 878 2692 cum
920 2658 1091 2703 redierint,

934 274 1121 298 Burnum!
1144 274 1304 297 ROMANCM

1138 329 1175 364 ad
1204 329 1307 376 ipsum
1331 330 1493 378 recipiant,
1521 339 1551 366 et
1577 331 1701 366 eliciant
1724 331 1754 365 in
1788 330 1880 365 certis

1139 378 1274 419 casibus,
1297 379 1468 415 secundum
1510 381 1757 415 terminationem
1789 380 1880 415 vestri

1139 429 1292 473 generalis
1319 429 1456 476 capituli,
1480 430 1540 464 iam
1569 438 1722 477 receptos.
1760 429 1881 471 Quam·

1118 490 1230 525 ¹quam
1261 491 1332 514 vero
1367 479 1522 526 praedicta
1562 480 1721 515 contineat
1755 479 1880 525 regula,

1117 535 1119 566 ζ
1138 527 1222 574 quod
1239 527 1343 563 clerici
1371 528 1484 564 saciant
1505 529 1645 564 divinum
1673 528 1809 564 officium
1831 540 1882 563 se-

1138 577 1276 612 cundum
1296 578 1438 613 ordinem
1466 578 1600 614 Sanctae
1626 578 1787 614 Romanae
1812 577 1881 613 Ec-

1139 627 1263 671 clesiae,
1290 636 1420 674 excepto
1444 627 1605 672 psalterio,
1628 641 1665 663 ex
1687 640 1750 675 quo
1767 627 1881 663 habere

1140 684 1285 722 poterunt
1300 676 1467 711 Breviaria:
1495 689 1565 712 cum
1594 686 1695 712 tamen
1714 677 1820 712 divino
1837 679 1881 712 in-

1139 725 1383 770 tersuntofficio,
1397 738 1468 761 cum
1491 726 1558 761 aliis
1579 727 1786 765 celebrantes,
1806 735 1881 762 tunc

1138 775 1182 810 eis
1210 775 1284 810 illud
1307 775 1432 817 sufficit3
1447 784 1477 810 et
1498 775 1536 811 ad
1552 776 1720 812 dicendum
1744 775 1880 812 officium

1139 825 1298 871 proprium
1322 838 1384 860 non
1407 834 1562 861 tenentur.
1591 825 1630 860 Et
1657 825 1728 860 licet
1767 826 1796 860 in
1827 837 1882 861 ea-

1137 873 1209 908 dem
1232 873 1337 921 regula
1356 876 1397 910 sit
1424 874 1628 922 prohibitum,
1645 887 1682 910 ue
1703 874 1813 910 fratres
1832 887 1882 910 re-

1138 923 1254 970 cipiant
1276 936 1329 970 per
1351 937 1394 964 se,
1422 924 1469 959 vel
1502 937 1557 971 per
1590 924 1668 959 alios
1711 924 1856 960 denarios
1873 952 1881 966 ‚

1138 973 1182 1007 vel
1212 973 1373 1019 pecuniam
1402 973 1464 1008 ullo
1486 974 1589 1009 niodo:
1614 983 1745 1021 possunt
1766 983 1881 1019 tamen,

1137 1022 1161 1056 si
1198 1035 1262 1057 rem
1285 1022 1342 1057 sibi
1366 1025 1570 1058 necessariam
1593 1031 1646 1058 aut
1681 1023 1788 1059 utilem
1827 1036 1881 1059 ve-

1138 1072 1194 1106 lint
1216 1084 1344 1117 emere,
1375 1073 1423 1107 vel
1457 1073 1646 1109 solutionem
1686 1073 1786 1109 facere
1824 1085 1882 1121 pro

1138 1121 1197 1156 iam
1220 1131 1335 1169 empta,
1360 1123 1404 1157 vel
1427 1124 1572 1158 nuntium
1595 1124 1674 1164 eius,
1701 1136 1717 1157 a
1743 1135 1805 1170 quo
1832 1135 1882 1159 res

1137 1171 1294 1212 venditur,
1326 1171 1373 1206 vel
1407 1172 1540 1219 aliquem
1573 1173 1668 1208 alium
1705 1171 1882 1208 volentibus

1136 1220 1194 1255 sibi
1207 1220 1437 1269 eleemosynam
1452 1222 1563 1263 facere,
1579 1223 1636 1257 nisi
1652 1222 1754 1257 eidem
1772 1234 1826 1269 per
1836 1234 1881 1266 se,

1137 1271 1183 1305 vel
1206 1283 1261 1318 per
1289 1271 1432 1318 proprios
1460 1272 1587 1307 nuntios
1608 1271 1729 1308 solvere
1766 1271 1883 1307 malue-

1137 1320 1210 1363 rint,
1238 1328 1447 1367 praesentare:
1475 1330 1505 1357 et
1532 1321 1633 1357 taliter
1669 1329 1882 1368 praesentatus

1135 1381 1150 1403 a
1179 1369 1325 1405 fratribus
1352 1382 1413 1405 non
1441 1379 1487 1405 est
1505 1383 1613 1406 eorum
1642 1371 1787 1414 nuntius,
1811 1371 1881 1406 licet

1137 1427 1354 1466 praesentetur
1375 1420 1413 1454 ab
1435 1420 1522 1468 ipsis,
1556 1420 1609 1455 sed
1651 1421 1735 1456 illius
1776 1421 1881 1468 potius

1135 1469 1225 1503 cuius
1252 1470 1436 1504 auctoritate
1471 1469 1661 1505 solutionem
1701 1470 1785 1515 facit,
1823 1482 1879 1506 seu

1136 1518 1314 1565 recipientis
1335 1519 1490 1554 eamdem:
1517 1527 1549 1555 et
1574 1520 1612 1555 ad
1640 1520 1741 1566 ipsum
1766 1520 1800 1563 (si
1828 1532 1882 1556 so-

1137 1566 1202 1602 luto
1224 1576 1348 1615 emptae
1388 1569 1430 1603 rei
1475 1570 1585 1616 pretio,
1621 1569 1658 1604 de
1700 1569 1879 1605 huiusmodi

1113 1633 1115 1640 =
1135 1617 1333 1665 eleemosyna
1348 1626 1506 1653 remaneat
1539 1618 1655 1666 aliquid
1678 1619 1762 1666 apud
1796 1622 1881 1662 eum)

1113 1691 1114 1696 =
1136 1680 1267 1717 possunt
1294 1673 1387 1707 etiam
1415 1672 1525 1707 fratres
1552 1684 1608 1719 pro
1641 1673 1705 1707 suis
1745 1673 1883 1709 necessi-

1113 1720 1263 1764 statibus,
1288 1721 1333 1756 vel
1360 1722 1536 1756 commodis
1567 1722 1648 1757 licite
1679 1722 1794 1758 habere
1829 1734 1881 1757 re-

1135 1781 1274 1805 cursum.
1299 1770 1331 1805 Si
1356 1783 1428 1806 vero
1448 1784 1503 1818 pro
1525 1772 1596 1807 aliis
1621 1771 1751 1808 fratrum
1775 1784 1883 1808 neces-

1135 1820 1369 1856 sitatibus'aut
1399 1821 1575 1856 commodis
1615 1822 1794 1857 nominetur
1825 1821 1883 1857 ali-

1135 1869 1216 1916 quis,
1244 1869 1292 1904 vel
1319 1879 1534 1918 praesentetur
1560 1871 1598 1906 ab
1625 1871 1680 1915 eis,
1704 1879 1807 1919 potest
1832 1871 1883 1907 ille

1136 1919 1336 1954 commissam
1359 1920 1419 1955 sibi
1446 1921 1690 1968 eleemosynam,
1724 1921 1803 1957 sicut
1829 1920 1883 1957 do-

1136 1968 1239 2003 minus
1261 1981 1457 2014 conservare,
1480 1971 1526 2004 vel
1549 1970 1630 2017 apud
1666 1970 1882 2018 spiritualem,

1136 2018 1182 2052 vel
1211 2018 1396 2054 familiarem
1435 2019 1570 2054 amicum
1612 2019 1741 2055 fratrum
1775 2021 1883 2055 nomi—

1135 2074 1241 2102 natum
1271 2068 1315 2103 vel
1339 2081 1400 2104 non
1425 2069 1620 2104 nominatum
1643 2069 1682 2104 ab
1721 2070 1798 2117 ipsis
1832 2069 1883 2104 de-

1137 2128 1264 2162 ponere,
1288 2130 1342 2165 per
1371 2130 1443 2153 eum
1479 2118 1546 2153 loco
1573 2127 1603 2154 et
1638 2127 1789 2166 tempore,
1828 2131 1883 2166 pro

1112 2166 1274 2212 ,ipsorum
1320 2168 1568 2212 necessitatibus,
1608 2168 1653 2203 vel
1693 2169 1880 2207 commodis,

1136 2216 1217 2250 sicut
1263 2216 1373 2251 fratres
1402 2218 1547 2264 expedire
1585 2218 1726 2259 viderint,
1760 2218 1883 2265 dispen-

1112 2265 1280 2307 -sandam,
1318 2279 1375 2301 seu
1411 2269 1503 2302 etiam
1541 2267 1577 2302 ad
1621 2279 1797 2315 personam,
1837 2267 1883 2301 vel

1136 2315 1200 2349 loca
1227 2315 1286 2350 alia
1316 2316 1578 2352 transferendam:
1621 2317 1658 2351 ad
1687 2329 1766 2364 quos
1791 2317 1882 2352 etiam

1135 2363 1243 2400 fratres
1302 2378 1356 2412 pro
1408 2366 1588 2402 huiusmodi
1636 2366 1883 2409 necessitatibus,

1134 2426 1189 2448 seu
1206 2416 1380 2450 commodis
1398 2428 1471 2451 sana
1500 2416 1690 2451 conscientia
1724 2427 1884 2451 recurrere

1134 2472 1291 2510 poterunt,
1319 2466 1451 2501 maxime
1472 2466 1496 2500 si
1526 2466 1718 2512 negligentes
1756 2465 1883 2507 fuerint,

1134 2513 1180 2547 vel
1207 2515 1430 2559 necessitates,
1463 2523 1516 2550 aut
1558 2515 1755 2550 incommoda
1792 2516 1885 2562 igno-

1135 2564 1266 2598 raverint
1297 2565 1491 2600 eorumdem.
1518 2564 1558 2600 Et
1595 2566 1695 2599 taliter
1731 2566 1882 2601 nominati

1133 2611 1180 2646 vel
1222 2615 1408 2659 praesentati
1460 2626 1476 2649 a
1508 2613 1678 2659 fratribus,
1711 2627 1773 2650 nou
1812 2625 1883 2650 sunt

1133 2673 1241 2696 eorum
1301 2663 1429 2700 nuncii,
1481 2675 1534 2698 seu
1576 2663 1779 2704 denositarii,
1827 2665 1883 2700 sed

1899 276 1949 302 An.
1967 274 1995 301 C.
2011 273 2079 301 1ξίιῦ

1908 689 1936 711 De
1956 689 2023 711 offieto
2043 691 2071 711 dt·

1895 722 1944 772 :zuo
1965 720 2079 742 celebrau-

1907 1427 2016 1454 Quomodo
2055 1431 2080 1447 w

1895 1463 1970 1486 gerere
1987 1458 2079 1480 debeant

1895 1491 1916 1512 in
1952 1489 2078 1517 receptione

1895 1521 2039 1548 pecuniarum
