2129 3223
135 277 182 300 Αιι.
197 275 226 300 C.
248 275 312 300 llST

162 329 280 357 Fit-nipluui

130 361 147 381 ῚΙ
156 362 281 381 -ctnabienru
290 368 307 381 m

131 394 228 419 inops-uit
257 394 304 413 imi-

130 425 211 444 tundunt

144 1415 286 1436 [minuenti-is

133 1448 152 1466 ,lt
165 1454 173 1467 s
188 1448 294 1473 elargitur

139 2062 184 2082 Alia
200 2061 308 2088 privilegiu

128 2093 233 2114 wnocurt,

381 263 425 294 δί
907 268 1091 290 nmmum!

329 328 394 362 zelo
416 326 539 361 divinar
564 325 640 371 legis
663 323 802 366 accensi,
837 334 892 369 pro
923 321 1071 356 fratribus

328 375 500 412 liberandis
520 383 657 409 extrema
673 384 817 420 quaeque
843 371 979 419 pericula
998 380 1071 405 sunt

326 426 460 474 experti,
481 433 511 460 et
546 435 607 458 nou
647 423 748 457 solum
780 421 984 461 substautias,
1015 420 1068 455 sed

326 487 476 524 personas
509 486 566 521 pro
606 473 736 508 fratrum
771 471 936 507 docuerint
969 470 1068 505 salute

326 524 499 574 ponendaS,
525 523 724 558 exhortantes
763 533 797 557 sc
839 521 937 568 ipsos,
976 528 1069 567 atque

323 577 474 611 dicentes:
502 572 728 620 Accingimiui,
756 579 785 606 et
807 578 905 606 estote
927 570 981 604 lilii
1013 581 1070 616 po-

323 633 435 664 tentes,
463 625 614 672 quoniam
637 622 751 657 melius
778 629 825 656 est
860 619 951 654 nobis
991 619 1068 653 mori

321 676 352 710 in
380 674 475 718 betto,
501 686 593 722 quam
609 672 717 707 videre
735 671 814 706 mala
828 671 931 716 gentis
946 677 1069 704 nostrae

322 733 351 760 et
371 732 550 759 sanctorum
565 725 620 767 (l).
641 722 681 756 Et
705 721 830 768 quidem
856 719 900 753 illi
926 718 985 754 sub
1007 730 1069 753 una

322 774 486 809 constituti
515 774 582 820 lege
598 773 736 807 fuerunt,
758 782 813 804 vos
836 780 890 816 per
918 770 1068 803 incarna—

321 821 438 860 tionem
472 822 600 858 Domini
634 821 732 856 nostri
771 819 843 854 Iesu
882 817 1000 853 Christi
1030 817 1067 852 ad

320 873 423 909 lucem
445 873 584 909 veritatis
598 870 735 914 adducti,
749 877 779 904 et
794 868 900 903 multis
914 868 1068 915 exemplis

321 923 465 959 instructi
505 929 710 964 sanctorum,
753 920 823 953 sine
860 918 1068 965 trepidatione

320 973 421 1021 aliqua
436 973 566 1017 faciatis,
581 980 613 1006 et
628 982 689 1005 non
706 968 841 1003 timeatis
850 967 923 1003 dare
935 976 1068 1011 terrena,

320 1032 349 1058 et
372 1034 471 1070 pauca
516 1030 548 1057 et
578 1020 716 1056 breviter
754 1018 915 1057 duratura,
951 1017 1068 1065 quibus

319 1072 370 1106 illa
397 1072 478 1106 bona
499 1080 573 1106 sunt
600 1070 753 1117 promissa
775 1075 804 1101 et
824 1067 974 1113 reposita,
989 1080 1069 1114 quae

321 1133 382 1156 non
402 1121 514 1156 oculus
540 1121 629 1159 vidit,
648 1116 800 1154 necauris
814 1116 943 1155 audivit,
960 1128 1017 1151 nec
1037 1117 1067 1151 in

320 1184 374 1205 cor
412 1171 551 1205 hominis
588 1169 823 1205 ascenderunt,
866 1165 906 1200 de
951 1166 1068 1212 quibus

319 1221 395 1255 dicit
410 1220 591 1268 Apostolus:
610 1219 701 1262 Quod
719 1228 779 1250 nou
798 1224 872 1250 sunt
892 1215 1067 1261 condignae

320 1270 482 1316 passiones
528 1270 625 1305 huius
657 1265 809 1312 temporis
843 1265 880 1299 ad
930 1264 1066 1300 futuram

318 1319 462 1365 gloriam,
483 1331 565 1365 quae
593 1317 778 1354 revelabitur
802 1314 833 1348 in
857 1314 949 1349 nobis
975 1317 1030 1359 (⁶2).

369 1370 389 1416 S
417 1373 448 1404 5.
471 1368 529 1404 His
555 1378 672 1406 autem,
694 1367 746 1414 qui
759 1363 853 1399 corde
867 1365 1013 1407 contrito,
1036 1372 1066 1398 et

317 1419 484 1456 humiliato
521 1419 644 1465 spiritu,
666 1414 788 1450 itineris
810 1414 904 1448 liuius
925 1414 1065 1449 laborem

318 1469 561 1516 assumpserint,
587 1476 619 1502 et
654 1466 685 1500 in
723 1463 914 1512 poenitentia
954 1475 1067 1510 pecca-

320 1529 422 1555 torum
444 1527 474 1553 et
501 1517 561 1551 fide
594 1523 677 1552 recta
715 1513 918 1550 decesserint,
941 1513 1066 1560 plenam

319 1580 448 1604 suorum
471 1567 640 1601 criminum
665 1562 890 1611 indulgentiam
914 1571 944 1598 et
972 1563 1065 1597 vitam

320 1618 508 1665 pollicemur
529 1625 698 1651 aeternam.
726 1614 800 1649 Sive
827 1619 930 1646 autem
953 1625 1068 1659 super-

319 1667 463 1705 vixerint,
485 1666 551 1701 sive
572 1665 687 1700 mortui
710 1664 835 1706 suerint,
857 1661 896 1696 de
918 1662 1067 1697 omnibus

320 1717 455 1764 peccatis
477 1715 554 1758 suis⁷
580 1715 619 1749 de
645 1713 763 1762 quibus
793 1719 908 1746 rectam
943 1711 1068 1747 confes—

319 1767 440 1801 sionem
469 1764 610 1808 secerint,
650 1762 812 1809 impositae
847 1760 1068 1796 satisfactionis

321 1815 543 1850 relaxationem
567 1813 605 1847 de
632 1811 858 1859 omnipotentis
885 1809 943 1845 Dei
966 1811 1068 1846 mise-

321 1865 465 1905 ricordia,
493 1872 523 1898 et
543 1862 757 1910 apostolorum
794 1861 877 1895 Petri
918 1868 949 1895 et
977 1860 1067 1895 Pauli

320 1915 503 1949 auctoritate
538 1921 568 1948 et
600 1920 706 1947 nostra
737 1923 770 1946 se
800 1910 947 1946 noverint
978 1910 1068 1945 liabi-

323 1973 422 1999 turos.
1086 1968 1090 2011 Ι

371 2014 391 2061 g
417 2017 449 2047 4.
476 2012 565 2047 Bona
595 2022 720 2058 quoque
760 2011 910 2057 ipsorum,
938 2022 974 2044 ex
1005 2014 1090 2057 quo}

323 2075 449 2099 crucem
478 2061 656 2108 acceperint
677 2072 749 2095 cum
772 2060 837 2094 suis
859 2059 995 2100 familiis,
1010 2060 1069 2095 sub
1088 2089 1090 2099 ,

322 2114 355 2149 S.
378 2113 416 2148 R.
441 2112 492 2156 E.,
526 2122 649 2146 necnon
685 2118 716 2144 et
753 2109 1090 2156 archiepiscoporum,

322 2172 351 2197 vt
378 2163 613 2210 episcoporum,
635 2167 665 2194 et
692 2159 825 2194 aliorum
861 2159 1068 2205 praelatorum

324 2212 482 2247 Ecclesiae
516 2210 573 2245 Dei
609 2209 802 2257 protectione
820 2209 1003 2243 consistant.
1030 2208 1091 2242 Et*

327 2267 443 2302 nullam
459 2265 499 2300 de
513 2265 573 2305 his,
596 2275 675 2311 quac
694 2264 725 2298 in
740 2263 942 2310 susceptione
957 2261 1070 2297 Crucis

324 2321 429 2368 quiete
463 2318 686 2367 possederunt,
720 2317 821 2352 donec
855 2318 894 2351 tte
929 2316 1069 2363 ipsorum

326 2375 425 2409 reditu
454 2373 500 2408 vel
523 2373 611 2408 obitu
640 2371 816 2407 certissime
850 2379 1069 2417 cognoscatur,

326 2428 500 2463 sustineant
518 2426 750 2474 quaestionem,
771 2424 827 2461 sed
855 2425 935 2460 bona
960 2437 1069 2460 eorum
1089 2444 1091 2447 .

327 2483 448 2528 integra
476 2482 601 2516 interim
632 2489 780 2516 maneant
813 2486 843 2514 et
871 2479 985 2526 quieta.
1021 2477 1092 2513 Ad?

325 2535 443 2571 dandas
463 2547 590 2582 quoque
618 2547 729 2570 usuras
749 2534 774 2569 si
798 2541 943 2568 tenentur
963 2534 1071 2577 alicui,

327 2602 389 2625 non
412 2599 570 2636 cogantur.

363 2663 402 2696 (t)
419 2670 425 2687 ι
443 2661 524 2688 atach,
546 2669 584 2693 ui,
600 2662 642 2687 59.
683 2662 722 2695 (⁴4)
743 2661 818 2687 Rom.
841 2666 898 2692 vin,
920 2658 957 2685 ι8.

1116 267 1277 289 nonnum!

1160 321 1233 367 §5
1257 321 1321 355 Nec
1357 330 1428 356 eant
1466 322 1495 356 in
1534 321 1673 356 vestibus
1709 321 1854 368 pretiosis

1111 380 1141 405 ct
1167 382 1238 404 cum
1262 370 1406 405 canibus.
1435 371 1499 406 sive
1532 370 1652 411 avibus,
1690 379 1744 405 aut
1774 371 1854 415 aliis,

1111 432 1191 467 quae
1212 420 1412 455 ostentationi
1437 421 1540 467 potius
1558 428 1589 455 et
1602 419 1747 455 lasciviae
1760 432 1854 468 qnam

1111 469 1296 504 necessariis
1330 469 1494 505 videantur
1527 469 1638 505 usibus
1678 470 1855 511 deservire,

1110 519 1164 554 sed
1193 520 1223 554 in
1255 518 1398 554 modesto
1429 527 1580 567 apparatu
1613 527 1645 554 et
1680 519 1788 554 habitu
1825 520 1854 554 in

1110 581 1173 616 quo
1212 568 1435 616 poenitentiam
1489 569 1594 616 potius
1630 580 1723 615 agere
1761 581 1854 617 quarn

1111 619 1234 653 inanem
1257 618 1403 653 affectare
1424 617 1556 665 gloriam
1582 617 1756 653 videantur.

1158 668 1273 703 Datum
1295 667 1456 702 Ferrariae
1480 675 1591 714 quarto
1627 667 1774 703 kalendas
1803 680 1857 702 no-

1110 717 1258 758 vembris,
1285 717 1456 752 indictione
1477 725 1574 751 sexta.

1149 774 1209 805 Dat.
1232 775 1278 805 die
1299 774 1338 805 29
1355 773 1482 804 octobris
1504 783 1579 804 anno
1597 773 1711 804 Domini
1729 774 1814 811 1187,

1365 818 1466 859 pontis.
1485 828 1561 851 anno
1578 827 1597 849 1.

1454 977 1507 1012 111.

1109 1058 1255 1101 Sequitur
1275 1059 1317 1090 nd
1338 1068 1439 1089 ornnes
1464 1056 1676 1099 Chri'slifidelas
1693 1057 1729 1088 de
1743 1056 1857 1089 iei'uni'o

1154 1118 1210 1150 pei·
1243 1107 1484 1150 quinquennium
1519 1107 1668 1139 servando
1707 1106 1749 1138 ad
1776 1105 1857 1149 pla-

1157 1156 1289 1189 candum
1309 1156 1421 1189 Deum.

1377 1224 1591 1255 sUttttARtuat

1107 1291 1198 1321 Causa
1219 1291 1327 1322 decreti
1345 1291 1443 1321 huius.
1457 1308 1497 1313 --
1514 1290 1620 1321 Statuit
1634 1291 1776 1321 ieiunium
1793 1300 1856 1321 ser-

1148 1336 1272 1366 vandum
1300 1345 1365 1366 esse
1387 1342 1474 1375 atque
1496 1346 1511 1365 a
1534 1336 1673 1366 carnibus
1700 1336 1855 1366 abstinen-

1148 1382 1216 1411 dum
1248 1381 1335 1411 certis
1367 1381 1490 1415 diebus,
1520 1389 1572 1419 per
1601 1380 1856 1420 quinquennium;

1147 1442 1184 1446 —
1211 1425 1274 1455 Nisi
1305 1425 1462 1455 infirmitas
1490 1430 1538 1454 aut
1571 1424 1627 1454 alia
1655 1425 1733 1455 iusta
1765 1433 1854 1454 causa

1147 1469 1297 1510 impediat.

1107 1537 1251 1574 Gregorius
1270 1537 1412 1574 episcopus
1430 1543 1524 1566 servus
1548 1543 1688 1566 servorum
1710 1536 1766 1569 Det.
1796 1535 1855 1566 uul-

1151 1586 1238 1616 versis
1254 1585 1357 1615 christi
1368 1585 1502 1619 fidelibus,
1519 1586 1553 1614 att
1571 1593 1639 1622 quos
1654 1585 1772 1615 litterae
1782 1586 1856 1615 istae

1150 1635 1336 1672 pervenerint.
1361 1636 1479 1664 salutem
1497 1637 1528 1664 et
1546 1635 1726 1671 apostoticam
1749 1635 1855 1664 benedi-

1152 1686 1280 1716 ctionem.

1155 1749 1325 1796 Nunquam
1348 1748 1462 1783 melius
1498 1748 1627 1795 superni
1658 1747 1776 1783 Iudicis
1811 1748 1854 1782 ira

1110 1799 1262 1847 placatur,
1292 1810 1385 1846 quam
1408 1810 1482 1833 cum
1505 1809 1541 1832 ex
1570 1796 1716 1832 mandato
1756 1797 1855 1844 ipsius

1109 1848 1242 1884 carnalia
1265 1849 1294 1883 in
1318 1847 1410 1882 uobis
1438 1846 1592 1882 desideria
1614 1847 1853 1894 extinguuntur.

1109 1898 1246 1933 Proinde
1294 1898 1366 1946 quia
1408 1896 1708 1944 Hierosolymitanae
1755 1904 1857 1932 terrae

1109 1949 1291 1987 discrimen,
1332 1946 1416 1994 quod
1459 1946 1654 1982 irruentibus
1689 1945 1857 1981 Saracenis

1110 2010 1211 2046 nuper
1237 1997 1352 2038 evenit,
1374 2008 1412 2031 ex
1435 2003 1564 2043 peccato
1582 1995 1718 2031 maxime
1739 1995 1856 2032 liabita-

1110 2057 1213 2083 torum
1244 2055 1344 2082 terrae
1375 2054 1407 2081 et
1428 2046 1524 2080 totius
1549 2045 1660 2093 populi
1693 2045 1854 2081 christiani

1088 2109 1090 2112 ’
1109 2098 1261 2133 accidisse
1280 2108 1342 2131 nou
1359 2095 1553 2130 dubitamus:
1579 2107 1638 2130 nos
1659 2094 1699 2130 de
1726 2094 1854 2129 fratrum

1112 2156 1290 2182 nostrorum
1312 2145 1474 2180 communi
1488 2145 1634 2185 consilio,
1661 2143 1767 2179 multis
1787 2144 1855 2192 epi-

1110 2197 1214 2244 scopis
1234 2194 1492 2243 approbantibus,
1514 2195 1683 2230 statuimus
1696 2201 1729 2228 ut
1743 2205 1854 2229 omues

1111 2258 1211 2294 usque
1247 2246 1284 2280 ad
1327 2244 1593 2292 quinquennium,
1643 2243 1751 2278 saltem
1800 2255 1856 2291 per

1110 2308 1220 2331 omnes
1241 2302 1343 2330 sextas
1365 2293 1470 2333 serias,
1498 2294 1527 2328 in
1549 2294 1620 2329 cibo
1652 2292 1855 2340 quadragesi-

1111 2346 1181 2381 mali
1215 2345 1367 2384 ieiunent,
1400 2353 1429 2379 et
1469 2344 1574 2384 missa,
1608 2342 1662 2378 ubi
1700 2342 1854 2377 cantanda

1111 2396 1217 2439 fuerit,
1244 2394 1281 2429 ad
1305 2405 1420 2429 nonam
1442 2401 1603 2428 cantetur:
1626 2391 1710 2439 quod
1732 2391 1772 2427 ab
1786 2392 1856 2427 Ad·-

1089 2464 1091 2478 ;
1113 2453 1205 2480 ventu
1232 2443 1359 2479 Domini
1396 2455 1498 2490 usque
1524 2442 1561 2477 ad
1598 2441 1707 2476 Natalc
1726 2441 1852 2477 Domini

1111 2497 1276 2530 statuimus
1299 2492 1542 2528 observandum:
1570 2491 1644 2526 feria
1661 2503 1733 2526 vero
1745 2499 1854 2539 quarta

1111 2555 1141 2579 et
1192 2543 1343 2579 sabbatho
1384 2555 1494 2578 omnes
1527 2540 1752 2585 indifferenter,
1797 2541 1852 2587 qui

1089 2594 1193 2635 [bene
1219 2593 1332 2633 valent,
1358 2604 1375 2628 a
1397 2591 1544 2627 carnibus
1574 2590 1760 2626 abstineant.
1789 2590 1853 2625 Nos

1089 2640 1228 2689 {autem,
1250 2651 1279 2679 et
1303 2643 1413 2678 fratres
1430 2641 1526 2677 nostri
1550 2641 1581 2675 in
1609 2641 1748 2676 secunda
1778 2652 1853 2688 quo-

1872 266 1922 293 Au.
1939 266 1968 293 C.
1983 267 2050 293 ¹t87

1882 323 1969 345 vitanda
1986 329 2050 351 prae-

1868 356 1948 377 scribit.

1881 1765 1947 1788 Causa
1969 1766 2049 1787 decreti

1869 1797 1936 1818 huius.

1881 2208 1957 2229 Statuit
1994 2209 2049 2230 ieiu-

1869 2241 1925 2261 nium
1960 2245 2049 2261 servan-

1869 2272 1915 2292 dum
1927 2277 1976 2292 esse
1986 2275 2049 2299 atquo

1869 2309 1880 2321 ιι
1894 2303 1992 2324 carnibus
2010 2303 2050 2323 ab·-

1869 2334 1986 2355 stiuendum
1999 2340 2049 2355 cer-

1869 2366 1895 2386 tis
1909 2366 1995 2390 diebus,
2011 2371 2048 2393 μοι

1868 2398 2031 2425 quinquennium
2042 2405 2048 2421 ς
