2129 3223
125 284 173 306 An.
191 279 220 306 C.
238 278 304 306 ¹258

235 473 304 493 omniu

122 504 236 528 prudenter
265 503 303 522 ud<

121 532 233 558 impstudn

135 472 189 493 Este

369 269 439 303 666

319 334 356 369 iis
371 332 578 380 requirendos
604 343 672 366 esse
710 343 771 366 non
806 330 977 372 credimus,
1009 329 1064 364 sed

320 384 423 430 potius
445 395 462 416 a
488 393 546 416 suo
570 381 672 416 iudice
696 379 896 427 puniendos:

366 431 386 478 g
419 433 469 465 ¹5.
497 430 562 465 Vos
589 431 773 477 igiturhaec
797 437 828 464 et
855 429 913 464 alia
941 428 1066 464 contin-

317 481 420 526 gentia
455 480 484 514 in
522 480 580 515 hac
607 487 693 527 parte
732 479 937 514 commissum
977 477 1067 511 vobis

317 529 466 574 officium,
493 529 538 563 sic
572 529 744 576 prudenter
771 537 802 563 et
838 527 970 563 fideliter
991 538 1066 560 exe-

316 579 368 624 qui
397 578 592 625 procuretis,
626 578 671 613 sic
698 578 736 613 ad
759 590 794 612 ea
830 589 906 624 pure
941 584 1067 623 propter

317 627 433 667 Deum,
461 628 552 662 cuius
579 639 704 663 causam
727 627 845 674 geritis,
868 634 969 661 vestra
991 624 1066 659 fera-

315 686 366 711 tur
388 677 539 718 intentio,
568 677 651 724 quod
680 676 767 711 labor
788 685 890 711 vester
913 674 1000 710 vobis
1027 673 1065 708 ad

316 727 396 761 vitae
417 727 610 774 praemium,
633 734 663 761 et
681 726 749 761 aliis
770 725 807 760 ad
824 725 968 765 salutem,
987 735 1067 770 quae

316 775 418 810 solum
443 775 473 810 in
497 776 611 811 talibus
633 775 805 823 quaeritur,
834 774 975 822 proficiat
992 773 1068 808 ani-

316 837 451 860 marum.

365 873 479 909 Datum
503 873 634 909 Viterbii
662 873 773 921 quinto
807 871 956 907 kalendas
977 879 1068 907 octo-

315 923 390 964 bris,
419 923 620 970 pontificatus
646 923 742 958 nostri
764 934 848 957 anno
870 929 991 969 quarto.

328 984 390 1014 Dat.
407 985 454 1014 die
469 984 506 1014 97
523 984 700 1024 septembris
717 984 802 1018 1258,
820 983 920 1023 pontif.
938 992 1013 1013 anno
1032 991 1067 1012 iv.

643 1133 766 1168 XLVII.

315 1209 458 1253 Infirmi,
493 1208 548 1252 qui
585 1218 679 1241 sanae
709 1206 816 1239 mentis
849 1205 1070 1238 haereticorum

365 1259 621 1291 consolamentum
641 1262 764 1301 petunt,
797 1266 858 1288 non
884 1261 1071 1288 eaecttsantur

365 1318 398 1339 eo
412 1307 507 1352 quod,
530 1313 660 1350 tempore
679 1311 815 1349 receptae
836 1303 1067 1340 consolationis,

366 1367 460 1390 sanae
484 1356 591 1388 mentis
612 1366 675 1388 non
697 1360 801 1391 essent,
838 1364 999 1397 eorumque
1020 1353 1072 1395 fa-

366 1406 501 1438 miliares
535 1415 624 1448 super
657 1404 713 1436 hoc
738 1405 770 1436 in
803 1409 885 1435 testes
918 1413 979 1435 non
1013 1402 1072 1434 ad-

367 1454 519 1487 mittendi.

317 1537 468 1566 Alexander
487 1535 629 1571 opiscopus
640 1541 735 1563 servus
746 1540 886 1563 servorum
895 1532 950 1566 Dei,
962 1531 1072 1561 dilectis

363 1585 428 1614 aliis
447 1584 586 1614 fratribus
605 1584 709 1612 ordinis
737 1583 859 1612 fratrum
881 1582 1013 1611 minorum
1031 1582 1072 1610 in·

363 1634 544 1671 quisitoribns
562 1632 719 1661 haereticae
734 1632 885 1668 pravitatis
913 1631 941 1659 in
960 1630 1072 1659 admini-

362 1683 502 1712 stratione
522 1682 547 1710 S.
566 1682 716 1714 francisci,
737 1680 927 1716 praesentibus
950 1680 981 1708 et
995 1679 1074 1708 futu-

362 1731 411 1764 ris.
434 1731 556 1760 salutem
574 1731 603 1759 et
631 1729 813 1766 apostolicam
850 1729 1063 1758 benedictionem

365 1803 414 1838 Ex
439 1810 527 1851 parte
550 1811 650 1837 vestra
674 1801 732 1836 fuit
749 1800 943 1848 propositum
967 1811 1072 1834 coram

316 1852 427 1897 nobis,
466 1851 551 1899 quod
587 1850 730 1886 nonnulli
765 1851 805 1885 de
833 1849 992 1897 partibus,
1021 1848 1072 1883 ubi

317 1901 407 1937 vobis
429 1909 537 1936 contra
570 1901 745 1935 haereticos
768 1899 985 1946 inquisitionis
1004 1897 1074 1932 offi-

316 1951 400 1986 cium
423 1960 470 1986 est
496 1950 723 1991 commissum,
751 1949 781 1983 in
804 1948 916 1983 mortis
941 1947 1073 1982 articulo

317 1999 492 2041 constituti,
518 1999 631 2035 salutis
654 1998 829 2033 remedium
851 1996 1071 2039 abhorrentes,

317 2048 508 2084 Consolatos
548 2049 724 2083 haereticos
768 2047 807 2081 ad
845 2058 879 2081 se
912 2045 1070 2081 introduci

317 2097 449 2138 faciunt,
476 2106 506 2133 et
533 2097 572 2132 ab
600 2098 646 2132 eis
674 2109 730 2144 per
752 2095 988 2143 impositionem
1011 2106 1072 2128 ma-

318 2160 391 2189 nus,
423 2146 627 2183 desolationis
649 2158 724 2181 suae
746 2144 996 2180 consolationem
1018 2155 1072 2178 ac-

318 2197 453 2244 cipiunt,
479 2192 654 2231 'secundum
679 2195 847 2241 pessimam
870 2193 1073 2228 consuetudi-

320 2258 392 2281 nem
412 2246 609 2281 eorumdem.
638 2244 700 2279 Sed
720 2244 774 2278 filii
797 2251 828 2278 et
855 2243 1005 2277 haeredes
1025 2243 1071 2276 sic

319 2295 543 2331 decedentium
567 2303 694 2342 propter
715 2293 775 2328 hoc
796 2292 998 2328 exhaeredari
1030 2293 1070 2325 ti-

320 2354 452 2384 memes,
487 2357 523 2379 ac
550 2344 692 2379 volentes
725 2343 765 2377 ob
790 2342 817 2375 iil
846 2354 956 2376 eorum
980 2341 1070 2375 mali-

320 2395 393 2428 tiam
416 2393 570 2437 excusari,
593 2400 773 2440 proponunt
788 2403 820 2425 se
846 2391 921 2425 velle
938 2390 1070 2437 probare

320 2455 374 2487 per
402 2451 508 2483 testes,
535 2441 620 2489 quod
654 2441 761 2481 iidem,
786 2439 914 2488 quando
936 2439 1069 2485 recipie-

319 2492 394 2526 bant
421 2490 884 2532 consolationemhuiusmodi,
912 2488 1068 2535 loquelam

320 2541 490 2575 amiserant
510 2549 540 2575 et
570 2548 659 2575 erant
676 2539 800 2574 alienati
816 2551 832 2573 a
848 2545 971 2573 mente:
995 2549 1067 2571 cum

319 2590 417 2623 moris
440 2590 479 2623 sit
501 2589 585 2636 apud
607 2601 662 2624 eos
683 2591 729 2632 (ut
750 2588 875 2631 dicitur)
898 2586 983 2634 quod
1003 2585 1069 2620 nul·

318 2636 383 2671 lum
412 2638 512 2671 taliter
534 2638 748 2676 consolentur,
771 2637 901 2685 quinon
920 2636 959 2670 sit
974 2646 1067 2670 sanae

893 275 1082 300 BULLARttJM
1108 274 1270 297 ROMANUM

1108 328 1222 363 mentis
1261 335 1291 362 et
1318 326 1500 361 memoriam
1529 325 1641 361 haheat
1667 324 1852 360 ordinatam.

1106 377 1212 419 Quare
1253 389 1310 411 nos
1340 375 1504 411 consulere
1544 375 1707 415 voluistis,
1747 382 1854 409 utrum

1107 426 1244 461 debeant
1271 425 1348 461 tales
1371 425 1570 472 probationes
1596 423 1730 459 admitti.

1157 476 1177 523 S
1201 480 1232 510 1.
1260 474 1325 510 Nos
1358 475 1453 521 igitur
1484 473 1707 509 consultationi
1735 481 1857 507 vestrae

1107 524 1210 559 taliter
1232 523 1481 571 respondemus,
1510 531 1542 557 ut
1563 525 1589 558 si
1613 523 1752 569 legitime
1777 533 1858 556 con-

1107 574 1233 618 stiterit,
1255 573 1338 621 quod
1357 573 1518 620 praedicti,
1537 572 1612 607 dum
1634 583 1729 607 sanae
1743 571 1858 606 mentis

1108 631 1231 665 essent,
1260 623 1407 670 petierint
1442 621 1617 657 haereticos
1653 621 1857 661 Consolatos‚

1108 673 1216 720 sicque
1243 673 1323 707 viam
1348 671 1465 707 fuerint
1492 671 1655 705 universae
1681 671 1786 705 earnis
1807 669 1858 704 in-

1108 723 1219 768 gressi,
1234 722 1307 757 licet
1321 720 1569 756 consolationem
1583 719 1779 759 huiusmodi,
1795 718 1858 753 imo

1110 772 1212 806 verius
1247 771 1492 814 desolationem,
1521 781 1582 804 nou
1618 780 1712 804 sanae
1743 768 1858 804 mentis

1108 820 1227 862 effecti,
1263 821 1309 855 vel
1339 828 1408 868 post
1436 818 1591 867 perditam
1618 818 1678 853 iam
1700 817 1859 866 loquelam

1109 871 1290 918 suscepisse
1308 869 1464 910 dicantur,
1487 868 1571 903 nulla
1593 879 1689 915 super
1710 867 1770 902 hoc
1783 878 1860 914 pro-

1110 920 1192 954 batio
1206 919 1402 963 admittatur,
1429 930 1500 953 cum
1521 919 1550 952 in
1576 918 1662 952 nullo
1687 917 1732 952 sic
1759 917 1860 951 dece-

1110 969 1220 1004 dentes
1242 968 1376 1004 debeant
1394 975 1556 1014 propterea
1579 967 1718 1001 relevari.
1740 965 1776 1001 In
1804 965 1862 1000 du-

1111 1018 1162 1053 bio
1185 1030 1257 1053 vero
1279 1017 1402 1053 admitti
1426 1017 1550 1064 poterit:
1574 1028 1637 1051 non
1659 1023 1763 1051 tamen
1786 1027 1859 1050 uxo-

1110 1080 1172 1109 res,
1196 1067 1263 1111 filii,
1290 1079 1345 1102 seu
1364 1066 1544 1106 familiares,
1572 1073 1625 1100 aut
1646 1065 1685 1100 de
1713 1064 1780 1100 suis
1807 1063 1861 1099 ali-

1109 1117 1183 1164 qui,
1221 1116 1260 1152 ad
1287 1116 1348 1151 hoc
1379 1115 1574 1163 probandum
1609 1115 1802 1162 recipiantur
1828 1112 1859 1147 in

1111 1166 1351 1210 testimonium,
1384 1165 1438 1200 sed
1469 1164 1521 1200 alii
1548 1172 1643 1200 testes
1676 1163 1799 1204 idonei,
1829 1170 1860 1196 et

1111 1215 1288 1262 specialiter
1302 1214 1374 1249 fidei
1393 1214 1554 1254 zelatores,
1572 1225 1644 1249 cum
1659 1221 1768 1249 contra
1782 1211 1861 1247 tales

1112 1266 1150 1299 sit
1173 1277 1235 1299 non
1263 1264 1422 1299 modicum
1445 1263 1731 1311 praesumendum:
1759 1263 1861 1308 sitque

1113 1315 1142 1348 in
1171 1314 1287 1349 talibus
1311 1321 1437 1361 propter
1460 1313 1530 1347 {idei
1552 1313 1763 1360 privilegium,
1789 1322 1861 1346 cum

1112 1364 1209 1398 multa
1231 1363 1385 1406 cautliela,
1408 1373 1597 1409 summaque
1611 1360 1773 1408 diligentia
1790 1371 1862 1407 prae

1112 1413 1242 1448 caeteris
1264 1412 1410 1459 negotiis,
1435 1411 1684 1459 procedendum.

1163 1462 1276 1497 Datum
1315 1461 1479 1508 Anagniae
1520 1460 1626 1496 idibus
1665 1458 1862 1500 novembris,

1114 1511 1314 1558 pontificatus
1337 1511 1433 1546 nostri
1461 1522 1544 1546 anno
1565 1517 1686 1556 quarto.

1133 1572 1194 1602 Dat.
1214 1573 1262 1602 die
1281 1572 1318 1601 13
1340 1581 1454 1602 novem.
1478 1571 1563 1609 1258,
1586 1570 1688 1610 pontif.
1707 1579 1784 1601 anno
1805 1577 1842 1600 iv.

1419 1729 1558 1764 XLVlll.

1114 1812 1161 1845 De
1179 1812 1318 1845 cautione
1338 1811 1513 1855 recipienda
1538 1811 1577 1844 ab
1603 1810 1758 1844 haereticis
1788 1821 1864 1843 con—

1164 1862 1255 1894 versis
1290 1867 1315 1893 et
1345 1871 1449 1893 eorum
1481 1860 1664 1903 fautoribus.
1708 1859 1864 1893 Statuitur

1165 1912 1301 1954 insuper,
1330 1916 1364 1943 ut
1384 1921 1423 1943 ea:
1440 1909 1572 1953 pecunia
1593 1921 1632 1942 eoe
1651 1909 1771 1942 mulctis
1787 1919 1863 1954 pro-

1165 1960 1294 1993 venienti
1317 1970 1464 2003 expensae
1500 1958 1736 2002 [inquisitoribus
1767 1958 1863 1991 mini-

1162 2015 1294 2042 strentur
1308 2019 1364 2053 per
1384 2009 1546 2053 episcopos.

1381 2080 1596 2112 SUMMARIUM

1157 2145 1179 2173 l.
1199 2143 1329 2173 Primum
1352 2148 1448 2183 caput.
1471 2160 1509 2165 —
1526 2142 1553 2172 ⁹2.
1576 2141 1667 2180 Caput
1685 2141 1822 2171 alterum.

1111 2219 1261 2247 Alexander
1272 2219 1413 2254 episcopus
1426 2225 1521 2246 servus
1535 2223 1676 2246 servorum
1687 2216 1743 2250 Dei,
1753 2216 1863 2245 dilectis

1156 2268 1220 2296 filiis
1235 2267 1371 2297 frati-ibus
1387 2267 1490 2297 ordinis
1505 2267 1639 2296 minorum
1653 2265 1863 2302 inquisitoribus

1156 2317 1311 2345 haereticae
1322 2317 1475 2352 pravitatis
1484 2317 1512 2345 in
1523 2315 1761 2344 administratione
1770 2313 1862 2342 saneti

1155 2365 1298 2398 Francisci,
1318 2366 1378 2393 tam
1410 2365 1612 2401 praesentibus.
1646 2370 1726 2400 quam
1744 2362 1861 2395 tuturis.

1155 2416 1274 2444 satutem
1290 2416 1320 2443 et
1337 2414 1519 2450 apostoticam
1537 2413 1757 2443 benedictionem.

1160 2490 1180 2533 ᾗ·
1222 2489 1251 2519 i.
1294 2485 1399 2533 Super
1435 2484 1642 2532 extirpatione
1684 2482 1860 2518 haereticae

1112 2536 1283 2584 pravitatis,
1310 2535 1370 2569 hoc
1389 2547 1404 2569 a
1423 2534 1513 2569 vobis
1540 2534 1569 2568 in
1597 2533 1674 2567 locis
1693 2532 1722 2566 in
1741 2531 1860 2579 quibus

1111 2593 1218 2620 contra
1241 2584 1416 2619 haereticos
1442 2583 1532 2618 vobis
1555 2581 1768 2629 inquisitionis
1790 2581 1860 2616 offi-

1110 2634 1191 2669 cium
1220 2641 1267 2668 est
1290 2633 1513 2676 commissum,
1547 2631 1715 2666 statuimus
1742 2630 1860 2666 obser-

1868 269 1919 296 An.
1937 268 1967 294 C.
1984 267 2051 295 12³8

2098 1875 2116 1916 ”57²
2099 1823 2114 1851 Ν.
2103 1791 2113 1798 t.
2096 1706 2113 1765 ›ui-⁴
2103 1613 2121 1681 *¹³2¹
2104 1573 2113 1585 a

1887 2493 1977 2514 Primum
1986 2495 2056 2520 caput.

2087 2702 2094 2714 “
2087 2566 2121 2680 ·“’”””’“““7’
2080 2085 2115 2555 ‘Qssb'v'kss'nssmrv-wfflm
2097 2054 2111 2077 fr
2094 1927 2119 2045 ‹evas-22.-
