2129 3223
367 228 406 261 81
418 229 437 260 4
903 234 1090 258 BULLARIFM
1114 234 1277 256 nonaxon

318 295 476 330 Galterius
504 292 600 326 abbas
621 291 849 326 Viaeliacensis
876 291 1035 337 componit
1059 302 1132 325 cum
1156 289 1280 324 Herveo
1303 291 1418 326 comite
1441 290 1649 331 Nivernense,
1666 292 1737 326 289
1760 304 1791 325 α.

318 344 467 380 Galterus
488 342 628 388 archiep.
651 342 911 387 Rotomagensis,
937 343 984 376 48
1006 343 1034 375 b.

317 394 507 429 Garatenses
524 391 708 435 (haeretici),
730 403 906 438 eorumque
927 403 1063 438 poenae,
1092 391 1163 425 506
1190 391 1208 424 b
1229 399 1260 425 et
1285 403 1344 436 seq.

318 444 506 479 Gaudentes
529 441 650 476 fraires.
679 443 713 474 V.
742 441 858 476 Mariae
886 441 949 484 (Β.)
976 440 1133 487 gloriosae
1156 438 1296 486 Virginis
1324 439 1444 474 Militia.

317 491 491 529 Gaul'ridus
517 491 657 539 archiep.
680 491 905 538 Burdegalen.,
923 493 967 525 59
983 503 1013 524 α.

317 542 490 578 Gaufridus
516 541 658 588 archiep.
697 541 910 576 Eboracensis
942 539 1191 575 Dunelmensem
1225 539 1410 587 episcopum
1448 540 1721 580 excommunicat,
1758 543 1797 574 81
1835 553 1867 575 α.

415 592 599 640 Suspensus
621 591 807 631 declaratur,
830 593 876 625 99
900 593 927 624 b.
960 589 1005 624 At]
1034 589 1150 625 Sedent
1178 589 1289 636 Apost.
1318 589 1469 638 appellat,
1503 592 1563 625 101
1591 602 1621 624 α.
1649 588 1727 624 Eius
1759 602 1869 626 exces-

416 655 481 682 sus,
509 643 584 676 ibid.
608 643 636 675 b.

318 692 548 728 Gemblacense
583 690 809 726 monasterium
847 689 907 724 sub
934 690 1045 736 Apost.
1082 689 1176 724 Sedis
1209 690 1403 736 protectione
1439 689 1621 736 suscipitur,
1658 689 1752 737 eique
1788 688 1868 724 bona

416 742 522 777 omnia
545 741 774 776 confirmantur
796 747 827 775 et
856 739 1019 786 privilegia
1044 739 1194 773 nonnulla
1218 740 1449 781 conceduntur,
1472 741 1542 774 287
1567 741 1595 774 b.

317 792 479 828 Gerardus
500 791 668 839 episcopus
696 790 909 826 Bellunensis.
939 791 974 823 V.
998 789 1202 824 Bellunensis
1224 789 1389 825 Ecclesiae
1411 798 1462 824 etc.

317 842 478 878 Gerardus
501 842 587 890 prior
610 841 793 876 monasterii
816 839 1132 884 Grandimontensis,
1155 841 1201 874 62
1223 841 1251 874 b.

317 892 499 927 Germanus
526 891 702 939 patriarcha
741 889 1130 936 Constantinopolitanus,
1166 891 1236 924 469
1271 902 1300 924 α.
1337 889 1534 925 Admonetur
1570 899 1603 925 ut
1635 888 1673 924 ad
1709 888 1868 936 gremium

417 942 527 978 matris
548 941 711 977 Ecclesiae
734 949 919 982 revertatur,
945 941 1022 974 ibid.
1045 948 1075 975 et
1094 952 1153 985 seq.

318 992 512 1028 Godefridus
538 991 550 1025 I
572 990 762 1027 Brabantiae
790 990 855 1025 dux
883 989 964 1024 bona
988 989 1141 1024 nonnulla
1163 989 1310 1025 concedit
1335 989 1540 1037 Templariis,
1569 991 1610 1024 31
1637 1002 1667 1024 a.

319 1042 514 1078 Godefridus
535 1041 562 1076 II
585 1041 775 1076 Brahantiae
802 1040 867 1075 dux
893 1040 974 1074 bona
999 1039 1148 1074 nonnulla
1171 1039 1317 1074 concedit
1339 1039 1547 1088 Templariis,
1571 1041 1612 1074 31
1639 1052 1669 1075 a.

319 1092 493 1127 Gradensis
517 1091 659 1126 Ecclesia
682 1091 742 1126 sub
765 1090 961 1138 protectione
985 1089 1187 1137 Apostolicae
1210 1089 1303 1125 Sedis
1324 1090 1511 1137 suscipitur,
1534 1089 1628 1137 eique
1651 1088 1869 1137 patriarchalis

419 1141 557 1189 dignitas
583 1141 800 1185 confirmatur,
829 1142 869 1174 41
897 1152 917 1174 α
943 1147 972 1175 et
994 1152 1054 1185 seq.

319 1191 447 1227 Gradus
475 1193 505 1226 in
528 1190 672 1226 Ecclesia
700 1190 827 1229 diversi,
851 1191 922 1224 458
944 1203 973 1224 α.
1002 1189 1108 1224 Locus
1135 1189 1266 1225 cuilibet
1288 1190 1480 1237 assignatus,
1509 1190 1582 1225 ibid.

321 1242 434 1277 Graeci
458 1242 487 1276 in
523 1240 724 1276 dioecesibus
745 1240 930 1276 Latinorum
959 1240 1110 1286 degentes
1136 1239 1242 1275 latinis
1274 1240 1434 1287 episcopis
1470 1239 1606 1275 subiecti
1635 1250 1706 1274 esse
1740 1237 1872 1279 debent,

421 1293 491 1326 582
523 1303 553 1325 α.
582 1290 664 1326 Cum
693 1290 909 1326 discesserunt
935 1289 974 1325 ab
997 1289 1115 1325 unione
1142 1290 1305 1325 Romanae
1333 1290 1494 1325 Ecclesiae
1523 1289 1554 1324 in
1586 1288 1744 1324 servitutis
1766 1288 1872 1335 iugum

421 1349 494 1376 sunt
509 1341 602 1388 lapsi,
618 1342 683 1375 471
700 1353 730 1375 a.

323 1392 455 1427 Graecis
477 1391 721 1437 indulgendum,
750 1397 783 1425 ut
804 1402 879 1426 suos
902 1390 982 1425 ritus
1004 1399 1191 1437 sequantur,
1215 1392 1285 1425 580
1304 1403 1334 1425 α.
1361 1390 1568 1438 Explicantur
1584 1389 1766 1425 huiusmodi
1783 1387 1873 1428 ritus,

422 1443 498 1475 ibid.
522 1449 552 1476 et
577 1453 637 1486 seq.

324 1492 520 1527 Graecorum
549 1502 638 1526 error
659 1490 699 1525 de
721 1490 923 1538 processione
951 1490 1089 1537 Spiritus
1110 1490 1232 1530 Sancti,
1265 1493 1331 1525 194
1354 1492 1382 1524 b.
1412 1490 1583 1536 Imperium
1606 1489 1645 1524 ab
1672 1489 1718 1523 eis
1745 1488 1784 1523 ad
1810 1488 1873 1524 La-

426 1541 510 1576 tinos
536 1539 698 1588 quomodo
725 1540 911 1575 translatum
929 1568 937 1581 ,
960 1541 1034 1574 ibid.
1064 1539 1181 1574 Eorum
1209 1539 1346 1574 schisma
1375 1540 1405 1574 in
1439 1538 1545 1574 Veteri
1567 1538 1772 1574 Testarneuto
1789 1550 1876 1583 prae—

424 1591 612 1639 figuratum,
634 1593 704 1625 472
728 1592 755 1625 b.
785 1589 903 1625 Eorum
928 1589 1070 1625 diversus
1094 1591 1173 1624 ritus
1194 1589 1226 1623 in
1249 1596 1446 1624 sacramento
1467 1588 1697 1633 Eucharistiae,
1721 1590 1791 1623 473
1819 1589 1846 1623 b.

325 1641 631 1677 Grandimontenses
658 1639 803 1675 monachi
827 1640 950 1675 decreta
976 1640 1126 1674 nonnulla
1148 1639 1289 1674 obtinent
1312 1651 1368 1686 pro
1390 1640 1509 1687 quiete,
1533 1639 1616 1674 bono
1638 1638 1807 1685 regimine,
1837 1649 1873 1672 ac

425 1691 559 1738 regulari
582 1702 692 1726 eorum
715 1690 895 1737 disciplina,
924 1691 969 1724 42
993 1691 1020 1723 b.
1050 1689 1171 1724 Statuta
1197 1689 1242 1724 eis
1272 1690 1341 1724 data
1371 1689 1410 1724 ab
1439 1689 1570 1724 Urbano
1599 1688 1642 1723 III
1678 1701 1733 1735 pro
1763 1699 1873 1722 eorum

423 1742 529 1788 quiete
556 1750 586 1776 et
613 1739 780 1788 disciplina
807 1740 1047 1780 confirmantur,
1076 1740 1122 1773 62
1149 1751 1178 1773 α.
1203 1739 1274 1774 Alia
1296 1747 1409 1774 statuta
1432 1739 1552 1774 eisdem
1578 1738 1713 1781 dantur,
1740 1736 1811 1772 256
1842 1750 1871 1771 a.

425 1791 513 1827 Ordo
541 1791 729 1826 relormatur
752 1791 784 1825 in
811 1801 910 1836 regno
937 1789 1145 1833 Francorum,
1169 1789 1316 1836 bonaque
1342 1790 1370 1823 ei
1398 1789 1638 1831 confirmantur,
1668 1789 1734 1823 551
1767 1800 1798 1822 α.

327 1842 500 1889 Gregorius
522 1841 704 1877 Catholicus
730 1841 942 1875 Armenorum
966 1840 1135 1887 primatum
1162 1839 1324 1874 Romanae
1353 1839 1514 1874 Ecclesiae
1542 1837 1722 1878 confitetur,
1752 1838 1822 1872 166
1844 1849 1874 1871 α.

425 1892 543 1940 Papam
566 1904 639 1927 vero
662 1890 847 1926 universalis
880 1890 1042 1925 Ecclesiae
1064 1897 1176 1938 caput,
1204 1891 1277 1924 ibid.
1303 1892 1330 1924 b.
1365 1889 1516 1924 Hortatur
1539 1889 1576 1924 ad
1601 1887 1872 1935 perseverantiam

426 1951 455 1978 et
483 1942 521 1978 ad
544 1942 785 1978 subventionem
808 1940 926 1975 Terrae
952 1940 1106 1981 Sanctae,
1136 1942 1204 1975 167
1227 1953 1258 1974 a.

327 1993 501 2041 Gregorius
522 1992 594 2027 VIII
620 1991 683 2026 PP.
712 1990 850 2038 eligitur,
873 1994 919 2025 49
947 2003 977 2024 α.
1005 1989 1128 2025 statuta
1151 1989 1249 2025 literis
1267 1988 1386 2025 Urbani
1407 1989 1469 2024 PP.
1494 1988 1596 2023 tribus
1619 1987 1783 2022 mensibus
1801 1993 1874 2021 ante

428 2044 498 2078 eius
523 2042 644 2078 obitum
670 2042 738 2076 data
767 2040 948 2079 confirmat¹
973 2040 1161 2088 plenamque
1184 2040 1299 2074 habere
1323 2040 1501 2075 firmitatem
1525 2038 1679 2078 decernit,
1700 2037 1776 2071 ibid.
1798 2043 1830 2070 et
1844 2037 1873 2070 b.

427 2093 579 2129 Hortatur
601 2091 823 2127 christifideles
849 2090 887 2125 ad
909 2090 1024 2125 Terrae
1046 2090 1181 2125 Sanctae
1204 2090 1489 2136 recuperationem,
1513 2090 1558 2124 50
1581 2102 1602 2123 α
1624 2096 1654 2123 et
1671 2100 1732 2133 seq.
1759 2085 1876 2121 Statuit

430 2156 486 2191 pro
503 2155 538 2179 ea
560 2141 731 2178 obtinenda
757 2141 912 2176 ieiunium
935 2141 1124 2175 servandum
1141 2152 1209 2174 esse
1227 2147 1321 2186 atque
1345 2152 1359 2173 a
1373 2139 1521 2174 carnibus
1537 2138 1762 2173 abstinendum
1783 2137 1877 2172 certis

430 2193 544 2229 diebus
568 2205 621 2239 per
648 2191 920 2240 quinquennium,
950 2192 995 2225 52
1018 2192 1045 2225 b.

331 2244 505 2291 Gregorius
527 2243 569 2278 lx
597 2243 681 2290 Papa
705 2253 857 2277 ccxxvul
879 2240 1018 2286 eligitur,
1041 2243 1112 2275 420
1140 2253 1170 2275 α,

331 2294 501 2341 Grisogoni
529 2294 590 2337 (S.)
617 2293 656 2328 de
678 2292 762 2327 Urbe
784 2290 944 2326 Ecclesiae
975 2291 1143 2325 subiicitur
1164 2289 1223 2325 alia
1251 2290 1285 2325 S.
1313 2288 1485 2324 Salvatoris
1507 2289 1547 2324 de
1573 2288 1686 2332 Curte,
1710 2289 1772 2322 161
1802 2288 1819 2321 b
1848 2293 1878 2320 et

431 2357 491 2390 seq.
514 2343 752 2379 confirmantur
774 2343 803 2377 ei
827 2341 907 2376 bona
929 2349 960 2376 et
981 2340 1199 2376 conceduntur
1218 2340 1390 2387 privilegia,
1419 2340 1486 2374 163
1507 2341 1535 2374 b.

334 2394 517 2430 Gualterius
550 2393 793 2429 panormitanus
821 2391 974 2439 archiep,
1005 2394 1048 2426 ’12
1076 2403 1106 2425 α.

334 2443 505 2479 Gualterus
525 2442 759 2479 Corinthiensis
785 2441 926 2486 archiep.
959 2441 996 2475 V.
1015 2439 1250 2476 Corinthiensis
1277 2438 1429 2474 Ecclesia.

335 2493 441 2529 Guido
463 2494 611 2539 magister
633 2492 796 2540 hospitalis
822 2490 856 2527 S.
880 2490 995 2526 Mariae
1022 2491 1052 2526 in
1075 2489 1180 2526 Saxia.
1214 2490 1249 2523 V.
1277 2488 1417 2536 Spiritus
1445 2488 1502 2533 (S.)
1525 2487 1601 2523 ordo
1628 2493 1680 2521 otc.

336 2542 498 2578 Guillelmi
516 2543 555 2578 de
573 2543 607 2578 S.
626 2542 743 2577 Amore
769 2542 850 2576 liber
871 2542 919 2576 De
942 2543 1087 2587 periculis
1114 2540 1348 2574 novissimorum
1370 2547 1540 2585 temporum
1561 2537 1738 2580 damnatur,
1755 2539 1827 2571 644
1848 2548 1878 2570 a.

336 2591 526 2628 Guillelmus
547 2592 684 2628 Achaiae
708 2592 856 2639 princeps
883 2591 962 2626 bona
987 2590 1197 2627 ecclesiastica
1226 2597 1378 2637 occupat.
1408 2591 1479 2624 590
1511 2601 1541 2623 α.
1574 2586 1880 2625 Excommunicatus

439 2642 606 2689 resipiscit,
628 2644 702 2676 ibid.
727 2643 754 2676 b.
