2129 3223
364 283 411 316 90

316 347 392 382 forte
414 347 581 382 cuiuslibet
604 346 787 381 temeritatis
816 347 978 387 incursus,
1013 355 1065 382 aut

314 408 368 431 eos
390 409 405 430 a
429 397 588 444 proposito
616 404 750 436 revocet,
773 405 825 431 aut
852 397 948 432 robur
968 396 1063 444 (quod

314 445 406 488 absit)
429 457 534 480 sacrae
556 446 720 492 religionis
737 445 896 491 infringat.

363 494 549 541 Eapropter,
571 494 675 530 dilecti
701 495 730 529 in
753 494 890 530 Domino
913 495 979 538 filii,
1013 507 1065 529 ve-

315 544 386 577 stris
410 545 499 579 iustis
522 544 788 591 postulationibus
815 544 986 579 clementer
1013 557 1065 578 an-

315 592 459 633 nuimus,
491 603 520 629 et
548 593 717 640 praefatam
740 593 906 628 ecclesiam
930 592 1064 628 Sanctae

315 641 430 677 Mariae
452 641 491 677 de
513 642 667 687 Ferraria,
688 654 768 690 quae
792 643 823 677 in
847 641 944 677 fundo
971 653 986 676 a
1006 654 1065 677 no·

315 690 367 724 bili
403 693 470 726 viro
492 692 647 727 Riccardo
673 692 712 726 de
739 691 860 738 Sangro
892 691 942 738 pia
975 691 1065 726 vobis

313 739 482 776 donatione
498 753 650 776 concesso
665 740 702 775 ad
719 741 859 775 divinum
875 740 1062 787 obsequium

312 791 546 835 construxistis,
574 790 628 825 sed
655 798 685 825 et
707 790 866 825 cambium
889 790 973 837 quod
992 789 1064 824 feci-

312 838 369 872 stis
403 851 476 874 cum
510 839 679 875 venerabili
717 839 809 876 fratre
841 846 949 874 nostro
980 838 1064 872 Mat-

313 887 404 923 thaeo
426 888 579 936 Capuano
601 889 854 943 archiepiscopo
876 896 905 922 et
922 887 1063 922 Ecclesia

312 936 484 984 Capuana,
511 951 526 973 a
554 938 670 985 quibus
705 937 870 984 recepistis
896 937 974 972 duas
1009 949 1065 971 ec-

312 986 424 1021 clesias
446 987 575 1031 dirutas,
595 987 674 1022 idest
687 987 852 1021 ecclesiam
871 985 904 1020 S.
922 986 1062 1027 Martini,

313 1035 341 1069 in
369 1048 429 1082 qua
453 1036 698 1071 Cisterciensem
734 1036 875 1070 ordinem
899 1035 1064 1070 instituere

312 1086 480 1126 statuistis,
508 1093 537 1120 et
564 1085 698 1120 Sanctae
725 1084 840 1119 Luciae
863 1096 934 1118 cum
958 1084 1063 1118 omni-

313 1133 370 1169 hus
393 1135 574 1169 tenimentis
602 1146 726 1174 earum,
759 1134 839 1167 sicut
874 1132 997 1167 habetis
1031 1133 1062 1166 in

312 1183 442 1229 publico
465 1184 692 1226 instrumento,
713 1190 745 1217 et
766 1182 869 1216 locum
898 1181 985 1216 illum
1009 1181 1063 1216 ubi

311 1239 357 1265 est
379 1233 508 1267 ecclesia
532 1232 637 1267 Sancti
661 1230 774 1277 Angeli
803 1243 875 1266 cum
899 1232 968 1278 ipsa
1003 1232 1064 1265 Ec-

310 1283 406 1317 clesia
429 1290 458 1317 et
486 1282 660 1316 tenimento
685 1293 761 1325 suo,
789 1280 819 1314 in
842 1281 892 1315 ius
925 1288 955 1315 et
991 1291 1063 1326 pro-

311 1331 475 1375 prietatem
503 1331 602 1366 sancti
629 1330 744 1371 Petri,
777 1338 807 1364 et
845 1337 1063 1364 sacrosanctae

310 1378 472 1415 Romanae
495 1380 656 1414 Ecclesiae
685 1378 724 1413 ad
753 1379 851 1413 instar
881 1377 980 1413 felicis
1007 1389 1063 1412 re-

311 1429 504 1463 cordationis
536 1427 627 1463 Lucii
667 1435 698 1462 et
724 1426 900 1462 Clementis
929 1426 1063 1473 praede-

312 1490 474 1513 cessorum
494 1485 673 1512 nostrorum
689 1475 895 1523 suscipimus,
917 1483 948 1510 et
969 1487 1063 1523 prae-

313 1528 412 1562 sentis
450 1526 558 1574 scripti
598 1525 761 1573 privilegio
807 1525 1061 1569 communimus,

116 1571 198 1622 [ξξξξξ
221 1572 299 1624 ,uma
313 1583 503 1616 statuentes,
530 1583 564 1609 ut
589 1585 806 1621 quascumque
833 1574 1062 1629 possessiones,

114 1637 166 1652 nm:
313 1636 533 1672 quaecumque
548 1624 630 1659 bona
652 1623 760 1658 eadem
774 1623 940 1658 Ecclesia
933 1635 963 1657 in
978 1634 1063 1670 prae-

313 1675 485 1709 sentiarum
509 1674 590 1708 iuste
612 1681 642 1707 et
664 1673 815 1707 canonice
837 1671 988 1719 possidet
1009 1679 1062 1706 aut

313 1723 343 1757 in
367 1723 507 1757 futurum
534 1722 741 1757 concessione
763 1721 966 1761 Pontificum,
994 1720 1062 1755 lar—

311 1772 428 1817 gitione
454 1783 576 1818 regum,
615 1771 661 1805 vel
686 1770 876 1817 principum,
904 1769 1062 1804 oblatione

312 1821 466 1875 fidelium,
492 1833 546 1855 seu
569 1820 640 1854 aliis
664 1820 756 1854 iustis
771 1819 885 1859 modis,
908 1818 975 1853 Deo
995 1830 1063 1864 pro-

313 1870 401 1916 pitio,
419 1870 534 1916 poterit
552 1869 695 1915 adipisci,
714 1868 802 1902 firma
818 1868 917 1907 vobis,
940 1867 1063 1902 restris-

311 1930 373 1972 que
395 1917 646 1961 successoribus,
669 1925 699 1951 et
713 1916 830 1951 illibata
847 1924 1061 1963 permaneant,

312 1980 343 2001 in
370 1967 488 2014 quibus
509 1967 586 2001 haec
614 1966 749 2013 propriis
771 1966 921 2000 duximus
949 1977 1061 2011 expri—

115 2012 298 2069 Pssfpssfflspssgff
313 2017 426 2051 menda
453 2015 623 2050 vocabulis.
654 2014 783 2049 Praedia
815 2026 895 2060 quae
930 2014 1062 2048 contulit

116 2074 169 2094 bulis
192 2076 296 2101 niarium·
313 2065 401 2099 vobis
428 2064 656 2099 illustrissimae
684 2063 854 2098 memoriae
886 2061 939 2095 W.
969 2062 1059 2097 Com.

314 2126 366 2149 rex
391 2113 539 2152 Siciliae,
571 2113 693 2147 scilicet
718 2112 858 2147 startiam
881 2111 920 2146 de
942 2110 1063 2146 Camil-

312 2163 387 2205 lant,
409 2162 547 2198 startiam
570 2162 609 2196 de
631 2161 812 2200 Palmenso,
834 2168 864 2194 et
883 2160 1060 2206 giardinum

312 2212 352 2246 de
378 2211 547 2255 Vallerari,
582 2210 721 2245 startiam
755 2210 789 2244 S.
825 2209 997 2257 Stephani,
1033 2217 1063 2243 et

311 2260 506 2305 Pantanolli,
541 2267 572 2294 et
607 2260 706 2293 rivum
742 2258 862 2313 lanuli,
902 2266 930 2292 et
954 2257 1063 2292 Fontis

311 2309 438 2349 Stellae,
465 2317 495 2344 et
515 2308 622 2344 Sancti
656 2308 770 2342 Petri
764 2320 794 2341 tn
823 2307 906 2342 lacu
933 2306 1062 2347 Sancto,

312 2371 404 2393 usum
440 2370 628 2412 pascuorum
669 2365 698 2392 et
730 2356 873 2391 omnium
907 2356 1061 2410 sylvarum

314 2408 344 2441 in
367 2408 478 2443 eodem
504 2408 677 2442 tenimento
709 2405 832 2445 Vaiani,
860 2405 999 2440 startiam
1025 2404 1064 2438 de

315 2455 412 2500 Flaxi,
439 2465 468 2491 et
492 2456 586 2490 Pedis
606 2455 734 2495 Montis,
757 2466 850 2501 quam
873 2454 958 2489 dedit
977 2453 1064 2488 iobis

314 2504 498 2539 Tancredus
523 2505 653 2539 illustris
689 2503 815 2538 Siciliae
838 2515 892 2537 rex
928 2503 959 2537 in
983 2503 1064 2537 teni-

314 2562 420 2587 mento
441 2553 581 2588 Theani:
606 2553 813 2588 tenimentum
836 2551 922 2598 quod
942 2551 1065 2586 habetis

315 2602 517 2646 intromonte,
539 2610 568 2637 et
591 2602 621 2636 in
645 2601 794 2636 omnibus
817 2600 958 2648 partibus
984 2601 1064 2640 eius

314 2658 344 2685 et
365 2651 521 2698 quidquid
543 2650 666 2686 hahetis
685 2652 714 2684 in
727 2649 872 2685 Vairano.
896 2649 1062 2684 Praedium

119 292 169 318 An.
186 291 213 318 C.
231 292 301 318 tt95

130 545 210 566 evi-tesi

117 576 192 597 Mariae
208 578 232 597 de
249 576 299 597 Fer-

117 609 171 628 mia
187 608 223 628 sub
239 607 299 629 Sidis

139 638 272 663 apostolicae

118 671 250 695 {tutet-tione
268 675 300 690 ie-

116 701 177 725 cipit:

215 552 245 566 um
279 545 298 566 S.

899 292 1088 316 BULLARtUM
1111 292 1273 316 ROMANUM

1868 291 1918 318 An.
1936 289 1963 316 C.
1984 289 2052 318 ¹¹93

1106 346 1189 394 quod
1206 345 1339 381 contulit
1353 345 1439 382 vobis
1458 346 1592 382 loannes
1605 346 1754 381 Notarius
1769 346 1854 381 iuxta

1107 397 1222 430 flumen
1247 395 1424 436 Vulturani,
1450 404 1480 431 et
1498 395 1648 443 quiequid
1675 395 1764 430 vobis
1779 407 1856 430 con-

1106 444 1176 479 tulit
1204 444 1274 491 Ugo
1301 444 1340 480 de
1363 444 1473 485 Prata,
1505 445 1657 492 quicquid
1680 444 1803 480 habetis
1824 445 1854 479 in

1107 494 1263 529 territorio
1285 493 1391 529 Sancti
1414 494 1540 540 Angeli,
1561 503 1593 529 et
1614 495 1720 529 omnia
1741 505 1854 541 pascua

1107 544 1136 577 in
1160 552 1240 578 terra
1263 543 1403 578 eiusdem
1426 542 1560 589 UgoniS,
1581 550 1613 578 et
1632 543 1717 590 quod
1733 543 1856 578 habetis

1107 593 1136 626 in
1172 592 1356 636 Catalasca,
1390 591 1523 627 fundum
1551 592 1591 626 de
1617 591 1710 640 Sylva
1737 592 1856 635 Plana,

1105 653 1199 688 quem
1229 641 1350 676 habetis
1372 653 1408 676 ex
1432 641 1516 676 dono
1538 640 1704 675 Gimundi.
1726 640 1855 676 Terram

1105 702 1198 736 quam
1227 690 1361 725 contulit
1383 689 1471 724 vobis
1492 690 1606 724 mulier
1635 690 1750 725 nobilis
1776 690 1856 724 Mat-

1105 740 1182 782 thia,
1211 747 1242 774 et
1261 739 1440 786 praedictus
1463 738 1531 785 Ugo
1554 739 1584 773 in
1607 739 1737 774 flumine
1763 738 1856 782 Lese,

1106 788 1158 823 ubi
1193 788 1314 823 habetis
1349 788 1566 822 molendinum
1587 787 1706 823 Follae.
1744 788 1857 823 Eccle-

1104 838 1181 872 siam
1204 837 1337 872 Sanctae
1358 836 1471 871 Crucis
1492 849 1564 872 cum
1587 848 1644 872 suo
1671 838 1855 872 tenimento:

1105 887 1242 921 rationes
1257 886 1480 924 Ecclesiarum
1495 898 1573 932 quas
1588 885 1738 921 habetis'
1731 899 1762 921 tn
1781 885 1857 921 Nea=

1107 935 1180 982 poli.
1204 935 1399 970 Beneficium
1420 935 1504 982 quod
1520 935 1608 970 debit
1629 936 1718 970 vobis
1741 935 1857 970 nobilis

1106 997 1150 1018 vir
1171 984 1305 1019 Ioannes
1330 996 1437 1019 comes
1458 984 1569 1018 Aliliae
1601 984 1632 1018 in
1667 984 1776 1019 eadem
1811 985 1858 1019 ci-

1105 1033 1210 1074 ritate,
1232 1042 1261 1068 et
1276 1033 1389 1068 domos
1407 1041 1437 1068 et
1459 1041 1556 1068 terras
1571 1045 1649 1080 quas
1665 1033 1707 1068 ibi
1721 1033 1855 1068 habetis.

1104 1082 1327 1117 Tenimentum
1350 1081 1405 1116 W.
1445 1081 1485 1117 de
1518 1082 1627 1117 Latina
1662 1082 1746 1129 quod
1769 1082 1856 1117 dedit

1105 1131 1195 1165 robis
1208 1131 1324 1166 nobilis
1346 1131 1393 1165 vir
1414 1130 1584 1166 Goll'redus
1612 1131 1651 1166 de
1669 1131 1777 1166 Monte
1789 1130 1857 1166 Fu-

1104 1179 1204 1215 sculo.
1234 1175 1404 1215 Praedium
1426 1181 1510 1226 quod
1538 1180 1671 1215 contulit
1696 1181 1786 1215 vobis
1801 1192 1856 1215 co·

1104 1241 1171 1264 mes
1193 1228 1248 1265 W.
1278 1229 1316 1264 de
1348 1228 1476 1264 Caserta
1500 1229 1531 1263 in
1553 1229 1728 1264 tenimento
1752 1229 1857 1264 Tene-

1104 1279 1200 1319 sciae,
1219 1277 1305 1325 quod
1328 1277 1386 1312 fuit
1400 1277 1528 1313 loannis
1548 1277 1668 1320 Militis,
1690 1278 1780 1314 Bassi
1795 1290 1855 1313 mo-

1104 1326 1288 1371 lendinum,
1331 1327 1415 1374 quod
1452 1327 1541 1361 vobis
1578 1327 1710 1363 contulit
1749 1339 1857 1363 comes

1105 1375 1260 1422 Rogerius
1285 1375 1324 1411 de
1347 1375 1464 1411 Molina
1482 1376 1512 1410 in
1536 1375 1664 1418 isernia,
1687 1384 1717 1412 et
1738 1376 1857 1411 molen-

1104 1424 1213 1459 dinum
1236 1425 1275 1459 de
1293 1425 1443 1469 Pintima,
1461 1425 1547 1472 quod
1569 1424 1657 1461 dedit
1678 1425 1766 1460 vobis
1781 1425 1858 1460 Mot-

1103 1474 1210 1520 gerius
1236 1473 1382 1509 Torellus
1403 1482 1435 1509 et
1455 1473 1541 1521 quod
1565 1473 1690 1510 habetis
1711 1475 1742 1509 in
1763 1473 1857 1510 Petra

1103 1530 1134 1556 et
1157 1523 1187 1557 in
1215 1522 1369 1558 Martiano
1391 1530 1422 1558 et
1451 1522 1586 1563 lsernia,
1619 1523 1735 1559 domus
1767 1524 1856 1571 Apo-

1103 1571 1239 1616 thecam,
1261 1579 1292 1606 et
1321 1579 1432 1616 terras,
1453 1584 1532 1619 quas
1553 1571 1687 1608 loannes
1707 1572 1855 1608 Riccardi

1103 1620 1188 1655 dedit
1214 1621 1305 1655 vobis
1336 1621 1368 1655 in
1390 1620 1521 1669 Capua,
1553 1629 1584 1656 et
1616 1621 1740 1662 domos,
1775 1633 1855 1668 quas

1103 1669 1189 1704 dedit
1210 1670 1298 1704 robis
1324 1669 1438 1705 Petrus
1470 1670 1580 1704 Alifiae
1614 1671 1643 1705 in
1671 1670 1780 1706 eadem
1808 1671 1854 1705 ci-

1104 1718 1207 1759 vitate,
1234 1727 1264 1753 et
1285 1719 1370 1765 quod
1392 1719 1523 1765 Sergius
1547 1720 1679 1756 contulit
1706 1719 1796 1755 vobis
1823 1720 1852 1754 in

1103 1768 1286 1802 Adversam.
1309 1767 1392 1803 Sane
1406 1768 1550 1802 laborum
1569 1777 1756 1813 vestrorum,
1773 1780 1854 1815 quos
1880 1780 1896 1800 Α
1923 1779 2051 1815 qeeimarufn

1105 1818 1238 1864 propriis
1267 1817 1428 1854 manibus,
1457 1818 1504 1851 vet
1538 1818 1718 1865 sumptibus
1751 1818 1854 1853 colitis
1867 1809 1974 1861 2¹:⁸22?
2004 1815 2050 1831 ‘¹¹'

1103 1873 1164 1899 tam
1196 1866 1234 1900 de
1268 1867 1358 1900 terris
1379 1866 1484 1906 cultis,
1518 1879 1612 1913 quarn
1640 1867 1765 1902 incultis
1786 1874 1852 1907 etc.;

1104 1913 1194 1949 liceat
1228 1927 1355 1962 quoque
1389 1915 1477 1950 vobis
1510 1916 1644 1950 clericos
1676 1915 1724 1950 vel
1758 1916 1854 1951 laicos

1104 1963 1219 1998 liberos
1240 1972 1293 1998 etc.
1330 1964 1542 1999 Prohibemus
1568 1965 1698 2011 insuper
1731 1977 1771 2000 ne
1798 1964 1852 2000 ulli

1103 2012 1232 2046 fratrum
1253 2020 1429 2047 iestrorum
1456 2021 1522 2053 eleg
1545 2013 1758 2049 discedentem
1780 2026 1853 2049 vero

1102 2068 1171 2101 ειυς
1198 2061 1281 2108 quod
1301 2062 1327 2095 si
1349 2063 1421 2108 quis
1444 2062 1521 2097 forte
1547 2070 1600 2097 etc.
1619 2062 1691 2097 Paci
1713 2075 1853 2110 quoque,
1877 2071 1933 2093 ¹nsra
1946 2071 1979 2093 1ο
1982 2078 2047 2099 orum,

1103 2119 1132 2144 et
1155 2110 1369 2156 tranquillitati
1395 2119 1515 2146 restrae
1541 2119 1670 2158 paterna
1693 2112 1723 2146 in
1748 2120 1853 2160 poste·
1866 2107 1904 2123 ⁵²¹¹
1917 2103 2048 2129 ''³³³¹”m

1865 2134 1994 2154 eiusdamm
2024 2139 2036 2154 a

1105 2171 1173 2193 rum
1221 2159 1434 2194 sollicitudine
1477 2160 1642 2207 providere
1690 2161 1852 2206 volentes,
1866 2165 1926 2185 “0¹¹¹
1949 2139 2048 2186 ambiam

1105 2207 1309 2254 prohibemus
1330 2209 1515 2244 auctoritate
1539 2209 1709 2257 apostolica
1727 2222 1766 2245 ne
1781 2210 1853 2256 quis
1842 2188 1970 2246 lssxlffii'e'
1984 2196 2049 2247 miii-

1104 2256 1182 2291 infra
1204 2257 1356 2291 ambitum
1386 2259 1539 2312 locorum,
1573 2270 1628 2293 seu
1650 2259 1852 2305 grangiarum
1866 2261 1910 2277 ⁰⁹¹·
1925 2255 2030 2282 ¹²¹⁰¹¹¹b⁰¹

1104 2313 1276 2340 vestrarum
1300 2306 1415 2341 furtum
1443 2307 1624 2354 rapinamve
1645 2308 1852 2349 committere,

1104 2354 1209 2400 ignem
1231 2367 1403 2402 apponere,
1424 2355 1585 2391 hominem
1608 2368 1719 2403 capere
1742 2356 1811 2392 vel'
1803 2369 1854 2391 tn-

1105 2403 1256 2445 terficere,
1290 2416 1346 2439 seu
1369 2404 1505 2451 aliquam
1532 2405 1713 2441 violentiam
1736 2412 1854 2441 temere

1104 2452 1217 2487 audeat
1238 2464 1395 2488 exercere.
1418 2453 1529 2488 lllud
1522 2466 1652 2501 insuper
1669 2454 1853 2490 auctoritate

1104 2502 1276 2549 apostolica
1300 2502 1516 2549 prohibemus,
1539 2515 1579 2537 ne
1594 2502 1674 2538 infra
1688 2502 1851 2538 dimidiam

1105 2550 1173 2585 leue
1159 2562 1226 2585 ain
1261 2563 1360 2599 prope
1396 2551 1552 2587 abbatiam
1581 2559 1713 2587 vestram
1748 2552 1852 2600 aliqua

1105 2598 1144 2634 de
1166 2611 1246 2634 novo
1270 2600 1418 2635 habitatio
1446 2601 1513 2641 fiat,
1542 2599 1581 2635 de
1602 2612 1663 2647 qua
1686 2600 1775 2636 vobis
1795 2601 1852 2636 de-

1107 2648 1176 2683 beat
1198 2657 1336 2685 servatae
1359 2650 1509 2685 hactenus
1543 2648 1693 2685 libertatis
1714 2657 1744 2686 et
1764 2650 1853 2699 pacis
