<?xml version="1.0" encoding="UTF-8"?>
<!DOCTYPE html PUBLIC "-//W3C//DTD XHTML 1.0 Transitional//EN"
    "http://www.w3.org/TR/xhtml1/DTD/xhtml1-transitional.dtd">
<html xmlns="http://www.w3.org/1999/xhtml" xml:lang="en" lang="en">
 <head>
  <title>
</title>
<meta http-equiv="Content-Type" content="text/html;charset=utf-8" />
  <meta name='ocr-system' content='tesseract 3.04.00' />
  <meta name='ocr-capabilities' content='ocr_page ocr_carea ocr_par ocr_line ocrx_word'/>
</head>
<body>
  <div class='ocr_page' id='page_1' title='image "./bullarumdiplomat03cath_0268.png"; bbox 0 0 2129 3223; ppageno 0'>
   <div class='ocr_carea' id='block_1_1' title="bbox 157 271 340 299">
    <p class='ocr_par' dir='ltr' id='par_1_1' title="bbox 157 271 340 299">
     <span class='ocr_line' id='line_1_1' title="bbox 157 271 340 299; baseline 0.005 -1"><span class='ocrx_word' id='word_1_1' title='bbox 157 271 205 298; x_wconf 80' lang='grc' dir='ltr'>Αιι.</span> <span class='ocrx_word' id='word_1_2' title='bbox 225 272 253 299; x_wconf 89' lang='lat' dir='ltr'>C.</span> <span class='ocrx_word' id='word_1_3' title='bbox 275 272 340 299; x_wconf 70' lang='lat'>12¹3</span> 
     </span>
    </p>
   </div>
   <div class='ocr_carea' id='block_1_2' title="bbox 159 375 341 427">
    <p class='ocr_par' dir='ltr' id='par_1_2' title="bbox 159 375 341 427">
     <span class='ocr_line' id='line_1_2' title="bbox 171 375 341 398; baseline 0.012 -2"><span class='ocrx_word' id='word_1_4' title='bbox 171 375 280 397; x_wconf 61' lang='lat' dir='ltr'>Enete-iao</span> <span class='ocrx_word' id='word_1_5' title='bbox 321 378 341 398; x_wconf 67' lang='lat' dir='ltr'>ei</span> 
     </span>
     <span class='ocr_line' id='line_1_3' title="bbox 159 407 275 427; baseline 0 -1"><span class='ocrx_word' id='word_1_6' title='bbox 159 407 275 427; x_wconf 48' lang='lat' dir='ltr'>subiecisti</span> 
     </span>
    </p>
   </div>
   <div class='ocr_carea' id='block_1_3' title="bbox 165 1601 348 1682">
    <p class='ocr_par' dir='ltr' id='par_1_3' title="bbox 165 1601 348 1682">
     <span class='ocr_line' id='line_1_4' title="bbox 177 1601 347 1626; baseline -0.006 -5"><span class='ocrx_word' id='word_1_7' title='bbox 177 1601 288 1626; x_wconf 68' lang='lat' dir='ltr'>Privitegia</span> <span class='ocrx_word' id='word_1_8' title='bbox 328 1601 347 1620; x_wconf 75' lang='lat' dir='ltr'>ei</span> 
     </span>
     <span class='ocr_line' id='line_1_5' title="bbox 165 1631 348 1652; baseline 0.011 -2"><span class='ocrx_word' id='word_1_9' title='bbox 165 1632 262 1652; x_wconf 68' lang='lat' dir='ltr'>coneedit</span> <span class='ocrx_word' id='word_1_10' title='bbox 283 1631 348 1652; x_wconf 89' lang='lat' dir='ltr'>Inno-</span> 
     </span>
     <span class='ocr_line' id='line_1_6' title="bbox 165 1664 255 1682; baseline 0 0"><span class='ocrx_word' id='word_1_11' title='bbox 165 1664 255 1682; x_wconf 70' lang='lat' dir='ltr'>tentius.</span> 
     </span>
    </p>
   </div>
   <div class='ocr_carea' id='block_1_4' title="bbox 202 2371 320 2392">
    <p class='ocr_par' dir='ltr' id='par_1_4' title="bbox 202 2371 320 2392">
     <span class='ocr_line' id='line_1_7' title="bbox 202 2371 320 2392; baseline 0.008 -3"><span class='ocrx_word' id='word_1_12' title='bbox 202 2371 320 2392; x_wconf 63' lang='lat' dir='ltr'>etsusutm.</span> 
     </span>
    </p>
   </div>
   <div class='ocr_carea' id='block_1_5' title="bbox 404 264 474 296">
    <p class='ocr_par' dir='ltr' id='par_1_5' title="bbox 404 264 474 296">
     <span class='ocr_line' id='line_1_8' title="bbox 404 264 474 296; baseline -0.014 0"><span class='ocrx_word' id='word_1_13' title='bbox 404 264 474 296; x_wconf 71' lang='lat'>262</span> 
     </span>
    </p>
   </div>
   <div class='ocr_carea' id='block_1_6' title="bbox 355 324 1107 472">
    <p class='ocr_par' dir='ltr' id='par_1_6' title="bbox 355 324 1107 472">
     <span class='ocr_line' id='line_1_9' title="bbox 355 324 1105 362; baseline -0.001 -1"><span class='ocrx_word' id='word_1_14' title='bbox 355 334 386 361; x_wconf 89' lang='lat' dir='ltr'>ct</span> <span class='ocrx_word' id='word_1_15' title='bbox 416 326 663 361; x_wconf 86' lang='lat' dir='ltr'>consecrationis</span> <span class='ocrx_word' id='word_1_16' title='bbox 694 326 908 362; x_wconf 85' lang='lat' dir='ltr'>anniversario</span> <span class='ocrx_word' id='word_1_17' title='bbox 951 333 1023 361; x_wconf 87' lang='lat' dir='ltr'>tuae</span> <span class='ocrx_word' id='word_1_18' title='bbox 1045 324 1105 360; x_wconf 91' lang='lat' dir='ltr'>die.</span> 
     </span>
     <span class='ocr_line' id='line_1_10' title="bbox 356 374 1107 430; baseline -0.001 -21"><span class='ocrx_word' id='word_1_19' title='bbox 356 375 405 410; x_wconf 84' lang='lat' dir='ltr'>Ad</span> <span class='ocrx_word' id='word_1_20' title='bbox 428 375 506 410; x_wconf 86' lang='lat' dir='ltr'>baec</span> <span class='ocrx_word' id='word_1_21' title='bbox 527 375 587 420; x_wconf 87' lang='lat' dir='ltr'>ipsi</span> <span class='ocrx_word' id='word_1_22' title='bbox 624 374 900 411; x_wconf 84' lang='lat' dir='ltr'>Tliessalonicensi</span> <span class='ocrx_word' id='word_1_23' title='bbox 939 374 1107 430; x_wconf 82' lang='lat' dir='ltr'>metropoli</span> 
     </span>
     <span class='ocr_line' id='line_1_11' title="bbox 355 424 1107 472; baseline -0.004 -13"><span class='ocrx_word' id='word_1_24' title='bbox 355 436 445 459; x_wconf 71' lang='lat' dir='ltr'>Suam</span> <span class='ocrx_word' id='word_1_25' title='bbox 466 424 693 460; x_wconf 67' lang='lat' dir='ltr'>confirmamus</span> <span class='ocrx_word' id='word_1_26' title='bbox 727 426 941 472; x_wconf 69' lang='lat' dir='ltr'>provinciam,</span> <span class='ocrx_word' id='word_1_27' title='bbox 976 425 1005 459; x_wconf 84' lang='lat' dir='ltr'>II]</span> <span class='ocrx_word' id='word_1_28' title='bbox 1046 436 1107 470; x_wconf 68' lang='lat' dir='ltr'>qul]</span> 
     </span>
    </p>
   </div>
   <div class='ocr_carea' id='block_1_7' title="bbox 355 473 1897 562">
    <p class='ocr_par' dir='ltr' id='par_1_7' title="bbox 355 473 1897 562">
     <span class='ocr_line' id='line_1_12' title="bbox 355 473 1129 521; baseline -0.003 -13"><span class='ocrx_word' id='word_1_29' title='bbox 355 473 551 520; x_wconf 88' lang='lat' dir='ltr'>subscriptos</span> <span class='ocrx_word' id='word_1_30' title='bbox 583 474 786 521; x_wconf 73' lang='lat' dir='ltr'>episcopatus</span> <span class='ocrx_word' id='word_1_31' title='bbox 817 474 1011 521; x_wconf 79' lang='lat' dir='ltr'>specialibus</span> <span class='ocrx_word' id='word_1_32' title='bbox 1048 485 1129 515; x_wconf 45' lang='lat' dir='ltr'>iio-2</span> 
     </span>
     <span class='ocr_line' id='line_1_13' title="bbox 1127 517 1897 562; baseline -0.004 -6"><span class='ocrx_word' id='word_1_33' title='bbox 1127 520 1327 560; x_wconf 75' lang='lat' dir='ltr'>cardinalis,</span> <span class='ocrx_word' id='word_1_34' title='bbox 1354 520 1387 556; x_wconf 94' lang='lat' dir='ltr'>S.</span> <span class='ocrx_word' id='word_1_35' title='bbox 1417 519 1455 554; x_wconf 87' lang='lat' dir='ltr'>R.</span> <span class='ocrx_word' id='word_1_36' title='bbox 1484 519 1520 553; x_wconf 86' lang='lat' dir='ltr'>E.</span> <span class='ocrx_word' id='word_1_37' title='bbox 1545 518 1735 562; x_wconf 82' lang='lat' dir='ltr'>cancellarii,</span> <span class='ocrx_word' id='word_1_38' title='bbox 1751 530 1798 553; x_wconf 80' lang='lat' dir='ltr'>vn</span> <span class='ocrx_word' id='word_1_39' title='bbox 1824 517 1897 553; x_wconf 87' lang='lat' dir='ltr'>idus</span> 
     </span>
    </p>
   </div>
   <div class='ocr_carea' id='block_1_8' title="bbox 353 522 1110 1013">
    <p class='ocr_par' dir='ltr' id='par_1_8' title="bbox 353 522 1110 1013">
     <span class='ocr_line' id='line_1_14' title="bbox 354 522 1108 571; baseline -0.003 -14"><span class='ocrx_word' id='word_1_40' title='bbox 354 522 494 558; x_wconf 83' lang='lat' dir='ltr'>minibus</span> <span class='ocrx_word' id='word_1_41' title='bbox 527 522 678 558; x_wconf 81' lang='lat' dir='ltr'>duximus</span> <span class='ocrx_word' id='word_1_42' title='bbox 705 523 938 571; x_wconf 76' lang='lat' dir='ltr'>exprimendos,</span> <span class='ocrx_word' id='word_1_43' title='bbox 965 522 1108 556; x_wconf 71' lang='lat' dir='ltr'>xidelicet</span> 
     </span>
     <span class='ocr_line' id='line_1_15' title="bbox 353 571 1107 617; baseline -0.001 -11"><span class='ocrx_word' id='word_1_44' title='bbox 353 571 558 616; x_wconf 79' lang='lat' dir='ltr'>citrensem,</span> <span class='ocrx_word' id='word_1_45' title='bbox 585 572 794 611; x_wconf 82' lang='lat' dir='ltr'>Beriensem,</span> <span class='ocrx_word' id='word_1_46' title='bbox 829 572 1107 617; x_wconf 76' lang='lat' dir='ltr'>Campiiiensem,</span> 
     </span>
     <span class='ocr_line' id='line_1_16' title="bbox 353 620 1108 665; baseline -0.004 -9"><span class='ocrx_word' id='word_1_47' title='bbox 353 620 635 665; x_wconf 83' lang='lat' dir='ltr'>Guardariensem,</span> <span class='ocrx_word' id='word_1_48' title='bbox 657 621 869 662; x_wconf 81' lang='lat' dir='ltr'>Serviensem,</span> <span class='ocrx_word' id='word_1_49' title='bbox 910 621 1108 664; x_wconf 63' lang='lat' dir='ltr'>Pati-ensem,</span> 
     </span>
     <span class='ocr_line' id='line_1_17' title="bbox 355 669 1109 717; baseline -0.004 -12"><span class='ocrx_word' id='word_1_50' title='bbox 355 669 652 713; x_wconf 71' lang='lat' dir='ltr'>platomonensem,</span> <span class='ocrx_word' id='word_1_51' title='bbox 687 671 961 717; x_wconf 80' lang='lat' dir='ltr'>Langardensem,</span> <span class='ocrx_word' id='word_1_52' title='bbox 1004 669 1109 704; x_wconf 80' lang='lat' dir='ltr'>Adra-</span> 
     </span>
     <span class='ocr_line' id='line_1_18' title="bbox 355 718 1109 764; baseline -0.004 -10"><span class='ocrx_word' id='word_1_53' title='bbox 355 720 558 764; x_wconf 86' lang='lat' dir='ltr'>meriensem,</span> <span class='ocrx_word' id='word_1_54' title='bbox 580 719 805 759; x_wconf 82' lang='lat' dir='ltr'>Nerisiensem,</span> <span class='ocrx_word' id='word_1_55' title='bbox 832 728 863 754; x_wconf 83' lang='lat' dir='ltr'>et</span> <span class='ocrx_word' id='word_1_56' title='bbox 879 718 1109 754; x_wconf 85' lang='lat' dir='ltr'>Cassandricn-</span> 
     </span>
     <span class='ocr_line' id='line_1_19' title="bbox 354 767 1109 817; baseline -0.005 -13"><span class='ocrx_word' id='word_1_57' title='bbox 354 781 432 804; x_wconf 86' lang='lat' dir='ltr'>sem.</span> <span class='ocrx_word' id='word_1_58' title='bbox 457 769 528 804; x_wconf 89' lang='lat' dir='ltr'>lura</span> <span class='ocrx_word' id='word_1_59' title='bbox 555 781 696 817; x_wconf 87' lang='lat' dir='ltr'>quoquc,</span> <span class='ocrx_word' id='word_1_60' title='bbox 722 781 758 804; x_wconf 88' lang='lat' dir='ltr'>ac</span> <span class='ocrx_word' id='word_1_61' title='bbox 779 769 861 804; x_wconf 90' lang='lat' dir='ltr'>hona</span> <span class='ocrx_word' id='word_1_62' title='bbox 887 769 966 809; x_wconf 88' lang='lat' dir='ltr'>eius,</span> <span class='ocrx_word' id='word_1_63' title='bbox 1007 767 1109 813; x_wconf 81' lang='lat' dir='ltr'>digni-</span> 
     </span>
     <span class='ocr_line' id='line_1_20' title="bbox 356 817 1109 865; baseline -0.004 -13"><span class='ocrx_word' id='word_1_64' title='bbox 356 826 435 853; x_wconf 86' lang='lat' dir='ltr'>tates</span> <span class='ocrx_word' id='word_1_65' title='bbox 474 827 505 853; x_wconf 89' lang='lat' dir='ltr'>et</span> <span class='ocrx_word' id='word_1_66' title='bbox 531 818 691 853; x_wconf 77' lang='lat' dir='ltr'>libertates</span> <span class='ocrx_word' id='word_1_67' title='bbox 718 818 831 865; x_wconf 85' lang='lat' dir='ltr'>ipsius,</span> <span class='ocrx_word' id='word_1_68' title='bbox 869 829 992 853; x_wconf 85' lang='lat' dir='ltr'>necnon</span> <span class='ocrx_word' id='word_1_69' title='bbox 1028 817 1109 851; x_wconf 91' lang='lat' dir='ltr'>anti-</span> 
     </span>
     <span class='ocr_line' id='line_1_21' title="bbox 355 867 1110 921; baseline -0.004 -19"><span class='ocrx_word' id='word_1_70' title='bbox 355 879 435 921; x_wconf 83' lang='lat' dir='ltr'>quas</span> <span class='ocrx_word' id='word_1_71' title='bbox 462 876 492 902; x_wconf 83' lang='lat' dir='ltr'>et</span> <span class='ocrx_word' id='word_1_72' title='bbox 524 867 724 902; x_wconf 78' lang='lat' dir='ltr'>rationabiles</span> <span class='ocrx_word' id='word_1_73' title='bbox 759 867 1007 902; x_wconf 80' lang='lat' dir='ltr'>consuetudines</span> <span class='ocrx_word' id='word_1_74' title='bbox 1044 877 1110 900; x_wconf 90' lang='lat' dir='ltr'>au-</span> 
     </span>
     <span class='ocr_line' id='line_1_22' title="bbox 356 914 1107 963; baseline -0.004 -12"><span class='ocrx_word' id='word_1_75' title='bbox 356 918 500 952; x_wconf 84' lang='lat' dir='ltr'>ctoritate</span> <span class='ocrx_word' id='word_1_76' title='bbox 521 916 691 963; x_wconf 88' lang='lat' dir='ltr'>apostolica</span> <span class='ocrx_word' id='word_1_77' title='bbox 716 917 912 958; x_wconf 81' lang='lat' dir='ltr'>roboramus,</span> <span class='ocrx_word' id='word_1_78' title='bbox 930 923 960 950; x_wconf 86' lang='lat' dir='ltr'>et</span> <span class='ocrx_word' id='word_1_79' title='bbox 976 924 1036 950; x_wconf 90' lang='lat' dir='ltr'>tam</span> <span class='ocrx_word' id='word_1_80' title='bbox 1054 914 1107 948; x_wconf 90' lang='lat' dir='ltr'>tibi</span> 
     </span>
     <span class='ocr_line' id='line_1_23' title="bbox 357 964 1108 1013; baseline -0.005 -12"><span class='ocrx_word' id='word_1_81' title='bbox 357 978 451 1013; x_wconf 88' lang='lat' dir='ltr'>quam</span> <span class='ocrx_word' id='word_1_82' title='bbox 471 965 573 1001; x_wconf 85' lang='lat' dir='ltr'>eidem</span> <span class='ocrx_word' id='word_1_83' title='bbox 604 965 765 1001; x_wconf 81' lang='lat' dir='ltr'>Ecclesiae</span> <span class='ocrx_word' id='word_1_84' title='bbox 798 966 886 1000; x_wconf 86' lang='lat' dir='ltr'>firma</span> <span class='ocrx_word' id='word_1_85' title='bbox 929 973 958 1000; x_wconf 89' lang='lat' dir='ltr'>et</span> <span class='ocrx_word' id='word_1_86' title='bbox 994 964 1108 998; x_wconf 88' lang='lat' dir='ltr'>illibata</span> 
     </span>
    </p>
   </div>
   <div class='ocr_carea' id='block_1_9' title="bbox 357 1014 1130 1061">
    <p class='ocr_par' dir='ltr' id='par_1_9' title="bbox 357 1014 1130 1061">
     <span class='ocr_line' id='line_1_24' title="bbox 357 1014 1130 1061; baseline -0.005 -11"><span class='ocrx_word' id='word_1_87' title='bbox 357 1027 484 1050; x_wconf 71' lang='lat' dir='ltr'>manere.</span> <span class='ocrx_word' id='word_1_88' title='bbox 505 1015 678 1050; x_wconf 80' lang='lat' dir='ltr'>sancimus.</span> <span class='ocrx_word' id='word_1_89' title='bbox 701 1014 866 1050; x_wconf 74' lang='lat' dir='ltr'>Clmllerla</span> <span class='ocrx_word' id='word_1_90' title='bbox 896 1025 1024 1061; x_wconf 74' lang='lat' dir='ltr'>quoque</span> <span class='ocrx_word' id='word_1_91' title='bbox 1063 1025 1110 1046; x_wconf 68' lang='lat' dir='ltr'>eil·</span> <span class='ocrx_word' id='word_1_92' title='bbox 1129 1042 1130 1046; x_wconf 70' lang='grc'>,</span> 
     </span>
    </p>
   </div>
   <div class='ocr_carea' id='block_1_10' title="bbox 357 1062 1111 1308">
    <p class='ocr_par' dir='ltr' id='par_1_10' title="bbox 357 1062 1111 1308">
     <span class='ocr_line' id='line_1_25' title="bbox 357 1062 1110 1111; baseline -0.005 -12"><span class='ocrx_word' id='word_1_93' title='bbox 357 1076 491 1111; x_wconf 89' lang='lat' dir='ltr'>rumque</span> <span class='ocrx_word' id='word_1_94' title='bbox 538 1064 688 1099; x_wconf 85' lang='lat' dir='ltr'>beneficia</span> <span class='ocrx_word' id='word_1_95' title='bbox 743 1064 850 1099; x_wconf 89' lang='lat' dir='ltr'>nullus</span> <span class='ocrx_word' id='word_1_96' title='bbox 900 1062 1110 1097; x_wconf 84' lang='lat' dir='ltr'>haereditario</span> 
     </span>
     <span class='ocr_line' id='line_1_26' title="bbox 357 1111 1109 1160; baseline -0.004 -12"><span class='ocrx_word' id='word_1_97' title='bbox 357 1114 425 1148; x_wconf 90' lang='lat' dir='ltr'>iure</span> <span class='ocrx_word' id='word_1_98' title='bbox 448 1113 619 1160; x_wconf 83' lang='lat' dir='ltr'>possideat:</span> <span class='ocrx_word' id='word_1_99' title='bbox 647 1113 731 1160; x_wconf 84' lang='lat' dir='ltr'>quod</span> <span class='ocrx_word' id='word_1_100' title='bbox 756 1114 779 1147; x_wconf 90' lang='lat' dir='ltr'>si</span> <span class='ocrx_word' id='word_1_101' title='bbox 807 1113 880 1160; x_wconf 88' lang='lat' dir='ltr'>quis</span> <span class='ocrx_word' id='word_1_102' title='bbox 914 1112 972 1146; x_wconf 77' lang='lat' dir='ltr'>hoc</span> <span class='ocrx_word' id='word_1_103' title='bbox 1010 1111 1109 1145; x_wconf 77' lang='lat' dir='ltr'>facere</span> 
     </span>
     <span class='ocr_line' id='line_1_27' title="bbox 357 1162 1111 1206; baseline -0.004 -9"><span class='ocrx_word' id='word_1_104' title='bbox 357 1162 569 1202; x_wconf 85' lang='lat' dir='ltr'>contenderit,</span> <span class='ocrx_word' id='word_1_105' title='bbox 611 1174 745 1197; x_wconf 86' lang='lat' dir='ltr'>censura</span> <span class='ocrx_word' id='word_1_106' title='bbox 794 1162 945 1196; x_wconf 87' lang='lat' dir='ltr'>canonica</span> <span class='ocrx_word' id='word_1_107' title='bbox 981 1172 1111 1206; x_wconf 84' lang='lat' dir='ltr'>compe-</span> 
     </span>
     <span class='ocr_line' id='line_1_28' title="bbox 358 1209 1110 1256; baseline -0.005 -10"><span class='ocrx_word' id='word_1_108' title='bbox 358 1219 474 1247; x_wconf 88' lang='lat' dir='ltr'>scatur.</span> <span class='ocrx_word' id='word_1_109' title='bbox 502 1211 713 1247; x_wconf 86' lang='lat' dir='ltr'>Proliibemus</span> <span class='ocrx_word' id='word_1_110' title='bbox 749 1219 855 1246; x_wconf 82' lang='lat' dir='ltr'>autem</span> <span class='ocrx_word' id='word_1_111' title='bbox 899 1223 937 1245; x_wconf 74' lang='lat' dir='ltr'>ne</span> <span class='ocrx_word' id='word_1_112' title='bbox 974 1209 1110 1256; x_wconf 66' lang='lat' dir='ltr'>presby-</span> 
     </span>
     <span class='ocr_line' id='line_1_29' title="bbox 359 1259 1111 1308; baseline -0.003 -14"><span class='ocrx_word' id='word_1_113' title='bbox 359 1261 415 1295; x_wconf 87' lang='lat' dir='ltr'>teri</span> <span class='ocrx_word' id='word_1_114' title='bbox 436 1260 611 1308; x_wconf 88' lang='lat' dir='ltr'>cappellani</span> <span class='ocrx_word' id='word_1_115' title='bbox 634 1260 849 1296; x_wconf 87' lang='lat' dir='ltr'>Ecclesiarum</span> <span class='ocrx_word' id='word_1_116' title='bbox 872 1259 908 1294; x_wconf 89' lang='lat' dir='ltr'>ad</span> <span class='ocrx_word' id='word_1_117' title='bbox 935 1260 983 1293; x_wconf 90' lang='lat' dir='ltr'>ius</span> <span class='ocrx_word' id='word_1_118' title='bbox 1004 1259 1111 1293; x_wconf 84' lang='lat' dir='ltr'>Eccle-</span> 
     </span>
    </p>
   </div>
   <div class='ocr_carea' id='block_1_11' title="bbox 358 1318 1900 1370">
    <p class='ocr_par' dir='ltr' id='par_1_11' title="bbox 358 1318 1900 1370">
     <span class='ocr_line' id='line_1_30' title="bbox 358 1318 1900 1370; baseline -0.002 -7"><span class='ocrx_word' id='word_1_119' title='bbox 358 1322 424 1345; x_wconf 68' lang='lat' dir='ltr'>⁵¹³e</span> <span class='ocrx_word' id='word_1_120' title='bbox 448 1318 520 1346; x_wconf 61' lang='lat' dir='ltr'>tuae</span> <span class='ocrx_word' id='word_1_121' title='bbox 544 1318 771 1356; x_wconf 60' lang='lat' dir='ltr'>penmfflmum</span> <span class='ocrx_word' id='word_1_122' title='bbox 797 1320 1015 1357; x_wconf 57' lang='lat' dir='ltr'>possessmnes</span> <span class='ocrx_word' id='word_1_123' title='bbox 1051 1319 1110 1340; x_wconf 62' lang='lat'>‘³³‘</span> <span class='ocrx_word' id='word_1_124' title='bbox 1130 1335 1132 1349; x_wconf 78' lang='lat'><em>²</em></span> <span class='ocrx_word' id='word_1_125' title='bbox 1152 1331 1245 1370; x_wconf 82' lang='lat' dir='ltr'>Reges</span> <span class='ocrx_word' id='word_1_126' title='bbox 1269 1331 1505 1370; x_wconf 83' lang='lat' dir='ltr'>Portugallenses</span> <span class='ocrx_word' id='word_1_127' title='bbox 1529 1331 1564 1361; x_wconf 90' lang='lat' dir='ltr'>de</span> <span class='ocrx_word' id='word_1_128' title='bbox 1591 1331 1732 1369; x_wconf 80' lang='lat' dir='ltr'>religione</span> <span class='ocrx_word' id='word_1_129' title='bbox 1758 1330 1900 1361; x_wconf 84' lang='lat' dir='ltr'>catholica</span> 
     </span>
    </p>
   </div>
   <div class='ocr_carea' id='block_1_12' title="bbox 360 1358 1110 1406">
    <p class='ocr_par' dir='ltr' id='par_1_12' title="bbox 360 1358 1110 1406">
     <span class='ocr_line' id='line_1_31' title="bbox 360 1358 1110 1406; baseline -0.005 -12"><span class='ocrx_word' id='word_1_130' title='bbox 360 1372 430 1394; x_wconf 90' lang='lat' dir='ltr'>rum</span> <span class='ocrx_word' id='word_1_131' title='bbox 456 1359 577 1406; x_wconf 86' lang='lat' dir='ltr'>absque</span> <span class='ocrx_word' id='word_1_132' title='bbox 611 1371 741 1394; x_wconf 88' lang='lat' dir='ltr'>assensu</span> <span class='ocrx_word' id='word_1_133' title='bbox 783 1367 848 1401; x_wconf 91' lang='lat' dir='ltr'>tuo,</span> <span class='ocrx_word' id='word_1_134' title='bbox 877 1358 969 1392; x_wconf 78' lang='lat' dir='ltr'>salvis</span> <span class='ocrx_word' id='word_1_135' title='bbox 1007 1366 1110 1391; x_wconf 77' lang='lat' dir='ltr'>tamen</span> 
     </span>
    </p>
   </div>
   <div class='ocr_carea' id='block_1_13' title="bbox 359 1407 1902 1792">
    <p class='ocr_par' dir='ltr' id='par_1_13' title="bbox 359 1407 1902 1792">
     <span class='ocr_line' id='line_1_32' title="bbox 359 1407 1132 1450; baseline -0.006 -8"><span class='ocrx_word' id='word_1_136' title='bbox 359 1408 519 1443; x_wconf 86' lang='lat' dir='ltr'>canonicis</span> <span class='ocrx_word' id='word_1_137' title='bbox 541 1408 806 1448; x_wconf 77' lang='lat' dir='ltr'>institutionibus,</span> <span class='ocrx_word' id='word_1_138' title='bbox 824 1407 1012 1450; x_wconf 72' lang='lat' dir='ltr'>disti-altere,</span> <span class='ocrx_word' id='word_1_139' title='bbox 1036 1418 1111 1439; x_wconf 71' lang='lat' dir='ltr'>ren-</span> <span class='ocrx_word' id='word_1_140' title='bbox 1131 1423 1132 1426; x_wconf 67' lang='lat'><em>=</em></span> 
     </span>
     <span class='ocr_line' id='line_1_33' title="bbox 360 1454 1132 1503; baseline -0.004 -12"><span class='ocrx_word' id='word_1_141' title='bbox 360 1457 446 1497; x_wconf 85' lang='lat' dir='ltr'>dere,</span> <span class='ocrx_word' id='word_1_142' title='bbox 465 1457 512 1492; x_wconf 82' lang='lat' dir='ltr'>vel</span> <span class='ocrx_word' id='word_1_143' title='bbox 535 1457 688 1502; x_wconf 78' lang='lat' dir='ltr'>obligare,</span> <span class='ocrx_word' id='word_1_144' title='bbox 707 1469 762 1492; x_wconf 85' lang='lat' dir='ltr'>seu</span> <span class='ocrx_word' id='word_1_145' title='bbox 787 1457 847 1491; x_wconf 81' lang='lat' dir='ltr'>alio</span> <span class='ocrx_word' id='word_1_146' title='bbox 862 1455 1003 1503; x_wconf 86' lang='lat' dir='ltr'>quolibet</span> <span class='ocrx_word' id='word_1_147' title='bbox 1018 1454 1111 1489; x_wconf 83' lang='lat' dir='ltr'>niodo</span> <span class='ocrx_word' id='word_1_148' title='bbox 1130 1469 1132 1477; x_wconf 73' lang='lat'><em>¹</em></span> 
     </span>
     <span class='ocr_line' id='line_1_34' title="bbox 801 1502 1132 1552; baseline -0.012 -13"><span class='ocrx_word' id='word_1_149' title='bbox 801 1505 885 1552; x_wconf 86' lang='lat' dir='ltr'>quod</span> <span class='ocrx_word' id='word_1_150' title='bbox 927 1505 952 1538; x_wconf 86' lang='lat' dir='ltr'>si</span> <span class='ocrx_word' id='word_1_151' title='bbox 996 1504 1110 1538; x_wconf 82' lang='lat' dir='ltr'>sactum</span> <span class='ocrx_word' id='word_1_152' title='bbox 1130 1502 1132 1534; x_wconf 61' lang='grc' dir='ltr'>’ᾗ</span> 
     </span>
     <span class='ocr_line' id='line_1_35' title="bbox 363 1553 1132 1601; baseline -0.004 -12"><span class='ocrx_word' id='word_1_153' title='bbox 363 1555 468 1599; x_wconf 80' lang='lat' dir='ltr'>suerit,</span> <span class='ocrx_word' id='word_1_154' title='bbox 496 1555 620 1589; x_wconf 90' lang='lat' dir='ltr'>irritum</span> <span class='ocrx_word' id='word_1_155' title='bbox 644 1555 805 1590; x_wconf 70' lang='lat' dir='ltr'>habeatur.</span> <span class='ocrx_word' id='word_1_156' title='bbox 829 1553 1132 1601; x_wconf 31' lang='lat' dir='ltr'>Proliibemnsinffi</span> 
     </span>
     <span class='ocr_line' id='line_1_36' title="bbox 362 1602 1112 1652; baseline -0.005 -13"><span class='ocrx_word' id='word_1_157' title='bbox 362 1616 460 1652; x_wconf 84' lang='lat' dir='ltr'>super</span> <span class='ocrx_word' id='word_1_158' title='bbox 474 1616 512 1639; x_wconf 90' lang='lat' dir='ltr'>ne</span> <span class='ocrx_word' id='word_1_159' title='bbox 531 1604 713 1639; x_wconf 81' lang='lat' dir='ltr'>interdictos</span> <span class='ocrx_word' id='word_1_160' title='bbox 738 1603 784 1639; x_wconf 88' lang='lat' dir='ltr'>vel</span> <span class='ocrx_word' id='word_1_161' title='bbox 819 1602 1112 1638; x_wconf 87' lang='lat' dir='ltr'>excommunicatos</span> 
     </span>
     <span class='ocr_line' id='line_1_37' title="bbox 364 1652 1132 1688; baseline -0.004 0"><span class='ocrx_word' id='word_1_162' title='bbox 364 1663 435 1688; x_wconf 87' lang='lat' dir='ltr'>tuos</span> <span class='ocrx_word' id='word_1_163' title='bbox 457 1653 492 1688; x_wconf 91' lang='lat' dir='ltr'>ad</span> <span class='ocrx_word' id='word_1_164' title='bbox 521 1652 657 1688; x_wconf 85' lang='lat' dir='ltr'>officinm</span> <span class='ocrx_word' id='word_1_165' title='bbox 695 1653 741 1688; x_wconf 67' lang='lat' dir='ltr'>tel</span> <span class='ocrx_word' id='word_1_166' title='bbox 763 1652 1022 1688; x_wconf 83' lang='lat' dir='ltr'>communionem</span> <span class='ocrx_word' id='word_1_167' title='bbox 1059 1663 1132 1686; x_wconf 56' lang='lat' dir='ltr'>ec-*</span> 
     </span>
     <span class='ocr_line' id='line_1_38' title="bbox 363 1702 1133 1738; baseline -0.005 0"><span class='ocrx_word' id='word_1_168' title='bbox 363 1703 569 1738; x_wconf 83' lang='lat' dir='ltr'>clesiasticam</span> <span class='ocrx_word' id='word_1_169' title='bbox 583 1703 650 1737; x_wconf 87' lang='lat' dir='ltr'>sine</span> <span class='ocrx_word' id='word_1_170' title='bbox 685 1702 880 1738; x_wconf 87' lang='lat' dir='ltr'>conscientia</span> <span class='ocrx_word' id='word_1_171' title='bbox 901 1709 931 1735; x_wconf 85' lang='lat' dir='ltr'>et</span> <span class='ocrx_word' id='word_1_172' title='bbox 951 1713 1109 1736; x_wconf 82' lang='lat' dir='ltr'>consensu</span> <span class='ocrx_word' id='word_1_173' title='bbox 1131 1702 1133 1723; x_wconf 58' lang='lat'>³</span> 
     </span>
     <span class='ocr_line' id='line_1_39' title="bbox 1131 1744 1902 1792; baseline 0.003 -15"><span class='ocrx_word' id='word_1_174' title='bbox 1131 1749 1133 1762; x_wconf 68' lang='lat'>³</span> <span class='ocrx_word' id='word_1_175' title='bbox 1152 1745 1236 1790; x_wconf 86' lang='lat' dir='ltr'>quod</span> <span class='ocrx_word' id='word_1_176' title='bbox 1285 1744 1408 1778; x_wconf 85' lang='lat' dir='ltr'>inclitae</span> <span class='ocrx_word' id='word_1_177' title='bbox 1458 1744 1681 1779; x_wconf 83' lang='lat' dir='ltr'>recordationis</span> <span class='ocrx_word' id='word_1_178' title='bbox 1719 1745 1902 1792; x_wconf 83' lang='lat' dir='ltr'>Alplionsus</span> 
     </span>
    </p>
   </div>
   <div class='ocr_carea' id='block_1_14' title="bbox 360 1506 763 1553">
    <p class='ocr_par' dir='ltr' id='par_1_14' title="bbox 360 1506 763 1553">
     <span class='ocr_line' id='line_1_40' title="bbox 360 1506 763 1553; baseline 0 -13"><span class='ocrx_word' id='word_1_179' title='bbox 360 1506 498 1541; x_wconf 84' lang='lat' dir='ltr'>alienare</span> <span class='ocrx_word' id='word_1_180' title='bbox 546 1514 763 1553; x_wconf 80' lang='lat' dir='ltr'>praesumant;</span> 
     </span>
    </p>
   </div>
   <div class='ocr_carea' id='block_1_15' title="bbox 361 1752 1117 2666">
    <p class='ocr_par' dir='ltr' id='par_1_15' title="bbox 361 1752 1114 2304">
     <span class='ocr_line' id='line_1_41' title="bbox 363 1752 1113 1798; baseline -0.004 -12"><span class='ocrx_word' id='word_1_181' title='bbox 363 1761 417 1787; x_wconf 89' lang='lat' dir='ltr'>tuo</span> <span class='ocrx_word' id='word_1_182' title='bbox 438 1752 606 1798; x_wconf 87' lang='lat' dir='ltr'>quisquam</span> <span class='ocrx_word' id='word_1_183' title='bbox 629 1752 781 1791; x_wconf 81' lang='lat' dir='ltr'>admittat,</span> <span class='ocrx_word' id='word_1_184' title='bbox 810 1760 864 1786; x_wconf 88' lang='lat' dir='ltr'>aut</span> <span class='ocrx_word' id='word_1_185' title='bbox 898 1759 1003 1785; x_wconf 89' lang='lat' dir='ltr'>contra</span> <span class='ocrx_word' id='word_1_186' title='bbox 1045 1761 1113 1784; x_wconf 88' lang='lat' dir='ltr'>sen-</span> 
     </span>
     <span class='ocr_line' id='line_1_42' title="bbox 363 1799 1113 1847; baseline -0.005 -11"><span class='ocrx_word' id='word_1_187' title='bbox 363 1801 491 1836; x_wconf 85' lang='lat' dir='ltr'>tentiam</span> <span class='ocrx_word' id='word_1_188' title='bbox 514 1808 600 1836; x_wconf 85' lang='lat' dir='ltr'>tuam</span> <span class='ocrx_word' id='word_1_189' title='bbox 623 1801 773 1836; x_wconf 89' lang='lat' dir='ltr'>canonice</span> <span class='ocrx_word' id='word_1_190' title='bbox 796 1800 1026 1847; x_wconf 82' lang='lat' dir='ltr'>promulgatam</span> <span class='ocrx_word' id='word_1_191' title='bbox 1055 1799 1113 1832; x_wconf 82' lang='lat' dir='ltr'>ali—-</span> 
     </span>
     <span class='ocr_line' id='line_1_43' title="bbox 361 1848 1113 1898; baseline -0.005 -13"><span class='ocrx_word' id='word_1_192' title='bbox 361 1851 435 1898; x_wconf 88' lang='lat' dir='ltr'>quis</span> <span class='ocrx_word' id='word_1_193' title='bbox 457 1850 564 1885; x_wconf 90' lang='lat' dir='ltr'>venire</span> <span class='ocrx_word' id='word_1_194' title='bbox 587 1858 778 1896; x_wconf 82' lang='lat' dir='ltr'>praesumat;</span> <span class='ocrx_word' id='word_1_195' title='bbox 818 1850 877 1884; x_wconf 90' lang='lat' dir='ltr'>nisi</span> <span class='ocrx_word' id='word_1_196' title='bbox 916 1849 992 1883; x_wconf 79' lang='lat' dir='ltr'>l&#39;orte</span> <span class='ocrx_word' id='word_1_197' title='bbox 1034 1848 1113 1895; x_wconf 88' lang='lat' dir='ltr'>peri-</span> 
     </span>
     <span class='ocr_line' id='line_1_44' title="bbox 363 1898 1114 1944; baseline -0.004 -10"><span class='ocrx_word' id='word_1_198' title='bbox 363 1900 472 1935; x_wconf 88' lang='lat' dir='ltr'>cnlum</span> <span class='ocrx_word' id='word_1_199' title='bbox 495 1900 608 1935; x_wconf 87' lang='lat' dir='ltr'>mortis</span> <span class='ocrx_word' id='word_1_200' title='bbox 630 1900 804 1943; x_wconf 87' lang='lat' dir='ltr'>immineat,</span> <span class='ocrx_word' id='word_1_201' title='bbox 844 1908 897 1933; x_wconf 91' lang='lat' dir='ltr'>aut</span> <span class='ocrx_word' id='word_1_202' title='bbox 917 1898 992 1933; x_wconf 90' lang='lat' dir='ltr'>dum</span> <span class='ocrx_word' id='word_1_203' title='bbox 1023 1910 1114 1944; x_wconf 86' lang='lat' dir='ltr'>prae-</span> 
     </span>
     <span class='ocr_line' id='line_1_45' title="bbox 363 1948 1114 1994; baseline -0.005 -10"><span class='ocrx_word' id='word_1_204' title='bbox 363 1949 499 1984; x_wconf 87' lang='lat' dir='ltr'>sentiam</span> <span class='ocrx_word' id='word_1_205' title='bbox 542 1957 628 1984; x_wconf 90' lang='lat' dir='ltr'>tuam</span> <span class='ocrx_word' id='word_1_206' title='bbox 663 1948 779 1983; x_wconf 87' lang='lat' dir='ltr'>babere</span> <span class='ocrx_word' id='word_1_207' title='bbox 823 1948 1025 1994; x_wconf 69' lang='lat' dir='ltr'>nequiverit,</span> <span class='ocrx_word' id='word_1_208' title='bbox 1059 1958 1114 1994; x_wconf 84' lang='lat' dir='ltr'>pei</span> 
     </span>
     <span class='ocr_line' id='line_1_46' title="bbox 363 1997 1114 2036; baseline -0.005 -3"><span class='ocrx_word' id='word_1_209' title='bbox 363 1998 459 2033; x_wconf 87' lang='lat' dir='ltr'>alium</span> <span class='ocrx_word' id='word_1_210' title='bbox 481 1997 660 2033; x_wconf 84' lang='lat' dir='ltr'>secundum</span> <span class='ocrx_word' id='word_1_211' title='bbox 693 1997 823 2032; x_wconf 83' lang='lat' dir='ltr'>formam</span> <span class='ocrx_word' id='word_1_212' title='bbox 866 1997 1040 2036; x_wconf 73' lang='lat' dir='ltr'>Ecclesiae,</span> <span class='ocrx_word' id='word_1_213' title='bbox 1063 2008 1114 2030; x_wconf 82' lang='lat' dir='ltr'>sa-</span> 
     </span>
     <span class='ocr_line' id='line_1_47' title="bbox 364 2045 1113 2094; baseline -0.004 -13"><span class='ocrx_word' id='word_1_214' title='bbox 364 2046 537 2082; x_wconf 79' lang='lat' dir='ltr'>tisfactione</span> <span class='ocrx_word' id='word_1_215' title='bbox 578 2046 770 2094; x_wconf 77' lang='lat' dir='ltr'>praemissa,</span> <span class='ocrx_word' id='word_1_216' title='bbox 797 2054 939 2093; x_wconf 85' lang='lat' dir='ltr'>oporteat</span> <span class='ocrx_word' id='word_1_217' title='bbox 982 2045 1113 2091; x_wconf 83' lang='lat' dir='ltr'>ligatum</span> 
     </span>
     <span class='ocr_line' id='line_1_48' title="bbox 363 2094 1113 2132; baseline -0.005 -1"><span class='ocrx_word' id='word_1_218' title='bbox 363 2096 494 2132; x_wconf 88' lang='lat' dir='ltr'>absolvi.</span> <span class='ocrx_word' id='word_1_219' title='bbox 518 2096 616 2130; x_wconf 88' lang='lat' dir='ltr'>Porro</span> <span class='ocrx_word' id='word_1_220' title='bbox 629 2095 815 2130; x_wconf 84' lang='lat' dir='ltr'>Dominicae</span> <span class='ocrx_word' id='word_1_221' title='bbox 830 2094 945 2130; x_wconf 84' lang='lat' dir='ltr'>Crucis</span> <span class='ocrx_word' id='word_1_222' title='bbox 964 2094 1113 2129; x_wconf 78' lang='lat' dir='ltr'>vexillum</span> 
     </span>
     <span class='ocr_line' id='line_1_49' title="bbox 365 2147 1113 2197; baseline -0.005 -12"><span class='ocrx_word' id='word_1_223' title='bbox 365 2162 420 2197; x_wconf 87' lang='lat' dir='ltr'>per</span> <span class='ocrx_word' id='word_1_224' title='bbox 447 2158 532 2185; x_wconf 89' lang='lat' dir='ltr'>tuam</span> <span class='ocrx_word' id='word_1_225' title='bbox 554 2149 738 2190; x_wconf 89' lang='lat' dir='ltr'>dioecesim,</span> <span class='ocrx_word' id='word_1_226' title='bbox 766 2158 796 2183; x_wconf 86' lang='lat' dir='ltr'>et</span> <span class='ocrx_word' id='word_1_227' title='bbox 823 2149 1025 2195; x_wconf 86' lang='lat' dir='ltr'>episcopatus</span> <span class='ocrx_word' id='word_1_228' title='bbox 1058 2147 1113 2181; x_wconf 84' lang='lat' dir='ltr'>tibi</span> 
     </span>
     <span class='ocr_line' id='line_1_50' title="bbox 364 2201 1114 2244; baseline -0.005 -6"><span class='ocrx_word' id='word_1_229' title='bbox 364 2203 518 2244; x_wconf 86' lang='lat' dir='ltr'>subditos,</span> <span class='ocrx_word' id='word_1_230' title='bbox 557 2210 628 2238; x_wconf 89' lang='lat' dir='ltr'>ante</span> <span class='ocrx_word' id='word_1_231' title='bbox 663 2211 693 2238; x_wconf 89' lang='lat' dir='ltr'>te</span> <span class='ocrx_word' id='word_1_232' title='bbox 733 2202 896 2237; x_wconf 81' lang='lat' dir='ltr'>deserendi</span> <span class='ocrx_word' id='word_1_233' title='bbox 931 2201 1114 2236; x_wconf 70' lang='lat' dir='ltr'>fraternitati</span> 
     </span>
     <span class='ocr_line' id='line_1_51' title="bbox 364 2256 849 2304; baseline -0.002 -13"><span class='ocrx_word' id='word_1_234' title='bbox 364 2266 436 2292; x_wconf 87' lang='lat' dir='ltr'>tuae</span> <span class='ocrx_word' id='word_1_235' title='bbox 457 2257 615 2292; x_wconf 86' lang='lat' dir='ltr'>licentiam</span> <span class='ocrx_word' id='word_1_236' title='bbox 638 2256 849 2304; x_wconf 85' lang='lat' dir='ltr'>impertimur.</span> 
     </span>
    </p>

    <p class='ocr_par' dir='ltr' id='par_1_16' title="bbox 367 2309 1117 2666">
     <span class='ocr_line' id='line_1_52' title="bbox 414 2309 1115 2356; baseline 0 -11"><span class='ocrx_word' id='word_1_237' title='bbox 414 2310 625 2345; x_wconf 85' lang='lat' dir='ltr'>Decernimus</span> <span class='ocrx_word' id='word_1_238' title='bbox 668 2321 743 2356; x_wconf 86' lang='lat' dir='ltr'>ergo</span> <span class='ocrx_word' id='word_1_239' title='bbox 781 2318 814 2343; x_wconf 95' lang='lat' dir='ltr'>ut</span> <span class='ocrx_word' id='word_1_240' title='bbox 854 2309 931 2344; x_wconf 89' lang='lat' dir='ltr'>nulli</span> <span class='ocrx_word' id='word_1_241' title='bbox 984 2310 1115 2345; x_wconf 87' lang='lat' dir='ltr'>omnino</span> 
     </span>
     <span class='ocr_line' id='line_1_53' title="bbox 368 2362 1117 2410; baseline -0.004 -11"><span class='ocrx_word' id='word_1_242' title='bbox 368 2364 530 2399; x_wconf 87' lang='lat' dir='ltr'>bominum</span> <span class='ocrx_word' id='word_1_243' title='bbox 577 2364 666 2398; x_wconf 87' lang='lat' dir='ltr'>liceat</span> <span class='ocrx_word' id='word_1_244' title='bbox 707 2363 876 2410; x_wconf 82' lang='lat' dir='ltr'>praefatam</span> <span class='ocrx_word' id='word_1_245' title='bbox 917 2362 1117 2398; x_wconf 77' lang='lat' dir='ltr'>Thessaloni-</span> 
     </span>
     <span class='ocr_line' id='line_1_54' title="bbox 367 2415 1114 2462; baseline -0.004 -9"><span class='ocrx_word' id='word_1_246' title='bbox 367 2430 495 2454; x_wconf 88' lang='lat' dir='ltr'>censem</span> <span class='ocrx_word' id='word_1_247' title='bbox 521 2417 698 2452; x_wconf 81' lang='lat' dir='ltr'>Ecclesiam</span> <span class='ocrx_word' id='word_1_248' title='bbox 716 2425 834 2451; x_wconf 80' lang='lat' dir='ltr'>temere</span> <span class='ocrx_word' id='word_1_249' title='bbox 851 2415 1034 2462; x_wconf 87' lang='lat' dir='ltr'>perturbare</span> <span class='ocrx_word' id='word_1_250' title='bbox 1048 2425 1114 2456; x_wconf 73' lang='lat' dir='ltr'>etc,</span> 
     </span>
     <span class='ocr_line' id='line_1_55' title="bbox 368 2469 1115 2517; baseline -0.003 -11"><span class='ocrx_word' id='word_1_251' title='bbox 368 2485 458 2517; x_wconf 81' lang='lat' dir='ltr'>usque</span> <span class='ocrx_word' id='word_1_252' title='bbox 475 2471 586 2506; x_wconf 83' lang='lat' dir='ltr'>usibus</span> <span class='ocrx_word' id='word_1_253' title='bbox 607 2470 799 2505; x_wconf 80' lang='lat' dir='ltr'>omnimodis</span> <span class='ocrx_word' id='word_1_254' title='bbox 824 2469 996 2517; x_wconf 83' lang='lat' dir='ltr'>profutura.</span> <span class='ocrx_word' id='word_1_255' title='bbox 1024 2470 1115 2504; x_wconf 66' lang='lat' dir='ltr'>Salva</span> 
     </span>
     <span class='ocr_line' id='line_1_56' title="bbox 367 2524 1114 2572; baseline -0.004 -12"><span class='ocrx_word' id='word_1_256' title='bbox 367 2525 460 2560; x_wconf 80' lang='lat' dir='ltr'>Sedis</span> <span class='ocrx_word' id='word_1_257' title='bbox 499 2525 699 2572; x_wconf 82' lang='lat' dir='ltr'>Apostolicae</span> <span class='ocrx_word' id='word_1_258' title='bbox 745 2524 939 2559; x_wconf 82' lang='lat' dir='ltr'>auctoritate.</span> <span class='ocrx_word' id='word_1_259' title='bbox 978 2524 1011 2558; x_wconf 88' lang='lat' dir='ltr'>Si</span> <span class='ocrx_word' id='word_1_260' title='bbox 1053 2535 1114 2570; x_wconf 87' lang='lat' dir='ltr'>qua</span> 
     </span>
     <span class='ocr_line' id='line_1_57' title="bbox 369 2576 1115 2624; baseline 0.003 -14"><span class='ocrx_word' id='word_1_261' title='bbox 369 2579 462 2624; x_wconf 83' lang='lat' dir='ltr'>igitur</span> <span class='ocrx_word' id='word_1_262' title='bbox 485 2579 514 2613; x_wconf 94' lang='lat' dir='ltr'>in</span> <span class='ocrx_word' id='word_1_263' title='bbox 539 2578 680 2613; x_wconf 76' lang='lat' dir='ltr'>futurum</span> <span class='ocrx_word' id='word_1_264' title='bbox 716 2585 784 2618; x_wconf 65' lang='lat' dir='ltr'>etc„</span> <span class='ocrx_word' id='word_1_265' title='bbox 822 2589 913 2622; x_wconf 81' lang='lat' dir='ltr'>usque</span> <span class='ocrx_word' id='word_1_266' title='bbox 956 2576 1115 2612; x_wconf 87' lang='lat' dir='ltr'>districtae</span> 
     </span>
     <span class='ocr_line' id='line_1_58' title="bbox 369 2630 1114 2666; baseline 0.004 -3"><span class='ocrx_word' id='word_1_267' title='bbox 369 2630 477 2665; x_wconf 77' lang='lat' dir='ltr'>ultioni</span> <span class='ocrx_word' id='word_1_268' title='bbox 499 2632 670 2666; x_wconf 82' lang='lat' dir='ltr'>subiaceat.</span> <span class='ocrx_word' id='word_1_269' title='bbox 705 2631 837 2665; x_wconf 71' lang='lat' dir='ltr'>Cunctis</span> <span class='ocrx_word' id='word_1_270' title='bbox 871 2638 976 2665; x_wconf 84' lang='lat' dir='ltr'>antem</span> <span class='ocrx_word' id='word_1_271' title='bbox 1011 2630 1114 2666; x_wconf 86' lang='lat' dir='ltr'>eidem</span> 
     </span>
    </p>
   </div>
   <div class='ocr_carea' id='block_1_16' title="bbox 944 269 1320 296">
    <p class='ocr_par' dir='ltr' id='par_1_17' title="bbox 944 269 1320 296">
     <span class='ocr_line' id='line_1_59' title="bbox 944 269 1320 296; baseline -0.013 0"><span class='ocrx_word' id='word_1_272' title='bbox 944 272 1068 296; x_wconf 71' lang='lat' dir='ltr'>BULLAR</span> <span class='ocrx_word' id='word_1_273' title='bbox 1075 271 1131 294; x_wconf 75' lang='lat' dir='ltr'>tom</span> <span class='ocrx_word' id='word_1_274' title='bbox 1159 269 1320 292; x_wconf 59' lang='lat' dir='ltr'>nonaxon</span> 
     </span>
    </p>
   </div>
   <div class='ocr_carea' id='block_1_17' title="bbox 1126 347 1133 1400">
    <p class='ocr_par' dir='ltr' id='par_1_18' title="bbox 1126 347 1133 1400">
     <span class='ocr_line' id='line_1_60' title="bbox 1126 347 1133 1400; baseline 0 0"><span class='ocrx_word' id='word_1_275' title='bbox 1126 347 1133 1400; x_wconf 95' lang='lat' dir='ltr'> </span> 
     </span>
    </p>
   </div>
   <div class='ocr_carea' id='block_1_18' title="bbox 1132 1767 1138 2540">
    <p class='ocr_par' dir='ltr' id='par_1_19' title="bbox 1132 1767 1138 2540">
     <span class='ocr_line' id='line_1_61' title="bbox 1132 1767 1138 2540; baseline 0 0"><span class='ocrx_word' id='word_1_276' title='bbox 1132 1767 1138 2540; x_wconf 95' lang='lat' dir='ltr'> </span> 
     </span>
    </p>
   </div>
   <div class='ocr_carea' id='block_1_19' title="bbox 1908 263 2090 292">
    <p class='ocr_par' dir='ltr' id='par_1_20' title="bbox 1908 263 2090 292">
     <span class='ocr_line' id='line_1_62' title="bbox 1908 263 2090 292; baseline -0.005 0"><span class='ocrx_word' id='word_1_277' title='bbox 1908 265 1960 292; x_wconf 75' lang='lat' dir='ltr'>Au.</span> <span class='ocrx_word' id='word_1_278' title='bbox 1973 263 2003 292; x_wconf 90' lang='lat' dir='ltr'>C.</span> <span class='ocrx_word' id='word_1_279' title='bbox 2023 263 2090 291; x_wconf 73' lang='grc'>1215</span> 
     </span>
    </p>
   </div>
   <div class='ocr_carea' id='block_1_20' title="bbox 1148 321 1897 507">
    <p class='ocr_par' dir='ltr' id='par_1_21' title="bbox 1148 321 1896 409">
     <span class='ocr_line' id='line_1_63' title="bbox 1148 321 1896 370; baseline -0.004 -12"><span class='ocrx_word' id='word_1_280' title='bbox 1148 324 1218 359; x_wconf 83' lang='lat' dir='ltr'>loco</span> <span class='ocrx_word' id='word_1_281' title='bbox 1240 331 1305 363; x_wconf 60' lang='lat' dir='ltr'>etc„</span> <span class='ocrx_word' id='word_1_282' title='bbox 1328 335 1420 368; x_wconf 81' lang='lat' dir='ltr'>usque</span> <span class='ocrx_word' id='word_1_283' title='bbox 1459 322 1593 370; x_wconf 86' lang='lat' dir='ltr'>praemia</span> <span class='ocrx_word' id='word_1_284' title='bbox 1624 329 1771 357; x_wconf 84' lang='lat' dir='ltr'>aeternae</span> <span class='ocrx_word' id='word_1_285' title='bbox 1811 321 1896 369; x_wconf 86' lang='lat' dir='ltr'>pacis</span> 
     </span>
     <span class='ocr_line' id='line_1_64' title="bbox 1149 372 1460 420; baseline -0.007 -12"><span class='ocrx_word' id='word_1_286' title='bbox 1149 373 1321 409; x_wconf 85' lang='lat' dir='ltr'>inveniant.</span> <span class='ocrx_word' id='word_1_287' title='bbox 1347 372 1460 420; x_wconf 50' lang='lat' dir='ltr'>Amo-n.</span> 
     </span>
    </p>

    <p class='ocr_par' dir='ltr' id='par_1_22' title="bbox 1148 419 1897 507">
     <span class='ocr_line' id='line_1_65' title="bbox 1198 419 1897 468; baseline -0.004 -11"><span class='ocrx_word' id='word_1_288' title='bbox 1198 422 1313 457; x_wconf 82' lang='lat' dir='ltr'>Datum</span> <span class='ocrx_word' id='word_1_289' title='bbox 1334 421 1479 456; x_wconf 87' lang='lat' dir='ltr'>laterani</span> <span class='ocrx_word' id='word_1_290' title='bbox 1506 433 1562 468; x_wconf 84' lang='lat' dir='ltr'>per</span> <span class='ocrx_word' id='word_1_291' title='bbox 1583 431 1711 455; x_wconf 90' lang='lat' dir='ltr'>manum</span> <span class='ocrx_word' id='word_1_292' title='bbox 1746 419 1897 456; x_wconf 88' lang='lat' dir='ltr'>Iohannis</span> 
     </span>
     <span class='ocr_line' id='line_1_66' title="bbox 1148 468 1896 507; baseline -0.007 0"><span class='ocrx_word' id='word_1_293' title='bbox 1148 471 1283 507; x_wconf 86' lang='lat' dir='ltr'>Sanctae</span> <span class='ocrx_word' id='word_1_294' title='bbox 1325 471 1440 506; x_wconf 67' lang='lat' dir='ltr'>Mariae</span> <span class='ocrx_word' id='word_1_295' title='bbox 1484 470 1512 504; x_wconf 93' lang='lat' dir='ltr'>in</span> <span class='ocrx_word' id='word_1_296' title='bbox 1556 468 1730 505; x_wconf 87' lang='lat' dir='ltr'>Cosmedin</span> <span class='ocrx_word' id='word_1_297' title='bbox 1771 468 1896 504; x_wconf 86' lang='lat' dir='ltr'>diaconi</span> 
     </span>
    </p>
   </div>
   <div class='ocr_carea' id='block_1_21' title="bbox 1148 567 1900 818">
    <p class='ocr_par' dir='ltr' id='par_1_23' title="bbox 1148 567 1900 765">
     <span class='ocr_line' id='line_1_67' title="bbox 1148 567 1897 616; baseline -0.003 -12"><span class='ocrx_word' id='word_1_298' title='bbox 1148 570 1267 616; x_wconf 82' lang='lat' dir='ltr'>aprilis,</span> <span class='ocrx_word' id='word_1_299' title='bbox 1295 569 1469 605; x_wconf 79' lang='lat' dir='ltr'>indictione</span> <span class='ocrx_word' id='word_1_300' title='bbox 1498 580 1557 611; x_wconf 79' lang='lat' dir='ltr'>xV,</span> <span class='ocrx_word' id='word_1_301' title='bbox 1590 567 1814 603; x_wconf 84' lang='lat' dir='ltr'>incarnationis</span> <span class='ocrx_word' id='word_1_302' title='bbox 1846 567 1897 602; x_wconf 90' lang='lat' dir='ltr'>do·</span> 
     </span>
     <span class='ocr_line' id='line_1_68' title="bbox 1148 617 1897 664; baseline -0.004 -10"><span class='ocrx_word' id='word_1_303' title='bbox 1148 619 1282 655; x_wconf 87' lang='lat' dir='ltr'>minicae</span> <span class='ocrx_word' id='word_1_304' title='bbox 1304 631 1386 654; x_wconf 91' lang='lat' dir='ltr'>anno</span> <span class='ocrx_word' id='word_1_305' title='bbox 1414 629 1556 658; x_wconf 69' lang='lat' dir='ltr'>mccxlii,</span> <span class='ocrx_word' id='word_1_306' title='bbox 1585 617 1784 664; x_wconf 86' lang='lat' dir='ltr'>pontificatus</span> <span class='ocrx_word' id='word_1_307' title='bbox 1823 629 1897 653; x_wconf 87' lang='lat' dir='ltr'>vero</span> 
     </span>
     <span class='ocr_line' id='line_1_69' title="bbox 1148 665 1900 713; baseline -0.003 -10"><span class='ocrx_word' id='word_1_308' title='bbox 1148 668 1267 704; x_wconf 91' lang='lat' dir='ltr'>domini</span> <span class='ocrx_word' id='word_1_309' title='bbox 1292 667 1469 703; x_wconf 87' lang='lat' dir='ltr'>Innocentii</span> <span class='ocrx_word' id='word_1_310' title='bbox 1510 666 1613 713; x_wconf 87' lang='lat' dir='ltr'>Papae</span> <span class='ocrx_word' id='word_1_311' title='bbox 1653 665 1694 701; x_wconf 84' lang='grc' dir='ltr'>ΙΙΙ</span> <span class='ocrx_word' id='word_1_312' title='bbox 1726 677 1809 701; x_wconf 90' lang='lat' dir='ltr'>anno</span> <span class='ocrx_word' id='word_1_313' title='bbox 1846 666 1900 701; x_wconf 83' lang='lat' dir='ltr'>de-</span> 
     </span>
     <span class='ocr_line' id='line_1_70' title="bbox 1148 718 1353 765; baseline -0.005 -13"><span class='ocrx_word' id='word_1_314' title='bbox 1148 718 1353 765; x_wconf 84' lang='lat' dir='ltr'>cimoquinto.</span> 
     </span>
    </p>

    <p class='ocr_par' dir='ltr' id='par_1_24' title="bbox 1187 777 1858 818">
     <span class='ocr_line' id='line_1_71' title="bbox 1187 777 1858 818; baseline -0.003 -9"><span class='ocrx_word' id='word_1_315' title='bbox 1187 779 1249 809; x_wconf 88' lang='lat' dir='ltr'>Dat.</span> <span class='ocrx_word' id='word_1_316' title='bbox 1268 780 1315 810; x_wconf 88' lang='lat' dir='ltr'>die</span> <span class='ocrx_word' id='word_1_317' title='bbox 1341 779 1355 809; x_wconf 86' lang='lat'><em>7</em></span> <span class='ocrx_word' id='word_1_318' title='bbox 1375 779 1477 818; x_wconf 84' lang='lat' dir='ltr'>aprilis</span> <span class='ocrx_word' id='word_1_319' title='bbox 1498 777 1582 813; x_wconf 69' lang='lat'>1213,</span> <span class='ocrx_word' id='word_1_320' title='bbox 1602 777 1702 817; x_wconf 79' lang='lat' dir='ltr'>pontif.</span> <span class='ocrx_word' id='word_1_321' title='bbox 1720 785 1796 808; x_wconf 87' lang='lat' dir='ltr'>anno</span> <span class='ocrx_word' id='word_1_322' title='bbox 1813 784 1858 808; x_wconf 84' lang='lat' dir='ltr'>xv.</span> 
     </span>
    </p>
   </div>
   <div class='ocr_carea' id='block_1_22' title="bbox 1414 846 1604 853">
    <p class='ocr_par' dir='ltr' id='par_1_25' title="bbox 1414 846 1604 853">
     <span class='ocr_line' id='line_1_72' title="bbox 1414 846 1604 853; baseline 0 0"><span class='ocrx_word' id='word_1_323' title='bbox 1414 846 1604 853; x_wconf 95' lang='lat' dir='ltr'> </span> 
     </span>
    </p>
   </div>
   <div class='ocr_carea' id='block_1_23' title="bbox 1439 923 1608 959">
    <p class='ocr_par' dir='ltr' id='par_1_26' title="bbox 1439 923 1608 959">
     <span class='ocr_line' id='line_1_73' title="bbox 1439 923 1608 959; baseline -0.018 0"><span class='ocrx_word' id='word_1_324' title='bbox 1439 923 1608 959; x_wconf 82' lang='lat' dir='ltr'>LXXXIII.</span> 
     </span>
    </p>
   </div>
   <div class='ocr_carea' id='block_1_24' title="bbox 1152 991 1901 1233">
    <p class='ocr_par' dir='ltr' id='par_1_27' title="bbox 1152 991 1901 1233">
     <span class='ocr_line' id='line_1_74' title="bbox 1152 991 1901 1036; baseline -0.003 -11"><span class='ocrx_word' id='word_1_325' title='bbox 1152 992 1255 1036; x_wconf 76' lang='lat' dir='ltr'>Reyes.</span> <span class='ocrx_word' id='word_1_326' title='bbox 1283 1004 1318 1025; x_wconf 83' lang='lat' dir='ltr'>ac</span> <span class='ocrx_word' id='word_1_327' title='bbox 1344 1003 1470 1035; x_wconf 67' lang='lat' dir='ltr'>regnum</span> <span class='ocrx_word' id='word_1_328' title='bbox 1499 991 1733 1034; x_wconf 77' lang='lat' dir='ltr'>Porcuqaltense</span> <span class='ocrx_word' id='word_1_329' title='bbox 1753 991 1808 1024; x_wconf 80' lang='lat' dir='ltr'>sub</span> <span class='ocrx_word' id='word_1_330' title='bbox 1822 1001 1901 1035; x_wconf 83' lang='lat' dir='ltr'>pro-</span> 
     </span>
     <span class='ocr_line' id='line_1_75' title="bbox 1200 1040 1900 1085; baseline -0.004 -11"><span class='ocrx_word' id='word_1_331' title='bbox 1200 1042 1323 1074; x_wconf 78' lang='lat' dir='ltr'>tectione</span> <span class='ocrx_word' id='word_1_332' title='bbox 1343 1041 1430 1074; x_wconf 75' lang='lat' dir='ltr'>Sedis</span> <span class='ocrx_word' id='word_1_333' title='bbox 1462 1041 1656 1085; x_wconf 74' lang='lat' dir='ltr'>Apostolicae</span> <span class='ocrx_word' id='word_1_334' title='bbox 1680 1040 1900 1084; x_wconf 76' lang='lat' dir='ltr'>suscipiuntur,</span> 
     </span>
     <span class='ocr_line' id='line_1_76' title="bbox 1198 1088 1900 1135; baseline -0.003 -12"><span class='ocrx_word' id='word_1_335' title='bbox 1198 1102 1297 1135; x_wconf 71' lang='lat' dir='ltr'>eisque</span> <span class='ocrx_word' id='word_1_336' title='bbox 1322 1091 1522 1135; x_wconf 79' lang='lat' dir='ltr'>confirmatur</span> <span class='ocrx_word' id='word_1_337' title='bbox 1555 1089 1706 1134; x_wconf 74' lang='lat' dir='ltr'>quidquid</span> <span class='ocrx_word' id='word_1_338' title='bbox 1735 1090 1771 1122; x_wconf 84' lang='lat' dir='ltr'>de</span> <span class='ocrx_word' id='word_1_339' title='bbox 1798 1088 1900 1122; x_wconf 84' lang='lat' dir='ltr'>Sara-</span> 
     </span>
     <span class='ocr_line' id='line_1_77' title="bbox 1200 1138 1901 1182; baseline -0.004 -9"><span class='ocrx_word' id='word_1_340' title='bbox 1200 1151 1340 1173; x_wconf 81' lang='lat' dir='ltr'>cenorum</span> <span class='ocrx_word' id='word_1_341' title='bbox 1368 1140 1510 1173; x_wconf 81' lang='lat' dir='ltr'>manibus</span> <span class='ocrx_word' id='word_1_342' title='bbox 1536 1140 1628 1182; x_wconf 78' lang='lat' dir='ltr'>fuerit</span> <span class='ocrx_word' id='word_1_343' title='bbox 1650 1149 1706 1182; x_wconf 83' lang='lat' dir='ltr'>per</span> <span class='ocrx_word' id='word_1_344' title='bbox 1730 1138 1811 1182; x_wconf 79' lang='lat' dir='ltr'>ipsos</span> <span class='ocrx_word' id='word_1_345' title='bbox 1845 1149 1901 1171; x_wconf 82' lang='lat' dir='ltr'>ac-</span> 
     </span>
     <span class='ocr_line' id='line_1_78' title="bbox 1199 1189 1434 1233; baseline 0.004 -12"><span class='ocrx_word' id='word_1_346' title='bbox 1199 1189 1344 1233; x_wconf 76' lang='lat' dir='ltr'>quisitum</span> <span class='ocrx_word' id='word_1_347' title='bbox 1373 1190 1434 1231; x_wconf 72' lang='lat'>(1)</span> 
     </span>
    </p>
   </div>
   <div class='ocr_carea' id='block_1_25' title="bbox 1419 1264 1632 1296">
    <p class='ocr_par' dir='ltr' id='par_1_28' title="bbox 1419 1264 1632 1296">
     <span class='ocr_line' id='line_1_79' title="bbox 1419 1264 1632 1296; baseline -0.009 0"><span class='ocrx_word' id='word_1_348' title='bbox 1419 1264 1632 1296; x_wconf 71' lang='lat' dir='ltr'>SUMMARIUM</span> 
     </span>
    </p>
   </div>
   <div class='ocr_carea' id='block_1_26' title="bbox 1191 1374 1903 1503">
    <p class='ocr_par' dir='ltr' id='par_1_29' title="bbox 1191 1374 1903 1503">
     <span class='ocr_line' id='line_1_80' title="bbox 1191 1374 1903 1415; baseline -0.001 -10"><span class='ocrx_word' id='word_1_349' title='bbox 1191 1376 1299 1415; x_wconf 87' lang='lat' dir='ltr'>optime</span> <span class='ocrx_word' id='word_1_350' title='bbox 1316 1377 1421 1406; x_wconf 53' lang='lat' dir='ltr'>meriti,</span> <span class='ocrx_word' id='word_1_351' title='bbox 1433 1376 1538 1405; x_wconf 88' lang='lat' dir='ltr'>—Eos</span> <span class='ocrx_word' id='word_1_352' title='bbox 1557 1375 1612 1405; x_wconf 84' lang='lat' dir='ltr'>sub</span> <span class='ocrx_word' id='word_1_353' title='bbox 1628 1374 1786 1415; x_wconf 86' lang='lat' dir='ltr'>apostolica</span> <span class='ocrx_word' id='word_1_354' title='bbox 1799 1374 1903 1414; x_wconf 90' lang='lat' dir='ltr'>recipit</span> 
     </span>
     <span class='ocr_line' id='line_1_81' title="bbox 1192 1417 1901 1459; baseline -0.003 -9"><span class='ocrx_word' id='word_1_355' title='bbox 1192 1421 1380 1459; x_wconf 84' lang='lat' dir='ltr'>protectione.</span> <span class='ocrx_word' id='word_1_356' title='bbox 1397 1437 1435 1443; x_wconf 90' lang='lat'>-—</span> <span class='ocrx_word' id='word_1_357' title='bbox 1447 1419 1561 1449; x_wconf 87' lang='lat' dir='ltr'>Census</span> <span class='ocrx_word' id='word_1_358' title='bbox 1581 1428 1696 1449; x_wconf 86' lang='lat' dir='ltr'>annuus</span> <span class='ocrx_word' id='word_1_359' title='bbox 1713 1419 1748 1448; x_wconf 92' lang='lat' dir='ltr'>ab</span> <span class='ocrx_word' id='word_1_360' title='bbox 1766 1419 1810 1448; x_wconf 91' lang='lat' dir='ltr'>eis</span> <span class='ocrx_word' id='word_1_361' title='bbox 1829 1417 1857 1448; x_wconf 88' lang='lat' dir='ltr'>S.</span> <span class='ocrx_word' id='word_1_362' title='bbox 1870 1419 1901 1448; x_wconf 72' lang='lat' dir='ltr'>A.</span> 
     </span>
     <span class='ocr_line' id='line_1_82' title="bbox 1192 1463 1664 1503; baseline -0.004 -9"><span class='ocrx_word' id='word_1_363' title='bbox 1192 1464 1415 1503; x_wconf 76' lang='lat' dir='ltr'>persolvendus.</span> <span class='ocrx_word' id='word_1_364' title='bbox 1438 1480 1476 1485; x_wconf 91' lang='lat'>—-</span> <span class='ocrx_word' id='word_1_365' title='bbox 1499 1463 1664 1493; x_wconf 81' lang='lat' dir='ltr'>Clausulae.</span> 
     </span>
    </p>
   </div>
   <div class='ocr_carea' id='block_1_27' title="bbox 1151 1533 2098 1742">
    <p class='ocr_par' dir='ltr' id='par_1_30' title="bbox 1151 1533 2084 1742">
     <span class='ocr_line' id='line_1_83' title="bbox 1151 1533 1901 1569; baseline 0 -7"><span class='ocrx_word' id='word_1_366' title='bbox 1151 1534 1322 1563; x_wconf 79' lang='lat' dir='ltr'>Innocentius</span> <span class='ocrx_word' id='word_1_367' title='bbox 1347 1534 1487 1569; x_wconf 78' lang='lat' dir='ltr'>episcopus</span> <span class='ocrx_word' id='word_1_368' title='bbox 1514 1540 1609 1561; x_wconf 77' lang='lat' dir='ltr'>servus</span> <span class='ocrx_word' id='word_1_369' title='bbox 1637 1539 1777 1562; x_wconf 82' lang='lat' dir='ltr'>servorum</span> <span class='ocrx_word' id='word_1_370' title='bbox 1791 1533 1852 1567; x_wconf 81' lang='lat' dir='ltr'>nai.</span> <span class='ocrx_word' id='word_1_371' title='bbox 1873 1534 1901 1562; x_wconf 81' lang='grc' dir='ltr'>Δ.</span> 
     </span>
     <span class='ocr_line' id='line_1_84' title="bbox 1196 1582 1901 1618; baseline -0.001 -7"><span class='ocrx_word' id='word_1_372' title='bbox 1196 1583 1301 1611; x_wconf 76' lang='lat' dir='ltr'>illustri</span> <span class='ocrx_word' id='word_1_373' title='bbox 1319 1583 1377 1618; x_wconf 84' lang='lat' dir='ltr'>regi</span> <span class='ocrx_word' id='word_1_374' title='bbox 1393 1582 1590 1617; x_wconf 82' lang='lat' dir='ltr'>Portugallensi</span> <span class='ocrx_word' id='word_1_375' title='bbox 1609 1585 1639 1611; x_wconf 79' lang='lat' dir='ltr'>et</span> <span class='ocrx_word' id='word_1_376' title='bbox 1662 1583 1822 1612; x_wconf 77' lang='lat' dir='ltr'>haeredibus</span> <span class='ocrx_word' id='word_1_377' title='bbox 1833 1582 1901 1615; x_wconf 73' lang='lat' dir='ltr'>aius,</span> 
     </span>
     <span class='ocr_line' id='line_1_85' title="bbox 1195 1633 1417 1667; baseline -0.005 -7"><span class='ocrx_word' id='word_1_378' title='bbox 1195 1633 1223 1660; x_wconf 86' lang='lat' dir='ltr'>in</span> <span class='ocrx_word' id='word_1_379' title='bbox 1246 1633 1417 1667; x_wconf 81' lang='lat' dir='ltr'>perpetuum.</span> 
     </span>
     <span class='ocr_line' id='line_1_86' title="bbox 1202 1694 2098 1742; baseline 0.003 -14"><span class='ocrx_word' id='word_1_380' title='bbox 1202 1694 1375 1729; x_wconf 83' lang='lat' dir='ltr'>Manifestis</span> <span class='ocrx_word' id='word_1_381' title='bbox 1412 1695 1574 1742; x_wconf 82' lang='lat' dir='ltr'>probatum</span> <span class='ocrx_word' id='word_1_382' title='bbox 1613 1704 1656 1729; x_wconf 83' lang='lat' dir='ltr'>est</span> <span class='ocrx_word' id='word_1_383' title='bbox 1695 1696 1900 1741; x_wconf 79' lang='lat' dir='ltr'>argumentis</span> <span class='ocrx_word' id='word_1_384' title='bbox 1929 1704 1997 1732; x_wconf 68' lang='lat' dir='ltr'>Reges</span> <span class='ocrx_word' id='word_1_385' title='bbox 2021 1704 2098 1727; x_wconf 70' lang='lat' dir='ltr'>Portu-</span> 
     </span>
    </p>
   </div>
   <div class='ocr_carea' id='block_1_28' title="bbox 1914 1736 2099 1792">
    <p class='ocr_par' dir='ltr' id='par_1_31' title="bbox 1914 1736 2099 1787">
     <span class='ocr_line' id='line_1_87' title="bbox 1915 1736 2099 1761; baseline 0 -5"><span class='ocrx_word' id='word_1_386' title='bbox 1915 1736 1955 1761; x_wconf 75' lang='lat' dir='ltr'>gal</span> <span class='ocrx_word' id='word_1_387' title='bbox 1958 1741 2021 1757; x_wconf 85' lang='lat' dir='ltr'>ense</span> <span class='ocrx_word' id='word_1_388' title='bbox 2031 1736 2056 1756; x_wconf 79' lang='lat' dir='ltr'>de</span> <span class='ocrx_word' id='word_1_389' title='bbox 2065 1741 2099 1756; x_wconf 75' lang='lat' dir='ltr'>ro-</span> 
     </span>
     <span class='ocr_line' id='line_1_88' title="bbox 1914 1766 2098 1792; baseline -0.006 -5"><span class='ocrx_word' id='word_1_390' title='bbox 1914 1767 1942 1792; x_wconf 75' lang='lat' dir='ltr'>lig</span> <span class='ocrx_word' id='word_1_391' title='bbox 1945 1767 1993 1787; x_wconf 84' lang='lat' dir='ltr'>ione</span> <span class='ocrx_word' id='word_1_392' title='bbox 2023 1766 2098 1787; x_wconf 78' lang='lat' dir='ltr'>cattio—</span> 
     </span>
    </p>
   </div>
   <div class='ocr_carea' id='block_1_29' title="bbox 1153 1793 2096 2235">
    <p class='ocr_par' dir='ltr' id='par_1_32' title="bbox 1153 1793 2096 2235">
     <span class='ocr_line' id='line_1_89' title="bbox 1153 1793 2096 1839; baseline 0.003 -12"><span class='ocrx_word' id='word_1_393' title='bbox 1153 1805 1228 1828; x_wconf 80' lang='lat' dir='ltr'>avns</span> <span class='ocrx_word' id='word_1_394' title='bbox 1259 1802 1331 1828; x_wconf 85' lang='lat' dir='ltr'>tuus</span> <span class='ocrx_word' id='word_1_395' title='bbox 1365 1805 1419 1839; x_wconf 87' lang='lat' dir='ltr'>per</span> <span class='ocrx_word' id='word_1_396' title='bbox 1445 1793 1577 1828; x_wconf 77' lang='lat' dir='ltr'>sudores</span> <span class='ocrx_word' id='word_1_397' title='bbox 1609 1793 1737 1828; x_wconf 78' lang='lat' dir='ltr'>bellicos</span> <span class='ocrx_word' id='word_1_398' title='bbox 1767 1802 1798 1829; x_wconf 89' lang='lat' dir='ltr'>et</span> <span class='ocrx_word' id='word_1_399' title='bbox 1831 1797 2096 1832; x_wconf 69' lang='lat' dir='ltr'>ce1·-¹¹⁰‚³⁰¹&#39;²‘·mum</span> 
     </span>
     <span class='ocr_line' id='line_1_90' title="bbox 1153 1828 1957 1878; baseline 0.003 -2"><span class='ocrx_word' id='word_1_400' title='bbox 1153 1843 1269 1877; x_wconf 82' lang='lat' dir='ltr'>tamina</span> <span class='ocrx_word' id='word_1_401' title='bbox 1309 1842 1450 1877; x_wconf 72' lang='lat' dir='ltr'>militaria</span> <span class='ocrx_word' id='word_1_402' title='bbox 1497 1843 1696 1878; x_wconf 86' lang='lat' dir='ltr'>inimicorum</span> <span class='ocrx_word' id='word_1_403' title='bbox 1738 1843 1899 1878; x_wconf 85' lang='lat' dir='ltr'>christiani</span> <span class='ocrx_word' id='word_1_404' title='bbox 1916 1828 1957 1848; x_wconf 66' lang='lat'>&#39;¹¹</span> 
     </span>
     <span class='ocr_line' id='line_1_91' title="bbox 1155 1891 1902 1941; baseline 0.004 -16"><span class='ocrx_word' id='word_1_405' title='bbox 1155 1892 1291 1926; x_wconf 87' lang='lat' dir='ltr'>nominis</span> <span class='ocrx_word' id='word_1_406' title='bbox 1314 1891 1493 1938; x_wconf 85' lang='lat' dir='ltr'>intrepidus</span> <span class='ocrx_word' id='word_1_407' title='bbox 1533 1899 1730 1939; x_wconf 76' lang='lat' dir='ltr'>expugnator</span> <span class='ocrx_word' id='word_1_408' title='bbox 1761 1899 1791 1928; x_wconf 89' lang='lat' dir='ltr'>et</span> <span class='ocrx_word' id='word_1_409' title='bbox 1827 1905 1902 1941; x_wconf 82' lang='lat' dir='ltr'>pro-</span> 
     </span>
     <span class='ocr_line' id='line_1_92' title="bbox 1155 1940 1902 1987; baseline 0.004 -13"><span class='ocrx_word' id='word_1_410' title='bbox 1155 1953 1213 1987; x_wconf 78' lang='lat' dir='ltr'>pag</span> <span class='ocrx_word' id='word_1_411' title='bbox 1216 1949 1300 1983; x_wconf 86' lang='lat' dir='ltr'>ator,</span> <span class='ocrx_word' id='word_1_412' title='bbox 1336 1940 1471 1987; x_wconf 78' lang='lat' dir='ltr'>diligens</span> <span class='ocrx_word' id='word_1_413' title='bbox 1506 1940 1577 1976; x_wconf 88' lang='lat' dir='ltr'>fidei</span> <span class='ocrx_word' id='word_1_414' title='bbox 1604 1941 1796 1977; x_wconf 77' lang='lat' dir='ltr'>orthodoxae</span> <span class='ocrx_word' id='word_1_415' title='bbox 1823 1943 1902 1978; x_wconf 90' lang='lat' dir='ltr'>sicut</span> 
     </span>
     <span class='ocr_line' id='line_1_93' title="bbox 1154 1990 1904 2037; baseline 0.004 -14"><span class='ocrx_word' id='word_1_416' title='bbox 1154 1990 1286 2024; x_wconf 79' lang='lat' dir='ltr'>devotus</span> <span class='ocrx_word' id='word_1_417' title='bbox 1302 1990 1384 2023; x_wconf 80' lang='lat' dir='ltr'>filins</span> <span class='ocrx_word' id='word_1_418' title='bbox 1406 1998 1436 2025; x_wconf 82' lang='lat' dir='ltr'>et</span> <span class='ocrx_word' id='word_1_419' title='bbox 1452 1990 1598 2037; x_wconf 86' lang='lat' dir='ltr'>princeps</span> <span class='ocrx_word' id='word_1_420' title='bbox 1613 1991 1785 2026; x_wconf 84' lang='lat' dir='ltr'>catholicus</span> <span class='ocrx_word' id='word_1_421' title='bbox 1801 1991 1904 2027; x_wconf 88' lang='lat' dir='ltr'>multi-</span> 
     </span>
     <span class='ocr_line' id='line_1_94' title="bbox 1155 2039 1901 2087; baseline 0.004 -15"><span class='ocrx_word' id='word_1_422' title='bbox 1155 2039 1249 2074; x_wconf 90' lang='lat' dir='ltr'>modo</span> <span class='ocrx_word' id='word_1_423' title='bbox 1296 2039 1446 2086; x_wconf 82' lang='lat' dir='ltr'>obsequia</span> <span class='ocrx_word' id='word_1_424' title='bbox 1496 2040 1649 2087; x_wconf 86' lang='lat' dir='ltr'>impendit</span> <span class='ocrx_word' id='word_1_425' title='bbox 1685 2048 1901 2076; x_wconf 85' lang='lat' dir='ltr'>sacrosanctae</span> 
     </span>
     <span class='ocr_line' id='line_1_95' title="bbox 1155 2087 1901 2135; baseline 0.003 -12"><span class='ocrx_word' id='word_1_426' title='bbox 1155 2087 1314 2123; x_wconf 82' lang='lat' dir='ltr'>Ecclesiae</span> <span class='ocrx_word' id='word_1_427' title='bbox 1337 2089 1426 2123; x_wconf 86' lang='lat' dir='ltr'>matri</span> <span class='ocrx_word' id='word_1_428' title='bbox 1450 2101 1537 2133; x_wconf 84' lang='lat' dir='ltr'>suae,</span> <span class='ocrx_word' id='word_1_429' title='bbox 1573 2089 1703 2135; x_wconf 83' lang='lat' dir='ltr'>dignum</span> <span class='ocrx_word' id='word_1_430' title='bbox 1731 2101 1845 2125; x_wconf 89' lang='lat' dir='ltr'>nomen</span> <span class='ocrx_word' id='word_1_431' title='bbox 1871 2098 1901 2125; x_wconf 86' lang='lat' dir='ltr'>et</span> 
     </span>
     <span class='ocr_line' id='line_1_96' title="bbox 1155 2137 1898 2186; baseline 0.003 -15"><span class='ocrx_word' id='word_1_432' title='bbox 1155 2137 1333 2183; x_wconf 78' lang='lat' dir='ltr'>exemplum</span> <span class='ocrx_word' id='word_1_433' title='bbox 1356 2137 1506 2172; x_wconf 88' lang='lat' dir='ltr'>imitabile</span> <span class='ocrx_word' id='word_1_434' title='bbox 1523 2139 1655 2186; x_wconf 84' lang='lat' dir='ltr'>posteris</span> <span class='ocrx_word' id='word_1_435' title='bbox 1667 2138 1898 2186; x_wconf 85' lang='lat' dir='ltr'>derelinquens</span> 
     </span>
     <span class='ocr_line' id='line_1_97' title="bbox 1156 2185 1899 2235; baseline 0.003 -15.025"><span class='ocrx_word' id='word_1_436' title='bbox 1156 2185 1296 2232; x_wconf 76' lang='lat' dir='ltr'>Equum</span> <span class='ocrx_word' id='word_1_437' title='bbox 1333 2196 1378 2221; x_wconf 80' lang='lat' dir='ltr'>est</span> <span class='ocrx_word' id='word_1_438' title='bbox 1407 2196 1508 2221; x_wconf 90' lang='lat' dir='ltr'>autem</span> <span class='ocrx_word' id='word_1_439' title='bbox 1549 2195 1582 2222; x_wconf 90' lang='lat' dir='ltr'>ut</span> <span class='ocrx_word' id='word_1_440' title='bbox 1616 2200 1694 2235; x_wconf 92' lang='lat' dir='ltr'>quos</span> <span class='ocrx_word' id='word_1_441' title='bbox 1721 2187 1758 2222; x_wconf 83' lang='lat' dir='ltr'>ad</span> <span class='ocrx_word' id='word_1_442' title='bbox 1794 2188 1899 2235; x_wconf 87' lang='lat' dir='ltr'>populi</span> 
     </span>
    </p>
   </div>
   <div class='ocr_carea' id='block_1_30' title="bbox 1157 2235 1901 2284">
    <p class='ocr_par' dir='ltr' id='par_1_33' title="bbox 1157 2235 1901 2284">
     <span class='ocr_line' id='line_1_98' title="bbox 1157 2235 1901 2284; baseline 0.004 -15"><span class='ocrx_word' id='word_1_443' title='bbox 1157 2235 1295 2281; x_wconf 82' lang='lat' dir='ltr'>regimen</span> <span class='ocrx_word' id='word_1_444' title='bbox 1325 2244 1352 2270; x_wconf 90' lang='lat' dir='ltr'>et</span> <span class='ocrx_word' id='word_1_445' title='bbox 1389 2237 1519 2271; x_wconf 82' lang='lat' dir='ltr'>salutem</span> <span class='ocrx_word' id='word_1_446' title='bbox 1544 2236 1736 2284; x_wconf 89' lang='lat' dir='ltr'>dispensatio</span> <span class='ocrx_word' id='word_1_447' title='bbox 1756 2237 1901 2272; x_wconf 89' lang='lat' dir='ltr'>caelestis</span> 
     </span>
    </p>
   </div>
   <div class='ocr_carea' id='block_1_31' title="bbox 1134 2283 1900 2332">
    <p class='ocr_par' dir='ltr' id='par_1_34' title="bbox 1134 2283 1900 2332">
     <span class='ocr_line' id='line_1_99' title="bbox 1134 2283 1900 2332; baseline 0.004 -14"><span class='ocrx_word' id='word_1_448' title='bbox 1134 2283 1240 2329; x_wconf 82' lang='lat' dir='ltr'>&#39;eligit</span> <span class='ocrx_word' id='word_1_449' title='bbox 1276 2284 1456 2331; x_wconf 78' lang='lat' dir='ltr'>Apostolica</span> <span class='ocrx_word' id='word_1_450' title='bbox 1495 2285 1594 2320; x_wconf 85' lang='lat' dir='ltr'>Sedes</span> <span class='ocrx_word' id='word_1_451' title='bbox 1633 2286 1756 2321; x_wconf 89' lang='lat' dir='ltr'>sincero</span> <span class='ocrx_word' id='word_1_452' title='bbox 1792 2298 1900 2332; x_wconf 88' lang='lat' dir='ltr'>prose-</span> 
     </span>
    </p>
   </div>
   <div class='ocr_carea' id='block_1_32' title="bbox 1155 2333 2096 2626">
    <p class='ocr_par' dir='ltr' id='par_1_35' title="bbox 1155 2333 2096 2626">
     <span class='ocr_line' id='line_1_100' title="bbox 1156 2333 1900 2381; baseline 0.005 -15"><span class='ocrx_word' id='word_1_453' title='bbox 1156 2340 1269 2379; x_wconf 72' lang='lat' dir='ltr'>quatur</span> <span class='ocrx_word' id='word_1_454' title='bbox 1290 2333 1414 2378; x_wconf 79' lang='lat' dir='ltr'>affectu,</span> <span class='ocrx_word' id='word_1_455' title='bbox 1447 2342 1476 2368; x_wconf 88' lang='lat' dir='ltr'>et</span> <span class='ocrx_word' id='word_1_456' title='bbox 1505 2335 1534 2368; x_wconf 90' lang='lat' dir='ltr'>in</span> <span class='ocrx_word' id='word_1_457' title='bbox 1564 2335 1654 2369; x_wconf 88' lang='lat' dir='ltr'>iustis</span> <span class='ocrx_word' id='word_1_458' title='bbox 1681 2334 1900 2381; x_wconf 86' lang='lat' dir='ltr'>postulationi-</span> 
     </span>
     <span class='ocr_line' id='line_1_101' title="bbox 1157 2381 1899 2419; baseline 0.005 -5"><span class='ocrx_word' id='word_1_459' title='bbox 1157 2381 1214 2415; x_wconf 86' lang='lat' dir='ltr'>bus</span> <span class='ocrx_word' id='word_1_460' title='bbox 1236 2382 1357 2417; x_wconf 85' lang='lat' dir='ltr'>studeat</span> <span class='ocrx_word' id='word_1_461' title='bbox 1384 2383 1550 2418; x_wconf 86' lang='lat' dir='ltr'>efficaciter</span> <span class='ocrx_word' id='word_1_462' title='bbox 1576 2383 1734 2418; x_wconf 85' lang='lat' dir='ltr'>exaudire.</span> <span class='ocrx_word' id='word_1_463' title='bbox 1762 2383 1899 2419; x_wconf 87' lang='lat' dir='ltr'>Proinde</span> 
     </span>
     <span class='ocr_line' id='line_1_102' title="bbox 1157 2432 2095 2479; baseline 0.006 -16"><span class='ocrx_word' id='word_1_464' title='bbox 1157 2442 1212 2464; x_wconf 84' lang='lat' dir='ltr'>nos</span> <span class='ocrx_word' id='word_1_465' title='bbox 1237 2439 1319 2465; x_wconf 89' lang='lat' dir='ltr'>tuam</span> <span class='ocrx_word' id='word_1_466' title='bbox 1348 2432 1542 2467; x_wconf 79' lang='lat' dir='ltr'>attendentes</span> <span class='ocrx_word' id='word_1_467' title='bbox 1565 2443 1730 2479; x_wconf 88' lang='lat' dir='ltr'>personam</span> <span class='ocrx_word' id='word_1_468' title='bbox 1757 2441 1897 2468; x_wconf 90' lang='lat' dir='ltr'>ornatam</span> <span class='ocrx_word' id='word_1_469' title='bbox 1928 2437 1967 2458; x_wconf 55' lang='grc' dir='ltr'>ΕΜ</span> <span class='ocrx_word' id='word_1_470' title='bbox 1989 2439 2026 2459; x_wconf 60' lang='lat' dir='ltr'>*ub</span> <span class='ocrx_word' id='word_1_471' title='bbox 2042 2444 2095 2466; x_wconf 64' lang='grc' dir='ltr'>*ιο-</span> 
     </span>
     <span class='ocr_line' id='line_1_103' title="bbox 1157 2469 2096 2529; baseline 0.009 -16"><span class='ocrx_word' id='word_1_472' title='bbox 1157 2479 1332 2526; x_wconf 80' lang='lat' dir='ltr'>prudentia</span> <span class='ocrx_word' id='word_1_473' title='bbox 1373 2481 1488 2515; x_wconf 85' lang='lat' dir='ltr'>iustitia</span> <span class='ocrx_word' id='word_1_474' title='bbox 1517 2481 1701 2528; x_wconf 83' lang='lat' dir='ltr'>praeditam,</span> <span class='ocrx_word' id='word_1_475' title='bbox 1734 2489 1827 2529; x_wconf 88' lang='lat' dir='ltr'>atque</span> <span class='ocrx_word' id='word_1_476' title='bbox 1860 2482 1898 2518; x_wconf 88' lang='lat' dir='ltr'>ad</span> <span class='ocrx_word' id='word_1_477' title='bbox 1913 2469 2096 2526; x_wconf 46' lang='lat' dir='ltr'>{llioinoiiiff&#39;pu</span> 
     </span>
     <span class='ocr_line' id='line_1_104' title="bbox 1155 2529 1899 2585; baseline 0.007 -24"><span class='ocrx_word' id='word_1_478' title='bbox 1155 2530 1242 2574; x_wconf 78' lang='lat' dir='ltr'>regni</span> <span class='ocrx_word' id='word_1_479' title='bbox 1271 2529 1530 2574; x_wconf 81' lang='lat' dir='ltr'>gubernationem</span> <span class='ocrx_word' id='word_1_480' title='bbox 1565 2530 1721 2585; x_wconf 79' lang='lat' dir='ltr'>idoneam,</span> <span class='ocrx_word' id='word_1_481' title='bbox 1747 2542 1815 2566; x_wconf 88' lang='lat' dir='ltr'>eam</span> <span class='ocrx_word' id='word_1_482' title='bbox 1838 2531 1899 2567; x_wconf 91' lang='lat' dir='ltr'>sub</span> 
     </span>
     <span class='ocr_line' id='line_1_105' title="bbox 1156 2577 1899 2626; baseline 0.007 -15"><span class='ocrx_word' id='word_1_483' title='bbox 1156 2577 1234 2612; x_wconf 81' lang='lat' dir='ltr'>beuti</span> <span class='ocrx_word' id='word_1_484' title='bbox 1263 2578 1346 2613; x_wconf 87' lang='lat' dir='ltr'>Petri</span> <span class='ocrx_word' id='word_1_485' title='bbox 1379 2588 1410 2613; x_wconf 89' lang='lat' dir='ltr'>et</span> <span class='ocrx_word' id='word_1_486' title='bbox 1444 2586 1548 2614; x_wconf 86' lang='lat' dir='ltr'>nostra</span> <span class='ocrx_word' id='word_1_487' title='bbox 1577 2580 1769 2626; x_wconf 88' lang='lat' dir='ltr'>protectione</span> <span class='ocrx_word' id='word_1_488' title='bbox 1791 2581 1899 2616; x_wconf 80' lang='lat' dir='ltr'>susci-</span> 
     </span>
    </p>
   </div>
   <div class='ocr_carea' id='block_1_33' title="bbox 1191 2643 1572 2679">
    <p class='ocr_par' dir='ltr' id='par_1_36' title="bbox 1191 2643 1572 2679">
     <span class='ocr_line' id='line_1_106' title="bbox 1191 2643 1572 2679; baseline 0 -10"><span class='ocrx_word' id='word_1_489' title='bbox 1191 2643 1228 2677; x_wconf 88' lang='grc'>(1)</span> <span class='ocrx_word' id='word_1_490' title='bbox 1248 2644 1286 2669; x_wconf 87' lang='lat' dir='ltr'>Ex</span> <span class='ocrx_word' id='word_1_491' title='bbox 1304 2644 1404 2677; x_wconf 89' lang='lat' dir='ltr'>Baluz.‚</span> <span class='ocrx_word' id='word_1_492' title='bbox 1426 2644 1508 2679; x_wconf 85' lang='lat' dir='ltr'>Epist.</span> <span class='ocrx_word' id='word_1_493' title='bbox 1529 2644 1572 2670; x_wconf 72' lang='lat'>2¹6.</span> 
     </span>
    </p>
   </div>
  </div>
 </body>
</html>
