2129 3223
34 239 86 266 An.
99 236 128 264 C.
149 236 215 263 ¹225

77 1518 130 1539 udas
138 1516 210 1538 huius-

73 1548 78 1552 ”
106 1547 209 1575 reliquias

90 1579 198 1600 nantium.

853 237 1016 259 HONORU'S
1037 237 1075 259 ΙΙΙ
1100 236 1146 259 ΡΡ.

559 290 653 326 LXV.

230 365 467 398 Animadversio
506 371 613 398 contra
658 365 749 399 illos.
791 366 844 408 qni
883 365 981 407 falsas

276 414 479 459 praeferentes
501 414 646 458 reliquias
667 421 692 446 et
709 415 837 456 litteras,
860 415 981 447 nomine

277 463 387 497 Sancti
419 463 551 496 Antonii
587 464 786 506 eleemosynas
820 464 921 495 dolose
960 475 980 496 α

276 512 415 557 fidelibus
436 519 615 557 extorquent
638 513 693 554 (1).

494 581 709 613 SUMMARHJM

227 647 358 678 Fraudes
381 648 554 678 huiusmodi
570 648 711 687 reliquias
734 648 978 688 adsportautium.

264 711 303 716 --
325 692 363 723 De
388 693 435 723 his
457 693 593 722 arcendis
613 693 776 722 monendae
796 697 907 730 gentes.

225 759 357 789 Honorius
376 760 518 795 opiscopus
537 766 634 788 servus
654 765 794 788 servorum
814 758 869 791 Det.
901 766 977 787 vene·

270 809 403 840 rabilibus
425 808 564 838 fratribus
596 809 816 844 archiepiscopis.
847 808 979 844 episcopis

269 860 301 888 ot
331 858 442 888 dilectis
458 857 523 887 filiis
543 857 605 886 aliis
635 857 815 886 aeclesiarum
845 858 979 893 praetatis

257 904 303 938 'ul
322 914 389 945 quos
406 908 520 937 litterae
543 907 617 936 istae
640 907 825 943 pervenerint.
859 907 978 935 salutem

268 958 298 987 et
315 957 496 994 apostolicam
518 956 744 985 benedictionem.

273 1019 375 1055 Grave
422 1019 563 1066 gerimus
609 1028 637 1054 et
673 1019 837 1064 indiguum
874 1018 976 1066 quod,

223 1070 303 1105 sicut
331 1069 423 1104 nobis
445 1068 576 1104 relatum
600 1077 659 1110 est,
683 1068 844 1102 multoties
865 1081 880 1102 a
899 1068 977 1102 mul-

223 1119 274 1160 tis,
303 1118 378 1163 imo,
412 1118 493 1153 sicut
520 1118 581 1153 iam
606 1129 684 1165 pene
707 1117 892 1152 universalis
914 1117 976 1151 Ec-

223 1167 318 1204 clesia
348 1180 409 1203 ⁰0¹¹
443 1168 583 1214 lg¹¹0ffil÷
615 1173 776 1214 praetextu
813 1166 976 1201 ⁵¹m11'3ffl‘3
1018 1178 1187 1225 pelluntur,
1216 1180 1296 1214 veris
1318 1180 1539 1226 quaestoribus
1573 1181 1695 1227 pietatis
1717 1182 1767 1216 vi-

223 1217 403 1264 religionis,
425 1217 502 1264 quin
528 1217 632 1264 potius
653 1215 850 1251 damnandae
876 1215 975 1262 cupi—
995 1236 997 1244 ‹

223 1266 329 1302 ditatis
361 1267 512 1305 obtentu,
549 1265 678 1313 quidam
707 1265 835 1299 nomine
867 1264 996 1299 Sancti,

223 1315 354 1351 Antonii
394 1316 545 1363 quasdam
581 1315 726 1361 regiones
768 1322 974 1361 percurrunt,

223 1366 276 1412 qui
305 1365 519 1400 mendicantes
537 1364 574 1398 ad
590 1376 669 1410 opus
691 1375 867 1410 pauperum
891 1363 975 1397 elee-

222 1426 389 1463 mosynas,
415 1426 470 1449 seu
494 1414 603 1448 verius
620 1412 659 1447 ad
682 1412 789 1447 luxum
811 1412 972 1459 proprium

222 1472 456 1511 extorquentes,
479 1461 721 1510 praevaricando
740 1461 875 1508 graviter
888 1461 972 1508 quod

223 1513 326 1550 oblata
353 1513 544 1560 suscipiunt,
567 1512 620 1547 sed
636 1511 762 1558 gravius
784 1510 974 1545 offendendo

225 1575 281 1608 per
300 1574 423 1602 causas,
450 1562 566 1610 quibus
592 1560 754 1607 simplices
777 1559 814 1594 ad
838 1559 973 1594 offeren-

223 1612 299 1647 dum
334 1611 509 1651 inducunt,
537 1611 613 1645 dum
652 1609 727 1645 salsa
762 1609 974 1655 confingendo

223 1661 387 1705 miracula,
419 1668 450 1696 et
471 1661 576 1707 ignota
603 1671 673 1695 ossa
701 1671 757 1706 pro
785 1659 902 1693 sanctis
925 1671 974 1692 re-

224 1710 329 1758 liquiis
350 1710 561 1753 ostendendo,
574 1721 646 1745 cum
667 1708 753 1743 falsis
776 1708 888 1743 litteris
912 1720 973 1742 non

223 1759 424 1795 solummodo
450 1766 633 1806 magnatum
656 1765 686 1793 et
709 1769 836 1804 regum,
865 1768 973 1791 verum

223 1810 319 1844 etiam
357 1808 550 1857 apostolicis,
578 1815 609 1842 et
643 1807 776 1841 aliorum
814 1806 974 1841 Ecclesiae

225 1858 449 1906 praelatorum,
471 1869 540 1892 sese
563 1857 594 1891 in
609 1856 714 1891 stratis
737 1855 872 1903 publicis
892 1855 975 1890 obii-

224 1909 313 1943 ciunt
340 1906 535 1954 peregrinis,
570 1913 600 1940 et
623 1905 727 1940 locum
754 1905 783 1940 in
808 1917 870 1952 quo
902 1917 975 1939 san-

224 1965 309 1992 ctum
332 1957 506 1992 Antonium
530 1962 673 1990 asserunt
700 1955 898 2002 requiescere
926 1954 976 1988 in-

225 2006 441 2042 accessibilem
465 2017 521 2052 pro
553 2004 712 2039 latronum
745 2003 870 2039 insidiis
906 2015 975 2038 esse

225 2056 385 2095 dicentes,
413 2054 609 2103 praeripiunt
638 2053 812 2088 oblationes
844 2065 975 2096 eorum,

226 2117 307 2153 quos
331 2104 509 2152 deceptoria
544 2102 777 2149 suffragiorum,
805 2111 835 2137 et
857 2102 974 2137 oratio—

228 2167 304 2190 num
342 2153 552 2202 promissione
589 2152 739 2187 solantur.
772 2151 874 2199 Saepe
903 2163 975 2186 vero

227 2215 369 2239 mensam
401 2203 497 2238 linteo
532 2209 711 2248 coopertam
739 2209 911 2248 exponunt,
947 2209 976 2235 et

227 2253 385 2300 impositis
419 2264 514 2299 super
535 2263 570 2285 ea
594 2250 706 2285 luridis
740 2250 888 2285 manibus
921 2263 974 2285 seu

229 2302 363 2350 pedibus
378 2310 601 2343 crematorum,
614 2300 650 2334 ad
670 2299 864 2334 offerendum
883 2300 912 2333 in
929 2311 975 2340 ea,

228 2359 387 2399 tamquam
423 2351 453 2385 in
483 2362 515 2385 re
543 2350 646 2396 aliqua
674 2349 857 2388 venerabili,
880 2349 977 2383 dero-

229 2401 347 2436 tionem
376 2399 577 2435 credulorum
605 2398 764 2437 alliciunt,
792 2399 977 2433 misericor-

230 2450 297 2485 dias
327 2449 385 2485 Dei
420 2449 535 2484 multas
565 2461 602 2483 ex
634 2447 693 2482 hoc
721 2448 789 2495 ipso
817 2454 976 2491 testantes,

230 2499 314 2546 quod
337 2498 516 2546 consumpti
545 2510 607 2532 nou
631 2504 720 2537 sunt,
743 2504 773 2531 et
796 2497 974 2544 patientiam

231 2548 300 2583 eius
321 2560 465 2595 magnam
493 2559 562 2582 esse
597 2546 787 2594 probantes,
821 2546 905 2593 quod
939 2546 977 2581 de

267 2617 306 2651 (1)
322 2617 362 2644 Ex
379 2618 482 2652 Regest.
501 2616 585 2643 Vatis.

1651 230 1720 262 589

1021 292 1168 326 crematis
1190 291 1372 327 huiusmodi
1390 292 1515 329 divinae
1537 293 1698 330 illudendo
1715 294 1768 330 vir-

1022 341 1093 381 tuti,
1116 340 1174 388 ipsi
1199 341 1326 376 ultionis
1347 343 1416 377 eius
1437 341 1543 378 divino
1566 342 1683 379 iudicio
1705 356 1767 380 non

1019 398 1210 431 cremantur,
1245 398 1278 425 ut
1304 390 1343 426 de
1365 391 1434 426 aliis
1458 391 1768 429 abhominationibus

1020 447 1170 480 taceatur,
1197 452 1274 487 quas
1300 440 1382 476 circa
1417 442 1640 489 praescriptam
1668 451 1767 479 mate-

1020 490 1095 524 riam
1118 489 1315 524 committere
1341 490 1529 525 reseruntur.
1564 491 1645 534 Quia
1675 492 1767 539 igitur

1019 538 1181 574 abusionis
1221 547 1323 574 tantae
1359 539 1514 586 flagitium
1545 549 1576 575 et
1609 548 1764 576 tantorum

1020 587 1208 633 flagitiorum
1250 588 1387 623 abusum
1424 601 1482 624 uec
1514 590 1680 634 volumus,
1708 603 1765 626 nec

1019 637 1173 672 debemus
1205 637 1337 673 ulterius
1361 639 1535 679 sustinere3
1572 639 1765 675 universitati

1020 695 1141 722 vestrae
1163 698 1218 733 per
1239 687 1409 734 apostolica
1429 688 1545 735 scripta
1567 688 1765 729 mandamus,

1019 743 1047 770 et
1080 735 1223 771 districte
1256 736 1486 784 praecipimus,
1520 746 1679 784 quatenus
1712 751 1767 786 per

1019 785 1183 832 parochias
1222 793 1338 821 vestras
1365 785 1557 821 denunciare
1584 786 1767 823 solemniter

1020 835 1206 880 procuretis,
1229 847 1267 869 ne
1289 835 1511 882 quaestoribus
1534 835 1766 881 huiuscemodi,

1018 883 1071 930 qui
1107 891 1285 930 proponunt
1313 884 1397 929 talia,
1433 885 1478 919 rel
1505 885 1690 925 ostendunt,
1719 887 1765 921 vel

1018 933 1235 979 impertiantur
1249 933 1404 977 auditum,
1433 934 1478 969 vel
1502 934 1766 970 beneficiumlar-

1017 983 1159 1028 giantur,
1190 983 1267 1029 quin
1297 983 1399 1029 potius
1425 995 1480 1018 eos
1506 983 1588 1019 sicut
1623 984 1709 1019 fures
1736 992 1766 1019 et

1017 1032 1202 1078 deceptores
1222 1031 1391 1079 sacrilegos
1413 1040 1443 1068 et
1471 1032 1670 1080 blasphemos
1687 1046 1767 1069 con-

1018 1080 1149 1115 l'undaut
1175 1089 1205 1115 et
1241 1081 1409 1116 humilient
1446 1083 1595 1118 universi.
1635 1082 1766 1118 Proviso

1018 1129 1199 1176 prudenter,
1229 1143 1267 1164 ne
1289 1130 1364 1165 dum
1389 1131 1444 1164 viri
1468 1131 1513 1166 sic
1541 1131 1680 1178 pestiferi
1710 1145 1765 1166 re—

1016 1240 1102 1261 srera
1128 1228 1381 1274 praecludentur.
1394 1228 1476 1271 Quia
1491 1231 1538 1265 sic
1560 1230 1707 1265 volumus
1719 1231 1766 1265 eis

1016 1277 1182 1319 auditum,
1222 1277 1266 1311 vel
1303 1277 1491 1313 beneficium
1525 1279 1692 1326 denegari,
1725 1292 1765 1315 ne

1017 1326 1090 1360 risis
1114 1326 1346 1361 misericordiae
1376 1327 1515 1362 fidelium
1548 1329 1765 1375 eleemosynas

994 1375 1052 1409 fad
1086 1387 1166 1421 opus
1201 1388 1375 1423 pauperum
1410 1376 1498 1411 Beati
1528 1377 1656 1412 Antonii
1693 1390 1764 1412 cum

994 1424 1192 1462 iliumititate
1225 1437 1260 1459 ac
1299 1425 1426 1460 veritate
1465 1426 1664 1472 petentibus,
1694 1427 1766 1474 pius

994 1505 995 1524 ἢ
1016 1474 1100 1508 favor
1122 1482 1151 1508 et
1173 1473 1355 1509 charitativa
1388 1483 1517 1522 propter
1539 1476 1599 1511 hoc
1625 1476 1764 1512 subsidia

994 1523 1248 1558 subtrahantur.
1277 1523 1320 1558 Ea
1343 1536 1428 1562 vero,
1457 1536 1536 1571 quae
1564 1525 1692 1560 nomine
1726 1526 1762 1560 Β.

1016 1572 1143 1607 Antonii
1174 1573 1324 1608 noveritis
1350 1586 1420 1609 esse
1439 1574 1562 1614 collata,
1585 1575 1763 1621 consignari

1015 1622 1083 1656 eius
1119 1621 1291 1666 Ecclesiae,
1319 1631 1409 1669 prout
1437 1624 1596 1667 convenit,
1625 1623 1764 1668 faciatis,

1015 1671 1260 1706 contradictores
1288 1684 1344 1718 per
1375 1684 1539 1707 censuram
1574 1672 1764 1708 eeclesiasti-

994 1754 995 1763 ,
1015 1732 1094 1760 cam,
1118 1720 1240 1755 sublato
1257 1721 1474 1768 appellationis
1497 1722 1670 1763 obstaculo,
1683 1734 1763 1758 com-

995 1796 996 1800 ,
1016 1778 1192 1816 pescentes.

1064 1818 1178 1853 Datum
1214 1819 1362 1866 Signiae.
1395 1820 1538 1856 secundo
1573 1820 1642 1856 idus
1677 1820 1766 1865 iulii,

1017 1868 1216 1915 pontificatus
1245 1870 1341 1904 nostri
1370 1882 1452 1905 anno
1474 1868 1622 1918 septimo.

1075 1930 1136 1960 Dat.
1158 1931 1204 1961 die
1228 1932 1260 1961 lt
1290 1931 1353 1961 iulii
1378 1931 1462 1968 1223,
1491 1936 1569 1971 pont.
1588 1942 1635 1962 an.
1660 1941 1707 1962 vn.

1339 2073 1447 2108 vat.

1017 2147 1208 2189 Approbatio
1236 2147 1462 2189 compositionis
1492 2149 1586 2179 mitae
1620 2148 1697 2180 inter
1724 2147 1765 2179 N.

1074 2196 1104 2226 Γ.
1131 2196 1320 2238 Gaufridum
1347 2197 1382 2228 ile
1409 2196 1491 2228 Vitta
1519 2196 1657 2229 Arduim'
1674 2197 1766 2239 prin-

1065 2245 1158 2288 cipem
1186 2245 1333 2286 Achaiae,
1360 2251 1386 2277 et
1411 2245 1542 2283 clericos,
1569 2256 1605 2277 ac
1630 2246 1767 2289 capitula

1067 2294 1275 2326 Ecclesiarum
1299 2294 1430 2326 eiusdem
1449 2294 1643 2338 principatus
1661 2295 1715 2335 (l).

1285 2361 1497 2392 St'MMAthfftt

1018 2424 1183 2454 Exordium.
1199 2440 1237 2444 —-
1260 2422 1376 2452 Abusus
1401 2423 1430 2452 in
1449 2422 1621 2453 Romaniam
1635 2425 1765 2455 tin-ectus

1057 2478 1101 2497 res
1133 2467 1281 2497 Ecclesiae
1305 2466 1371 2496 usui
1399 2467 1565 2506 principum
1589 2468 1766 2507 applicandi.

1056 2529 1094 2533 —
1116 2511 1293 2541 Guillelmus
1313 2520 1344 2540 ea
1363 2515 1480 2550 propter
1495 2513 1766 2543 excommunicatus

1052 2574 1091 2608 (1)
1108 2574 1144 2601 Ex
1162 2574 1227 2600 Cod.
1246 2573 1368 2600 Biblioth.
1386 2573 1552 2601 Colbertiuae
1567 2575 1650 2602 edidit
1676 2576 1762 2604 Baluz.

1018 2614 1059 2640 lib.
1076 2621 1134 2645 xvi,
1153 2622 1211 2648 pag.
1233 2613 1293 2640 835.
1315 2613 1426 2648 Epistol.
1449 2613 1583 2641 innocent.
1603 2615 1647 2642 [ll.

1785 241 1834 268 An.
1854 242 1871 268 C
1898 243 1965 269 ¹225

1795 548 1821 569 De
1838 549 1870 569 hu
1888 554 1963 570 arcena

1780 580 1812 600 dtu
1845 580 1964 600 monendae

1780 613 1861 635 {tentes⁴
