2129 3223
142 278 188 323 ιιι.
206 279 235 307 c.
252 280 319 307 ¹¹8⁹
382 271 426 304 64

159 478 189 498 lb<
194 479 256 505 riinpl

158 516 205 529 wne
211 511 237 529 tii·
241 516 271 529 ani
282 515 318 530 se-

165 542 211 560 ιιιιιιι
220 540 260 560 ι.Β
278 540 315 560 Βε-

137 548 218 591 imin-u
256 577 317 596 regu-

138 604 175 622 l-ui
238 608 317 622 ‚‚‚‚‚‚‚

138 639 154 651 ιιι
171 634 218 652 ndat

151 730 218 749 hidem

156 1570 177 1590 ln
208 1576 261 1590 non
251 1574 305 1589 serie

143 1604 161 1621 Ι
143 1607 273 1652 ιειιιι
271 1637 309 1652 cori

144 1669 168 1683 ιι
176 1669 225 1684 nere
245 1662 322 1689 usuebq

144 1696 180 1715 ’.ιῑιι
184 1700 222 1715 uisi
239 1697 257 1714 ιι
261 1699 322 1714 -ειιιι

144 1733 178 1752 [ιι
170 1726 239 1745 ιιιιῐι

164 2364 250 2382 ,ιιιιιιι
256 2368 318 2412 wpo:

152 2430 184 2444 res

165 2508 191 2527 t
195 2508 263 2528 tenui
265 2506 309 2527 nSu
301 2508 331 2557 uta-

154 2539 219 2558 tacuui
233 2544 244 2557 t·
261 2543 298 2571 ms

153 2575 187 2594 per
181 2572 234 2588 vitiu
238 2570 274 2587 [ιιιι

153 2601 245 2619 anterio

153 2635 182 2650 οι
188 2635 212 2649 ..ι
216 2638 241 2650 ιιι
258 2640 259 2646 ι
270 2601 334 2649 eninr-

154 2667 201 2681 ιιιιι,

334 333 363 368 in
383 345 447 381 quo
473 333 579 368 divino
600 333 676 369 estis
710 333 861 381 obsequio
895 333 1076 380 mancipati,

332 383 393 417 sub
425 383 507 418 beati
544 382 629 418 Petri
671 390 702 418 et
735 391 840 419 nostra
881 384 1076 439 protectione

332 431 536 479 suscipimus,
557 440 588 467 et
610 432 782 479 praesentis
794 433 898 481 scripti
919 432 1077 480 privilegio

332 481 575 516 communimus.
603 481 639 516 In
674 482 786 530 primis
819 482 975 530 siquidem
1014 490 1077 516 sta-

333 538 469 575 tuentes,
482 538 517 565 ut
531 530 609 566 ordo
623 532 825 576 monasticus,
838 532 892 580 qui
903 531 1076 566 secundum

314 579 434 614 Deum
468 588 498 615 et
532 580 610 616 beati
657 580 820 616 Benedicti
863 581 1002 636 regulam
1046 581 1075 614 in

332 628 445 663 eodem
483 630 674 665 monasterio
713 630 853 666 noscitur
893 631 1076 673 institutus,

334 678 492 726 perpetuis
514 679 629 714 ibidem
649 679 847 727 temporibus
861 677 1078 715 inviolabiliter

252 766 278 779 0„
307 727 526 774 {observetun
558 728 722 764 Praeterea
749 741 967 777 quascumque
1005 741 1078 776 pos-

333 777 503 819 sessiones,
530 790 749 826 quaecumque
771 778 851 814 bona
880 778 963 814 idem
1003 791 1078 812 mo·-

334 827 504 862 nasterium
529 828 560 862 in
588 828 834 875 praesentiarum
859 828 938 862 iuste
964 836 994 863 et
1026 840 1078 862 ca-

334 877 447 912 nonice
474 876 625 924 possidet,
647 885 700 912 aut
722 877 751 912 in
775 876 918 912 futurum
945 889 1078 912 conces-

333 925 421 961 sione
441 925 645 967 Pontificum,
684 926 850 973 largitione
887 939 996 973 regum
1033 927 1077 961 rel

333 975 527 1023 principum,
549 975 706 1010 oblatione
739 975 892 1019 fidelium,
918 988 972 1011 seu
1012 976 1079 1011 aliis

333 1024 425 1059 iustis
451 1024 553 1059 modis
575 1032 752 1072 praestante
794 1024 933 1060 Domino
966 1025 1078 1072 poterit

333 1073 478 1120 adipisci,
498 1073 587 1108 firma
613 1073 702 1109 vobis
736 1075 913 1121 vestrisque
951 1086 1079 1109 succes-

333 1123 468 1167 soribus,
490 1131 521 1158 et
539 1122 656 1158 illibata
679 1131 891 1170 permaneant.
912 1123 946 1157 ln
964 1123 1080 1170 quibus

333 1172 410 1207 baec
433 1172 566 1219 propriis
596 1172 746 1207 duximus
780 1172 984 1220 exprimenda
1025 1185 1080 1208 vo-

333 1221 462 1257 cabulis:
485 1221 618 1257 locum'
612 1234 717 1269 ipsum
740 1222 772 1256 in
803 1234 868 1270 quo
906 1221 1078 1277 praefatum

334 1272 560 1307 monasterium
598 1279 646 1306 est
683 1283 756 1307 cum
793 1271 943 1306 omnibus
983 1272 1080 1319 perti-

335 1320 449 1356 nentiis
465 1321 543 1355 suis.
565 1320 705 1368 Specum
728 1320 758 1354 in
781 1333 845 1368 quo
871 1320 981 1356 beatus
1016 1320 1080 1356 Be-

335 1369 479 1405 nedictus
520 1371 549 1404 in
587 1380 668 1405 ‘suae
704 1371 919 1405 conversionis
953 1370 1080 1405 exordio

337 1418 484 1454 habitavit
509 1431 582 1454 cum
609 1418 763 1454 adiacenti
797 1419 872 1454 silva
906 1428 935 1454 et
974 1427 1080 1454 monte

336 1477 401 1502 toto
426 1468 643 1512 circumcirca,
670 1476 701 1503 et
726 1480 799 1503 cum
826 1468 975 1503 omnibus
1009 1468 1081 1503 lini-

339 1518 396 1552 bus
416 1526 467 1552 aut
491 1518 687 1565 pertinentiis
707 1518 881 1565 antiquitus
894 1518 1081 1558 constitutis;

304 1577 367 1620 ἓ’[οι
388 1567 448 1602 sub
473 1567 583 1602 eodem
607 1579 703 1614 specu
726 1567 840 1608 lacum
864 1570 928 1602 sive
950 1567 1079 1602 fluvium

312 1630 373 1651 «x
399 1629 437 1651 eo
465 1616 700 1664 procedentem:
725 1617 755 1651 in
784 1617 902 1663 quibus
936 1616 1080 1652 videlicet

338 1667 427 1714 iquis
450 1667 568 1700 nemini
590 1674 714 1713 praeter
734 1666 853 1701 abbatis
887 1674 916 1701 et
951 1666 1079 1701 fratrum

340 1716 541 1755 mtuniatem,
567 1722 621 1750 aut
643 1715 765 1763 piscari,
790 1724 842 1751 aut
864 1715 1079 1750 molendinum

338 1765 503 1800 aedificare
524 1766 614 1800 liceat
654 1777 753 1813 usque
787 1765 824 1800 ad
869 1777 989 1805 arcum,
1028 1768 1080 1812 qui

338 1815 452 1850 dicitur
472 1815 511 1850 de
537 1813 675 1855 Ferrata,
696 1815 726 1849 in
746 1816 903 1850 territorio
926 1815 1080 1849 Ruviano.

339 1863 386 1899 De
412 1864 512 1899 forma
539 1875 666 1911 quoque
708 1865 846 1911 antiqua,
882 1876 962 1910 quae
995 1865 1080 1899 ducit

339 1926 453 1961 aquam
494 1914 532 1948 de
567 1913 698 1948 flumine
737 1914 774 1948 ad
814 1913 937 1961 plebem
975 1913 1081 1949 Sancti

340 1963 512 2008 Laurentii,
533 1963 572 1997 de
589 1974 680 2010 aqua⁷
694 1975 774 2010 quae
791 1971 916 1998 vocatur
931 1963 1082 2009 Augusta,

342 2012 459 2047 nemini
474 2012 577 2056 liceat,
593 2020 724 2067 praeter
730 2012 920 2047 voluntatem
938 2021 1082 2057 vestram

341 2074 455 2110 aquam
483 2061 635 2101 derivare,
667 2062 725 2096 nisi
765 2070 916 2109 quantum
953 2062 1083 2097 sufficiat

342 2113 432 2147 terris
454 2112 591 2166 rigandis
617 2119 648 2146 et
676 2110 826 2158 replendo
854 2111 937 2146 fonte
958 2111 1083 2167 Baptis-

343 2162 434 2196 matis
469 2173 500 2195 in
526 2160 635 2195 eadem
663 2160 807 2196 ecclesia.
836 2159 900 2196 Nec
939 2163 1082 2208 aquimo-

343 2212 409 2245 lum
444 2211 611 2258 quisquam
633 2209 695 2245 illic
718 2218 838 2257 praeter
865 2219 996 2246 testram
1030 2224 1084 2246 ιο-

345 2263 494 2295 tuntatem
515 2258 681 2295 aedificare
702 2268 894 2307 praesumat,
921 2272 1020 2308 usque
1047 2265 1083 2295 att

344 2309 561 2357 supradictum
589 2321 696 2345 arcum
718 2309 757 2344 de
783 2308 919 2344 Fet-rata:
942 2311 967 2345 si
1013 2312 1085 2357 quis

347 2371 418 2394 xero
444 2359 534 2394 aliter
548 2359 657 2406 egerit,
679 2358 783 2394 banno
797 2358 958 2395 Romanae
971 2357 1086 2395 Curiae

307 2399 559 2456 ⁰distringatur‚
580 2410 671 2444 cuius
697 2408 790 2443 banni
813 2408 963 2444 medietas
997 2421 1085 2444 sacro

347 2467 452 2493 nostro
478 2458 605 2506 palatio,
641 2458 792 2494 medietas
830 2458 932 2494 eidem
975 2471 1086 2494 mona-

346 2509 440 2542 sterio
483 2507 693 2555 persolvatur:
735 2507 960 2544 confirmamus
992 2511 1085 2544 etiam

313 2543 434 2590 0⁵vobis
479 2565 509 2591 et
549 2565 650 2592 vestro
691 2559 882 2593 monasterio
925 2557 1086 2594 castellum

292 2574 432 2651 m'quod
456 2605 628 2641 Sublacum
663 2606 794 2651 dicitur,
841 2619 913 2642 cum
940 2608 1087 2643 omnibus

349 2656 413 2689 suis
435 2656 641 2701 pertinentiis,
658 2656 740 2690 sicut
760 2668 776 2691 a
795 2657 1087 2703 praedecessoribus

918 279 1106 303 ouantium
1129 279 1291 303 ROMANUM

1118 333 1232 368 nostris
1269 341 1391 368 constat
1427 346 1495 370 esse
1527 347 1737 374 concessum,
1784 345 1857 369 cum

1118 382 1277 417 montibus
1302 391 1333 418 et
1357 383 1501 426 collibus,
1522 384 1629 420 fundis
1648 392 1679 419 et
1692 383 1858 425 casalibus,

1117 444 1189 466 cum
1223 432 1372 468 omnibus
1392 433 1534 469 ecclesiis
1560 442 1590 469 et
1618 433 1710 468 rebus
1736 432 1774 468 ad
1807 444 1859 467 eas

1116 481 1304 526 generaliter
1331 490 1361 517 et
1384 482 1415 517 in
1438 483 1593 530 integrum
1616 481 1856 530 pertinentibus.

1117 529 1265 566 Fundum
1316 530 1442 567 Canalis
1484 541 1515 567 et
1553 533 1687 567 fundum
1730 530 1859 566 Gennae

1118 580 1148 614 in
1171 580 1328 627 integrum
1356 593 1426 615 cum
1456 581 1653 628 pertinentiis
1673 581 1750 616 suis.
1774 579 1859 615 Fun-

1117 629 1194 664 dum
1220 629 1403 665 Frassinum
1430 642 1502 665 cum
1524 630 1671 666 omnibus
1692 630 1756 666 suis
1787 641 1860 677 per-

1118 679 1267 714 tinentiis.
1291 679 1330 713 Et
1356 679 1460 714 locum
1497 680 1550 727 qui
1584 687 1712 715 vocatur
1744 678 1860 719 Fundi,

1117 729 1199 763 sicut
1225 728 1405 764 extenditur
1427 741 1527 776 usque
1553 729 1590 763 ad
1618 729 1741 764 Petram
1763 727 1861 775 Impe-

1119 778 1241 819 ratoris,
1267 787 1297 813 et
1325 779 1405 813 vadit
1428 780 1459 813 in
1483 786 1631 819 montem,
1653 780 1706 825 qui
1736 786 1861 812 vocatur

1118 827 1258 868 pionica,
1281 827 1353 862 inde
1376 840 1431 874 per
1456 840 1574 863 serram
1601 827 1631 861 iu
1666 827 1772 862 Monte
1797 826 1862 862 Ro-

1119 889 1223 916 mano,
1245 885 1275 911 et
1296 878 1359 912 exit
1375 878 1404 911 in
1428 876 1583 925 Campum
1607 876 1766 923 Longum,
1788 876 1861 910 inde

1118 927 1149 960 in
1179 925 1335 973 Campum
1370 925 1531 968 Catinum;
1570 925 1684 962 deinde
1718 925 1796 960 redit
1823 926 1860 959 ad

1119 975 1328 1022 supradictam
1351 975 1474 1011 Petram
1496 975 1708 1023 Imperatoris.
1741 974 1861 1009 Locum

1118 1026 1171 1072 qui
1194 1024 1308 1060 dicitur
1329 1025 1549 1065 Seminariam,
1564 1037 1634 1060 cum
1653 1024 1769 1059 linibus
1787 1024 1862 1063 suis,

1119 1075 1201 1109 sicut
1213 1075 1243 1109 in
1258 1083 1491 1110 antecessorum
1506 1082 1682 1109 nostrorum
1701 1072 1863 1120 privilegio

1120 1124 1308 1159 continetur.
1337 1123 1458 1159 Collem
1493 1124 1647 1159 Altulum.
1689 1122 1861 1158 Castellum

1120 1173 1279 1219 Augustae
1301 1185 1373 1208 cum
1396 1173 1501 1208 fundis
1522 1183 1552 1208 et
1587 1172 1742 1207 casalibus
1781 1173 1859 1207 suis.

1120 1222 1231 1258 Casale
1264 1222 1398 1257 Sanctae
1423 1221 1607 1262 Felicitatis,
1646 1233 1718 1257 cum
1751 1221 1860 1256 eadem

1120 1272 1264 1312 ecclesia,
1295 1271 1401 1306 fundis
1421 1279 1451 1306 et
1471 1271 1627 1307 casalibus
1653 1271 1729 1311 suis,
1750 1278 1862 1307 etcum

1121 1321 1270 1355 omnibus
1291 1321 1355 1356 suis
1377 1321 1584 1368 pertinentiis;
1607 1321 1686 1356 sicut
1700 1320 1730 1355 iu
1745 1319 1863 1356 eisdem

1122 1370 1292 1417 privilegiis
1313 1371 1503 1405 continetur.
1531 1369 1668 1405 Roccam
1686 1368 1864 1410 Cervariae,

1120 1431 1193 1454 cum
1218 1419 1323 1454 fundis
1351 1429 1381 1454 et
1418 1419 1573 1454 casalibus
1612 1419 1688 1459 suiS,
1726 1427 1756 1454 et
1791 1431 1863 1454 cum

1121 1468 1270 1504 omnibus
1298 1470 1494 1515 pertinentiis
1515 1469 1591 1503 suis.
1614 1468 1752 1503 Roccam
1774 1467 1864 1503 Inca-

1122 1526 1266 1552 meratae.
1291 1517 1460 1553 Castellum
1488 1517 1664 1562 Maranum,
1683 1525 1713 1552 et
1726 1517 1862 1552 Roccani

1122 1567 1244 1602 Martini
1267 1575 1297 1602 et
1317 1566 1454 1602 Roccam
1478 1568 1516 1602 de
1530 1567 1616 1602 Meso
1630 1579 1701 1602 cum
1717 1566 1864 1602 omnibus

1121 1629 1229 1651 eorum
1255 1618 1462 1664 pertinentiis,
1477 1629 1549 1652 cum
1563 1618 1658 1652 veteri
1674 1615 1864 1651 haereditate

1123 1667 1314 1701 monasterii.
1348 1665 1493 1701 Castrum
1529 1665 1754 1707 Camoranum,
1790 1678 1863 1700 cum

1123 1728 1210 1750 rocca
1230 1728 1304 1757 sua,
1327 1724 1356 1750 et
1391 1715 1498 1750 fundis
1524 1724 1553 1751 et
1592 1715 1749 1751 casalibus
1787 1716 1862 1749 suis.

1122 1765 1260 1800 Montem
1307 1765 1347 1800 de
1387 1765 1496 1800 Griffo.
1535 1764 1654 1800 Vallem
1694 1764 1861 1811 Frigidam.

1123 1815 1261 1848 Montem
1297 1816 1336 1849 de
1370 1815 1456 1849 Meso
1501 1824 1531 1849 et
1556 1814 1756 1854 ,Finistellae,
1790 1826 1862 1848 cum

1122 1864 1270 1899 omnibus
1310 1877 1418 1899 eorum
1467 1865 1674 1911 pertinentiis.
1714 1862 1861 1898 Castrum

1123 1914 1282 1948 Geranum
1318 1927 1389 1948 cum
1430 1914 1590 1948 montibus
1634 1922 1665 1948 et
1706 1912 1839 1948 collibus
1855 1941 1863 1951 ,

1123 1963 1229 1997 fundis
1247 1972 1276 1996 et
1298 1963 1454 1998 casalibus
1475 1965 1553 2008 suis,
1587 1975 1660 1998 cum
1689 1962 1800 1997 massis
1832 1972 1861 1996 et

1123 2012 1270 2047 omnibus
1293 2013 1500 2060 pertinentiis,
1522 2021 1553 2047 et
1573 2025 1644 2047 curn
1668 2019 1773 2046 vetere
1794 2011 1864 2046 hae-

1123 2062 1252 2097 reditate
1273 2062 1463 2097 monasterii:
1478 2061 1640 2097 castellum
1658 2060 1863 2108 Ampollonii,

1123 2123 1194 2146 cum
1221 2111 1381 2146 montibus
1398 2118 1429 2146 et
1441 2111 1595 2147 casalibus
1615 2112 1691 2151 suis,
1724 2119 1755 2145 et
1796 2122 1863 2145 me-

1123 2160 1269 2196 dietatem
1290 2163 1382 2196 castri
1405 2161 1513 2196 Sancti
1535 2161 1660 2208 Angeli,
1687 2172 1759 2195 cum
1803 2172 1864 2194 ec-

1124 2211 1240 2256 clesiis,
1266 2211 1384 2252 fundis,
1405 2219 1435 2246 et
1462 2212 1573 2246 massis
1599 2219 1630 2245 et
1668 2208 1863 2257 pertinentiis

1124 2273 1250 2300 eorum,
1288 2272 1410 2296 roccam
1450 2259 1555 2295 Sancti
1589 2259 1740 2307 Stephani
1791 2271 1861 2292 cum

1126 2311 1322 2357 pertinentiis
1363 2314 1439 2345 suis.
1478 2308 1598 2345 Vallem
1639 2309 1679 2344 de
1723 2308 1859 2355 Anigno.

1125 2348 1243 2395 'Celtam
1285 2360 1325 2395 de
1367 2359 1475 2405 Occia,
1516 2372 1589 2394 cum
1635 2358 1796 2393 montibus
1831 2366 1862 2392 et

1126 2409 1269 2450 collibus,
1297 2408 1402 2449 fundis
1423 2418 1453 2445 et
1479 2409 1633 2444 casalibus
1669 2409 1745 2443 suis.
1781 2406 1863 2442 Toc-

1126 2459 1292 2494 cianellum
1309 2488 1316 2500 ,
1355 2459 1488 2494 fundum
1530 2458 1681 2497 Orarum,
1727 2456 1863 2491 fundum

1126 2507 1369 2549 Microniacum,
1402 2509 1532 2543 fundum
1571 2506 1752 2548 Faninuiu,
1791 2506 1864 2540 fun-

1126 2557 1201 2593 dum
1235 2557 1458 2597 Convitellum,
1492 2557 1624 2592 fundum
1666 2557 1864 2602 Aquaevivae.

1126 2614 1156 2642 et
1181 2610 1379 2643 medietatem
1407 2608 1521 2642 montis
1542 2605 1655 2640 Attiani
1676 2617 1749 2641 cum
1767 2605 1863 2640 omni-

1128 2658 1185 2690 bus
1207 2669 1313 2691 eorum
1338 2656 1543 2704 pertinentiis,
1574 2665 1708 2690 castrum
1754 2654 1863 2695 Afilae,

1872 280 1921 307 An.
1939 280 1968 307 C.
1985 280 2053 308 1¹89

1889 1232 1940 1255 ltem
1967 1235 2057 1260 casalia,

1876 1270 1960 1290 roccae,
1981 1268 2058 1289 castra,

1877 1298 1918 1316 ete.
1947 1300 1994 1316 cum
2021 1300 2058 1316 ec-

1878 1327 1950 1347 cte-its
1969 1330 1990 1347 οι
2008 1332 2059 1354 per-

1877 1358 1986 1378 tinentitn:
