2129 3223
158 285 204 312 Λη.
225 284 252 312 C.
273 284 338 312 ¹108

406 270 471 303 116

352 338 477 373 tentiam
505 349 601 383 super
628 336 675 370 his
702 335 854 382 imponet:
884 335 979 370 libros
1001 334 1093 369 debet

350 386 555 422 nibilominus
576 384 744 420 custodire.
769 384 854 420 Haec
874 384 991 425 omnia,
1013 396 1093 432 quae

350 435 578 483 praemisimus,
600 435 624 469 si
648 442 816 482 utrumque
832 434 961 469 istorum
983 433 1092 468 abesse

348 486 522 532 contigerit,
550 496 605 532 per
631 485 754 520 tertium
778 483 869 519 debet
901 484 967 519 sine
995 494 1091 518 recu-

925 279 975 301 Bl'l
987 279 1023 301 LA
1029 279 1060 300 111
1067 278 1110 301 [M

240 543 306 558 '³¹²'
347 536 466 571 satione
506 534 655 582 suppleri.
698 534 897 570 Camerarius
935 533 1090 581 siquidem

163 984 190 1004 De
223 985 328 1007 electione

149 1016 302 1044 archipresbyt.

175 2324 202 2347 De
218 2328 301 2347 nunus

345 1686 415 1710 vero
440 1673 688 1719 archipresbyter
715 1671 904 1707 ordinarium
928 1678 957 1704 et
980 1683 1086 1705 came—

347 585 450 620 omnia
465 585 557 619 debet
572 584 721 630 recipere,
744 591 772 619 et
791 584 882 618 etiam
900 583 926 618 ei
946 583 1092 618 convenit

347 635 498 681 resignari
532 633 682 682 quicquid
717 633 754 668 ad
782 645 893 667 manus
931 632 1091 668 devenerit

346 685 488 720 aliorum.
512 683 582 730 lpse
605 695 676 718 vero
691 682 774 730 quod
794 683 907 729 cuique
927 694 1007 728 opus
1022 683 1090 725 erit,

347 735 428 769 iuxta
457 733 618 769 facultates
640 733 753 767 domus
777 732 904 778 provide
927 732 1091 777 dispensa—

346 783 404 818 bit:
435 784 587 825 mancias,
614 790 644 817 et
670 782 744 827 alia,
779 793 858 828 quae
892 781 1006 816 fuerint
1034 794 1091 816 ne-

346 834 481 869 cessario
502 832 616 872 danda,
644 832 728 866 intus
759 839 788 865 et
822 830 896 865 foris
917 843 988 865 cum
1011 842 1088 866 con-

345 883 416 919 silio
449 881 706 929 archipresbyteri
747 880 813 915 sine
841 892 1002 915 murmure
1034 881 1090 914 tri-

347 933 436 968 buet:
464 944 526 980 quo
558 931 697 971 absente,
725 930 850 976 recipiet
875 929 1032 976 hospites,
1060 939 1089 965 et

344 983 388 1017 eis
411 982 550 1018 hilariter
572 979 772 1015 ministrabit.
797 978 877 1014 Cum
907 987 1009 1013 autem
1026 978 1090 1014 fue-

346 1032 379 1066 rit
423 1030 673 1077 archipresbyter
713 1028 899 1075 eligendus,
935 1028 1089 1075 eligentur

345 1082 431 1126 prius
452 1094 467 1115 a
495 1080 634 1127 capitulo
669 1088 730 1113 tres
763 1078 802 1112 de
837 1078 915 1123 ipsis
941 1077 1109 1127 fratribus¹

344 1132 442 1166 bonae
474 1129 644 1177 opinionis,
671 1135 701 1163 et
722 1129 815 1165 vitae,
843 1138 978 1174 quorum
1007 1139 1109 1168 unus,

342 1181 380 1214 sit
402 1179 574 1227 presbyter,
596 1178 675 1213 alius
697 1176 859 1219 diaconus,
882 1176 993 1211 tertius
1007 1177 1087 1211 sub-

343 1230 504 1270 diaconus,
531 1228 585 1276 qui
612 1227 765 1275 exquisita
797 1237 950 1270 seorsum,
978 1234 1008 1261 et
1036 1238 1089 1272 per

342 1279 527 1326 scripturam
551 1278 679 1312 fratrum
707 1276 848 1311 omnium
877 1274 1035 1310 voluntate
1057 1276 1089 1310 il-

344 1333 406 1363 tum
430 1330 556 1375 eligent,
588 1335 619 1362 et
651 1326 682 1360 in
714 1325 787 1360 sede
813 1324 1020 1366 constituent,
1056 1326 1086 1359 10

342 1391 435 1425 quem
459 1378 583 1412 maioris
603 1384 634 1411 et
655 1374 786 1410 sanioris
810 1374 905 1421 partis
922 1383 989 1409 vota
1016 1386 1088 1409 con-

342 1436 477 1463 current.
505 1427 578 1469 Quo
605 1425 685 1460 facto
714 1424 813 1459 eidem
842 1422 966 1457 habenti
994 1435 1086 1470 regu-

342 1476 401 1512 lam
430 1475 511 1512 beati
545 1473 712 1522 Augustini
741 1485 814 1520 prae
836 1472 998 1517 manibus,
1030 1473 1087 1507 tri-

343 1526 440 1561 buent
474 1537 584 1562 omnes
617 1523 812 1559 obedientiae
843 1534 981 1556 manum.
1020 1522 1087 1557 Erit

342 1584 444 1611 autem
471 1575 541 1610 talis
564 1574 700 1616 electus,
722 1573 773 1620 qui
794 1571 840 1606 vel
863 1571 901 1605 sit
928 1571 1085 1612 sacerdos,

343 1625 388 1660 vel
412 1625 512 1672 possit
525 1624 561 1659 ad
579 1623 787 1658 sacerdotium
804 1623 992 1668 promoveri.
1017 1621 1086 1668 lpse

344 1724 471 1768 rarium,
493 1723 579 1771 prius
600 1730 702 1756 tamen
725 1733 854 1756 assensu
877 1719 1004 1753 fratrum
1023 1732 1087 1754 oni-

342 1773 442 1818 nium,
468 1772 516 1807 vel
538 1771 671 1807 sanioris
702 1770 797 1818 partis
819 1769 968 1816 requisito
995 1781 1086 1816 sepa-

345 1824 445 1866 ratim,
472 1822 623 1857 instituet:
654 1828 684 1856 et
710 1821 776 1867 ipse
811 1818 999 1853 camerarius
1032 1831 1087 1866 per

344 1883 588 1920 unamquanque
616 1869 843 1905 hebdomadam
878 1879 972 1914 super
1007 1867 1087 1902 datis

343 1930 374 1957 et
396 1922 529 1968 receptis
550 1920 657 1955 reddet
687 1931 790 1954 coram
819 1917 1087 1964 archipresbytero

344 1980 373 2006 et
400 1971 545 2006 fratribus
573 1970 602 2004 in
630 1968 767 2016 capitulo
795 1967 956 2002 rationem.
991 1967 1087 2001 Novi—

344 2022 404 2056 tios
435 2020 563 2068 quidcm
589 2019 626 2054 ad
655 2018 805 2064 regularis
835 2016 954 2051 ordinis
979 2015 1088 2052 obser-

345 2071 463 2105 vantias
477 2069 661 2116 aspirantes,
676 2066 926 2114 archipresbyter
936 2078 1006 2100 cum
1017 2078 1088 2101 con-

344 2120 414 2155 silio
441 2120 580 2162 fratrum,
602 2118 648 2152 vel
667 2117 799 2152 sanioris
819 2116 923 2163 partiS,
946 2116 1083 2162 recipiet.

344 2169 475 2204 Sublato
497 2180 569 2202 vero
585 2167 649 2206 illo,
671 2166 754 2214 quod
778 2166 817 2200 de
834 2165 1024 2212 professione
1046 2166 1090 2199 di·

344 2219 437 2257 citur,
464 2218 501 2253 ad
525 2217 703 2252 mandatum
736 2224 877 2250 nostrum
905 2226 977 2249 cum
1010 2214 1089 2249 sub-

345 2269 534 2315 intelligatur
567 2279 629 2302 non
657 2266 809 2313 positum,
844 2273 872 2300 et
906 2276 1087 2311 expressum

347 2318 443 2353 soleat
467 2318 575 2352 vitium
602 2316 759 2362 generale.
788 2314 952 2350 Caeterum
981 2314 1088 2348 novitii

347 2368 517 2403 claustrum
555 2366 698 2412 ingressi,
727 2367 755 2399 in
780 2365 888 2399 ultimo
923 2363 1009 2398 chori
1033 2362 1089 2398 de-

347 2417 422 2453 bent
444 2429 499 2464 per
526 2428 653 2451 manum
676 2413 935 2462 archipresbyteri
959 2412 1089 2462 institui,

348 2467 453 2514 ibique
475 2466 588 2501 debent
611 2477 665 2512 per
686 2472 756 2500 octo
777 2464 898 2499 dierum
922 2474 1088 2498 numerum

348 2517 493 2551 residere.
522 2514 726 2555 Postmodum
754 2514 778 2548 si
807 2513 954 2548 sacerdos
981 2512 1089 2553 fuerit,

348 2566 379 2600 in
422 2565 530 2601 ultimo
569 2564 766 2600 sacerdotum
806 2563 912 2597 stallo:
952 2563 977 2597 si
1015 2573 1091 2597 vero

350 2614 510 2654 diaconus,
534 2615 562 2648 in
584 2614 696 2648 ultimo
717 2614 764 2648 sui
784 2612 902 2647 ordinis
925 2612 1092 2658 ponendus

349 2664 425 2699 erit:
454 2671 482 2698 et
511 2664 549 2698 ita
585 2663 623 2698 de
651 2662 780 2698 caeteris
806 2669 967 2697 statuetur.
995 2653 1113 2715 Prae-‘l

1133 277 1294 301 uomitum

1133 342 1216 368 terea
1238 334 1319 369 circa
1337 334 1536 369 necessitates
1556 333 1686 368 fratrum
1703 332 1744 367 ita
1765 330 1874 367 fuitde

1133 394 1290 418 consensu
1313 391 1421 418 mutuo
1443 382 1631 430 dispositum
1653 389 1684 417 et
1709 388 1873 426 statutum,

1133 440 1167 467 ut
1200 432 1343 469 videlicet
1373 433 1508 480 quisque
1535 431 1758 468 canonicorum
1795 430 1874 466 duas

1133 481 1244 517 habeat
1272 482 1402 518 interius
1432 482 1538 517 breves
1560 481 1719 522 camisias,
1746 487 1777 516 et
1796 480 1876 517 duas

1132 531 1252 577 bracaS,
1286 532 1355 567 sine
1381 531 1497 580 quibus
1523 540 1683 579 nunquam
1710 531 1818 572 iaceat,
1844 539 1875 567 et

1133 594 1226 616 unam
1253 582 1438 617 exteriorem
1462 581 1622 616 camisiam
1643 591 1714 616 cum
1740 580 1873 629 pellicia;

1131 643 1211 678 quae
1233 631 1296 667 duo
1319 642 1419 679 usque
1440 630 1478 666 ad
1496 630 1573 665 talos
1590 630 1777 678 pertingant.
1799 629 1875 666 Cor—

1132 680 1282 715 tibaldum
1302 683 1346 725 (l)
1369 682 1508 727 insuper,
1531 679 1661 715 subaros
1683 681 1728 724 (2)
1747 689 1874 728 quoque

1131 730 1161 764 in
1180 730 1302 778 hyeme,
1325 730 1475 765 setulares
1488 732 1530 772 (5)
1548 729 1682 764 habeant
1697 729 1728 763 iu
1747 737 1874 770 aestate.

1130 779 1244 826 caligas
1265 787 1326 814 tam
1355 779 1464 820 lineas,
1490 789 1582 826 quam
1610 777 1727 819 laneas,
1753 785 1784 813 et
1804 789 1874 814 sca-

1131 827 1219 864 fones
1250 832 1302 873 (4)
1337 828 1480 864 similiter
1507 827 1641 863 habeant
1678 827 1871 875 duplicatos:

1130 889 1246 925 cappas
1268 880 1373 926 nigras
1395 878 1512 925 singuli
1539 877 1577 913 de
1600 877 1794 913 mantellario
1817 876 1874 913 ba·

1130 927 1232 968 heaut,
1256 929 1301 963 vel
1331 928 1443 963 nadivo
1465 931 1525 972 (5):
1554 926 1652 974 pelles
1673 926 1805 974 agninas
1825 927 1872 963 al-

1130 976 1196 1022 bas,
1223 977 1345 1013 duobus
1379 977 1514 1012 linteolis
1549 977 1579 1011 in
1613 975 1711 1022 lecto,
1744 983 1776 1012 et
1810 987 1874 1013 uno

1130 1027 1327 1074 coopertorio
1369 1027 1432 1062 sint
1475 1026 1627 1061 contenti:
1666 1037 1726 1060 000
1767 1033 1872 1062 tameo

1130 1083 1236 1111 contra
1272 1076 1412 1111 ordinem
1444 1077 1518 1115 erit,
1553 1076 1578 1110 si
1605 1074 1872 1124 archipresbyter,

1131 1126 1212 1160 sicut
1237 1125 1305 1160 aliis
1341 1125 1411 1172 plus
1437 1124 1567 1164 laborat,
1607 1132 1637 1160 et
1672 1124 1742 1172 plus
1767 1125 1874 1161 oneris

1129 1175 1271 1217 sustinet,
1300 1175 1370 1222 plus
1395 1183 1606 1222 consequatur
1635 1173 1776 1209 honoris.
1810 1173 1872 1210 Ca-

1130 1225 1280 1260 merarius
1306 1236 1391 1268 vero,
1424 1224 1478 1272 qui
1505 1236 1581 1259 nova
1614 1224 1666 1258 dat
1692 1224 1873 1260 vestimenta

1128 1274 1304 1315 canonicis,
1338 1282 1441 1309 vetera
1476 1274 1605 1321 recipiat
1639 1274 1670 1308 10
1706 1273 1872 1309 traditione

1129 1335 1289 1358 novorum.
1313 1322 1396 1359 Sane
1417 1335 1563 1358 mensura
1585 1322 1676 1370 panis
1697 1322 1808 1358 etvini
1826 1335 1872 1359 re-

1127 1373 1278 1408 servanda
1301 1380 1346 1408 est
1373 1372 1654 1420 archipresbytero,
1675 1379 1707 1406 et
1730 1382 1798 1420 cap.
1822 1372 1872 1407 di-

1127 1422 1334 1469 stinguenda,
1374 1422 1492 1457 scilicet
1532 1420 1780 1468 archipresbyter
1817 1434 1872 1468 pro

1127 1471 1252 1506 duobus
1277 1471 1436 1506 canonicis
1459 1470 1635 1518 portionem
1658 1469 1796 1515 habebit,
1818 1472 1871 1519 qui

1127 1522 1216 1556 etiam
1245 1533 1261 1556 a
1292 1521 1463 1556 camerario
1484 1520 1714 1568 eleemosynam
1737 1519 1871 1555 dandam

1126 1571 1270 1616 recipiet,
1297 1570 1416 1605 habens
1437 1582 1508 1605 cum
1530 1569 1701 1605 camerario
1727 1569 1794 1617 ipse
1815 1569 1872 1605 do-

1127 1619 1221 1654 nandi
1245 1631 1345 1666 usque
1360 1619 1398 1655 ad
1418 1619 1524 1666 viginti
1544 1619 1662 1655 solidos
1679 1618 1868 1654 facultatem.

1127 1669 1202 1704 Sine
1223 1681 1352 1704 assensu
1380 1680 1452 1704 vero
1474 1669 1650 1711 communi,
1673 1668 1720 1703 vel
1742 1668 1873 1704 minoris

1127 1718 1234 1765 partis,
1263 1718 1450 1765 praedictam
1479 1718 1505 1753 ei
1537 1730 1693 1753 summam
1721 1717 1871 1754 excedere

1127 1780 1187 1802 non
1211 1768 1325 1803 licebit.
1349 1767 1510 1803 Praeterea
1534 1767 1610 1802 nulli
1632 1766 1820 1803 clericorum
1839 1767 1872 1802 li-

1126 1817 1222 1852 citum
1246 1817 1303 1852 erit
1330 1824 1411 1852 stare
1444 1817 1475 1851 iu
1498 1817 1672 1861 refectorio,
1707 1816 1753 1851 vel
1775 1816 1872 1852 choro

1127 1875 1290 1913 praesente
1312 1873 1482 1910 conventu,
1510 1866 1570 1901 nisi
1605 1877 1705 1913 cappa
1732 1865 1779 1900 vel
1801 1874 1872 1913 toga

1128 1916 1309 1963 regulariter
1342 1915 1504 1950 induatur:
1534 1915 1565 1950 in
1599 1915 1715 1963 quibus
1748 1914 1873 1951 duobus

1127 1965 1206 2001 locis
1232 1966 1417 2001 continuum
1444 1965 1590 2000 convenit
1616 1965 1776 2000 silentium
1795 1974 1873 2000 con-

1127 2015 1259 2056 servari;
1294 2015 1331 2050 ad
1359 2025 1438 2061 quae
1466 2015 1531 2050 loca
1559 2014 1634 2062 ipsis
1656 2013 1873 2062 praesentibus

1128 2065 1204 2100 nulli
1229 2064 1345 2112 patebit
1367 2064 1517 2099 laicorum
1541 2064 1710 2110 ingressus.
1736 2063 1812 2099 Sine
1833 2063 1873 2098 li-

1128 2115 1229 2150 centia
1257 2113 1383 2162 quidem
1410 2113 1689 2162 archipresbyteri,
1718 2112 1766 2149 vel
1786 2112 1873 2149 ordi-

1130 2164 1223 2208 narii,
1262 2164 1287 2198 si
1322 2171 1501 2210 praesentes
1537 2163 1669 2205 fuerint,
1701 2163 1872 2199 claustrum

1128 2214 1213 2248 exire
1235 2212 1325 2248 alicui
1346 2213 1497 2248 canonico
1519 2224 1581 2248 nou
1604 2212 1723 2249 licebit:
1757 2211 1874 2259 quibus

1129 2262 1321 2302 absentibus,
1343 2262 1457 2297 sufficit
1477 2270 1611 2306 tantum,
1633 2270 1667 2298 ut
1686 2261 1726 2297 ab
1746 2271 1796 2301 e0.
1818 2263 1872 2310 qui

1130 2313 1227 2347 maior
1248 2312 1318 2356 erit,
1345 2311 1467 2347 licentia
1496 2311 1682 2359 requiratur.
1704 2309 1872 2358 Nunquam

1165 2392 1203 2426 (t)
1220 2392 1387 2428 Curtibatdus
1404 2391 1446 2418 vel
1457 2393 1634 2422 cundoaldus,
1651 2390 1732 2418 vestis
1749 2391 1874 2426 speciosa

1130 2431 1259 2458 brevitate
1284 2432 1320 2458 sic
1345 2431 1422 2458 dicta.
1481 2431 1520 2467 (ἓ)
1550 2430 1722 2458 Calceamenti
1752 2431 1874 2466 species,

1129 2471 1225 2497 Subari
1240 2474 1312 2502 sunt,
1338 2478 1370 2497 ex
1392 2471 1487 2498 subere
1506 2469 1632 2498 confecta.
1668 2469 1711 2504 (5)
1736 2471 1873 2502 Setiam-is,

1131 2512 1172 2539 vel
1189 2513 1311 2538 sotularis
1334 2511 1389 2546 (uti
1407 2510 1467 2546 legit
1477 2509 1647 2546 Ducangius)‚
1669 2509 1804 2545 pedulium
1828 2516 1875 2545 ge-

1130 2560 1190 2584 nus,
1210 2559 1262 2587 quo
1282 2551 1396 2578 maxime
1420 2550 1539 2578 monachi
1555 2549 1697 2577 utebantur
1722 2550 1748 2576 in
1763 2552 1873 2577 aestate.

1130 2592 1169 2627 (lt)
1185 2591 1312 2625 Scusones‚
1333 2590 1424 2619 eadem
1449 2597 1500 2626 qua
1520 2590 1616 2616 Subari*
1635 2589 1756 2620 notione,
1775 2588 1875 2616 catcea-

1131 2632 1209 2659 mentt
1227 2639 1318 2667 genus.
1357 2630 1396 2666 (5)
1421 2631 1539 2668 Nactivug
1551 2636 1654 2665 pannus
1672 2628 1768 2656 dicitur
1784 2629 1830 2665 qui
1847 2629 1874 2657 in

1131 2672 1220 2699 eadem
1238 2672 1372 2707 provincia
1391 2670 1427 2698 fit.
1444 2668 1532 2706 (ιτ.)

1889 271 1937 298 An.
1955 270 1984 297 c.
1998 269 2066 297 ties
2105 261 2112 271 ¹

1900 333 1930 355 De
1943 334 2022 354 vestitu
2029 338 2066 354 ca-

1886 365 2016 387 nonteorum.

1925 1320 1952 1341 De
1967 1321 2030 1342 victu.

1900 1668 1959 1690 Atiae
1973 1669 2046 1695 regui·
