2129 3223
182 280 231 307 An.
250 280 279 307 C.
296 280 362 307 ¹198

199 583 226 604 Dc
244 594 251 604 ι
263 585 334 605 ltnlw,

185 978 279 1003 enpitula
289 979 356 1004 parti—

172 1009 252 1029 culum:
267 1009 354 1035 singulis

172 1040 283 1061 dominicis
316 1040 354 1061 ha-

172 1071 246 1091 heu-ta,

428 271 496 303 156

375 347 448 369 vero
469 334 609 369 laborare
631 333 778 379 noluerit,
799 342 830 369 et
846 335 992 382 potuerit,
1015 334 1118 370 locum

375 385 476 431 ipsum
508 383 652 419 deserere
688 383 905 432 compellatur,
931 396 1001 419 cum
1029 384 1120 431 Apo-

374 433 472 468 stolus
501 432 592 468 dicat:
614 432 676 475 Qui
701 446 762 469 non
782 432 916 478 laborat,
940 446 1002 470 non
1029 446 1119 468 man-

372 482 466 517 ducat
486 485 540 526 (1).

420 532 495 616 {5-
522 531 692 569 Silentium
727 532 893 567 observent
927 544 1052 580 semper
1087 533 1116 567 in

372 582 506 617 eccesia
534 593 608 622 sua.
631 594 755 629 semper
778 583 807 617 in
831 582 1007 623 refectorio,
1033 595 1117 617 sem-

373 642 427 677 per
448 631 479 666 in
505 630 701 668 dormitorio.
728 631 775 667 De
806 632 990 667 necessariis
1012 640 1114 668 tamen

373 680 462 716 liceat
488 680 572 729 loqui
603 681 633 716 in
656 682 724 717 aliis
748 681 942 730 temporibus
963 682 1054 729 aptis,
1087 691 1116 717 et

371 730 500 766 remissa
526 743 623 776 voce,
650 730 825 771 humiliter,
852 739 882 767 et
909 731 1058 772 honeste,
1085 739 1116 766 et

369 789 455 815 extra
478 781 635 828 praedicta
657 781 723 816 loca
747 780 863 828 ubique
881 793 984 815 sermo
1006 793 1113 816 eorum

369 829 409 864 sit
435 829 587 865 honestus
613 839 643 866 ct
669 831 738 866 sine
770 829 927 865 scandalo.
963 830 1116 866 Similiter

369 887 399 913 et
419 890 528 914 eorum
546 880 649 916 omnis
663 888 772 924 status,
790 887 911 925 gestus,
933 879 1006 924 vita,
1021 881 1113 916 actio.

369 936 399 963 et
416 930 521 964 omnia
543 929 601 964 alia
627 930 755 965 honesta
785 929 815 963 in
838 929 883 964 eis
905 930 1110 976 reperiantur.

369 976 564 1026 Capitulum,
599 979 625 1014 si
653 979 717 1014 fieri
746 986 865 1026 potest,
892 979 1024 1025 singulis
1055 979 1115 1014 do-

369 1028 492 1063 minicis
513 1027 624 1063 diebus
649 1029 680 1063 in
715 1027 848 1074 singulis
873 1027 1020 1064 domibus
1053 1031 1114 1063 mi-

368 1077 467 1112 nister
501 1089 574 1113 cum
609 1077 756 1113 fratribus
781 1077 848 1112 suis
876 1085 995 1123 teneat,
1021 1085 1052 1113 et
1074 1078 1113 1113 de

367 1126 501 1173 negotiis
530 1127 661 1167 domus,
688 1135 718 1162 et
744 1126 852 1162 domui
874 1126 938 1162 sive
967 1126 1114 1163 fratribus

365 1175 466 1222 datis,
500 1185 535 1212 ut
561 1176 598 1211 ad
633 1176 885 1225 redemptionem
917 1177 1111 1224 captivorum

366 1226 458 1261 tertia
493 1238 564 1274 pars
591 1226 777 1274 deputetur,
811 1226 921 1262 fratres
948 1227 1112 1272 ministro,

366 1283 397 1310 et
423 1276 571 1311 minister
609 1276 755 1312 fratribus
787 1276 939 1311 rationem
978 1275 1113 1312 fideliter

366 1324 506 1361 reddant.
544 1324 613 1360 Non
648 1325 752 1361 solum
786 1325 943 1361 fratribus.
984 1325 1047 1361 Sed
1081 1335 1112 1361 et

366 1374 502 1410 familiae
523 1374 637 1410 domus
660 1387 715 1422 pro
741 1375 912 1422 capacitate
938 1387 995 1410 sua
1021 1376 1112 1411 simi-

365 1424 438 1459 liter
463 1425 596 1471 singulis
630 1425 800 1460 dominicis
830 1423 959 1469 diebus,
985 1425 1011 1459 si
1042 1425 1108 1461 fieri

366 1482 477 1520 potest,
514 1473 691 1510 exhortatio
718 1474 788 1515 fiat,
820 1481 852 1509 et
878 1474 953 1522 quid
983 1474 1110 1511 credere

364 1531 416 1558 aut
433 1536 525 1571 agere
543 1523 688 1564 debeant,
709 1523 895 1571 simpliciter
910 1533 1108 1560 moneantur.

365 1572 411 1608 De
431 1573 581 1609 omnibus
608 1573 702 1608 rebus
726 1581 758 1608 et
784 1572 975 1608 clamoribus
997 1574 1027 1608 in
1055 1586 1110 1610 ca-

364 1622 464 1669 pitulo
489 1623 599 1658 fratres
626 1623 813 1658 iudicentur.
840 1622 954 1658 Nullus
978 1622 1108 1659 fratrum

363 1672 487 1708 fratrem
515 1685 611 1708 sunm
644 1673 674 1707 in
711 1673 839 1720 publico
866 1680 1009 1717 accuset,
1048 1674 1107 1708 nisi

225 1738 249 1750 u·
280 1737 304 1752 »α
330 1736 340 1749 ε·
363 1721 444 1758 bene
469 1723 569 1769 possit
592 1722 734 1771 probare.
757 1721 819 1764 Qui
841 1730 944 1757 autem
972 1722 1031 1757 hoc
1055 1722 1107 1758 fe-

362 1772 441 1807 cerit
464 1784 596 1819 poenam
619 1772 740 1816 subeat,
767 1784 859 1819 quam
883 1784 955 1807 reus
977 1771 1106 1813 subiret,

362 1822 388 1856 si
415 1822 560 1857 convinci
593 1822 769 1869 potuisset,
803 1822 864 1856 nisi
892 1822 1038 1856 minister
1069 1834 1107 1857 ex

363 1883 455 1906 causa
474 1883 546 1906 curn
570 1883 607 1906 eo
629 1871 812 1918 dispensare
832 1871 974 1906 voluerit.
1000 1870 1032 1906 Si
1053 1872 1105 1919 qui

362 1920 557 1964 scandalum,
576 1921 622 1955 vel
637 1921 752 1968 aliquid
769 1920 947 1955 huiusmodi
966 1919 1106 1962 fecerint,

363 1970 410 2005 vel
433 1970 527 2017 (quod
554 1969 645 2013 absit)
669 1983 702 2005 se
727 1970 858 2005 invicem
882 1973 1106 2017 percusserint,

363 2019 447 2055 iuxta
468 2019 633 2055 arbitrium
655 2020 808 2064 ministri,
831 2020 939 2055 maiori
964 2019 1010 2055 vel
1039 2020 1107 2054 mi-

362 2069 429 2104 nori
459 2069 612 2104 vindictae
635 2069 826 2104 subiaceant.
856 2068 889 2103 Si
917 2069 987 2116 quis
1013 2068 1107 2105 frater

362 2119 393 2153 in
415 2118 541 2154 fratrem
570 2119 758 2166 peccaverit,
790 2118 871 2153 idest
893 2126 1001 2153 contra
1038 2118 1106 2154 fra-

361 2176 454 2211 trem,
476 2168 568 2209 idest,
590 2181 627 2204 eo
640 2169 707 2204 solo
728 2168 860 2212 sciente,
886 2169 939 2215 qui
959 2168 1103 2204 iniuriam

362 2230 474 2273 passus
500 2226 559 2264 est,
586 2218 736 2254 sustineat
771 2218 933 2264 patienter,
968 2217 1039 2252 licet
1066 2218 1104 2252 sit

363 2269 532 2309 innocens,
566 2276 598 2303 et
630 2280 699 2302 cum
742 2267 895 2314 quieterit
936 2268 1105 2302 commotio

362 2318 552 2362 animorum,
584 2317 720 2373 benigne
748 2325 779 2352 et
799 2316 934 2352 fraterne
960 2328 1105 2352 commo-

362 2375 444 2408 neat,
466 2375 497 2402 et
514 2367 659 2415 corripiat
686 2379 756 2402 eum
780 2378 880 2414 usque
908 2374 953 2402 ter
975 2366 1055 2401 inter
1072 2378 1106 2401 se

363 2425 391 2450 et
419 2417 523 2464 ipsum
550 2416 665 2462 solum,
699 2425 729 2451 et
763 2416 986 2463 poenitentiam
1013 2428 1105 2462 agere

362 2466 400 2500 de
421 2467 603 2508 commisso,
628 2474 658 2501 et
679 2478 695 2501 a
717 2466 875 2501 similibus
897 2466 928 2500 in
944 2473 1104 2513 posterum

361 2514 528 2551 abstinere.
564 2515 658 2559 Quod
695 2515 721 2551 si
753 2527 815 2551 non
851 2514 998 2560 audierit,
1024 2515 1105 2550 dicat

362 2564 516 2606 ministro,
539 2573 569 2601 et
592 2565 643 2601 ille
666 2564 814 2612 corripiat
831 2577 903 2599 eum
922 2572 1043 2600 secreto
1056 2576 1103 2600 se-

361 2613 498 2649 cundum
531 2615 616 2663 quod
652 2614 762 2650 viderit
794 2613 886 2650 saluti
913 2614 981 2650 eius
1007 2625 1106 2662 expe-

395 2674 434 2710 (l)
451 2674 482 2707 11,
501 2674 651 2703 Thessalon
672 2683 709 2707 nr,
730 2675 769 2702 ¹0.

966 280 1151 303 numanum
1173 280 1334 302 Ronanus!

1159 333 1234 368 dire.
1262 333 1323 376 Qui
1346 345 1418 369 vero
1439 334 1622 370 scandalum
1651 333 1758 375 movit,
1789 340 1821 368 et
1847 345 1902 381 per

1158 395 1191 418 se
1213 382 1382 419 emendare
1408 383 1557 426 voluerit,
1584 392 1684 420 totum
1711 390 1783 419 ante
1804 382 1902 430 pedes

1158 432 1356 469 scandalizati
1385 442 1495 481 petens
1529 435 1648 469 veniam
1683 445 1716 468 se
1739 431 1900 473 extendat;

1157 491 1187 517 et
1213 483 1239 518 si
1260 483 1356 518 semel
1379 495 1440 518 non
1469 483 1599 525 sufficit,
1633 495 1735 531 usque
1755 490 1803 517 ter
1823 481 1900 517 illud

1157 531 1239 567 idem
1277 531 1379 567 faciat.
1415 532 1448 568 Si
1485 545 1557 569 vero
1591 533 1707 568 hocin
1740 531 1899 580 publicum

1159 582 1290 627 venerit,
1304 594 1521 630 quaecumque
1541 591 1687 618 secutura
1714 582 1806 617 fuerit
1824 593 1900 628 poe-

1158 631 1297 676 nitentia,
1312 631 1389 667 haec
1404 633 1446 667 sit
1473 633 1569 680 prior,
1596 631 1726 676 scilicet,
1748 639 1820 666 ante
1843 643 1901 679 pe-

1155 680 1211 716 des
1234 682 1366 716 ministri
1395 681 1530 729 petendo
1555 682 1676 718 veniam
1707 681 1804 716 totius
1831 692 1900 716 cor-

1157 731 1242 777 poris
1278 732 1478 772 extensione,
1513 739 1543 766 et
1583 739 1689 779 postea
1724 730 1898 766 secundum

1154 780 1222 815 eius
1242 781 1405 816 arbitrium
1432 781 1630 816 emendetur.
1656 779 1811 816 Generale
1844 792 1899 815 ca-

1155 830 1288 877 pitulum
1316 830 1414 866 semel
1441 831 1470 865 in
1494 843 1577 865 anno
1598 830 1780 866 celebretur.
1803 829 1898 871 Quod

1155 880 1219 914 fieri
1242 879 1334 914 debet
1360 880 1389 914 in
1412 881 1529 915 octavis
1550 879 1764 915 pentecostes.
1792 879 1826 913 Si
1844 891 1899 927 pro

1154 930 1340 964 necessitate
1362 929 1474 964 domus
1500 929 1641 966 debitum
1659 928 1785 976 aliquod
1807 928 1900 965 fuerit

1153 978 1415 1020 contrahendum,
1437 979 1522 1026 prius
1543 979 1573 1014 in
1596 979 1732 1025 capitulo
1752 977 1900 1014 fratribus

1154 1036 1358 1075 proponatur,
1388 1037 1514 1064 etcum
1541 1040 1650 1064 eorum
1674 1027 1725 1063 fiat
1753 1026 1898 1070 consilio,

1153 1086 1182 1113 et
1196 1079 1350 1121 assensui,
1367 1086 1399 1113 ut
1420 1078 1476 1120 sic,
1499 1087 1528 1113 et
1545 1078 1753 1124 suspiciones,
1767 1086 1798 1112 et
1815 1089 1898 1113 mur·

1153 1127 1346 1163 murationes
1384 1127 1548 1163 evitentur.
1586 1126 1619 1162 Si
1655 1128 1823 1175 quisquam
1857 1126 1896 1162 de

1152 1177 1327 1212 substantia
1353 1177 1467 1213 domus
1503 1176 1680 1212 violentiam
1713 1176 1835 1222 fecerit,
1866 1185 1897 1212 et

1151 1225 1189 1261 ad
1224 1226 1360 1262 iudicem
1388 1227 1561 1275 oportuerit
1586 1225 1706 1269 referri,
1732 1238 1796 1261 non
1825 1233 1897 1262 ante

1153 1276 1212 1311 hoc
1238 1276 1300 1318 fiat
1328 1289 1422 1324 quam
1443 1276 1602 1312 caritative
1632 1275 1686 1312 ille
1710 1287 1727 1311 a
1749 1274 1897 1312 fratribus

1152 1325 1265 1373 primo,
1293 1335 1362 1375 post
1388 1326 1427 1361 ab
1447 1326 1516 1361 aliis
1537 1325 1648 1361 vicinis
1668 1324 1811 1362 similiter
1827 1336 1897 1361 mo-

1152 1384 1272 1411 neatur.

1198 1425 1219 1473 g
1246 1426 1278 1459 6.
1311 1424 1433 1469 Elqttio
1468 1425 1599 1460 ministri
1639 1436 1693 1472 per
1726 1436 1895 1460 commune

1149 1473 1280 1510 fratrum
1303 1474 1469 1510 consilium
1493 1474 1562 1515 fiat3
1593 1486 1651 1510 nec
1673 1474 1807 1521 eligatur
1836 1486 1894 1510 se-

1149 1523 1287 1559 cundum
1311 1523 1494 1571 dignitatem
1524 1524 1661 1571 generis,
1695 1523 1751 1559 sed
1777 1535 1894 1559 secun-

1149 1572 1224 1608 dum
1252 1574 1331 1608 vitae
1352 1574 1510 1614 meritum,
1534 1581 1564 1608 et
1585 1573 1757 1622 sapientiae
1782 1573 1895 1608 doctri-

1150 1635 1232 1658 nam.
1261 1622 1314 1658 Ille
1335 1635 1408 1658 vero
1431 1623 1484 1670 qui
1507 1622 1643 1670 eligitur,
1670 1621 1819 1659 sacerdos
1840 1622 1893 1667 sit,

1149 1674 1194 1707 vel
1221 1672 1354 1708 clericus
1376 1672 1541 1708 ordinibus
1562 1680 1668 1720 aptus,
1701 1680 1733 1707 et
1757 1673 1797 1707 sit
1818 1683 1892 1720 pro-

1148 1721 1263 1757 fessus:
1301 1722 1442 1757 minister
1469 1734 1558 1762 vero,
1591 1723 1656 1758 sive
1683 1722 1798 1763 maior,
1825 1721 1892 1757 sive

1148 1772 1261 1813 minor,
1283 1772 1430 1807 sacerdos
1452 1772 1500 1807 sit.
1523 1771 1623 1807 Maior
1644 1772 1788 1807 minister
1812 1782 1892 1807 con-—

1147 1821 1297 1857 sessiones
1333 1821 1459 1856 fratrum
1493 1822 1632 1856 omnium
1665 1821 1891 1868 congregatio—

1148 1883 1222 1906 num
1246 1870 1388 1906 eiusdem
1412 1870 1532 1906 ordinis
1555 1871 1663 1906 audire
1684 1878 1796 1918 potest.
1829 1869 1890 1906 Mi-

1148 1932 1205 1956 nor
1230 1933 1304 1956 vero
1326 1921 1470 1956 minister
1496 1921 1636 1956 omnium
1664 1919 1792 1955 fratrum
1814 1932 1890 1957 suae

1146 1970 1260 2005 domus
1299 1969 1405 2005 audiat
1447 1969 1677 2011 confessiones;
1715 1968 1890 2005 dummodo

1147 2019 1336 2060 verecundia
1364 2019 1486 2066 repetiti
1518 2031 1665 2055 excessus
1691 2019 1888 2055 occasionem

1146 2069 1274 2104 minime
1313 2068 1459 2116 praebeat
1493 2069 1611 2105 tardius
1645 2068 1791 2117 praelatis
1817 2069 1888 2104 'suis

1145 2118 1192 2154 vel
1220 2118 1324 2153 minus
1347 2130 1424 2166 pure
1450 2130 1543 2166 quam
1566 2118 1674 2154 deceat
1705 2117 1886 2153 confitendi.

1145 2167 1274 2203 Solicite
1297 2180 1368 2203 vero
1391 2169 1533 2203 minister
1555 2167 1726 2216 provideat,
1748 2175 1781 2202 ut
1803 2179 1889 2215 prae-

1145 2226 1232 2264 cepta
1260 2217 1402 2264 regulae,
1429 2217 1510 2252 sicut
1536 2217 1649 2253 caeteri
1684 2216 1805 2259 fratres,
1833 2229 1888 2263 per

1144 2267 1247 2302 omnia
1261 2275 1372 2302 teneat.
1390 2266 1558 2314 Postquam
1569 2279 1640 2302 vero
1652 2266 1769 2301 electus
1783 2265 1886 2307 fuerit,

1144 2316 1168 2349 si
1191 2328 1228 2350 ex
1250 2315 1341 2363 culpa
1369 2316 1482 2364 deponi
1511 2316 1677 2358 meruerit,
1711 2327 1766 2363 per
1787 2316 1887 2351 maio-

1145 2366 1413 2412 rembministrum
1428 2366 1606 2401 convocatis
1627 2364 1727 2400 tribus
1749 2365 1793 2399 vei
1807 2376 1886 2412 qua-

1145 2423 1215 2450 tuor
1240 2415 1393 2450 ministris
1420 2415 1596 2450 minoribus
1630 2413 1822 2461 deponatur,
1856 2423 1886 2448 et

1144 2464 1234 2508 alius,
1261 2465 1313 2512 qui
1336 2465 1450 2511 dignus
1476 2465 1526 2506 sit,
1555 2464 1623 2499 loco
1644 2464 1711 2498 eius
1732 2463 1886 2511 subroge—

1144 2522 1204 2548 tur.
1234 2513 1267 2548 Si
1290 2526 1361 2549 vero
1385 2526 1440 2562 pro
1462 2514 1635 2549 remotione
1658 2521 1808 2547 terrarum
1838 2513 1884 2548 vel

1144 2563 1202 2598 alia
1224 2575 1316 2598 causa
1343 2563 1516 2599 rationabili
1538 2563 1636 2598 maior
1656 2563 1801 2597 minister
1827 2562 1885 2597 lioc

1144 2611 1245 2648 facere
1279 2625 1341 2648 non
1369 2615 1493 2660 poterit,
1526 2611 1675 2647 ministris
1707 2611 1885 2647 minoribus

1145 2662 1307 2710 magisque
1335 2663 1488 2709 religiosis
1517 2661 1706 2702 committur,
1743 2669 1774 2696 et
1800 2660 1884 2709 quod

1915 280 1964 305 Δη.
1979 278 2009 306 C.
2028 277 2096 306 ¹¹9⁸

1925 786 1954 808 Dc
1961 785 2053 814 capituto
2061 791 2097 814 3·-

1913 817 1987 839 nenti.

1922 1428 1952 1451 De
1983 1427 2090 1454 nuum

1908 1461 2005 1482 ministri.
