2129 3223
58 228 106 256 An.
124 228 151 256 G.
168 228 235 258 1¹⁸8

883 228 1027 252 cunnws
1047 229 1085 252 111
1108 229 1154 252 1³1².

1685 221 1729 254 59
1793 231 1842 258 An.
1861 231 1888 258 c,
1908 231 1973 259 una

289 288 317 315 et
337 292 458 322 regnum
483 283 596 313 Scotiae
615 292 628 312 a
649 283 729 313 nullo
747 283 993 313 excommunicari
1036 284 1092 319 nisi
1118 284 1155 319 ad
1183 283 1356 319 Romanam
1392 285 1562 320 Ecclesiam
1602 286 1694 321 fuerit
1719 299 1776 333 ap-

287 337 384 369 posse,
401 326 455 357 nisi
471 337 486 356 a
509 325 591 357 Rom.
614 326 764 357 Pontifice.
782 344 821 350 -
837 326 948 358 Causae
963 327 992 357 in

286 381 374 412 regno
392 376 506 402 exortae
523 375 598 401 extra
618 370 691 401 illud
710 379 768 401 non
789 374 992 411 asportandae‚

285 422 334 448 etc.
355 433 395 440 —
411 415 573 447 Libertates
592 420 619 446 et
641 415 840 446 immunitates
863 426 878 446 a
901 426 989 456 prae-

285 461 491 493 decessosibus
523 460 628 492 Pontis.
660 469 816 491 concessas
839 462 992 492 confirmat

284 511 312 538 et
328 510 406 537 ratas
430 505 524 536 habet.
546 522 585 528 —
600 504 708 535 Solitae
730 504 890 535 clausulae.

244 573 365 604 clemens
381 574 522 610 opiscopus
541 579 635 601 servus
655 578 793 602 servornm
811 570 867 605 Dei.
888 573 988 602 charis·

288 623 355 653 ulmo
369 623 398 653 in
415 622 523 652 Christo
545 622 601 651 mio
619 621 751 651 willelmo
774 621 879 650 illustri
898 623 988 652 scoto·

286 680 346 702 rum
363 673 434 709 regi.
453 672 570 701 salutem
588 672 618 701 ot
635 670 812 707 apostolicam
824 670 988 701 benedictlo-

292 784 373 820 Cum
413 784 550 819 universi
582 782 698 819 Christi
738 784 811 829 iugo
853 783 984 818 subiecti

241 834 279 871 ad
300 833 414 870 Sedem
438 833 649 882 Apostolicam
673 834 880 881 patrocinium
904 834 985 868 inve·

242 884 308 921 nire
327 883 462 920 debeant
483 891 513 918 et
534 883 682 923 savorem,
709 882 778 918 illos
797 890 899 917 tamen
915 895 984 930 spe-

241 933 350 970 cialius
385 933 531 969 convenit
567 932 741 968 munimine
779 933 983 980 protectionis

240 983 416 1027 confoveri,
437 994 571 1031 quorum
594 982 688 1017 fidem
715 994 750 1017 ac
783 982 980 1017 devotionem

240 1033 271 1069 in
298 1032 441 1082 pluribus
462 1040 509 1067 est
534 1040 672 1079 experta,
695 1041 728 1066 ut
749 1031 785 1066 ad
809 1031 909 1079 ipsius
923 1032 982 1066 ele-

239 1082 352 1118 ctionis
372 1082 508 1118 savorem
530 1088 616 1117 tanto
637 1082 772 1128 amplius
798 1089 981 1128 provocetur

239 1140 270 1167 et
306 1133 374 1168 eius
407 1130 602 1167 reverentiae
634 1130 785 1166 devotiori
818 1130 979 1165 affectione

239 1180 423 1225 subdantur,
444 1187 561 1227 quanto
582 1179 817 1215 benevolentiae
839 1179 937 1226 ipsius
951 1188 980 1214 et

239 1230 355 1277 gratiae
381 1230 493 1278 pignus
518 1241 552 1264 se
577 1229 721 1264 noverint
751 1228 866 1264 certius
892 1240 980 1264 asse-

218 1305 220 1308 >
239 1287 338 1314 cutos.

286 1327 331 1364 Ea
356 1335 493 1376 propter,
520 1326 704 1362 charissime
722 1326 752 1361 in
779 1326 905 1362 Christo
923 1326 978 1366 fili,

56 1376 222 1430 ⁵⁰?“3229Aff
237 1377 440 1413 reverentiam
483 1388 519 1411 ac
549 1376 766 1419 devotionem,
802 1388 895 1423 quam
940 1376 977 1411 ad

42 1408 130 1461 51:512·
147 1414 224 1460 rimis]
235 1426 408 1462 Romanam
429 1433 459 1460 te
480 1424 627 1460 habuisse
648 1437 665 1460 a
691 1425 791 1472 longis
806 1432 888 1460 retro
904 1433 978 1459 tem-

41 1470 97 1490 ⁸⁵⁸‘⁶
119 1469 220 1492 “mm'‘
234 1475 362 1523 poribus
387 1474 560 1510 Ecclesiam
588 1474 744 1518 novimus,
768 1473 976 1515 attendentes,

234 1524 406 1572 praesentis
439 1523 547 1570 scripti
582 1523 693 1570 pagina
731 1523 877 1558 duximus
913 1531 976 1558 sta-

233 1573 398 1618 tuendum,
425 1580 458 1608 ut
483 1572 648 1608 Scoticana
675 1572 816 1608 Ecclesia
838 1573 976 1620 Aposto-

233 1623 310 1659 licae
341 1622 435 1663 Sedi,
471 1622 565 1658 cuius
599 1622 660 1656 lilia
683 1622 827 1669 specialis
860 1623 974 1667 existit,

233 1673 319 1709 nullo
339 1672 495 1708 mediante
520 1671 632 1707 debeat
652 1672 830 1711 subiacere,
860 1672 890 1706 in
913 1684 973 1719 qua

76 834 193 858 Buritan-

231 1722 290 1758 hae
326 1721 419 1758 sedes
452 1721 645 1769 episcopales
680 1734 748 1756 esse
783 1729 972 1756 noscuntur:

37 1769 219 1828 ,ξξξξθξζόξίζζζ
231 1772 392 1808 Ecclesiae
418 1771 561 1806 videlicet
581 1770 689 1806 Sancti
722 1770 866 1806 Andreae
900 1770 976 1805 Gla-

37 1831 94 1853 muto
131 1837 218 1853 mom·
230 1821 385 1861 senensis,
411 1819 656 1861 Dunkeldensis,
672 1819 886 1859 Dublinensis,
902 1820 974 1855 Bre-

36 1863 216 1916 ξὲῗίξᾛζζζῗ
231 1870 384 1914 binensis,
410 1869 654 1910 Aberdonensis,
678 1869 893 1910 Moraviensis,
910 1869 974 1905 Re-

37 1924 147 1946 P⁶=¹⁵⁶⁶0·
230 1920 406 1963 sensensis‚
440 1918 639 1963 Katinensis,
672 1928 702 1954 et
729 1919 846 1954 nemini
883 1919 974 1954 liceat

231 1970 292 2005 nisi
313 1969 457 2005 Romano
477 1968 634 2007 Pontifici,
658 1968 705 2003 vel
735 1968 836 2016 legato
858 1969 897 2004 ab
924 1970 973 2017 ip-

231 2019 300 2055 sius
325 2019 420 2055 latere
446 2017 601 2054 destinato
624 2018 655 2053 in
683 2030 813 2065 regnum
846 2017 973 2054 Scotiae

232 2067 389 2105 interdicti
399 2094 409 2112 ,
423 2067 471 2103 vel
490 2068 828 2103 excommunicationis
842 2076 972 2103 senten-

230 2119 305 2155 tiam
327 2116 537 2166 promulgare‚
552 2117 622 2152 etsi
648 2117 841 2166 promulgata
868 2117 972 2163 suerit,

230 2167 430 2204 decernimus
461 2178 524 2201 non
560 2167 673 2202 valere.
706 2167 902 2207 Adiicimus,
940 2175 973 2202 ut

230 2217 306 2253 nulli
333 2216 374 2252 de
394 2224 534 2256 caetero,
568 2216 621 2263 qui
654 2216 694 2251 de
721 2228 816 2263 regno
848 2217 973 2252 Scotiae

230 2279 293 2303 non
319 2266 430 2306 fuerit,
465 2265 523 2300 nisi
554 2277 647 2312 quem
674 2266 851 2313 Apostolica
873 2266 972 2301 Sedes

231 2323 357 2365 propter
389 2315 450 2350 hoc
476 2314 516 2350 de
548 2326 679 2362 corpore
707 2327 766 2351 suo
793 2316 972 2363 specialiter

229 2366 442 2405 destinaverit,
473 2363 594 2399 licitum
620 2365 661 2399 sit
694 2365 724 2399 in
751 2377 788 2401 eo
809 2365 972 2412 legationis

229 2414 367 2451 officium
393 2425 549 2450 exercere.

49 2487 216 2509 mmmm-
276 2463 489 2500 Prohibemus
515 2471 635 2508 autem,
668 2471 701 2498 ut
732 2464 971 2506 controversiae,

37 2523 76 2544 ⁸⁰⁰
130 2519 215 2538 ‘¹⁰⁸³‘
229 2525 311 2562 quae
331 2513 446 2550 fuerint
476 2513 507 2548 in
534 2524 631 2560 regno
656 2512 709 2548 illo
730 2512 769 2548 de
795 2513 972 2561 possessio-

37 2551 96 2569 utra
110 2547 161 2569 illud
174 2553 216 2568 non
254 2563 260 2570 .
365 2564 372 2569 .

49 2579 202 2607 azpovamm.
231 2563 323 2599 mbus
344 2576 412 2599 eius
432 2570 570 2607 exortae,
591 2561 629 2597 ad
654 2573 784 2597 examen
805 2570 891 2598 extra
916 2574 972 2598 re-

101 2613 142 2631 m.
230 2625 326 2661 gnum
348 2613 520 2662 positorum
543 2611 695 2648 iudicium
718 2623 780 2647 non
797 2612 971 2658 trahantur,

1034 333 1192 381 pellatum.
1215 333 1248 369 Si
1271 346 1333 381 qua
1347 345 1418 370 vero
1436 335 1548 382 scripta
1563 343 1669 371 contra
1682 335 1776 371 huius

1033 383 1182 419 libertatis
1219 391 1332 418 statuta
1361 385 1561 431 apparuerint
1592 385 1774 433 impetrata,

1032 433 1078 469 rel
1101 433 1306 481 imposterum
1336 432 1424 468 istius
1445 435 1658 470 concessionis
1684 448 1773 471 men-

1031 483 1115 518 tione
1151 495 1213 519 non
1252 482 1356 517 habita
1397 484 1561 530 contigerit
1595 485 1771 533 impetrari,

1030 532 1150 568 nullum
1174 532 1246 572 tibi,
1280 531 1327 567 vel
1350 532 1408 579 ipsi
1436 544 1532 578 regno
1569 534 1649 569 circa
1677 534 1771 570 huius

1029 583 1261 630 praerogativae
1285 581 1522 617 concessionem
1545 584 1769 630 praeiudicium

1027 640 1204 678 generetur.
1231 631 1394 666 Praeterea
1421 630 1577 667 libertates
1603 640 1633 667 et
1656 634 1771 669 immu—
1799 646 1915 668 tibens-s
1945 654 1963 669 ο.

1028 682 1140 717 nitates
1165 681 1233 726 tibi,
1255 681 1302 715 vel
1324 681 1426 715 eidem
1449 693 1557 728 regno,
1585 682 1631 716 vel
1653 683 1770 719 Eccle-
1784 679 1964 734 ii’ssiss'ssissnf

1027 731 1082 765 siis
1110 731 1139 765 in
1168 743 1205 766 eo
1240 730 1417 766 constitutis
1438 742 1454 765 a
1477 731 1769 778 praedecessoribus
1783 738 1964 778 b¹1⁵7¹²0¹¹¹if100w

1026 781 1142 816 nostris
1173 780 1327 816 Romanis
1356 779 1561 815 Pontificibus
1582 780 1718 817 indultas
1739 791 1768 818 et
1782 775 1870 821 ,ζῗῖὀῖι
1884 772 1962 822 ⁶⁰2¹}ss

1025 830 1174 866 hactenus
1207 830 1399 873 observatas,
1436 839 1515 864 ratas
1553 829 1705 867 habemus
1738 831 1851 868 eth‘fflffl·

1025 880 1157 915 illibatas
1199 879 1312 915 suturis
1363 879 1560 928 temporibus
1602 882 1767 918 statuimus

1025 941 1217 977 permanere.
1252 929 1334 964 Nulli
1367 942 1442 976 ergo
1481 929 1642 966 hominum
1676 931 1767 967 liceat

1024 980 1164 1025 paginam
1189 987 1312 1014 nostrae
1334 979 1568 1016 constitutionis
1593 988 1624 1015 et
1658 981 1766 1028 prohi-

1023 1029 1150 1063 bitionis
1187 1030 1375 1075 infringere,
1418 1028 1465 1064 vel
1503 1030 1531 1064 ei
1569 1030 1765 1078 aliquatenus

1021 1079 1186 1114 contraire.
1222 1078 1254 1113 Si
1290 1079 1361 1126 quis
1383 1088 1486 1114 autem
1522 1079 1582 1115 hoc
1612 1088 1763 1117 attentare

1021 1127 1289 1174 praesumpserit,
1328 1127 1576 1174 indignationem
1610 1131 1763 1178 omnipo-

1021 1177 1114 1211 tentis
1146 1177 1203 1212 Dei
1235 1184 1265 1212 et
1299 1176 1459 1213 beatorum
1497 1177 1581 1213 Petri
1607 1187 1638 1214 et
1673 1179 1762 1216 Pauli

1020 1226 1232 1273 apostolorum
1258 1226 1326 1262 eius
1355 1239 1387 1261 se
1409 1228 1529 1262 noverit
1550 1228 1760 1264 incursurum.

1067 1274 1182 1311 Datum
1220 1275 1381 1320 Laterani,
1420 1277 1510 1312 tertio
1548 1277 1618 1313 idus
1650 1280 1762 1324 martii,

1020 1325 1217 1372 pontificatus
1239 1326 1347 1365 nostri,
1374 1338 1457 1360 anno
1483 1326 1598 1373 primo.

1070 1381 1131 1411 Dat.
1156 1381 1202 1412 die
1221 1381 1258 1412 13
1275 1382 1371 1412 martii
1390 1391 1466 1412 anno
1487 1382 1602 1414 Domini
1626 1384 1710 1422 1188,

1273 1426 1373 1466 pontif.
1396 1437 1471 1458 anno
1489 1436 1508 1458 1.

1789 1094 1866 1117 Solitas
1883 1096 1939 1116 elau«

1835 1126 1892 1146 sulae

1368 1586 1418 1621 lv.

1015 1659 1103 1692 Sedis
1115 1660 1292 1704 episcopalis
1302 1660 1466 1693 translatio
1477 1672 1496 1694 α
1508 1662 1628 1694 civitate
1647 1662 1761 1695 Woltz'n

1062 1709 1105 1742 ad
1133 1708 1369 1742 camminensem
1380 1735 1388 1748 ,
1419 1721 1455 1743 aa
1480 1711 1671 1755 confirmatio
1705 1712 1761 1745 bo-

1062 1769 1171 1791 norum
1185 1759 1320 1792 omnium
1333 1760 1375 1792 ad
1388 1760 1474 1793 illam
1489 1761 1687 1805 spectantium
1704 1763 1729 1805 (l
1739 1764 1759 1804 ).

1281 1835 1495 1868 SUMMARIUM

1014 1901 1177 1933 Translatio
1196 1904 1275 1934 sedis
1293 1905 1470 1944 episcopalis
1493 1905 1529 1936 ab
1549 1915 1604 1936 una
1624 1907 1653 1937 in
1672 1907 1758 1938 aliam

1053 1947 1207 1978 civitatem.
1225 1965 1264 1971 —
1281 1949 1467 1981 Confirmatio
1482 1950 1636 1989 bonorum,
1650 1952 1758 1983 iurium

1053 1996 1081 2022 et
1102 1992 1320 2032 privilegiorum
1345 1995 1385 2032 (n.
1404 1996 1457 2033 T.).

1013 2063 1133 2093 Clemens
1148 2064 1288 2102 episcopus
1305 2072 1399 2095 servus
1417 2073 1556 2097 servorum
1574 2067 1629 2102 Del,
1649 2075 1759 2100 vanora‘

1056 2113 1106 2142 bili
1133 2112 1219 2143 fratri
1249 2113 1382 2150 sigen-icto
1412 2115 1588 2147 caminensi
1620 2117 1757 2157 episeopo.

1057 2163 1185 2192 salutem.

1061 2230 1253 2267 Auctoritate
1283 2232 1453 2279 apostolica
1474 2234 1658 2279 statuimus,
1684 2246 1756 2270 san·
1784 2253 1898 2275 namn,
1916 2261 1950 2276 μ-

1012 2280 1112 2329 cimus
1138 2289 1168 2315 et
1193 2281 1390 2321 ordinamus,
1423 2294 1495 2316 cum
1523 2283 1650 2327 civitas,
1676 2296 1756 2331 quae
1770 2285 1949 2338 ξξυξξὶῗᾙξ

1012 2329 1131 2364 Wollin
1154 2329 1285 2375 dieitur,
1316 2332 1347 2365 in
1368 2343 1429 2378 qua
1459 2331 1551 2367 sedes
1571 2333 1756 2380 episcopalis
1770 2348 1883 2368 emmam.

1012 2391 1082 2414 esse
1103 2379 1212 2423 soleat,
1251 2387 1378 2427 propter
1414 2392 1599 2427 guerrarum
1633 2382 1756 2418 incom-

1012 2427 1105 2463 moda
1126 2428 1247 2464 deserta
1275 2441 1343 2464 esse
1366 2438 1566 2477 proponatur,
1589 2438 1625 2466 ut
1644 2432 1674 2467 in
1696 2445 1755 2468 ec-

1047 2503 1182 2538 (l)Edidit
1192 2504 1342 2539 Raugonus‚
1354 2503 1453 2539 Origin.
1466 2505 1681 2541 Pomeran.,pag.
1696 2507 1753 2535 ¹59.

1014 2558 1044 2563 —
1062 2543 1142 2571 Vides
1157 2544 1198 2571 hie
1211 2544 1296 2571 bullae
1312 2544 1495 2580 fragmentum,
1512 2545 1545 2572 de
1560 2554 1613 2582 quo
1630 2546 1754 2574 iudicium

1012 2583 1114 2611 nullum
1128 2585 1191 2611 satis
1207 2587 1293 2612 tutum
1313 2584 1368 2612 dari
1386 2590 1486 2620 potest;
1508 2594 1576 2621 quae
1591 2587 1661 2614 enim
1681 2587 1751 2615 desi-

1011 2624 1147 2657 derantur,
1168 2628 1352 2653 arvumenturn
1367 2625 1523 2659 suspicionis
1538 2633 1590 2654 uon
1610 2630 1682 2655 sunt.
