2129 3223
142 295 190 320 Αιι,
212 293 320 322 C.l9.215
386 286 455 319 510
917 297 1103 320 annuamus!
1130 297 1291 319 nonarum

1879 296 1927 324 An.
1946 295 1974 323 C.
1993 295 2059 323 {2¹⁴5

711 351 749 386 V.
1120 360 1273 398 quatenus
1290 351 1327 386 ad
1357 352 1560 398 praesentiam
1589 352 1745 390 nostram
1778 351 1862 386 omui

1123 412 1250 447 prorsus
1283 401 1446 436 occasione
1483 402 1664 449 postposita,
1700 413 1802 447 usque
1826 401 1863 436 ad

1122 450 1298 497 proximum
1321 450 1432 485 festum
1459 450 1566 486 Sancti
1595 450 1720 486 Ioannis
1752 450 1864 505 Bapti-

1121 509 1203 544 stae,
1227 500 1430 546 personaliter
1455 501 1560 535 venire
1582 501 1710 543 curetis,
1744 509 1778 535 ut
1799 500 1863 547 ipsa

1122 549 1261 584 Ecclesia
1294 561 1331 585 ex
1369 558 1490 584 vestrae
1522 549 1709 586 visitationis
1746 550 1864 584 honore

1121 599 1280 646 spirituale
1314 599 1480 646 gaudium,
1506 606 1536 633 et
1568 611 1606 634 ex
1632 607 1737 634 nostra
1772 599 1863 633 indu-

1121 657 1193 683 stira
1220 649 1385 684 consilium
1409 648 1558 695 percipiat
1580 648 1789 695 profuturum

1169 699 1188 746 S
1216 701 1247 732 5.
1275 698 1403 737 Scituri
1435 697 1519 745 quod
1547 709 1604 732 nos
1635 698 1753 733 dictum
1781 698 1865 744 prin·
1887 706 1964 728 Puden
1960 708 2060 727 -cumim-

1121 747 1223 795 cipem
1252 748 1280 782 in
1307 748 1536 795 praedicatione
1559 754 1661 781 nostra
1688 747 1865 786 citavimus,
1877 739 2060 794 ξ’ξζῑέζᾷᾞζζῖ

1123 806 1154 831 ut
1183 810 1236 844 per
1257 809 1302 837 se,
1331 798 1376 832 vel
1400 809 1454 844 pei
1476 809 1550 831 suos
1578 797 1712 832 nuncios
1733 797 1765 831 in
1788 808 1866 832 con-
1878 798 1934 819 ΕΜ·

1122 846 1193 881 cilio
1219 846 1410 882 celebrando
1431 854 1626 892 compareat,
1655 858 1864 894 responsurus

1122 896 1212 931 nobis
1233 905 1265 932 et
1291 896 1376 940 aliis,
1407 897 1459 943 qui
1487 895 1605 943 aliquid
1627 903 1734 930 contra
1761 896 1864 943 ipsum

335 433 518 466 (fanuncatio
543 434 687 466 abbacum
721 442 745 467 ct
776 435 914 478 priorum
952 435 1082 478 Anyli'ae

382 483 424 514 ad
442 483 581 526 generale
614 483 772 516 concilium
797 484 993 527 Luqdzmense
1011 485 1082 528 pri-

382 543 475 569 mum,
495 543 552 576 pro
575 533 622 565 die
650 534 694 565 24
720 533 802 566 iunii
829 534 932 566 1245.

599 609 812 641 SUMMARIUM

332 674 499 706 Exordium.
521 692 559 698 —-—
590 677 613 705 l.
641 677 750 707 Causae
779 677 928 707 indicendi
953 678 1080 707 concilii

372 737 409 742 —
431 720 458 750 2.
477 719 600 751 indictio
619 730 670 760 pro
693 721 739 751 die
757 722 794 751 24
815 722 899 750 iunii.
919 738 957 743 —
974 722 1000 751 3.
1020 721 1082 751 Fri

372 765 505 795 dericum
523 765 727 805 imperatorem
747 766 866 795 citatum
886 775 949 796 esse
969 767 1082 804 signill-

372 813 426 839 cat.

331 885 502 914 innocentius
520 886 661 922 opiscopus
679 894 774 916 servus
808 893 949 916 servorum
967 887 1021 920 Dei,
1041 888 1080 916 di-

167 1144 276 1165 emunim

150 1596 229 1617 Causae
264 1598 320 1617 indi-

137 1627 198 1648 cendi
214 1628 305 1647 consilii⁴

152 2636 240 2658 mmm
284 2641 443 2674 nostram,
478 2645 507 2669 et
534 2636 696 2670 hortamur
720 2642 847 2676 attente,

139 2670 172 2690 dio
186 2668 211 2690 24
228 2669 285 2690 iunii

377 934 460 963 lectis
476 934 542 963 filiis
556 935 702 964 abbatibus
714 936 744 964 et
759 936 896 971 prioribus
904 943 952 971 per
962 936 1082 972 Angliam

377 983 548 1017 constitutis.
569 984 687 1013 salutem
723 986 753 1013 ot
789 985 968 1020 apostolicam
1004 985 1082 1013 bene·

376 1032 533 1062 dictionem.

382 1099 438 1135 Dei
460 1100 561 1135 virtus
582 1109 612 1135 et
634 1100 690 1135 Dei
708 1102 872 1148 sapientia,
895 1103 987 1137 cuius
1002 1103 1081 1137 inef-

334 1149 416 1184 fabili
443 1149 583 1185 subiecta
617 1158 690 1185 sunt
720 1151 823 1186 omnia
858 1153 1029 1194 maiestati,
1064 1165 1080 1187 a

333 1198 523 1234 fundationis
537 1199 626 1235 initio
641 1199 809 1247 splendore
824 1201 972 1236 virtutum
991 1214 1079 1236 suam

333 1248 497 1283 illustravit
509 1248 693 1284 Ecclesiam
716 1249 755 1285 Et
772 1251 816 1286 sic
839 1251 996 1297 insignem
1012 1251 1082 1285 red-

332 1297 411 1332 didit
444 1298 613 1353 singularis
646 1299 808 1354 privilegio
836 1301 1019 1356 potestatis,
1048 1308 1080 1335 ut

334 1359 388 1393 per
408 1348 480 1382 eius
502 1347 710 1383 ministerium
739 1361 832 1384 suum
860 1350 977 1384 iustitia
1004 1362 1081 1384 con-

333 1404 481 1444 sequatur
514 1396 681 1438 effectum,
718 1407 748 1433 et
781 1397 889 1434 sedato
924 1399 1078 1434 bellorum
1120 1438 1121 1441 Ἴ

334 1445 471 1487 turbine,
499 1447 619 1481 mundo
646 1447 743 1494 possit
770 1448 974 1494 tranquillitas
1006 1461 1081 1496 pro-

335 1507 448 1531 venire.

381 1545 402 1593 g
429 1547 461 1580 1.
491 1544 682 1580 Huiusmodi
703 1546 786 1581 enim
811 1547 1077 1594 praeeminentiam

334 1594 513 1642 dignitatis,
549 1594 625 1630 dum
651 1607 709 1630 nos
737 1604 912 1631 reverenter
945 1596 1079 1631 attendi-

335 1657 416 1686 mus,
450 1645 504 1692 qui
539 1644 682 1691 regimini
717 1645 873 1692 generalis
899 1645 1079 1690 Ecclesiae,

334 1694 405 1730 licet
430 1693 594 1735 immeriti,
621 1694 724 1729 divina
762 1695 954 1742 providentia
981 1707 1079 1743 prae-

333 1743 493 1788 sidemus,
515 1743 675 1778 reddimur
696 1745 789 1779 corde
822 1744 958 1786 solliciti,
994 1745 1079 1791 quod

1121 945 1266 981 duxerint
1289 945 1526 993 proponendum
1540 973 1548 987 ‚
1572 954 1603 980 et
1621 945 1865 981 satisfactionem

1122 995 1264 1031 idoneam
1289 995 1504 1042 praestiturus.

1169 1045 1189 1092 S
1216 1050 1248 1080 4.
1271 1044 1318 1079 De
1340 1057 1543 1092 personarum
1570 1052 1697 1089 autem,
1730 1052 1761 1080 et
1793 1057 1866 1080 eve-

1121 1095 1261 1130 ctionum
1291 1094 1450 1130 moderato
1489 1106 1636 1138 numero,
1676 1095 1758 1130 illam
1793 1107 1865 1129 cum

1122 1145 1268 1180 veneritis
1291 1144 1516 1192 providentiam
1541 1143 1688 1185 habeatis,
1714 1144 1797 1192 quod
1813 1156 1866 1179 ve-

1121 1194 1192 1229 stris
1212 1192 1364 1229 Ecelesiis
1389 1194 1483 1228 nimis
1513 1205 1576 1228 non
1602 1195 1670 1229 sitis
1690 1195 1825 1229 onerosi.

1169 1243 1284 1279 Datum
1306 1243 1467 1290 Lugduni,
1489 1243 1579 1279 tertio
1601 1242 1723 1278 kalend.
1746 1243 1866 1278 februa-

1122 1293 1175 1338 rii,
1196 1293 1395 1341 pontificatus
1422 1292 1518 1328 nostri
1541 1305 1623 1327 anno
1649 1293 1799 1328 secundo.

1143 1356 1204 1386 Dat.
1223 1356 1270 1386 die
1288 1356 1326 1386 30
1343 1355 1469 1385 ianuarii
1494 1355 1579 1391 1245,
1596 1355 1697 1394 pontif.
1718 1365 1794 1385 anno
1816 1365 1846 1385 11.

1470 1498 1518 1532 vt.

1122 1571 1310 1604 Fri'deri'cum
1337 1572 1499 1604 secundum
1514 1572 1728 1615 imperatorem
1743 1582 1866 1604 excom-

1167 1622 1349 1662 municans,
1388 1621 1454 1653 iure
1493 1620 1615 1664 imperii
1648 1620 1865 1659 deturbatum,

1167 1671 1360 1715 subditosque
1385 1670 1551 1703 iuramenti
1574 1669 1719 1714 reliqione
1752 1670 1866 1703 solutos

1168 1720 1313 1753 declarat.

334 1793 530 1840 tempestatis
574 1793 700 1838 horror,
734 1806 796 1841 qua
835 1794 898 1841 ipsa
938 1794 1081 1829 turbatur
1385 1788 1596 1819 SUMMATUUM

332 1842 488 1883 Ecclesia,
514 1850 545 1878 et
566 1842 675 1890 religio
699 1843 867 1878 christiana
889 1844 1079 1889 concutitur,
1120 1847 1307 1877 Prooeniium.
1326 1862 1365 1868 —-
1383 1846 1409 1875 1.
1435 1845 1603 1876 Fridericus
1635 1846 1670 1876 ab
1698 1846 1867 1877 innocentio

334 1905 389 1948 per
414 1900 539 1927 nostrae
564 1893 754 1948 provisionis
776 1893 927 1928 auxilium
954 1894 1078 1929 coelesti
1159 1891 1195 1941 ³51
1218 1900 1320 1931 pacem
1336 1890 1482 1940 imitatus·-
1499 1906 1538 1940 ζ-
1554 1890 1582 1920 2·
1600 1890 1805 1941 AEqnaeleges
1821 1892 1862 1941 il}-

335 1942 447 1990 pietate
482 1942 614 1989 propitia
647 1943 860 1997 propulsetur
901 1942 982 1977 Hinc
1015 1951 1079 1983 est,
1159 1936 1264 1966 dlfflae·
1285 1952 1324 1958 “·
1349 1935 1376 1965 3·
1402 1934 1442 1965 De
1470 1934 1552 1965 ¹¹¹¹¹1⁵
1579 1943 1740 1973 Desvlcaffla
1762 1944 1864 1975 Cluen·

332 1991 418 2039 quod
455 2003 529 2035 nos,
566 1999 598 2026 ut
646 2004 712 2038 ipsa
741 1992 880 2027 Ecclesia
922 2004 976 2037 per
1002 1993 1080 2027 fide-

334 2042 408 2076 lium
437 2041 563 2076 salubre
584 2041 764 2082 consilinm,
791 2050 821 2076 et
842 2041 990 2076 auxilium
1012 2042 1080 2076 fru-

333 2100 492 2135 ctuosum,
518 2097 617 2125 status
642 2090 735 2125 debiti
764 2091 864 2138 possit
886 2090 1001 2125 habere
1021 2092 1080 2126 de-

333 2152 459 2180 corem,
498 2152 535 2175 ac
571 2139 764 2187 deplorando
803 2140 919 2175 Terrae
945 2140 1079 2176 Sanctae

333 2190 506 2225 discrimini
546 2197 577 2224 et
615 2189 728 2224 afflicto
768 2189 913 2225 Romano
949 2190 1079 2237 imperio

335 2251 465 2287 propere
492 2238 588 2274 valeat
610 2239 788 2282 subvenire,
817 2251 852 2274 ac
876 2239 1012 2274 invenire
1031 2252 1080 2274 re-

334 2290 471 2324 medium
499 2296 607 2323 contra
640 2289 798 2327 Tartarus,
833 2296 861 2323 et
896 2290 973 2324 alios
996 2301 1079 2323 con-

335 2347 503 2386 temptores
535 2337 605 2373 fidei
622 2366 629 2378 ,
656 2351 691 2373 ac
720 2345 937 2386 persecutores
971 2339 1079 2385 populi

334 2388 507 2431 christiani,
534 2400 654 2423 necnon
685 2401 739 2434 pro
762 2388 899 2434 negotio,
922 2388 1005 2435 quod
1029 2389 1080 2422 in-

335 2448 379 2472 ter
406 2437 578 2472 Ecclesiam
600 2445 630 2472 et
653 2438 825 2485 principem
849 2437 990 2482 vertitur,
1025 2450 1078 2472 re-

334 2499 388 2532 ges
406 2495 518 2530 terrae,
540 2486 695 2534 praelatos
717 2486 938 2531 Ecclesiarum,
960 2494 990 2522 et
1004 2487 1079 2522 alios

336 2537 443 2571 mnndi
468 2535 628 2584 principes
649 2536 801 2571 duximus
822 2536 1029 2571 advocandos.

383 2585 403 2632 ἓ
429 2588 461 2620 2.
483 2585 646 2632 Rogamus
677 2585 771 2621 etiam
794 2585 993 2621 devotionem
1024 2598 1078 2620 ve-

875 2647 930 2683 per
951 2642 1078 2682 aposto-

337 2683 393 2717 lica
412 2683 497 2718 iobis
512 2685 622 2731 scripta
643 2684 862 2732 praecipiendo
885 2685 1077 2728 mandantes,

1159 1986 1205 2010 tur
1231 1980 1430 2010 Innocentius.
1452 1997 1491 2002 —-
1512 1978 1700 2010 sacramento
1718 1983 1864 2011 oratorum

1159 2034 1245 2063 opera
1269 2025 1303 2054 ad
1334 2025 1486 2054 sarcienda
1521 2023 1671 2054 Ecclesiae
1697 2024 1802 2054 damna
1833 2034 1865 2054 se

1159 2069 1285 2099 devinxit
1313 2069 1488 2099 Fridericus.
1516 2085 1555 2091 ——
1580 2068 1608 2098 4.
1632 2067 1751 2099 Obiecta
1773 2069 1831 2109 ipsi
1848 2079 1863 2099 a

1159 2113 1297 2144 Pontifice
1310 2115 1462 2153 capita.—
1476 2115 1505 2143 5.
1522 2113 1646 2153 Saepius
1664 2113 1786 2144 crimine
1801 2122 1864 2153 per-

1159 2158 1227 2187 iurii
1246 2167 1276 2188 se
1290 2159 1425 2188 devinxit.
1438 2158 1512 2188 -6,
1528 2158 1704 2188 Concessarn
1720 2167 1735 2187 a
1750 2157 1864 2188 Christo

1158 2202 1290 2232 Pontifici
1309 2203 1509 2233 auctoritatem
1526 2202 1649 2240 negavit.
1663 2218 1702 2223 —
1716 2202 1741 2231 7.
1765 2201 1865 2232 Ponti-

1159 2246 1254 2276 ficiam
1280 2246 1419 2277 ditionem
1443 2247 1604 2286 occupavit.
1629 2263 1668 2269 —
1694 2246 1719 2276 8.
1750 2245 1864 2277 Iuratae

1160 2300 1226 2320 cum
1238 2290 1378 2329 Gregorio
1396 2292 1477 2330 pacis
1489 2292 1569 2329 teges
1586 2291 1709 2321 violavit.
1721 2308 1761 2314 —
1777 2291 1804 2321 9.
1816 2290 1864 2322 Si-

1158 2336 1253 2366 culam
1264 2335 1424 2366 Ecclesiam
1440 2336 1595 2375 oppressit.
1604 2351 1642 2357 -—
1653 2335 1698 2365 10.
1710 2334 1863 2374 Sacrilegii

1158 2380 1269 2410 scelere
1291 2389 1322 2409 se
1343 2380 1514 2419 inquinavit.
1534 2396 1574 2402 -—
1596 2380 1641 2409 11.
1665 2378 1742 2409 lusta
1762 2379 1864 2411 haere-

1158 2425 1199 2454 sis
1216 2424 1384 2464 suspicione
1403 2433 1551 2464 aspersus.
1573 2441 1612 2447 —-
1630 2424 1675 2454 12.
1697 2423 1863 2461 Saracenis,

1158 2469 1352 2508 hostibusque
1370 2468 1522 2507 religionis
1539 2468 1656 2498 iunctus
1681 2467 1807 2498 foedere.
1824 2485 1863 2491 -—

1158 2514 1203 2544 13.
1222 2512 1358 2543 Bavariae
1374 2514 1458 2544 ducis
1473 2513 1595 2552 occisor,
1610 2511 1754 2542 Battaccio
1769 2513 1863 2543 schis-

1158 2558 1263 2588 matico
1285 2558 1374 2588 filiam
1394 2557 1473 2588 dedit
1494 2557 1523 2587 in
1542 2566 1670 2587 uxorem.
1691 2558 1791 2588 -14,
1809 2557 1863 2588 De-

1157 2603 1247 2633 bitum
1264 2612 1316 2643 pro
1333 2612 1424 2641 regno
1442 2602 1560 2633 Siciliae
1578 2603 1698 2641 vectigal
1718 2612 1774 2633 non
1797 2603 1859 2633 sol—

1157 2648 1204 2678 vit.
1224 2664 1264 2670 —-
1285 2648 1331 2678 15.
1349 2647 1414 2677 Iure
1435 2647 1549 2686 imperii
1573 2652 1600 2677 et
1621 2648 1703 2685 regni
1723 2648 1860 2687 privatur:

1155 2708 1193 2714 —
1211 2691 1394 2731 Vassallique
1409 2692 1571 2727 iuramento
1589 2691 1749 2721 solvuntur.
