2129 3223
59 228 110 256 Au.
128 228 158 256 C.
174 229 241 256 ¹265

80 1334 189 1356 Exordium

59 1774 172 1797 Decretum
193 1776 228 1802 (de

47 1811 88 1833 quo
97 1807 117 1827 in
126 1807 227 1830 rubrica),

885 236 1028 261 effluens
1053 237 1087 260 lv
1110 237 1157 261 1²1².

304 284 417 322 Datum
440 286 559 322 Perusii
582 288 670 323 tertio
692 289 838 326 kalendas
854 290 997 332 ianuarii,

254 335 453 382 pontificatus
481 337 575 372 nostri
598 349 680 373 anno
708 340 818 385 primo.

285 392 346 423 Dat.
363 393 410 424 die
427 393 466 426 30
480 394 644 426 decembris
661 396 747 433 12265,
764 402 842 436 pont.
857 407 934 428 anno
949 407 966 429 t.

591 503 658 539 XV.

255 569 348 609 Quod
387 571 581 616 inquisitores
627 572 791 605 haereticae
832 573 995 616 prauitatis

299 618 429 652 describi
469 620 588 664 faciant
620 622 651 653 i'n
680 622 799 655 statutis
838 623 993 655 ci'm'tatum

299 669 374 713 leyes
405 670 501 703 editas
533 671 572 703 ab
609 671 782 703 Innocentio
811 671 860 703 W
888 679 993 704 contra

299 717 472 756 haereticos,
498 721 695 764 maqt'stratus
716 721 882 754 saeculares
901 722 942 754 ad
963 722 995 753 iil

299 768 440 812 coqendo.

513 823 723 855 SUMMARIL'M

250 871 412 902 Exordium.
440 889 478 894 —
504 873 525 902 i.
554 871 706 902 Decretum
741 874 785 909 (de
816 884 864 913 quo
892 876 919 903 in
943 885 991 904 ru-

288 911 473 951 micam—2.
488 911 670 951 Magistratus
688 913 722 943 ad
746 914 773 943 id
792 915 925 943 censuris
940 924 992 944 co-

288 952 384 990 gendi.
406 968 445 975 -
466 950 650 982 obstantium
675 953 834 991 derogatio.

247 1004 367 1035 cumnis
380 1006 628 1042 episcopusservus
655 1012 793 1035 servorum
808 1006 862 1039 Dei.
884 1007 994 1036 dilectis

290 1049 356 1079 iliis
392 1049 530 1079 nati-ttius
557 1050 773 1079 Praedicator-um
808 1052 838 1079 et
862 1051 993 1080 minorum

291 1095 423 1128 ordinum.
443 1094 649 1131 inquisitoribus
671 1095 826 1125 haereticae
843 1096 993 1132 pravitatis

290 1146 339 1176 per
354 1139 472 1173 ltaliam,
489 1139 655 1169 auctoritate
667 1140 741 1169 Sedis
759 1140 928 1177 apostolicae
947 1141 991 1170 de·

289 1185 410 1223 putatis.
434 1185 464 1214 ot
485 1184 513 1213 in
527 1185 668 1220 posterum
685 1185 855 1222 deputandis,
874 1185 991 1215 salntem

290 1230 321 1259 et
342 1229 520 1266 apostoticam
535 1229 753 1258 benedictionem.

295 1278 345 1315 Ad
367 1279 550 1325 extirpanda
576 1278 616 1314 de
641 1279 745 1313 medio
767 1278 876 1326 populi
903 1280 989 1315 cliri—

247 1329 340 1363 stiani
368 1328 540 1363 baereticae
563 1329 720 1375 pravitatis
747 1329 882 1373 zizania,
909 1341 988 1376 qnae

247 1377 462 1413 abundantius
487 1378 579 1412 solito
605 1385 843 1417 succreverunt,
877 1390 989 1426 super-

247 1427 422 1462 seminante
447 1426 498 1461 illa
529 1426 675 1461 licentius
709 1426 759 1461 liis
793 1426 905 1462 diebus
933 1428 988 1462 lio-

245 1477 330 1512 mine
371 1476 521 1516 inimico,
561 1484 646 1510 tanto
692 1476 865 1510 studiosius
904 1477 986 1511 iuxta

244 1526 443 1561 commissam
467 1524 556 1560 nobis
576 1525 818 1560 sollicitudinem
842 1526 987 1561 insudare

246 1576 463 1623 proponimus,
485 1583 600 1622 quanto
623 1575 829 1621 perniciosius
846 1575 986 1622 neglige—

244 1636 351 1661 remus
371 1624 481 1660 eadem
502 1624 534 1659 in
555 1636 664 1659 necem
687 1623 831 1659 catholici
853 1626 985 1660 seminis

244 1675 415 1722 pervagari.

292 1722 370 1770 Si.
398 1723 439 1758 Ut
475 1731 581 1757 autem
616 1722 767 1758 adversus
801 1722 983 1758 huiusmodi

244 1773 400 1820 nequitiae
432 1773 589 1818 operarios
611 1780 812 1818 consurgant,
838 1780 984 1820 stentque

243 1821 375 1858 firmiter
412 1820 571 1857 Ecclesiae
605 1820 677 1860 filii,
721 1833 756 1856 ac
793 1821 984 1858 orthodoxae

241 1870 332 1906 Fidei
364 1870 529 1911 zelatores,
568 1871 807 1905 constitutiones
832 1871 981 1918 quasdam

241 1920 341 1956 felicis
381 1920 604 1955 recordationis
650 1919 852 1955 Innocentius
899 1920 981 1968 Papa

243 1969 466 2018 praedecessor
480 1978 587 2004 noster
600 1969 637 2004 ad
657 1969 895 2017 extirpationem
916 1970 982 2005 liae-

241 2019 354 2055 reticae
383 2019 478 2067 pestis
509 2019 620 2063 edidit,
641 2027 671 2053 et
693 2028 753 2053 tam
782 2019 860 2066 ipse,
887 2031 980 2066 qnam

241 2067 341 2104 felicis
371 2068 540 2104 memoriae
573 2067 748 2102 Alexander
775 2067 857 2116 Papa
885 2081 980 2116 prae-

241 2117 388 2154 decessor
420 2125 542 2157 noster,
574 2118 694 2152 dilectis
721 2117 793 2152 filiis
817 2119 981 2166 potestati-

241 2166 311 2208 bus,
336 2168 402 2203 sive
430 2166 615 2206 rectoribtiS‚
637 2167 835 2211 consulibus,
862 2168 980 2214 capita-

241 2217 323 2260 neis,
335 2217 481 2260 antianis,
503 2216 640 2251 consiliis
653 2224 684 2250 et
702 2217 980 2252 communitatibus

239 2265 413 2307 civitatum,
440 2273 631 2307 castrorum,
661 2265 858 2312 aliorumque
893 2266 979 2302 loco-

240 2327 309 2351 rum
327 2327 382 2363 per
396 2315 512 2351 ltaliam
528 2315 717 2359 constitutis,
731 2316 929 2357 mandarunt,
947 2327 977 2351 ut

240 2365 480 2400 constitutiones
503 2365 586 2411 ipsas
607 2364 635 2398 in
662 2364 728 2398 suis
748 2365 902 2399 conscribi
927 2377 979 2401 ca-

241 2413 427 2461 pitularibus
463 2414 600 2449 facerent
630 2421 660 2448 et
687 2422 792 2448 exacta
819 2413 977 2460 diligentia

239 2462 448 2499 observarent.
467 2462 560 2500 Unde
579 2462 743 2510 praedictis
761 2464 976 2511 potestatibus,

238 2513 304 2547 sive
337 2513 526 2553 rectoribus,
559 2512 758 2551 consulibus,
785 2513 976 2559 capitaneis,

237 2561 383 2602 mitanis,
404 2562 546 2598 consiliis
562 2571 592 2596 et
613 2562 890 2598 communitatibus
920 2563 976 2598 tla-

237 2624 308 2647 mus
340 2611 454 2647 nostris
479 2611 588 2647 litteris
609 2612 640 2646 in
668 2611 838 2656 mandatis,
861 2621 893 2648 ut
916 2612 976 2660 ipsi

1662 231 1730 263 763

1036 299 1066 325 et
1092 291 1207 338 singuli
1230 303 1350 331 eornm.
1377 294 1617 328 constitutiones
1637 293 1778 338 easdem,

1036 352 1105 374 cnm
1133 341 1321 387 quibusdam
1349 342 1593 386 adiectionibus,
1617 344 1777 379 modilicn-

1037 389 1173 424 tionibus
1210 398 1240 424 et
1272 390 1533 428 declarationibus
1566 405 1621 439 per
1658 393 1775 428 dictum

1036 439 1248 474 Alexandrum
1271 441 1541 487 praedecessorem
1566 451 1718 486 nostrum,
1745 450 1775 477 et

1035 489 1125 522 etiam
1159 501 1214 535 per
1241 501 1298 523 nos
1326 489 1438 534 factas,
1471 492 1626 526 conscribi
1655 493 1685 527 in
1710 493 1775 527 suis

1034 537 1257 584 capitularibus
1285 538 1442 579 facientes,
1469 541 1565 576 nullis
1594 541 1666 576 inde
1693 550 1776 576 tem-

1037 587 1162 633 poribus
1183 587 1364 631 abolendas,
1386 590 1561 624 secundum
1588 603 1640 626 ens
1667 600 1774 626 contra

1034 648 1157 670 omnem
1182 637 1334 672 baeresim
1361 650 1394 672 se
1420 639 1568 675 adversus
1591 640 1670 676 hanc
1691 641 1775 675 San-

1034 693 1113 720 ctam
1138 685 1309 722 Ecclesiam
1333 687 1545 729 extollentem,
1573 690 1641 724 sine
1671 691 1773 737 aliqua

1033 735 1203 770 omissione
1225 736 1402 783 procedant.

1081 784 1101 831 S
1122 785 1154 818 2.
1182 785 1337 827 Quocirca
1359 786 1383 821 si
1411 786 1484 821 dicti
1509 795 1687 834 potestateS,
1709 788 1773 823 sive

1035 843 1182 875 rectores,
1201 835 1359 879 consules,
1377 836 1541 882 capitanei,
1560 837 1688 878 amiani,
1704 850 1774 873 con-

1033 883 1099 918 silia
1140 891 1172 918 et
1204 886 1459 929 communitates,
1496 886 1676 922 mandatum
1711 900 1773 921 no—

1033 941 1130 967 strum
1157 946 1251 981 snper
1278 935 1336 969 hoc
1367 936 1560 981 neglexerint
1590 936 1772 984 adimplere.

1033 994 1087 1016 vos
1112 992 1141 1017 et
1167 983 1282 1030 singuli
1312 993 1446 1019 vestrum
1475 984 1545 1020 illos
1573 993 1603 1020 et
1631 986 1772 1031 singulos

1032 1044 1163 1072 eorum,
1199 1032 1274 1067 infra
1309 1033 1488 1080 designatos
1523 1035 1609 1069 vobis
1645 1035 1772 1079 limites,

1033 1093 1087 1127 per
1120 1083 1475 1118 excommunicationem
1510 1085 1540 1118 in
1571 1096 1719 1131 personas
1743 1094 1773 1119 et

1032 1131 1230 1166 interdictum
1257 1132 1286 1166 in
1318 1140 1413 1167 terras
1444 1145 1571 1176 eorum,
1601 1134 1772 1169 monitione

1031 1180 1212 1226 praemissa,
1233 1181 1441 1228 appellatione
1459 1192 1588 1221 remota,
1603 1184 1731 1227 cogatis.

1078 1229 1097 1275 g
1120 1233 1151 1263 5,
1173 1229 1243 1264 Non
1265 1230 1406 1265 obstante
1426 1233 1451 1266 si
1474 1231 1633 1279 aliquibus
1653 1245 1668 1266 a
1686 1232 1769 1267 Sede

1029 1278 1210 1324 Apostolica
1232 1280 1269 1313 sit
1291 1280 1459 1320 indultum,
1484 1281 1529 1315 vel
1556 1282 1586 1315 in
1611 1290 1768 1328 posterum

1030 1328 1183 1374 indulgeri
1211 1330 1381 1375 contingat,
1414 1330 1498 1376 quod
1526 1342 1675 1377 personae
1707 1344 1770 1366 ex-

1028 1379 1267 1418 communicari,
1292 1391 1328 1413 ac
1354 1379 1506 1422 civitates,
1527 1389 1643 1421 castra,
1671 1390 1770 1416 terrae

1027 1435 1057 1460 et
1091 1426 1156 1461 loca
1195 1427 1334 1472 ipsorum
1362 1429 1505 1463 interdici
1539 1441 1601 1463 non
1632 1431 1767 1476 possint,

1027 1476 1092 1510 sire
1113 1476 1252 1523 qualibet
1273 1477 1332 1512 alna
1360 1478 1551 1523 indulgentia
1574 1479 1666 1514 Sedis
1687 1480 1770 1514 eius-

1026 1525 1109 1568 dem,
1133 1538 1188 1573 per
1204 1538 1297 1573 quam
1325 1527 1456 1562 effectus
1478 1530 1685 1574 praesentium
1709 1530 1769 1564 im-

1027 1574 1125 1620 pediri
1162 1575 1258 1609 valeat
1300 1576 1345 1610 vel
1380 1576 1515 1611 differri:
1553 1586 1584 1612 et
1618 1578 1656 1612 de
1688 1591 1766 1625 qua,

1026 1624 1177 1671 cuiusque
1192 1633 1257 1659 toto
1273 1633 1391 1663 tenore,
1415 1626 1453 1660 de
1470 1627 1560 1661 rei-bo
1582 1627 1620 1661 ad
1640 1629 1766 1662 verbnm

1025 1675 1193 1719 specialem
1220 1684 1250 1709 et
1268 1688 1447 1722 expressam
1469 1677 1497 1710 in
1520 1678 1635 1711 nostris
1656 1678 1766 1713 litteris

1024 1730 1164 1769 oporteat
1179 1723 1243 1757 fieri
1265 1726 1470 1759 mentionem:
1494 1733 1523 1759 et
1543 1727 1765 1762 constitutione

1024 1772 1062 1806 de
1080 1772 1202 1806 (linibus
1217 1772 1308 1808 dietis
1321 1774 1401 1808 edita
1421 1775 1449 1808 in
1466 1776 1598 1810 concilio
1614 1777 1763 1822 generali.

1072 1821 1186 1856 Datum
1214 1821 1334 1858 Perusii
1365 1823 1602 1871 decimoquinto
1633 1824 1692 1860 kal.
1718 1825 1764 1861 fe-

1023 1869 1155 1910 bruai-ii,
1189 1874 1388 1919 pontificatus
1415 1875 1510 1907 nostri
1541 1886 1623 1909 anno
1651 1875 1762 1916 primo.

1061 1922 1121 1954 Dat.
1139 1925 1185 1954 die
1203 1925 1238 1954 18
1254 1926 1379 1955 ianuarii
1399 1926 1480 1962 1266,
1497 1927 1597 1965 pontif.
1617 1936 1690 1957 anno
1707 1936 1724 1958 i.

1337 1982 1448 1989 v—-—-

1350 2036 1431 2071 XVI.

1023 2098 1182 2132 Revocatt'o
1203 2101 1337 2133 omnium
1366 2100 1629 2143 indulqentt'arum
1649 2109 1676 2134 at
1699 2104 1761 2146 pri-

1069 2149 1261 2192 „nogion-um,
1288 2151 1521 2194 quibuscumque
1551 2152 1759 2194 sinyularibus

1065 2198 1202 2241 personis
1229 2198 1432 2232 ecclesiasticis
1458 2200 1503 2232 vel
1527 2202 1752 2240 saecularibus,

1067 2247 1175 2290 quibus
1203 2247 1244 2280 eis
1269 2249 1486 2282 concedebatur
1513 2250 1596 2294 quod
1620 2251 1761 2283 interdici

1066 2297 1112 2328 vel
1145 2299 1403 2330 excommunicari
1439 2309 1499 2330 non
1532 2306 1667 2342 possent,
1707 2311 1759 2332 nec

1067 2351 1163 2378 terrae
1183 2356 1286 2378 eorum
1303 2347 1498 2380 ecclesiastico
1517 2348 1677 2382 interdicto
1690 2359 1759 2394 sup-

1063 2395 1141 2438 poni
1165 2395 1219 2436 (1).

1285 2450 1497 2482 SUmtAtttUM

1017 2497 1126 2527 Causae
1147 2498 1375 2528 revocandorum
1396 2499 1614 2539 privilegiorum
1635 2502 1680 2539 (de
1701 2503 1755 2543 qui·

1056 2539 1102 2606 bus
1119 2538 1147 2566 in
1170 2538 1302 2575 rubrica).
1316 2555 1354 2562 —-
1370 2540 1395 2568 1.
1411 2539 1656 2571 Decretum—2
1671 2540 1757 2572 Clau-

1055 2587 1087 2607 su
1102 2587 1144 2606 ae.

1050 2626 1090 2661 (¹)
1105 2626 1144 2653 Ex
1161 2626 1264 2662 Regest.
1284 2626 1367 2652 Vatia,

1792 240 1843 267 An.
1859 240 1888 267 C.
1905 240 1971 267 taofi

1800 793 1930 820 Magi-imm:
1947 797 1967 810 ³⁴

1787 826 1805 846 id
1821 830 1916 845 censuris
1932 831 1968 843 rt-

1787 861 1824 882 gon
1835 858 1855 876 li⁴

1791 1239 1920 1261 Obsivttttttt'tl
1933 1242 1964 1260 iz>-

1783 1274 1862 1296 togatiu
