2129 3223
33 238 84 268 Au.
101 236 129 265 c.
143 237 207 265 ¹2⁶1

225 293 303 329 susis
319 306 373 341 per
385 294 491 330 orbem
513 293 637 341 gaudiis
655 302 685 329 et
698 293 804 329 effusis
827 295 965 342 undique

848 239 992 263 uuBANus
1013 240 1043 262 lv
1065 239 1116 262 ΡΡ.

1632 228 1701 262 687
1765 240 1816 266 An.
1834 239 1865 267 c.
1879 237 1947 266 ma

1355 295 1405 330 lv.

227 347 383 389 laudibus,
397 347 568 383 h⁰n⁰se¹⁰f
583 348 724 383 intersis·
737 348 869 396 ΡΓΟΡῑθΓ
881 348 965 397 q¹¹⁰d
1011 367 1228 411 lnqut'sitorum
1255 368 1420 402 haereticae
1448 369 1612 413 pravitatis
1644 376 1751 403 aucto-

225 401 265 437 ‹le
298 400 424 436 fratrum
458 400 641 436 eorumdem
677 413 712 436 ac
740 403 964 449 praelatorum,

225 455 307 503 apud
344 455 460 491 Sedem
501 455 712 502 Apostolicam
748 456 966 497 existentium,

225 509 364 545 unanimi
397 509 530 545 consilio
555 518 585 544 ct
611 509 757 544 concordi
792 522 966 551 consensu,

225 563 254 598 in
275 562 356 599 festo
391 562 428 598 B.
450 563 607 599 Vincentii
631 564 797 600 undecimo
819 564 968 600 kalendas

224 616 382 660 februarii,
399 629 471 653 eum
489 618 588 653 bostis
609 617 738 652 humani
755 618 891 664 generis,
904 631 969 654 car-

226 670 274 706 nis
318 680 348 707 et
379 670 488 707 mundi
515 671 680 716 victorem,
709 680 886 707 sanctorum
914 685 969 708 ca-

223 724 349 774 thalogo
374 737 445 761 cum
473 725 587 761 celebri
609 726 722 773 gaudio
743 726 890 762 duximus
912 727 968 761 ad-

223 779 437 815 scribendum.

272 833 293 882 g
315 836 371 868 17.
398 833 536 880 Ideoque
558 833 748 869 universitati
773 843 891 870 vestrae
915 847 969 882 per

222 888 393 937 apostolica
427 888 539 935 scripta
578 888 781 928 mandamus,
814 898 968 936 quatenus

224 943 313 978 tertia
333 954 433 978 nonas
447 941 553 989 aprilis
575 945 654 990 (quo
673 942 780 989 utique
796 942 847 977 die
869 943 968 989 ipsius

223 995 332 1032 beatus
360 996 491 1044 spiritus
512 995 551 1031 de
573 997 651 1031 vitae
678 997 852 1044 praesentis
873 997 968 1032 exilio

221 1050 364 1086 transivit
377 1050 415 1085 ad
434 1050 574 1097 patriam,
587 1058 617 1084 et
631 1050 738 1084 mundi
758 1050 851 1085 liuius
868 1063 969 1097 egres-

222 1116 276 1139 sus
300 1103 457 1143 tenebras.
476 1116 511 1138 ac
526 1103 654 1138 luminis
675 1104 823 1151 abyssum
847 1104 969 1150 ingres-

223 1170 292 1199 suS‚
329 1157 367 1193 ad
404 1157 653 1193 inaccessibilem
686 1157 788 1192 lucem
822 1159 967 1202 accessit,

223 1211 322 1259 ipsam
350 1211 425 1246 felix
459 1212 602 1247 babitans
629 1220 658 1246 et
684 1212 817 1247 habetur
839 1211 969 1247 feliciter

222 1265 262 1300 ab
287 1265 413 1310 eadem)
435 1266 598 1301 celebriter
625 1266 693 1300 eius
715 1265 790 1301 festa
810 1265 967 1306 celebria,

224 1319 393 1356 modulatis
415 1321 545 1356 vocibus
566 1330 595 1356 et
617 1320 775 1359 cordibus,
797 1321 887 1355 annis
908 1321 970 1355 sin·

223 1373 305 1419 gulis
331 1373 506 1414 celebretis,
528 1382 558 1409 et
579 1387 594 1409 a
617 1374 727 1409 vestris
749 1373 868 1408 faciatis
893 1374 969 1409 sub—

223 1427 297 1463 ditis
313 1426 476 1468 celebrari,
494 1436 526 1462 ut
540 1428 686 1462 eumdem
702 1427 872 1474 gloriosum
887 1427 970 1464 Con-

223 1480 373 1518 sessorem
390 1489 420 1516 et
435 1481 586 1528 inclytum
608 1490 792 1517 venerantes
811 1482 843 1516 in
864 1483 968 1524 terris,

222 1535 364 1571 sentiatis
390 1535 630 1570 intercessorem
660 1535 824 1570 assiduum
851 1545 880 1570 et
910 1536 968 1571 de-

223 1590 380 1625 fensorem
407 1597 593 1637 perpetuum
618 1590 647 1623 in
675 1589 819 1624 excelsis.

272 1643 292 1691 S
316 1646 370 1678 18.
397 1642 440 1678 Ut
465 1651 568 1678 autem
597 1643 634 1678 ad
663 1643 839 1679 venerabile
860 1644 969 1691 sepul-

29 1698 211 1758 bffixeffiggffi
224 1697 335 1733 chrum
358 1698 469 1745 ipsius,
495 1709 533 1732 eo
553 1697 731 1732 affluentius
761 1710 823 1744 quo
858 1698 969 1733 utilius

0 1747 214 1799 ‘'innuis-mium·-
225 1750 361 1786 confluat
387 1750 493 1797 populi
520 1750 700 1793 multitudo,
727 1758 755 1784 et
777 1750 897 1785 colatur
915 1762 969 1785 so-

13 1793 118 1831 '-‘⁹‘¹¹¹'¹‘'
224 1803 361 1838 lemnius
385 1803 526 1838 eiusdem
565 1802 762 1837 Confessoris
794 1804 969 1839 veneranda

224 1856 424 1901 solemnitas,
457 1857 606 1891 omnibus
632 1869 702 1891 vere
738 1857 969 1903 poenitentibus

223 1919 255 1945 et
278 1910 443 1951 confessis,
466 1910 520 1957 qui
543 1922 615 1945 cum
638 1910 803 1945 devotione
825 1910 862 1945 ad
890 1911 968 1946 illud

224 1965 256 1999 in
291 1964 342 1999 die
376 1964 584 1999 solemnitatis
631 1964 733 2012 ipsius
781 1965 970 2000 accesserint

224 2019 294 2054 eius
314 2018 510 2065 implorando
536 2017 701 2065 suffragia,
723 2019 858 2065 singulis
879 2020 970 2054 annis

223 2072 340 2120 quibus
357 2071 432 2108 illuc
454 2072 594 2107 venerint
614 2072 653 2108 de
672 2073 896 2120 omnipotentis
911 2073 967 2108 Dei

223 2125 439 2162 misericordia
461 2133 492 2160 et
524 2125 688 2160 beatorum
716 2126 799 2161 Petri
826 2134 856 2162 et
881 2127 969 2162 Pauli

224 2179 440 2227 apostolorum
475 2179 542 2214 eius
573 2181 757 2215 auctoritate
781 2181 910 2219 confisi,
934 2195 970 2216 u-

226 2246 301 2269 num
328 2246 445 2269 annum
476 2242 506 2268 et
537 2233 738 2280 quadraginta
759 2234 843 2275 dies;
878 2247 972 2269 acce-

226 2287 374 2323 dentibus
386 2295 490 2322 autem
506 2287 542 2322 ad
560 2288 753 2333 praedictum
767 2287 968 2334 sepulchrum

225 2341 303 2377 iul'ra
325 2342 466 2377 eiusdem
494 2341 561 2376 festi
589 2341 801 2388 quindenam,
832 2343 971 2389 quadra-

225 2395 312 2442 ginta
333 2395 402 2430 dies
419 2395 458 2430 de
477 2395 614 2430 iniuncta
630 2395 675 2429 eis
698 2396 887 2441 poenitentia
911 2397 971 2431 mi-

227 2449 428 2484 sericorditer
447 2449 635 2484 relaxamus.

274 2502 390 2538 Datum
413 2503 542 2538 Viterbii
571 2502 692 2537 decimo
719 2502 865 2538 kalendas
893 2516 969 2539 mar·

227 2555 275 2596 tii,
297 2556 496 2604 pontificatus
518 2559 615 2591 nostri
638 2568 719 2590 anno
743 2558 852 2604 primo.

259 2620 321 2654 Dat.
335 2622 382 2654 die
396 2622 434 2653 ΞΟ
449 2622 590 2654 februarii
609 2622 693 2660 1261,
709 2622 808 2662 pontis.
825 2632 899 2653 anno
915 2632 933 2652 i.

42 887 193 909 Anatvemria

30 920 76 941 eius
83 918 182 940 celebrari
186 917 212 939 dn

11 967 14 970 .
29 949 140 971 tentivttu.

1056 417 1131 449 ritas
1163 417 1244 450 circa
1257 429 1427 461 processum
1439 425 1464 451 et
1480 430 1608 453 examen
1622 420 1751 463 testium,

1056 466 1335 511 observantiamque
1354 468 1452 511 Ieyum
1469 469 1622 502 editarum
1645 477 1752 504 contra

1056 516 1233 554 haereticos,
1271 523 1297 549 et
1328 518 1516 560 punitionem
1553 519 1752 553 Praedicato-

1055 576 1125 599 rum
1145 572 1171 598 et
1193 565 1327 599 aliorum
1341 567 1414 611 ipsis
1435 568 1665 611 inquisitoribus
1682 569 1752 602 ino-

1057 615 1236 648 bedientium
1263 618 1324 658 (A).

1277 698 1490 729 SUMMARlUM

1008 764 1081 794 Cura
1111 765 1270 795 servandae
1288 764 1386 796 Italiae
1399 766 1433 797 ah
1447 767 1576 797 haeresis
1591 768 1664 798 labe.
1677 769 1752 798 -1,

1049 809 1120 839 Loca
1138 809 1365 848 inquisitoribus
1381 812 1539 850 assignata.
1554 829 1593 835 -—
1607 812 1633 842 2.
1649 811 1752 843 Contra

1048 854 1211 893 culpabiles
1227 855 1443 894 procedendum
1459 856 1588 886 omnino:
1600 873 1638 879 —
1650 857 1677 888 3.
1691 856 1753 887 Non

1049 898 1233 928 obstantibus
1268 899 1448 937 specialibus
1480 901 1755 939 commissionibus,

1049 944 1290 973 dioecesanorum
1324 945 1494 984 processib„
1512 950 1561 975 etc.
1579 963 1616 968 —
1633 947 1661 976 4.
1680 946 1756 977 Red-

1049 992 1152 1017 euntes
1194 988 1366 1027 recipiendi.
1395 1005 1435 1011 —
1466 990 1492 1019 5.
1519 989 1582 1020 Non
1614 991 1755 1030 puniendi

1049 1042 1116 1062 vero
1134 1033 1283 1069 baeretici,
1305 1033 1486 1063 dioecesanis
1515 1035 1698 1066 inconsultis.
1718 1054 1756 1059 -

1049 1076 1075 1105 6.
1097 1075 1199 1106 Testes
1222 1086 1318 1107 coram
1342 1077 1457 1107 duabus
1479 1079 1613 1117 personis
1643 1082 1754 1111 exami-

1050 1121 1148 1151 nandi.
1183 1138 1221 1143 -—-
1255 1122 1280 1151 7.
1312 1121 1514 1161 Depositiones
1546 1133 1597 1162 per
1627 1126 1755 1156 notarios

1049 1165 1290 1195 conscribendae:
1308 1183 1346 1188 -—
1367 1167 1394 1196 8.
1416 1166 1471 1202 Qui
1494 1168 1580 1197 etiam
1604 1169 1755 1207 regulares

1049 1214 1076 1238 et
1094 1209 1194 1239 clerici
1217 1219 1283 1239 esse
1301 1213 1423 1249 possint.
1445 1228 1483 1233 —
1504 1213 1531 1241 9.
1549 1211 1679 1243 Testium
1702 1223 1756 1243 no-

1049 1253 1126 1283 mina
1145 1263 1203 1283 non
1223 1253 1409 1293 publicanda.
1425 1272 1462 1277 —
1479 1257 1523 1286 to.
1543 1257 1584 1287 Ad
1600 1258 1757 1289 consulen-

1049 1299 1118 1328 dum
1142 1298 1305 1337 quemlibet
1326 1308 1430 1338 cogere
1456 1301 1569 1339 possint
1594 1302 1755 1341 inquisito—

1050 1348 1137 1372 tores.
1154 1359 1193 1364 —
1211 1344 1256 1372 tt.
1275 1343 1306 1372 ln
1321 1345 1442 1382 negocio
1460 1345 1658 1383 inquisitionis
1675 1355 1757 1376 sum-

1049 1387 1141 1416 marie
1170 1388 1397 1426 procedendum.
1422 1389 1524 1418 -12
1548 1389 1639 1427 Leges
1657 1395 1756 1421 contra

1050 1432 1213 1461 haereticos
1236 1432 1309 1462 latae
1328 1434 1497 1463 servandae.
1525 1451 1563 1456 —
1594 1434 1640 1465 13.
1659 1434 1758 1466 Indul-

1049 1476 1162 1514 gentiae
1188 1477 1309 1515 negocio
1332 1477 1533 1516 inquisitionis
1556 1479 1755 1510 incumbenti-

1049 1521 1104 1551 bus
1122 1523 1300 1561 propositae.
1318 1539 1358 1544 —
1376 1523 1420 1552 14.
1440 1522 1649 1558 Quaestuarios
1671 1524 1758 1555 Prae-

1049 1565 1195 1595 dicatores
1224 1567 1358 1596 censuris
1378 1568 1553 1605 percellendi
1580 1568 1644 1599 data
1664 1568 1757 1600 sacul-

1050 1614 1103 1645 tas,
1118 1626 1157 1631 —
1175 1610 1220 1639 15.
1239 1609 1273 1639 Et
1291 1611 1466 1650 procedendi
1487 1617 1584 1642 contra
1602 1613 1755 1651 negocium

1051 1654 1220 1684 huiusmodi
1236 1655 1439 1694 impedientes.
1455 1656 1554 1685 -16,
1572 1655 1754 1686 Obstantium

987 1731 992 1749 ¹
1051 1699 1208 1737 derogatio.

1010 1774 1130 1803 Urbanus
1145 1774 1286 1810 episcopus
1304 1781 1398 1803 servus
1417 1782 1554 1804 servorum
1576 1775 1630 1809 Dei.
1647 1776 1757 1806 dilectis

1054 1823 1119 1852 filiis
1137 1823 1273 1853 fratribus
1291 1824 1394 1852 ordinis
1419 1823 1646 1858 Praedicatorum,
1666 1825 1757 1862 inqui-

1055 1873 1187 1902 sitoribus
1203 1873 1360 1903 haereticae
1378 1874 1530 1909 pravitatis
1548 1874 1576 1902 in
1599 1874 1757 1904 Lombardia

1055 1923 1084 1951 et
1117 1922 1235 1951 marchia
1257 1923 1380 1951 lennensi
1408 1923 1550 1959 deputatis
1587 1924 1757 1954 auctoritate

1055 1972 1215 2008 apostolica,
1236 1974 1266 2002 et
1283 1973 1311 2002 iu
1328 1974 1468 2009 posterum
1485 1974 1655 2009 deputandis.
1683 1973 1757 2002 salu-

1054 2024 1111 2051 tem
1129 2023 1158 2051 et
1185 2022 1362 2058 apostolicam
1380 2022 1598 2051 benedictionem.

1059 2093 1147 2128 Licet
1162 2106 1199 2128 ex
1214 2093 1362 2128 omnibus
1375 2094 1484 2129 mundi
1507 2095 1660 2142 partibus,
1675 2106 1754 2142 quae
1781 2102 1834 2124 cm
1861 2108 1952 2138 ‘fmu-

1011 2147 1177 2182 christiana
1203 2147 1353 2193 religione
1381 2156 1566 2189 censentur,
1594 2157 1755 2184 teneamur
1767 2132 1949 2187 ffioeissasuffieu

1011 2214 1049 2235 ex
1070 2201 1163 2235 officii
1190 2202 1286 2235 nostri
1319 2201 1423 2236 debito
1449 2202 1602 2249 extirpare
1631 2202 1755 2237 lethife-

1012 2268 1075 2290 ram
1099 2263 1219 2302 pestem
1233 2256 1404 2290 baereticae
1420 2256 1592 2303 pravitatis:
1616 2256 1645 2290 in
1668 2255 1754 2291 ltalia

1012 2317 1114 2343 tamen
1155 2309 1295 2343 imminet
1338 2309 1429 2344 nobis
1464 2309 1539 2344 haec
1579 2309 1754 2345 sollicitudo

1049 2390 1086 2424 (t)
1104 2388 1183 2423 Leges
1198 2388 1231 2414 ab
1249 2389 1407 2423 imperatore
1426 2388 1557 2415 Friderico
1582 2388 1646 2415 latas
1663 2391 1755 2416 contra

1015 2427 1160 2455 haereticos
1178 2428 1343 2455 confirmavit
1369 2428 1535 2455 Innocentius
1560 2428 1609 2454 ΡΡ.
1633 2429 1666 2460 11,
1686 2429 1756 2456 Con-

1014 2469 1069 2495 stit.
1091 2476 1109 2494 ιι
1129 2468 1178 2494 hoc
1198 2472 1277 2500 tomo,
1304 2476 1371 2502 pag..
1387 2468 1447 2494 503.
1475 2467 1555 2503 Leges
1579 2471 1668 2495 autem
1691 2468 1756 2495 alias

1013 2511 1102 2534 contra
1119 2508 1225 2535 eosdem
1241 2509 1327 2534 sanxit
1343 2507 1411 2534 idem
1424 2507 1600 2539 innocentius,
1611 2508 1753 2535 constitut.

1014 2555 1093 2580 xxiv,
1111 2556 1171 2582 pag.
1188 2548 1249 2578 547,
1266 2547 1376 2574 Constit.
1394 2555 1441 2578 xc,
1458 2555 1517 2582 pag.
1528 2547 1590 2580 588,
1601 2555 1698 2584 easque
1707 2548 1753 2575 de-

1013 2588 1122 2615 claravit
1137 2588 1285 2614 Alexander
1310 2587 1354 2619 lv,
1382 2588 1493 2614 constit.
1521 2595 1579 2620 xiv,
1606 2596 1664 2624 pag.
1691 2589 1755 2621 61¹,

1014 2628 1126 2656 Constit.
1145 2635 1218 2659 xcvi,
1234 2635 1293 2663 pag.
1311 2627 1362 2656 663
1377 2632 1403 2655 et
1417 2636 1474 2660 seq,
