2129 3223
143 265 192 291 An.
210 265 238 291 C.
255 266 320 292 ¹263

138 775 151 786 't
170 776 265 792 ienutris
277 778 313 791 tn:-

129 805 203 827 przere
227 801 251 822 ab
275 807 311 823 or—

128 834 176 851 dine
196 832 311 853 vtis-*eden—

390 256 459 289 740

932 267 1030 290 ΒΗΜΛ
1037 267 1118 290 utut!
1145 267 1306 290 ROMANUM

333 321 475 356 eiusdem
495 320 626 361 ordinis,
648 320 678 354 id
702 320 806 366 ipsum
829 320 859 356 in
884 333 939 356 sua
961 321 1084 368 provin·
1127 321 1280 356 sessiones
1312 320 1421 357 audire
1445 333 1501 357 seu
1523 321 1636 356 docere
1659 329 1875 368 praesumant,

332 371 378 405 cia
401 370 482 404 circa
506 369 616 405 fratres
635 370 733 417 ipsius
752 370 884 412 ordinis,
907 371 1022 418 quibus
1043 371 1082 406 ab
1126 370 1183 405 nisi
1207 370 1244 405 ad
1268 370 1363 407 alium
1386 370 1542 414 ordinem,
1570 372 1602 406 in
1624 382 1687 418 quo
1715 369 1797 405 licite
1820 370 1877 405 liu-

331 418 439 453 eadtm
462 418 546 454 Sede
568 419 680 454 similia
698 419 862 466 contigerit
885 421 915 455 in
933 421 981 455 illa
1000 433 1082 455 com-

330 468 422 508 mitti,
447 468 546 504 facere
569 469 677 515 possit.
705 468 773 504 Non
797 469 995 504 obstantibus
1021 470 1081 504 ali-

329 517 445 564 quibus
463 518 576 553 litteris
597 518 646 553 vel
675 518 880 566 indulgentiis
901 518 1081 565 apostolicis

328 567 521 614 impetratis,
548 567 594 602 vel
618 568 712 603 etiam
741 568 771 602 in
794 576 955 616 posterum
979 568 1081 615 impe-

329 617 456 657 trandis,
486 629 565 665 quae
593 616 631 652 de
655 617 714 652 hoc
737 629 798 652 non
830 618 961 653 fecerint
989 629 1080 653 men-

328 674 458 700 tionem.

375 715 395 762 S
419 719 474 749 17.
499 714 682 750 Inhibemus
708 727 834 763 quoque
857 728 895 750 ne
918 716 989 763 quis
1009 723 1080 763 post

328 765 556 810 professionem
594 765 624 799 in
663 765 773 799 ordine
806 773 908 800 vestro
945 765 1078 809 factam,

326 814 396 848 sine
410 813 566 859 generalis
593 813 637 848 vel
666 814 714 848 sui
732 814 932 860 provincialis
955 814 1078 850 licentia

325 862 470 897 discedat
501 862 540 897 ab
560 863 645 908 ipso,
668 863 882 898 discedentem
910 876 984 898 vero
1010 863 1079 898 abs-

324 924 385 959 que
407 912 553 947 cautione
576 912 746 946 litterarum
770 912 899 947 alterius
922 913 1076 960 ipsorum,

326 969 487 1007 praetextu
515 960 649 995 alicuius
687 960 839 1007 privilegii
875 962 1076 1009 Apostolicae

323 1009 436 1054 Sedis,
472 1009 577 1045 nultus
610 1010 723 1045 audeat
752 1011 896 1045 retinere.
927 1010 1020 1053 Quod
1048 1013 1073 1046 si

324 1059 402 1094 forte
425 1059 559 1094 retinere
581 1060 838 1106 praesumpserit,
861 1060 966 1100 vobis,
985 1072 1075 1107 gene-

324 1108 396 1143 ralis
431 1116 461 1144 et
497 1108 702 1154 provinciales
735 1109 888 1153 ministri,
916 1109 1076 1145 dumtaxat

323 1158 443 1193 licitum
485 1159 523 1193 sit
558 1158 589 1192 in
629 1159 715 1206 ipsos
737 1157 938 1195 discedentes
965 1159 1075 1194 fratres

322 1207 509 1243 sententiam
549 1207 887 1243 excommunicationis
933 1208 1075 1256 promul-

321 1268 405 1302 gare.

370 1305 390 1353 S
416 1307 469 1340 18.
492 1305 613 1342 sivero
627 1305 722 1352 aliqui
747 1306 785 1340 de
809 1306 955 1342 fratribus
977 1308 1071 1342 vestri

137 1359 293 1411 *Laetnadqjtlffip
322 1355 460 1395 ordinis,
493 1362 562 1402 post
588 1354 748 1389 obtentam
772 1355 930 1390 licentiam
953 1368 969 1391 a
991 1356 1074 1392 Sede

142 1424 286 1442 ,mmmm
322 1403 499 1449 praedicta,
536 1411 590 1438 aut
622 1415 638 1437 a
673 1404 781 1441 vobis.
815 1405 851 1439 ad
887 1405 1071 1451 religionem

321 1452 412 1487 aliam
430 1452 623 1496 transeundi,
644 1452 723 1487 infra
746 1453 826 1488 duos
842 1454 887 1488 vel
911 1462 974 1489 tres
990 1468 1073 1490 men·

321 1513 371 1536 ses
397 1513 431 1535 se
469 1501 506 1536 ad
542 1501 627 1536 illam
665 1502 846 1548 religionem
879 1515 953 1537 suae
980 1504 1071 1539 saluti

321 1562 493 1597 congruam
522 1563 584 1584 non
614 1552 819 1594 contulerint,
842 1560 872 1586 et
895 1552 995 1599 ipsius
1010 1566 1071 1589 non

321 1599 519 1646 susceperint
547 1600 687 1634 habitum
720 1600 917 1647 regularem,
949 1601 1070 1637 licitum

321 1649 361 1683 sit
374 1649 473 1688 vobis,
484 1649 639 1695 generalis
656 1656 686 1683 et
702 1650 908 1694 provinciales
923 1651 1071 1696 ministri,

321 1709 357 1733 ac
378 1698 462 1732 vices
488 1706 604 1733 vestras
621 1698 821 1745 gerentibus,
843 1708 949 1734 contra
976 1701 1072 1747 ipsos,

322 1754 479 1794 tamquam
504 1755 612 1782 contra
639 1748 716 1783 alios
743 1747 863 1783 ordinis
885 1749 978 1783 vestri
1000 1762 1071 1798 apo-

321 1804 417 1831 statas
440 1796 626 1843 procedere,
660 1797 836 1832 secundum
864 1798 948 1846 quod
972 1798 1072 1834 lione-

321 1846 392 1880 stati
426 1846 525 1890 ipsius
571 1846 692 1881 ordinis
730 1846 870 1881 videritis
910 1848 1071 1894 expedire.

321 1894 400 1930 lllud
428 1895 512 1930 idem
535 1895 667 1942 intelligi
689 1895 836 1931 volumus
856 1896 895 1931 de
918 1897 994 1941 illis,
1017 1898 1071 1944 qui

320 1953 392 1993 post
423 1945 658 1989 susceptionem
686 1945 814 1980 habitus
847 1946 976 1981 alterius
999 1948 1072 1981 reli-

320 1993 442 2041 gionis,
483 1993 561 2028 iufra
585 2002 711 2042 tempus
747 1994 952 2041 probationis,
987 1996 1070 2031 nulla

321 2042 518 2090 professione
553 2043 652 2088 facta,
693 2044 765 2078 inde
802 2046 1072 2092 praesumpserint

321 2094 454 2128 resilire.

1124 420 1258 455 iusmodi
1281 428 1467 456 exercentur
1487 420 1599 464 officia,
1622 419 1814 461 transierint,
1836 420 1875 456 de

1125 478 1224 504 vestra
1253 469 1300 505 vel
1334 469 1491 505 dictorum
1511 469 1728 505 ministrorum
1750 468 1872 505 licentia

1123 518 1263 565 speciali.
1291 519 1384 561 Quod
1403 519 1428 554 si
1451 519 1530 555 sorte
1552 520 1609 567 ipsi
1632 527 1739 554 contra
1761 518 1875 554 huius-

1123 568 1208 602 modi
1233 568 1452 603 inhibitionem
1481 576 1618 604 nostram
1640 567 1755 615 aliquid
1779 580 1874 615 super

1123 617 1303 664 praemissis
1334 625 1452 654 temere
1475 625 1628 653 attentare
1649 629 1873 665 praesumpse-

1122 667 1196 711 rint,
1224 667 1360 702 ministri
1399 679 1436 702 ac
1463 666 1610 702 custodes
1636 674 1798 701 eteorum
1826 668 1873 702 vi-

1120 716 1194 750 carii
1223 716 1253 751 in
1286 716 1373 760 illos,
1410 728 1490 764 quos
1524 716 1602 751 inl'ra
1629 716 1709 751 fines
1743 728 1870 752 suarum

1122 765 1352 811 provinciarum
1378 773 1409 800 et
1435 765 1666 808 custodiarum,
1689 765 1773 800 iuxta
1799 778 1872 801 con-

1120 814 1323 850 suetudinem
1346 814 1465 850 ordinis
1487 815 1578 850 vestri
1602 814 1762 850 districtos
1790 815 1872 850 inve-

1120 864 1224 899 nerint
1251 863 1321 899 talia
1335 872 1585 911 praesumentes,
1598 863 1773 899 monitione
1786 876 1870 912 prae-

1120 913 1226 954 missa,
1264 913 1447 948 auctoritate
1469 921 1572 949 nostra
1613 914 1870 949 excommunica-

1119 962 1214 996 tionis
1256 962 1443 997 sententiam
1492 962 1613 997 valeant
1657 962 1867 1010 promulgare.

1118 1011 1244 1046 Electos
1256 1019 1360 1046 autem
1377 1011 1416 1046 de
1432 1011 1543 1046 ordine
1561 1019 1676 1054 vestro,
1700 1011 1749 1046 vel
1767 1023 1870 1058 egres-

1118 1073 1187 1101 sos,
1209 1061 1262 1108 qui
1288 1061 1467 1107 receptione
1486 1061 1517 1095 in
1539 1060 1650 1096 eodem
1672 1061 1784 1096 ordine
1802 1062 1870 1096 suis

1117 1110 1219 1157 culpis
1251 1109 1453 1157 exigentibus
1486 1109 1683 1145 reddiderint
1716 1122 1749 1145 se
1778 1110 1869 1145 indi-

1117 1171 1216 1205 gnos,
1250 1167 1281 1194 et
1306 1160 1384 1194 alios
1423 1159 1533 1194 iratres
1572 1159 1713 1194 eiusdem
1749 1159 1870 1194 ordinis

1116 1221 1154 1243 ex
1176 1208 1350 1244 rationabili
1379 1220 1473 1243 causa
1502 1208 1540 1243 ad
1568 1220 1787 1256 quoscumque
1809 1221 1868 1244 or-

1116 1257 1207 1292 dines
1239 1257 1439 1305 approbatos,
1477 1265 1693 1305 praeterquam
1720 1259 1757 1293 ad
1786 1258 1867 1293 beati

1116 1307 1305 1352 Augustini,
1338 1307 1612 1354 Templariorum,
1638 1306 1868 1354 Hospitalario-

1117 1368 1185 1391 rum
1202 1364 1233 1392 et
1253 1356 1384 1391 aliorum
1401 1356 1619 1403 religiosorum
1639 1368 1724 1391 arma
1739 1365 1864 1402 portan-

1116 1406 1206 1449 tium,
1233 1405 1269 1440 ad
1299 1405 1453 1440 vitandam
1481 1406 1677 1440 occasionem
1701 1405 1867 1452 evagandi,

1114 1455 1272 1501 generalis
1289 1462 1320 1489 et
1339 1454 1549 1502 provinciales
1567 1454 1700 1490 ministri
1715 1467 1788 1489 cum
1801 1455 1867 1490 suis

1116 1504 1378 1538 testimonialibus
1408 1504 1520 1539 litteris
1552 1504 1736 1539 auctoritate
1761 1512 1866 1540 nostra

1115 1552 1292 1587 licentiandi
1327 1552 1456 1587 liberam
1495 1552 1628 1588 liabeant
1671 1552 1863 1589 facultatem.

1114 1601 1179 1636 Nos
1201 1602 1284 1636 enim
1304 1601 1479 1636 districtius
1501 1601 1699 1645 inhibemus,
1727 1613 1766 1636 ne
1789 1602 1866 1637 tales

1113 1650 1152 1685 ad
1175 1650 1270 1686 alium
1302 1650 1446 1687 ordinem
1468 1650 1558 1686 aliter
1583 1652 1715 1687 transire
1736 1651 1784 1686 vel
1807 1651 1866 1686 ali-

1114 1699 1167 1747 qui
1194 1711 1249 1735 eos
1267 1700 1406 1747 recipere
1433 1712 1489 1735 seu
1507 1700 1644 1735 retinere
1664 1709 1865 1747 praesumant

1114 1749 1233 1796 absque
1247 1749 1370 1784 licentia
1391 1748 1519 1796 speciali
1541 1749 1635 1784 Sedis
1665 1749 1864 1795 Apostolicae

1115 1797 1248 1832 faciente
1271 1798 1308 1832 de
1331 1797 1390 1832 boc
1413 1797 1583 1845 plenariam
1611 1798 1814 1834 mentionem.

1162 1847 1182 1893 g
1203 1851 1261 1881 ΞΟ.
1284 1846 1469 1882 Inhibemus
1500 1847 1610 1886 etiam',
1646 1855 1680 1882 ut
1701 1847 1778 1882 nulli
1800 1848 1864 1883 sive

1115 1897 1153 1930 sit
1178 1897 1207 1930 in
1240 1895 1400 1942 religionis
1421 1896 1543 1937 ordine,
1576 1897 1642 1932 sive
1664 1905 1750 1933 extra
1777 1897 1863 1932 ordi-

1116 1958 1186 1980 nem
1222 1946 1430 1987 constitutus,
1457 1945 1600 1981 habitum
1633 1955 1785 1988 vestrum,
1812 1954 1864 1982 aut

1115 1995 1152 2029 ita
1176 1995 1392 2038 consimilem,
1415 1995 1498 2042 quod
1524 2003 1651 2043 propter
1677 2007 1748 2030 eum
1771 1995 1865 2031 frater

1113 2044 1216 2078 Minor
1242 2044 1326 2079 credi
1352 2045 1461 2091 possit,
1488 2044 1612 2080 deferre
1634 2045 1724 2080 liceat
1745 2045 1864 2093 absque

1115 2093 1262 2128 mandato
1296 2093 1389 2129 Sedis
1420 2093 1621 2141 Apostolicae
1655 2093 1796 2141 speciali.
1826 2094 1865 2129 Et

1114 2150 1148 2177 ut
1173 2142 1257 2178 dicta
1285 2142 1429 2177 inliibitio
1465 2143 1614 2178 maiorem
1650 2150 1864 2189 consequatur

1895 266 1945 290 An.
1962 263 1990 290 C.
2006 263 2072 290 ¹263

1891 1859 1971 1882 Nemini
1982 1861 2061 1882 licitum

1877 1891 1904 1912 sit
1912 1891 2015 1915 eumdem,
2027 1891 2060 1912 vel

1877 1922 1966 1943 similem
2000 1922 2062 1943 liabi-

1878 1956 1919 1974 tum
1935 1956 2027 1978 portare.

369 2141 390 2189 ἓ
418 2143 473 2176 19.
502 2142 669 2189 Apostatas
691 2154 818 2189 quoque
841 2143 932 2178 vestri
952 2143 1072 2179 ordinis

125 2191 307 2248 Ὠζξςξὲζξθζξζῖἐ
322 2193 609 2232 excommunicare,
643 2204 767 2239 capere,
793 2192 898 2237 ligare,
933 2192 1072 2228 incarce-

126 2253 159 2279 qui
194 2237 308 2288 „uc’enuau
325 2252 390 2274 rare
417 2248 447 2274 et
482 2240 558 2276 alias
589 2241 724 2276 subdere
751 2240 937 2288 disciplinae
975 2243 1070 2289 rigori

126 2283 310 2339 {Lfflggssss’sssflg'r'ffl
325 2289 449 2336 possitis
480 2302 536 2336 per
562 2301 616 2325 vos
653 2302 689 2325 ac
715 2290 809 2326 etiam
838 2291 915 2326 alios
938 2292 968 2326 in
991 2304 1072 2338 quo-

127 2344 307 2394 dilrelrrossteri
323 2350 459 2386 cumque
482 2339 591 2374 habitu
613 2339 779 2386 contigerit
811 2341 961 2384 inveniri,
989 2341 1073 2375 invo-

126 2378 230 2395 mw'n'
322 2396 390 2422 cato
404 2388 440 2422 ad
459 2387 529 2428 hoc,
554 2388 578 2423 si
594 2400 674 2436 opus
692 2389 795 2429 fuerit,
818 2390 934 2424 auxilio
953 2390 1069 2425 brachii

323 2437 507 2473 saecularis.
541 2437 725 2473 lnlnbemus
752 2439 842 2473 etiam
876 2451 914 2474 ne
943 2438 1070 2480 fratres,

1113 2191 1282 2236 effectum,
1309 2192 1492 2236 statuimus,
1528 2200 1560 2227 ut
1586 2192 1617 2226 hi
1645 2193 1699 2239 qui
1722 2192 1863 2227 habitum

1114 2250 1270 2285 vestrum,
1303 2241 1349 2276 vel
1371 2241 1431 2276 sibi
1459 2241 1620 2289 praedicto
1643 2241 1736 2276 modo
1757 2242 1864 2276 consi·

1113 2291 1218 2325 milem
1241 2290 1364 2326 deferre
1392 2290 1672 2339 praesumpserint,
1698 2290 1738 2325 ad
1763 2290 1864 2337 depo-

1113 2339 1253 2375 nendum
1275 2340 1379 2387 ipsum
1408 2340 1681 2387 perdioecesanos
1708 2339 1861 2381 locorum,

1112 2401 1209 2437 quum
1233 2401 1250 2424 a
1269 2389 1357 2424 vobis
1372 2389 1514 2437 requisiti
1534 2389 1660 2429 suerint,
1687 2388 1862 2424 monitione

1113 2438 1296 2486 praemissa,
1319 2451 1375 2486 per
1396 2450 1563 2474 censuram
1597 2437 1860 2479 ecclesiasticam,

1112 2488 1319 2534 appellatione
1344 2487 1526 2535 postposita,
1548 2485 1784 2533 compellantur.

1161 2537 1180 2584 S
1207 2541 1227 2571 2
1239 2541 1264 2571 Ι.
1287 2536 1454 2572 Caeterum
1471 2548 1566 2583 quum
1582 2535 1743 2570 humilitas
1758 2543 1859 2571 vestra

1111 2585 1170 2620 sibi
1193 2586 1232 2621 de
1253 2586 1416 2621 latitudine
1438 2585 1522 2621 orbis
1544 2592 1642 2619 terrae
1661 2584 1750 2629 nihil,
1773 2596 1860 2633 prae-

1111 2643 1157 2669 ter
1179 2634 1290 2670 domos
1311 2643 1340 2670 et
1363 2635 1469 2670 hortos
1495 2645 1566 2670 cum
1590 2633 1743 2681 virgultis,
1766 2646 1859 2682 prae-

323 2497 402 2532 quos
424 2487 462 2522 ab
482 2486 592 2522 ordine
608 2496 709 2522 vestro
727 2500 782 2535 pro
805 2488 870 2523 suis
892 2487 995 2535 culpis
1017 2501 1071 2536 per

323 2537 499 2580 generalem
521 2548 576 2571 seu
608 2537 813 2584 provinciales
832 2537 991 2572 ministros
1016 2546 1070 2573 aut

324 2585 471 2620 custodes
485 2586 596 2632 expelli
619 2587 798 2633 contigerit,
821 2586 867 2622 vel
882 2587 935 2634 qui
951 2588 1068 2634 egressi

325 2631 451 2677 suerint,
466 2636 593 2681 proprio
612 2647 670 2670 suo
684 2643 770 2671 motu
786 2636 977 2683 praedicare,
997 2648 1070 2672 con-

1882 2537 1989 2564 Eiemptiu
2000 2543 2011 2557 ε
2019 2537 2059 2558 de·

1873 2569 1940 2590 timis.
