2129 3223
28 261 80 290 An.
94 260 122 288 C.
145 263 212 291 1198

57 1657 188 1681 homnium.

837 261 1003 284 tNNOCENTt
1010 261 1044 282 t'S
1068 262 1101 283 tlt
1128 261 1174 283 ΡΙ).

226 319 316 356 Sedit
330 319 360 355 in
375 318 554 366 pontificatu
570 330 668 352 annos
682 329 778 359 xviii,
793 329 917 352 meuses
929 328 970 360 vi,

226 368 293 405 dies
306 379 339 404 tx
355 371 410 412 (1),
429 367 623 414 temporibus
644 365 744 401 Alexii
762 365 886 412 Angeli‚
904 364 972 400 Bal-

225 417 314 452 duini
335 424 366 452 et
386 416 514 452 Henrici
537 415 694 459 Orientis,
715 415 851 450 Othonis
866 415 896 450 in
912 414 972 449 Oc-

224 466 348 502 cidente
370 465 605 513 imperatorum.
631 464 718 500 Obiit
739 464 893 512 siquidem
916 463 973 499 Pe-

225 515 302 551 rusii
323 515 374 550 die
397 517 442 550 46
464 515 532 550 iulii
560 515 633 550 anni
658 515 763 555 1216,
791 513 895 561 ibique
927 525 973 549 se·

223 564 330 612 pultus
363 573 413 600 est
447 564 477 600 iu
504 564 634 600 ecclesia
662 562 831 599 cathedrali
862 563 970 599 Sancti

223 613 394 651 Laurentii.
422 613 550 650 Vacavit
572 613 662 649 sedes
689 625 744 661 per
770 613 852 648 diem
875 615 930 658 (2).

586 784 610 819 1.

223 861 271 895 De
293 861 431 906 leyt'tima
456 862 506 895 sui
529 861 679 900 electione,
701 873 779 906 quae
800 870 831 895 ut
852 863 968 906 fausta,

271 911 511 956 reipublic-aeque
539 911 684 945 salutaris
710 913 838 952 existat,
873 923 973 945 omues

272 959 372 994 Deum
392 970 482 994 orare
502 960 584 994 iubet
605 961 659 1004 (5).

488 1039 706 1072 SUMMARIUM

224 1106 413 1138 Prooemium.
434 1124 474 1131 —
499 1108 579 1144 Quae
601 1107 713 1138 obitum
736 1107 893 1138 Coelestini
920 1107 973 1137 PP.

264 1158 386 1192 sequuta
420 1157 489 1183 sunt
522 1161 617 1191 usque
652 1153 687 1183 ad
721 1153 786 1183 novi
824 1152 973 1182 pontificis

262 1197 448 1228 electionem.
485 1214 524 1220 —
562 1196 639 1228 Haec
679 1197 776 1227 favore
813 1197 974 1227 Innocentii

263 1240 338 1272 facta
360 1247 414 1279 est,
436 1242 486 1281 qui
512 1241 580 1271 licet
618 1241 790 1278 dignitatem
819 1242 973 1280 amplissi-

265 1294 342 1316 mam
381 1291 548 1325 recusaret3
573 1303 611 1309 -
639 1286 748 1316 Tamen
783 1288 974 1325 acquiescens

263 1329 406 1363 voluntati
424 1330 557 1366 fratrum,
580 1335 610 1361 et
628 1330 722 1361 fultus
745 1329 795 1360 Dei
818 1330 974 1367 adiutorio,

264 1378 403 1414 papatum
419 1375 534 1414 accipit.
553 1391 591 1397 —-
606 1373 744 1405 Hortatur
756 1381 787 1406 ut
804 1384 905 1405 omnes
923 1384 975 1414 pro

265 1427 300 1452 eo
329 1419 357 1449 in
381 1419 529 1451 Ecclesiae
553 1420 729 1452 universalis
761 1421 974 1460 gubernatione

266 1468 349 1493 orent
365 1462 532 1496 Dominum.

247 1533 421 1564 tnnooonuus
443 1535 585 1572 opiscopus
604 1542 700 1565 servu!
731 1542 872 1565 servorum
897 1535 953 1565 Dei.

275 1599 445 1638 Ineffabilis
465 1602 614 1651 sapientia
638 1601 818 1638 Conditoris
840 1603 884 1639 sic
913 1616 976 1638 om-

228 1655 296 1697 nia,
325 1667 405 1703 quae
432 1656 494 1691 alto
517 1657 649 1692 consilio
671 1657 765 1692 simul
788 1657 826 1693 ab
849 1667 976 1693 aeterno

227 1710 394 1758 praevidit,
416 1723 471 1758 per
491 1711 663 1747 labentium
686 1719 865 1759 temporum
894 1714 977 1747 vices

229 1764 364 1800 mirabili
398 1765 532 1812 quadam
567 1765 775 1813 dispositione
802 1766 976 1814 dispensat,

230 1825 265 1854 ut
288 1829 348 1854 nec
368 1830 456 1854 error
479 1819 509 1853 in
537 1819 658 1860 ordine,
685 1832 744 1855 nec
772 1821 803 1856 in
826 1833 921 1868 opere
945 1822 977 1856 fit

230 1871 389 1909 defectus:
417 1885 490 1908 cum
518 1872 621 1908 divina
647 1873 809 1921 Scriptura
845 1884 977 1911 testante

230 1933 342 1962 cuncta
370 1925 478 1961 fecerit
511 1926 542 1961 in
577 1939 727 1971 numero,
764 1928 914 1975 pondere,
949 1939 978 1964 et

231 1991 388 2015 mensura.
414 1978 505 2015 Licet
530 1992 604 2027 ergo
632 1981 708 2015 nihil
738 1982 769 2016 in
802 1991 881 2018 terra
912 1984 977 2019 sine

231 2042 315 2070 certa
341 2045 445 2075 causa,
472 2035 659 2082 propriaque
682 2036 800 2071 ratione
821 2036 977 2085 disponat,

232 2086 452 2135 imperfectum
475 2095 579 2123 tamen
608 2088 797 2125 conditionis
825 2090 977 2126 humanae

234 2152 297 2177 non
319 2141 421 2177 solum
443 2141 473 2176 in
495 2142 600 2177 causis
621 2154 751 2190 operum
774 2145 878 2180 deficit
907 2158 978 2192 per-

234 2195 432 2240 scrutandis,
461 2207 567 2231 verum
589 2197 680 2232 etiam
708 2198 739 2233 in
769 2200 844 2246 ipsis
866 2212 978 2235 causa-

236 2261 304 2284 rum
331 2249 482 2298 operibus
504 2250 553 2284 vix
574 2250 687 2285 sufficit
707 2252 863 2288 admirari.
887 2253 976 2295 Quod

237 2303 344 2352 utique
361 2304 564 2341 considerans
585 2304 754 2351 Apostolus
775 2307 977 2343 exclamabat:

235 2355 265 2395 Ο
285 2357 418 2396 altitudo
433 2358 607 2393 divitiarum
640 2359 809 2405 sapientiae
831 2369 859 2395 et
880 2363 979 2397 seien—

236 2411 294 2448 tiae
317 2411 389 2454 Dei,
415 2424 508 2460 quam
543 2412 870 2459 incomprehensibilia
905 2426 975 2450 sunt

271 2482 310 2518 (1)
325 2482 346 2510 Α
358 2482 401 2512 die
410 2482 554 2516 electionis,
569 2490 619 2510 non
631 2484 834 2511 consecrationis
844 2484 978 2512 deducen-

235 2521 294 2550 dos.
332 2523 371 2559 (2)
390 2523 510 2551 Exclusis
530 2524 665 2551 extremis.
693 2523 823 2551 Honorius
847 2526 977 2560 siquidem

235 2569 372 2590 successor
386 2563 484 2590 electus
499 2568 539 2591 est
554 2564 596 2590 die
608 2563 638 2590 18
656 2562 708 2590 iulii
720 2564 779 2590 anni
795 2564 875 2597 1216,
893 2570 921 2591 ut
939 2566 978 2591 in-

236 2601 274 2628 fta
289 2602 416 2631 dicemus.
432 2603 471 2638 (5)
487 2603 525 2630 Ex
539 2602 663 2638 Raynaldi
681 2602 774 2629 Annal.
792 2607 856 2636 etc.⁵
876 2604 976 2637 Baluz„

238 2641 319 2677 Epist.
337 2643 425 2670 innoc.
445 2643 489 2675 111,
502 2643 547 2669 lib.
566 2651 583 2674 t,
600 2643 675 2677 epist.
690 2651 708 2668 ι.

315 2686 389 2716 Ball.
405 2686 479 2716 Rom.
508 2687 559 2715 Vol,
580 2687 628 2716 III.
808 2687 842 2716 15

1638 251 1705 283 113
1771 257 1861 284 Aac.
1884 256 1949 283 rios

1013 315 1123 349 iudicia
1138 315 1216 355 eius,
1235 323 1263 349 et
1279 315 1509 361 investigahiles
1528 315 1592 350 viae
1614 316 1682 350 eius
1698 317 1754 358 tl).

1012 364 1164 406 Quamvis
1205 365 1289 399 euim
1330 367 1491 400 universae
1528 365 1592 400 viae
1629 364 1756 400 Domini

1013 413 1226 449 misericordia
1249 421 1280 447 et
1312 414 1441 453 veritas,
1467 422 1495 449 et
1524 414 1628 449 omnia
1661 426 1756 461 opera

1012 463 1080 498 eius
1102 463 1214 498 iudicia
1241 470 1331 507 sunt,
1358 471 1490 499 testante
1514 463 1669 511 Propheta
1695 465 1756 508 (2),

1014 524 1111 560 usque
1142 512 1218 548 adeo
1258 520 1363 547 tamen
1397 525 1560 548 successus
1583 514 1756 554 hominum,

1013 561 1263 597 humiliationem
1315 570 1345 596 et
1394 562 1610 597 exaltationem
1647 575 1756 598 eorum

1013 612 1138 647 dextera
1159 611 1299 652 Domini,
1327 611 1398 646 licet
1433 612 1529 656 iusta,
1556 612 1676 647 occulta
1711 621 1757 646 ta-

1013 673 1084 696 men
1104 662 1225 696 ratione
1244 668 1398 708 procurat,
1421 669 1455 695 ut
1476 673 1567 696 causa
1591 662 1681 696 nobis
1695 674 1756 696 non

1013 709 1128 746 modici
1147 711 1286 758 stuporis
1307 712 1430 751 existat,
1452 710 1534 757 quod
1555 711 1584 745 in
1608 711 1757 757 regimine

1015 761 1177 807 potestatis
1216 759 1355 794 iuniores
1372 760 1560 807 quaudoque
1581 760 1758 796 senioribus

1013 810 1189 857 anteponit.
1218 808 1260 844 Ut
1282 809 1365 843 iuxta
1394 807 1595 856 Prophetam,
1621 810 1674 844 filii
1698 823 1758 844 na-

1013 869 1140 894 scantur
1178 870 1235 906 pro
1262 858 1425 905 patribus,
1464 859 1516 905 qui
1557 871 1653 906 super
1690 872 1759 894 om-

1014 920 1084 943 nem
1102 917 1214 943 terram
1236 908 1394 955 principes
1415 908 1586 949 constituti,
1608 908 1758 943 dominici

1014 958 1151 992 nominis
1174 957 1390 992 recordentur:
1414 958 1495 992 sicut
1510 958 1548 992 dc
1571 958 1661 992 nobis
1683 959 1759 1005 ipsis

1014 1019 1030 1042 a
1052 1006 1188 1042 Domino
1214 1006 1328 1042 sactum
1351 1015 1407 1045 est,
1430 1015 1460 1040 et
1485 1015 1531 1042 est
1557 1007 1699 1042 mirabile
1727 1009 1758 1043 in

1014 1057 1114 1091 oculis
1137 1056 1261 1091 nostris.
1280 1055 1363 1090 Sane
1385 1055 1435 1090 fel,
1458 1068 1553 1090 inem.
1578 1055 1758 1092 Coelestino
1781 1061 1841 1097 91¹³e
1860 1062 1954 1096 ,Qffifflm

1017 1114 1101 1152 patre
1141 1117 1176 1140 ac
1203 1106 1442 1152 praedecessore
1478 1114 1595 1147 nostro,
1627 1118 1661 1141 vt
1688 1106 1759 1142 idus
1773 1093 1886 1150 's‘ss'cfiiii‘m
1908 1091 1955 1142 ..¹22²ss

1016 1155 1159 1198 ianuarii,
1182 1155 1261 1189 viam
1289 1154 1452 1189 universae
1475 1156 1578 1190 carnis
1605 1155 1757 1202 ingresso,
1773 1154 1886 1205 ffifficssj
1907 1155 1956 1205 ’ἐξὲξ

1015 1212 1045 1239 et
1066 1205 1097 1238 in
1123 1203 1267 1239 Lateran.
1300 1203 1425 1238 basilica
1453 1204 1547 1247 (sicut
1574 1206 1671 1240 moris
1697 1212 1757 1250 est)
1773 1217 1873 1238 cuonem.

1015 1253 1185 1288 honorifice
1212 1253 1376 1292 tumulato,
1403 1252 1512 1288 fratres
1536 1254 1644 1294 nostri,
1672 1254 1760 1289 vide-

1016 1303 1087 1338 licet
1108 1302 1265 1349 episcopi,
1293 1302 1466 1350 presbyteri
1489 1311 1519 1338 et
1545 1302 1668 1338 diaconi
1691 1315 1760 1339 car-

1016 1352 1153 1397 dinales,
1187 1360 1217 1386 et
1251 1363 1307 1386 nos
1345 1352 1403 1398 ipsi
1430 1364 1501 1387 cum
1529 1352 1574 1387 eis
1606 1354 1701 1388 simul
1729 1354 1760 1388 in

1018 1414 1114 1437 unum
1148 1402 1353 1440 secessimus,
1388 1410 1422 1435 ut
1448 1409 1534 1436 tanto
1561 1402 1706 1438 licentius
1731 1410 1762 1438 et

1018 1452 1114 1486 tutius
1139 1451 1178 1485 de
1206 1450 1429 1486 substitutione
1461 1450 1623 1486 Pontificis
1648 1459 1761 1487 tracta-

1019 1513 1134 1541 remus,
1170 1509 1287 1547 quanto
1324 1508 1473 1535 tractatus
1508 1501 1575 1547 ipse
1611 1501 1759 1536 maiorem

1018 1550 1210 1585 deliberandi
1233 1550 1366 1596 copiam,
1393 1557 1423 1584 et
1444 1551 1603 1596 amplioris
1625 1552 1762 1586 circum-

1018 1600 1187 1647 spectionis
1208 1599 1372 1633 consilium
1400 1599 1586 1647 requirebat.
1616 1599 1761 1648 Cumque

1019 1649 1182 1684 missarum
1211 1648 1405 1683 solemnibus
1427 1652 1454 1683 in
1480 1649 1629 1684 honorem
1654 1650 1760 1685 Sancti

1019 1699 1156 1745 Spiritus
1177 1698 1340 1733 celebratis
1363 1698 1528 1745 requisitae
1550 1697 1682 1735 fuissent
1698 1712 1762 1734 om-

1021 1749 1105 1782 nium
1132 1747 1324 1791 voluntates,
1359 1748 1396 1782 ad
1427 1749 1673 1783 insufficientiam
1704 1761 1761 1783 no-

1019 1806 1112 1831 stram
1142 1798 1252 1832 oculos
1278 1798 1503 1833 extenderunt:
1533 1798 1670 1833 humano
1699 1798 1761 1832 for—

1019 1860 1072 1881 san
1096 1847 1294 1881 aestimantes
1316 1846 1453 1887 arbitrio,
1488 1848 1518 1882 in
1544 1848 1667 1883 sacculo
1694 1848 1760 1882 Be-

1020 1896 1137 1930 niamin
1185 1897 1337 1943 scyphum
1386 1905 1568 1942 argenteum
1607 1899 1757 1932 invenire.

1020 1945 1105 1980 Licet
1129 1945 1234 1992 plures
1260 1958 1297 1980 ex
1326 1947 1402 1993 ipsis
1428 1947 1549 1990 aetatis,
1580 1946 1702 1981 ordinis
1732 1945 1843 1996 etlffi‘*e
1885 1946 1956 1967 ‘³⁰¹⁰

1786 1977 1893 1996 nnocentii
1924 1976 1956 1996 fa-

1021 1995 1119 2029 meriti
1144 1996 1261 2029 ratione
1286 1997 1459 2042 potuissent
1480 1996 1516 2030 ad
1537 2004 1638 2030 tantae
1659 1996 1761 2042 ‹ligui-
1775 2010 1808 2027 eta
1823 2011 1862 2031 esi,
1880 2009 1913 2034 qui
1930 2008 1957 2027 lt-

1021 2046 1090 2079 tatis
1111 2045 1230 2091 apicem
1250 2044 1376 2091 dignius
1395 2046 1525 2080 evocari.
1548 2044 1646 2080 Cuius
1667 2041 1808 2093 siqui-⁶⁰²
1835 2038 1955 2063 ⁶³³U³¹⁸²e¹¹¹

1019 2096 1090 2129 dem
1133 2094 1293 2139 dignitatis
1320 2106 1399 2129 onus
1434 2107 1505 2129 cum
1547 2094 1760 2130 insufficientia

1021 2156 1121 2182 nostra
1159 2148 1282 2195 penitus
1316 2156 1490 2191 recusaret,
1518 2156 1624 2195 utpote
1646 2150 1762 2184 nostris

1019 2201 1175 2236 debilibus
1202 2201 1340 2236 humeris
1364 2202 1570 2248 importabile,
1597 2203 1656 2237 sub
1678 2203 1762 2238 illius

1020 2264 1122 2290 tamen
1146 2255 1333 2291 confidentia
1356 2264 1386 2290 et
1412 2258 1566 2303 exemplo,
1593 2257 1645 2304 qui
1669 2258 1762 2292 infir-

1020 2311 1156 2344 mitatem
1185 2309 1264 2344 beati
1291 2309 1372 2343 Petri
1393 2310 1470 2344 trina
1495 2310 1578 2356 prius
1597 2311 1761 2357 negatione

1020 2363 1192 2409 probatam,
1221 2371 1289 2410 post
1307 2363 1402 2397 trinae
1425 2363 1631 2398 confessionis
1653 2377 1760 2400 vocem

1020 2419 1049 2451 in
1076 2417 1301 2463 gubernatione
1332 2429 1457 2452 suarum
1498 2418 1600 2452 ovium
1638 2419 1760 2454 confir-

1019 2472 1123 2505 mavit.
1153 2470 1244 2512 Quod
1270 2483 1419 2517 personae
1452 2480 1575 2506 nostrae
1597 2473 1759 2520 multiplex
1774 2477 1862 2530 εξὲζζὶθςπ
1879 2480 1956 2531 jgpuurt-

1020 2524 1209 2571 imperfectio
1235 2524 1418 2572 denegabat,
1446 2525 1474 2559 in
1503 2527 1602 2572 ipsius
1623 2529 1918 2566 contuli-numnam,
1934 2545 1954 2562 ei

1020 2591 1088 2613 mus
1110 2579 1310 2623 voluntatem,
1346 2578 1472 2613 fratrum
1502 2589 1678 2616 nostrorum
1700 2595 1760 2618 ac-

1791 2068 1939 2094 amplissimam

1801 2102 1920 2124 recusaret;

1053 2647 1091 2682 (l)
1108 2647 1183 2674 Rom.
1203 2655 1242 2681 xi,
1259 2648 1301 2674 55.
1341 2648 1379 2684 (2)
1401 2649 1493 2676 Psalm.
1512 2652 1643 2684 xxiv,10.
