2129 3223
154 294 202 321 An.
223 293 249 320 C.
272 294 332 321 ¹201

173 847 258 874 legatos

159 886 204 900 ecni
219 881 290 899 mittit.

402 285 470 317 178

943 290 1127 313 BUI.I.ARI['M

1157 287 1319 310 ROMANUM

353 346 591 396 praemittenda,
619 346 734 393 regiam
763 345 1027 392 magnificentiam
1055 344 1092 379 ad
1133 346 1306 376 Innocentius
1318 346 1460 382 episcopus
1475 352 1571 375 servus
1585 351 1725 374 servorum
1743 344 1804 378 Dei.
1823 344 1880 373 uni-

351 396 582 444 suscipiendam
610 395 744 431 Romani
783 395 906 443 imperii
945 406 1092 430 coronam

352 447 544 485 vocabimus,
575 454 603 481 et
631 458 698 480 eam
734 444 791 480 tibi
829 445 923 480 dante
957 443 1094 479 Domino

351 496 536 531 humilitatis
570 504 694 530 nostrae
728 494 875 530 manibus
915 494 1096 529 solemniter

157 550 211 602 ³¹2¹
224 551 258 601 ΑΝ
290 555 336 570 eum
351 546 559 581 conferemus.
583 545 747 580 Monemus
766 545 860 591 igitur
876 543 1094 579 celsitudinem

353 596 481 642 regiam,
503 604 532 630 et
550 595 752 630 exhortamur
780 595 810 628 in
844 593 981 628 Domino
1018 604 1095 640 qua-

352 653 444 679 tenus
471 657 559 692 spem
577 653 660 679 tuam
685 656 783 691 ponas
805 645 835 678 in
872 643 925 678 illo
952 643 1023 691 qui,
1047 653 1097 676 re-

354 695 485 741 probato
508 693 615 733 Saule,
641 694 739 728 David
773 693 868 740 elegit
908 695 938 727 in
981 703 1096 738 regem,

354 753 384 779 et
405 745 497 779 talem
531 751 561 778 te
575 744 702 779 studeas
728 743 888 779 exhibere,
915 750 949 776 ut
983 741 1021 775 de
1069 749 1098 775 te

354 806 479 841 quoque
501 793 608 828 dicere
635 792 747 827 valeat:
784 792 889 827 inveni
924 792 1023 826 virum
1053 802 1100 825 se-

315 844 493 878 adeundum
521 855 575 877 cor
598 855 712 877 meum.
753 842 799 876 Ad
836 842 924 885 haec,
972 852 1100 875 venera-

356 893 483 928 rabilem
511 892 636 927 fratrem
677 900 818 926 nostrum
859 891 1099 926 Praenestinum

355 944 539 990 episcopum
589 941 788 989 Apostolicae
829 939 921 975 Sedis
962 940 1098 987 legatum

354 1000 419 1033 etc„
447 1004 527 1039 quos
549 1004 605 1038 pro
627 991 760 1037 negotiis
787 991 849 1025 tuis
870 989 1044 1036 specialiter
1071 996 1103 1024 et

356 1041 567 1089 principaliter
593 1041 741 1075 duximus
787 1039 1005 1080 destinandos7
1044 1038 1103 1073 be-

357 1092 451 1137 nigne
474 1090 615 1138 recipias,
643 1098 673 1124 et
699 1097 881 1137 pertractes,
909 1097 939 1124 et
971 1088 1103 1123 honori-

356 1141 523 1175 ficientiam
547 1141 605 1183 eis,
627 1140 710 1174 sicut
749 1147 779 1173 te
818 1139 907 1173 decet
937 1145 969 1173 et
1004 1138 1102 1184 ipsos,

357 1190 532 1237 impendes,
559 1189 708 1224 dilectum
731 1201 858 1236 quoque
881 1187 979 1222 lilium
1004 1187 1104 1234 AEgi-

356 1239 444 1274 dium
470 1238 643 1274 acolithum
679 1247 841 1283 nostrum,
880 1238 972 1272 cuius
1010 1237 1102 1272 [idem

356 1297 387 1323 et
426 1288 672 1324 sollicitudinem
721 1289 781 1323 iam
818 1288 847 1322 in
894 1287 1036 1334 pluribus
1071 1298 1105 1321 es

357 1347 517 1385 expertus,
551 1337 669 1373 habeas
710 1337 898 1386 propensius
939 1348 1104 1372 commen-

357 1388 475 1423 datum.

407 1437 523 1472 Datum
550 1436 695 1472 Laterani
719 1435 844 1471 kalend.
879 1435 995 1475 martii,
1019 1447 1106 1482 pon-

359 1487 493 1522 tificatus
514 1487 612 1521 nostri
635 1498 718 1521 anno
741 1493 862 1534 quarto.

421 1543 480 1574 Dat.
504 1544 550 1574 die
570 1545 582 1573 1
608 1543 705 1574 martii
727 1552 802 1573 anno
820 1542 935 1573 Domini
958 1541 1043 1578 1201,

605 1588 708 1628 pontif.
729 1597 805 1618 anno
823 1596 860 1618 lv.

666 1656 779 1664 ——-

649 1734 799 1769 XXXIII.

470 1812 618 1857 Sequitur
643 1812 684 1845 ad
710 1812 832 1855 imperii
851 1811 1005 1855 principes

605 1863 641 1894 de
661 1862 763 1894 eadem
791 1873 822 1894 re
837 1863 891 1903 (l).

629 1933 843 1965 SUMMARIL’M

362 2002 550 2033 Prooemium.
571 2018 609 2024 —
639 1999 759 2040 Imperii
786 2000 913 2040 provisio
946 1999 1112 2039 specialiter

401 2046 559 2077 Pontifices
582 2045 733 2084 contingit.
761 2063 801 2068 —
826 2044 906 2080 Quae
929 2044 983 2074 hac
1005 2053 1057 2083 pro
1081 2053 1111 2073 re

402 2092 504 2130 egerit,
522 2095 621 2120 narrat
639 2089 839 2120 Innocentius.
853 2106 892 2111 —
907 2088 1027 2127 Legatos
1043 2099 1113 2129 apo-

404 2136 523 2166 stolicos
542 2134 578 2164 ab
600 2134 770 2164 Innocentio
789 2143 878 2173 super
896 2133 950 2163 hac
972 2143 1004 2163 re
1021 2134 1113 2164 desti-

403 2184 487 2210 natos
504 2183 657 2208 memorat.
674 2195 713 2201 -
733 2177 813 2208 Nihil
838 2184 932 2208 tamen
952 2178 1111 2217 proficien-

405 2224 483 2254 tibus
518 2225 591 2264 ipsis
627 2224 662 2254 ad
704 2223 899 2254 dirimendam
934 2223 1111 2253 discordiam

404 2268 548 2304 obortam,
571 2267 703 2298 Pontifex
725 2277 783 2297 uno
807 2277 841 2297 ex
870 2267 984 2298 duobus
1011 2267 1112 2297 electis

405 2314 534 2350 excluso,
552 2313 581 2342 in
599 2313 723 2342 alterum
746 2312 900 2342 consentit.
932 2328 971 2333 —
998 2311 1113 2342 Electus

406 2358 501 2388 suerat
516 2357 797 2393 excommunicatus,
807 2374 846 2379 —
858 2358 950 2396 Atque
963 2366 1029 2386 cum
1042 2356 1114 2386 Mar-

407 2403 511 2433 cualdo
523 2403 775 2432 excommunicato
791 2402 877 2431 audet
895 2402 1114 2431 communicare

407 2453 434 2477 et
446 2449 475 2477 in
494 2447 558 2477 eius
571 2447 680 2477 malitia
698 2447 803 2476 fovere.
822 2464 860 2468 —
875 2445 1002 2483 llenrici,
1014 2445 1115 2475 Fride-

407 2493 460 2521 rici
483 2496 511 2521 et
533 2491 663 2530 Philippi
686 2491 714 2520 in
738 2490 900 2520 Ecclesiam
920 2491 1053 2521 crimina.
1077 2506 1115 2512 -

407 2553 445 2558 -
463 2536 580 2576 Imperii
599 2535 749 2575 principes
762 2535 903 2565 certiores
917 2535 1032 2565 sacitde
1044 2543 1115 2564 con-

408 2581 522 2610 firmato
551 2578 658 2609 Othoni
685 2579 819 2618 imperio.
837 2596 876 2601 —
893 2579 1026 2618 Eosque,
1048 2587 1114 2608 eum

409 2629 441 2652 ut
463 2624 664 2661 honorificent,
682 2625 823 2654 hortatur.

405 2686 444 2720 (t)
460 2685 499 2711 Ex
516 2685 616 2718 Baluz.,
633 2685 682 2713 loc.
700 2687 758 2718 cit.‚
778 2694 836 2720 pap.
855 2685 914 2712 705.

1178 392 1266 421 versis
1286 392 1345 420 tam
1368 390 1565 420 ecelesiasticis
1587 394 1668 427 quam
1697 389 1883 419 saecularibus

1180 436 1346 473 principibus
1364 436 1546 464 Alamanniae.

1183 493 1250 528 Etsi
1298 493 1424 541 quidam
1449 494 1655 540 imperatores
1684 493 1804 528 romani
1827 491 1884 527 Ec-

1137 544 1262 578 clesiam
1312 545 1342 577 in
1378 543 1483 578 multis
1521 540 1696 584 afflixerint,
1720 543 1810 578 multi
1832 550 1884 577 ta-

1138 605 1209 628 men
1251 604 1319 628 eam
1355 593 1385 627 in
1419 591 1562 639 pluribus
1584 592 1799 634 honorarunt,
1842 593 1882 627 ita

1138 642 1222 690 quod
1261 654 1316 689 per
1353 641 1552 676 devotionem
1596 650 1626 676 et
1667 641 1884 678 liberalitatem

1140 693 1280 738 ipsorum
1328 691 1493 738 magnifica
1537 690 1688 726 beneficia
1739 692 1886 727 novimus

1139 741 1300 777 Ecclesiae
1348 741 1542 788 provenisse.
1590 740 1683 776 Unde
1730 753 1793 776 non
1839 748 1887 776 est

1139 792 1244 838 aliquo
1283 791 1378 826 modo
1416 790 1610 825 credendum
1650 790 1762 838 quod,
1806 791 1886 826 sieut

1141 842 1324 888 pestilentes
1366 840 1461 888 aliqui
1503 841 1702 875 mentiuntur
1746 840 1888 876 volentes

1142 892 1222 926 inter
1247 890 1421 925 Ecclesiam
1440 897 1470 924 et
1493 890 1659 937 imperium
1679 889 1887 925 immortalem

1141 940 1314 976 discordiae
1352 940 1513 974 materiam
1556 940 1719 980 suscitare,
1760 939 1798 975 ad
1831 938 1889 975 de-

1143 990 1337 1038 pressionem
1389 988 1591 1024 intendamus
1643 989 1787 1037 imperfi,
1834 1001 1890 1037 per

1143 1039 1239 1086 quod,
1255 1040 1278 1073 si
1294 1038 1385 1073 suerit
1400 1038 1480 1073 bene
1495 1036 1692 1081 ordinatum,
1713 1038 1889 1074 Ecclesiam

1144 1101 1206 1124 non
1234 1089 1336 1123 solum
1364 1087 1487 1123 defendi
1510 1088 1683 1133 credimus,
1712 1088 1768 1124 sed
1796 1089 1889 1124 etiam

1144 1138 1284 1173 exaltari.
1304 1137 1459 1172 Novimus
1485 1138 1602 1173 etenim
1632 1146 1663 1172 et
1692 1150 1748 1173 vos
1779 1138 1890 1182 nostis,

1144 1188 1229 1235 quod
1247 1188 1316 1222 eius
1342 1188 1479 1234 provisio
1498 1187 1711 1235 principaliter
1743 1194 1775 1223 et
1812 1187 1892 1222 fina-

1145 1237 1214 1272 liter
1240 1249 1298 1272 nos
1324 1237 1494 1283 contingit;
1522 1236 1738 1284 principaliter
1750 1236 1891 1284 quidem,

1146 1288 1219 1334 quia
1257 1299 1312 1334 per
1351 1286 1529 1321 Ecclesiam
1573 1286 1613 1320 de
1658 1285 1790 1322 Graecia
1836 1298 1893 1335 pro

1147 1337 1246 1384 ipsius
1271 1336 1449 1383 specialiter
1478 1335 1535 1371 suit
1568 1335 1753 1371 defensione
1790 1338 1895 1372 trans-

1147 1387 1256 1427 latum,
1285 1386 1419 1420 finaliter
1440 1393 1544 1420 autem
1571 1386 1721 1433 quoniam
1744 1387 1801 1421 etsi
1819 1385 1893 1422 alibi

1147 1447 1295 1470 coronam
1324 1435 1412 1482 regni
1434 1435 1579 1482 accipiat,
1601 1446 1618 1469 a
1655 1434 1749 1470 nobis
1790 1444 1894 1471 tamen

1149 1485 1317 1532 imperator
1354 1485 1477 1532 imperii
1520 1484 1634 1532 recipit
1671 1484 1815 1520 diadema
1862 1485 1894 1519 in

1150 1533 1379 1581 plenitudinem
1407 1533 1580 1580 potestatis.
1609 1533 1819 1570 Attendentes
1845 1547 1896 1570 au-

1149 1591 1210 1618 tem
1233 1583 1308 1618 olim
1330 1590 1483 1630 quantum
1519 1582 1723 1630 dispendium
1762 1596 1800 1619 ex
1839 1583 1897 1619 de-

1149 1632 1284 1668 fensoris
1310 1632 1434 1667 defectu
1461 1640 1621 1680 pateretur
1635 1632 1787 1676 Ecclesia,
1801 1644 1896 1681 quan-

1150 1690 1280 1729 tumque
1304 1681 1526 1717 detrimentum
1550 1694 1588 1717 ex
1615 1682 1815 1730 imperatoris
1850 1695 1898 1718 ea-

1150 1732 1248 1766 rentia
1282 1732 1412 1766 sentiret
1450 1731 1562 1778 religio
1603 1731 1785 1778 christiana,
1824 1732 1897 1768 licet

1150 1782 1418 1828 expectaverimus
1438 1788 1650 1828 expectantes,
1674 1782 1699 1817 si
1727 1782 1806 1817 forte
1841 1795 1896 1818 vos

1152 1831 1211 1877 ipsi
1233 1830 1348 1865 saniori
1371 1832 1416 1865 usi
1432 1831 1565 1865 consilio
1585 1832 1679 1866 tantis
1691 1832 1782 1867 malis
1798 1831 1894 1867 'finem

1153 1880 1313 1927 imponere
1332 1881 1495 1923 curaretis,
1523 1880 1570 1915 vel
1610 1881 1647 1915 ad
1684 1881 1825 1916 divinum
1865 1889 1896 1916 et

1153 1938 1293 1964 nostrum
1340 1929 1450 1964 saltem
1498 1930 1698 1965 recurreretis
1731 1930 1896 1975 auxilium,

1153 1987 1184 2012 ut
1209 1991 1263 2026 per
1284 1978 1385 2013 Deum
1409 1988 1438 2013 et
1460 1991 1516 2014 nos
1550 1988 1652 2014 vestro
1688 1980 1794 2015 studio
1828 1992 1895 2015 me-

1153 2028 1258 2062 diante
1293 2036 1376 2063 tanta
1408 2028 1557 2063 dissentio
1602 2028 1783 2076 sopiretur,
1823 2029 1894 2077 quIa

1895 284 1945 310 An.
1965 283 1993 310 C.
2009 282 2072 309 120¹

1923 498 2055 520 Prooemium.

1919 1148 2004 1176 Imperii
2037 1152 2089 1174 pro-

1905 1181 1959 1201 visio
1966 1178 2089 1206 specialiter

1905 1211 2020 1232 Pontifices
2035 1214 2090 1229 con-

1906 1243 1975 1268 tingit.

1922 1988 1981 2016 Quae
1995 1988 2034 2009 hac
2056 1993 2094 2016 pro

1910 2026 1933 2041 re
1948 2021 2024 2046 egerit,
2042 2025 2095 2040 nar-

1909 2056 1942 2074 rat
1987 2051 2093 2072 Innocen-

1153 2090 1208 2112 vos
1233 2089 1329 2124 super
1355 2078 1414 2112 hoc
1441 2078 1634 2124 negligentes
1655 2079 1832 2114 invenimus
1865 2086 1896 2114 et
1909 2085 1958 2104 ¹³⁰⁵-

1154 2126 1311 2167 remissos,
1334 2135 1369 2161 ut
1395 2135 1536 2162 nostrum
1560 2137 1788 2176 exequerentur
1827 2127 1897 2163 offi-

1153 2177 1247 2214 cium,
1284 2189 1337 2211 vos
1374 2189 1427 2223 per
1466 2177 1570 2212 literas
1603 2185 1725 2213 nostras
1768 2179 1897 2226 patet-*na

1154 2226 1332 2260 curavimus
1352 2227 1562 2262 sollicitudine
1574 2236 1775 2262 commonere
1797 2236 1829 2262 ut
1855 2228 1898 2262 ti-

1156 2287 1274 2309 morem
1296 2275 1425 2310 Domini
1448 2276 1600 2311 habentes
1621 2286 1693 2324 prae
1713 2277 1825 2315 oculis,
1868 2285 1898 2312 et

1155 2324 1278 2371 imperii
1300 2325 1436 2361 zelantes
1461 2326 1626 2367 honorem,
1640 2334 1680 2360 ne
1693 2325 1738 2360 vel
1753 2325 1899 2361 annulla-

1155 2374 1384 2421 returdignitas
1398 2376 1444 2410 vel
1461 2375 1588 2411 libertas
1611 2375 1768 2423 deperiret
1787 2375 1898 2423 ipsius,

1155 2422 1192 2458 ad
1217 2425 1426 2470 provisionem
1454 2426 1552 2472 ipsius
1584 2425 1697 2460 melius
1735 2425 1899 2460 intendere

1155 2475 1316 2518 curaretis⁷
1332 2475 1482 2521 alioquin,
1499 2475 1571 2521 quia
1584 2484 1669 2509 mora
1685 2473 1825 2509 trahebat
1843 2486 1900 2522 pe-

1156 2522 1289 2557 riculum
1311 2523 1349 2559 ad
1372 2535 1405 2558 se
1431 2536 1534 2571 grave,
1553 2536 1611 2558 nos
1629 2523 1713 2570 quod
1751 2524 1899 2571 expedire

1156 2572 1309 2608 sciremus
1336 2573 1454 2609 utiliter
1475 2581 1688 2621 procurantes,
1719 2584 1900 2608 curaremus

1156 2623 1183 2656 ei
1218 2623 1423 2670 apostolicum
1456 2622 1608 2670 impertiri
1648 2621 1783 2658 favorem
1805 2635 1897 2670 quem

1157 2672 1357 2708 crederemus
1384 2672 1554 2708 maioribus
1587 2671 1700 2707 studiis
1726 2681 1756 2708 et
1779 2673 1900 2708 meritis
