2129 3223
146 270 193 295 An.
216 269 242 296 C.
259 270 324 296 ¹25st

158 725 217 751 Qnui
248 724 326 744 conflr-

146 759 212 777 mutur
228 762 239 775 a
252 754 326 775 Ponti—

161 1121 251 1142 Lntene
282 1124 328 1148 epi-

147 1159 257 1180 scoporum
290 1153 328 1175 hac

148 1186 172 1205 de
188 1189 217 1204 te.

391 261 460 294 592

340 324 499 371 fregerint,
522 323 742 364 diminuerint,
764 335 817 358 seu
841 322 1085 364 immutaverint,

340 383 369 408 et
395 374 450 420 qui
477 381 585 408 contra
613 372 681 408 illas
702 380 816 408 statuta
837 372 1005 412 ediderint
1039 348 1085 406 vel

340 422 423 458 edita
450 422 696 464 observaverint,
718 422 964 458 consuetudines
988 422 1086 455 intro-

340 472 498 514 duxerint,
520 471 568 507 vel
582 472 775 507 servaverint
791 472 996 511 introductas,
1018 482 1088 504 nec-

341 534 403 556 non
426 522 455 557 in
479 522 669 569 scriptores,
709 530 892 557 executores
925 529 954 556 et
981 519 1087 555 consi-

340 571 445 607 liarios
471 580 658 607 statutorum
677 571 816 618 ipsorum
832 570 1088 606 excommunica-

341 621 434 656 tionis
469 621 640 657 sententias
679 621 832 656 duxeritis
867 619 1087 667 proffflndas,

341 680 433 718 prout
460 671 490 706 in
512 671 624 706 litteris
647 683 744 718 super
768 670 827 705 hoc
854 670 1004 704 consectis
1022 669 1088 716 ple-

342 734 411 756 nius
431 720 627 762 continetur,
662 733 721 755 nos
749 720 859 755 vestris
881 718 1088 766 supplicatio-

342 769 434 805 nibus
456 770 608 811 inclinati,
633 769 717 817 quod
740 782 755 804 a
779 769 866 804 vobis
889 768 1020 815 provide
1043 768 1088 802 sa-

341 827 427 854 ctum
450 828 496 855 est
518 820 550 854 in
568 820 627 854 hac
654 828 741 866 parte
762 826 862 854 ratum
891 818 1044 853 babentes
1058 825 1088 852 et

340 877 476 914 ἔτι-,314131
504 868 534 903 id
567 869 607 904 de
639 868 768 903 fratrum
805 878 983 903 nostrorum
1012 879 1087 902 con-

341 919 410 954 silio
443 919 628 954 auctoritate
651 917 830 973 apostolica
853 918 1088 960 confirmamus,

341 977 371 1002 et
400 969 572 1015 praesentis
598 967 705 1014 scripti
729 967 901 1023 patrocinio
917 966 1090 1001 communi-

342 1030 424 1061 mus,
452 1027 592 1053 tenorem
621 1017 793 1052 litterarum
824 1017 960 1072 ipsarum
997 1028 1089 1063 prae-

342 1067 485 1102 sentibus
514 1067 609 1102 inseri
642 1066 809 1105 facientes,
836 1067 887 1113 qui
922 1066 991 1100 talis
1025 1074 1088 1100 est:

342 1116 536 1152 Auctoritate
544 1116 602 1151 Dei
616 1116 844 1163 omnipotentis
857 1115 959 1150 Patris
974 1124 1003 1149 et
1017 1114 1089 1149 Filii

342 1175 373 1201 et
393 1165 531 1212 Spiritus
557 1166 683 1203 Sancti.
715 1166 931 1212 gloriosaeque
951 1164 1089 1211 Virginis

343 1225 372 1250 et
394 1214 450 1250 Dei
476 1215 652 1251 Genetricis
674 1215 801 1256 Mariae,
829 1215 989 1250 beatorum
1013 1227 1086 1261 apo-

343 1265 495 1300 stolorum
514 1265 597 1300 Petri
619 1274 647 1300 et
667 1265 769 1308 Pauli,
791 1265 998 1311 omniumque
1016 1276 1090 1299 san-

343 1323 464 1350 ctorum
491 1315 719 1363 apostolorum,
754 1314 834 1348 beati
868 1314 1006 1349 Tbomae
1034 1326 1090 1348 ar-

344 1364 560 1412 chiepiscopi,
603 1373 633 1399 et
671 1364 835 1411 martyris,
882 1365 1090 1410 omniumque

344 1423 524 1449 sanctorum
553 1424 734 1462 martyrum,
767 1413 847 1448 beati
874 1413 1021 1448 Edwardi
1047 1426 1092 1448 re-

345 1463 392 1509 gis
413 1462 555 1519 Angliae,
578 1476 783 1518 omniumque
799 1462 1027 1505 consessorum,
1049 1470 1091 1496 at-

346 1525 407 1559 que
430 1512 585 1559 virginum
607 1521 637 1548 et
658 1514 801 1547 omnium
824 1520 1002 1547 sanctorum
1021 1512 1090 1552 Dei,

347 1575 404 1596 nos
435 1562 473 1596 Β.
499 1562 603 1597 divina
632 1561 831 1597 miseratione
856 1561 1092 1596 Cantuariensis

346 1611 612 1660 archiepiscopuS,
635 1612 730 1647 totius
750 1610 881 1657 Angliae
905 1611 1030 1657 primas.
1054 1610 1090 1644 F.

346 1660 589 1703 Londoniensis,
612 1661 666 1697 W.
682 1661 924 1707 WigorniensiS,
938 1660 992 1694 W.
1008 1660 1092 1694 Nor-

347 1710 506 1751 wicensis,
539 1711 575 1746 P.
603 1710 865 1750 Herefordensis,
893 1709 946 1743 W.
982 1710 1093 1744 Sares-

347 1760 502 1800 hiriensis,
528 1761 581 1796 W.
610 1760 847 1803 Duuelmensis,
872 1759 912 1793 R.
937 1759 1094 1794 Exonien-

346 1810 401 1849 sis,
428 1809 461 1845 S.
484 1809 701 1854 Carliolensis,
728 1809 782 1844 W.
799 1808 1033 1849 Batboniensis,
1056 1809 1092 1843 L.

346 1858 510 1904 Rofensis,
536 1860 595 1895 Th.
623 1859 821 1895 Menevensis
854 1859 1014 1906 episcopi,
1054 1857 1093 1892 de

347 1921 478 1944 assensu
519 1917 549 1944 et
584 1909 741 1944 voluntate
774 1908 962 1943 venerabilis
997 1908 1093 1955 patris

348 1957 401 1993 W.
425 1957 481 1994 Dei
509 1959 606 2005 gratia
627 1958 836 1994 Eboracensis
850 1958 1093 2004 archiepiscopi,

348 2007 655 2050 anathematizamus,
682 2016 712 2042 et
736 2020 752 2042 a
774 2007 933 2042 liminibus
960 2007 1093 2041 Sanctae

347 2057 456 2092 Matris
476 2057 636 2093 Ecclesiae
664 2067 897 2113 sequestramus
929 2068 1040 2091 omnes
1063 2056 1094 2090 il-

348 2106 413 2151 los,
435 2108 488 2155 qui
515 2108 630 2142 amodo
652 2107 787 2142 scienter
808 2119 843 2141 ac
862 2105 1017 2140 malitiose
1036 2105 1094 2140 Ec-

349 2156 460 2192 clesias
499 2157 687 2204 privaverint
721 2157 768 2191 vel
799 2155 1003 2210 spoliav-erint
1038 2167 1094 2189 sno

349 2207 427 2241 iure.
450 2206 527 2242 Item
555 2219 666 2242 omncs
687 2205 766 2247 illos,
791 2217 845 2251 qut
867 2204 1095 2240 ecclesiasticas

349 2255 519 2296 libertates,
546 2256 593 2291 vel
615 2256 757 2303 antiquas
779 2255 866 2310 regni
890 2254 1094 2289 consuetudi-

350 2317 407 2340 nes
427 2305 613 2354 approbatas
634 2315 664 2341 et
689 2305 855 2352 praecipue
881 2304 1039 2339 libertates
1065 2312 1094 2338 et

349 2355 608 2410 consuetudines,
635 2367 716 2403 quae
737 2354 767 2389 in
787 2353 912 2389 Cliartis
933 2352 1095 2388 Commu-

350 2404 438 2440 nium
459 2404 652 2446 libertatum,
674 2413 705 2440 et
726 2404 765 2439 de
783 2403 911 2438 Foresta
933 2404 1094 2438 continen-

351 2463 402 2489 tur
433 2467 449 2490 a
478 2455 606 2490 domino
640 2466 712 2501 rege
745 2465 911 2489 concessas
937 2451 1096 2499 archiepi-

350 2504 471 2550 scopis,
507 2504 663 2552 episcopis
695 2512 724 2539 et
759 2503 892 2538 caeteris
929 2501 1094 2550 praelatis,

351 2553 493 2598 Angliae,
507 2553 688 2599 comitibus,
717 2552 899 2594 baronibus,
931 2552 1095 2595 militibus,

352 2611 382 2635 et
403 2602 497 2638 libere
520 2603 710 2645 tenentibus,
732 2614 934 2650 quacumque
956 2611 1019 2636 arte
1048 2600 1094 2635 vel

354 2651 477 2696 ingenio
503 2652 697 2692 violaverint,
726 2651 917 2697 infregerint
939 2650 1096 2685 diminue-

927 269 986 291 BUI
989 269 1004 290 Ι
1009 268 1086 290 auiti
1090 267 1113 288 M
1137 266 1296 288 ROMANUM

1127 321 1200 364 rint,
1218 333 1272 355 seu
1300 320 1543 364 immutaverint,
1578 319 1656 355 clam
1685 318 1731 354 vel
1758 317 1871 365 palam,

1127 374 1219 418 sacto,
1243 374 1337 409 verbo
1360 375 1404 409 vel
1428 374 1575 416 consilio,
1597 381 1704 409 contra
1727 371 1795 407 illas
1825 371 1871 406 vel

1127 428 1248 462 illarum
1277 429 1410 475 aliquam
1441 430 1471 463 in
1508 439 1708 476 quocumque
1741 425 1872 461 articulo

1128 491 1244 517 temere
1271 483 1434 517 veniendo.
1463 483 1538 517 item
1566 495 1677 517 omnes
1705 481 1790 521 illos,
1817 480 1871 528 qui

1127 546 1232 572 contra
1251 537 1330 581 illas,
1356 537 1401 572 vel
1425 550 1531 572 earum
1555 537 1658 585 aliqua
1677 544 1788 571 statuta
1805 534 1869 570 edi-

1127 591 1248 632 derint,
1276 592 1321 626 vel
1348 591 1431 626 edita
1454 591 1664 635 servaverint,
1695 597 1874 625 eonsuetu-

1127 644 1216 679 dines
1238 644 1481 685 introduxerint,
1504 645 1549 679 vel
1578 644 1773 680 introductas
1806 655 1874 679 ser-

1128 698 1276 739 vaverint,
1303 699 1471 745 scriptores
1499 699 1592 734 etiam
1616 705 1802 733 statutorum
1825 697 1874 745 ip-

1127 765 1246 797 sorum,
1269 765 1390 788 necnon
1413 753 1611 788 consiliarios
1631 761 1661 787 et
1679 761 1874 792 executores.

1127 815 1158 841 et
1179 807 1232 854 qui
1259 806 1433 842 secundum
1461 819 1496 842 ea
1524 806 1792 854 praesumpserint
1817 806 1875 840 iu-

1127 861 1243 896 dicare.
1279 861 1340 903 Qui
1375 874 1505 903 omnes,
1533 869 1563 896 et
1591 861 1706 907 singuli
1728 861 1876 907 superius

1128 916 1290 951 memorati
1308 917 1387 951 lianc
1403 924 1539 951 nostram
1561 915 1748 951 sententiam
1770 915 1876 950 incur-

1128 983 1219 1006 suros
1241 983 1274 1005 se
1298 971 1441 1006 noverint
1464 971 1532 1018 ipso
1555 970 1646 1016 facto,
1667 971 1719 1018 qui
1739 970 1876 1005 scienter

1128 1024 1244 1072 aliquid
1283 1025 1498 1060 commiserint
1533 1024 1572 1059 de
1606 1023 1783 1072 praedictis.
1812 1022 1875 1066 Qui

1131 1091 1201 1113 vero
1234 1078 1430 1125 ignoranter,
1466 1079 1524 1113 nisi
1551 1079 1759 1123 commoniti,
1797 1078 1876 1113 infra

1129 1132 1321 1180 quindenam
1339 1146 1354 1167 a
1377 1141 1518 1179 tempore
1539 1133 1742 1169 correctionis
1763 1145 1796 1169 se
1811 1144 1876 1168 cor-

1129 1188 1278 1232 rexerint,
1305 1197 1335 1222 et
1359 1186 1486 1222 arbitrio
1521 1186 1752 1223 ordinariorum
1784 1187 1877 1234 plene

1129 1241 1338 1277 satisfecerint
1360 1241 1398 1276 de
1426 1242 1620 1283 commissis,
1655 1254 1691 1277 ex
1713 1249 1789 1277 tunc
1814 1242 1877 1277 sint

1130 1297 1188 1332 bac
1214 1297 1366 1332 sententia
1391 1297 1530 1331 involuti.
1558 1296 1675 1331 Eadem
1699 1296 1790 1331 etiam
1808 1308 1878 1331 sen-

1130 1351 1223 1386 tentia
1251 1351 1439 1385 innodamus
1461 1363 1571 1385 omnes
1594 1350 1674 1393 illos,
1696 1351 1748 1398 qui
1769 1362 1876 1398 pacem

1131 1406 1213 1452 regis
1236 1413 1267 1441 et
1293 1405 1379 1451 regni
1398 1404 1666 1453 praesumpserint
1685 1404 1876 1452 perturbare:

1131 1460 1160 1493 in
1184 1459 1276 1494 cuius
1303 1458 1346 1494 rei
1370 1458 1553 1494 memoriam
1580 1459 1803 1506 sempiternam
1821 1470 1879 1494 nos

1131 1515 1219 1560 signa
1254 1523 1358 1549 nostra
1393 1513 1608 1560 praesentibus
1644 1513 1792 1549 duximus
1822 1525 1879 1560 ap-

1132 1568 1285 1615 ponenda.
1314 1568 1391 1602 Data
1419 1567 1450 1602 in
1479 1568 1587 1602 maiori
1607 1567 1677 1602 aula
1699 1567 1782 1613 regia
1796 1566 1879 1614 apud

1130 1621 1436 1656 Wesmonasterium
1474 1633 1555 1656 anno
1581 1621 1711 1655 Domini
1740 1632 1879 1665 mccuu,

1131 1677 1221 1711 tertio
1244 1676 1314 1711 idus
1340 1676 1425 1719 maii,
1458 1675 1517 1710 sub
1551 1676 1726 1723 praesentia
1761 1683 1791 1710 et
1822 1687 1880 1710 as-

1131 1743 1225 1765 sensu
1252 1730 1380 1765 Henrici
1407 1730 1465 1764 Dei
1497 1730 1593 1777 gratia
1628 1730 1712 1776 regis
1746 1729 1880 1776 Angliae

1132 1784 1275 1825 illustris,
1298 1793 1328 1819 et
1350 1784 1550 1819 dominorum
1572 1783 1612 1818 R.
1634 1783 1760 1818 comitis
1788 1795 1879 1830 egre-

1131 1839 1172 1885 gii
1190 1838 1380 1879 Cornubiae,
1408 1838 1510 1873 fratris
1531 1838 1580 1872 sni
1601 1837 1639 1871 R.
1663 1837 1786 1872 comitis
1803 1835 1881 1872 Nor-

1132 1892 1265 1928 folcbiae
1291 1900 1322 1928 et
1348 1891 1536 1927 marischalli
1570 1891 1722 1937 Angliae,
1748 1890 1788 1925 H.
1823 1903 1880 1925 co·-

1133 1947 1217 1982 mitis
1242 1946 1463 1986 Herefordiae,
1490 1945 1531 1980 H.
1558 1946 1684 1981 comitis
1717 1944 1879 1987 Oxoniae,

1132 2001 1156 2036 l.
1184 2001 1307 2036 comitis
1333 2000 1573 2042 Warewicliiae,
1607 2007 1638 2034 et
1663 1998 1796 2034 aliorum
1823 1997 1880 2045 opss

1134 2056 1274 2090 timatum
1296 2055 1444 2101 Angliae,
1478 2054 1516 2089 ad
1539 2053 1599 2089 hoe
1627 2053 1715 2100 quasi
1736 2052 1775 2088 ad
1801 2065 1880 2088 con-

1133 2109 1238 2145 cilium
1258 2109 1434 2157 specialiter
1456 2116 1647 2144 vocatorum.

1181 2163 1265 2198 Nulli
1303 2176 1378 2210 ergo
1418 2163 1547 2198 omnino
1591 2161 1753 2196 bominum
1788 2160 1879 2195 liceat

1134 2217 1212 2252 lianc
1236 2217 1380 2265 paginam
1406 2226 1528 2252 nostrae
1555 2214 1800 2251 confirmationis
1823 2215 1878 2249 in-

1134 2271 1280 2318 fringere,
1308 2272 1353 2305 vel
1376 2271 1404 2305 ei
1423 2283 1501 2306 ausu
1524 2270 1689 2305 temerario
1709 2269 1877 2309 contraire;

1134 2325 1160 2360 si
1196 2325 1268 2372 quis
1302 2334 1406 2360 autern
1438 2325 1497 2360 hoc
1530 2332 1678 2360 attentare
1712 2335 1878 2371 praesum-

1135 2378 1250 2426 pserit,
1276 2378 1521 2426 indignationem
1549 2377 1775 2425 omnipotentis
1801 2376 1877 2420 Dei,

1134 2445 1169 2467 ac
1198 2432 1358 2468 beatorum
1382 2432 1464 2467 Petri
1491 2441 1521 2467 et
1553 2432 1641 2467 Pauli
1663 2431 1875 2479 apostolorum

1134 2487 1202 2522 eius
1224 2499 1256 2522 se
1283 2487 1401 2522 noverit
1428 2487 1637 2522 incursurum.

1182 2541 1298 2576 Datum
1333 2541 1513 2588 Anagniae,
1554 2539 1692 2574 kalendis
1724 2539 1877 2583 octobris,

1136 2596 1336 2642 pontificatus
1364 2595 1459 2630 nostri
1487 2606 1569 2629 anno
1590 2593 1789 2629 duodecimo.

1164 2657 1224 2686 Dat.
1243 2658 1289 2687 die
1305 2658 1316 2686 Ἰ
1340 2656 1466 2686 octobris
1483 2655 1568 2693 1254,
1588 2654 1688 2695 pontis.
1705 2665 1779 2685 anno
1794 2663 1843 2685 ΧΗ.

1885 261 1936 288 Aa.
1953 248 1980 287 c}
1997 259 2063 287 1252·

1921 2164 1980 2186 ciuus
1985 2164 2038 2185 ulae.
