2129 3223
167 257 216 284 Au.
235 256 261 284 C.
283 257 348 285 1198

173 665 241 687 Pisani
274 666 342 686 archi-

160 704 253 724 episitopi
263 698 340 723 prima-

159 732 191 749 tu>
206 734 268 755 super
284 728 342 748 Cala-

159 760 246 778 ritanam
262 762 282 778 et
304 759 341 780 Ar-

158 790 230 809 botru,
253 791 339 816 provin-

158 826 207 840 ccccc

166 1257 216 1278 ltom
272 1262 334 1284 nuper

152 1287 279 1309 Turi-irenam

173 1411 309 1433 confirmatur

152 1449 235 1469 quoque
266 1444 333 1464 eidem

151 1474 228 1499 legatio
261 1473 334 1494 Sardi-

151 1510 204 1525 niae.

161 1954 204 1975 Alia
216 1953 331 1980 privilegia.

416 244 481 277 118

362 312 462 347 vitatis
483 310 600 359 populo
633 309 664 343 in
697 306 842 342 fidelitate
880 313 973 352 atque
1006 302 1103 338 devo-

360 363 444 397 tione
465 366 680 397 sacrosanctae
701 356 861 392 Romanae
885 353 1044 389 Ecclesiae
1059 352 1103 387 iu-

358 413 438 458 giter
467 416 652 457 perseveret,
685 414 717 442 et
738 406 769 441 in
792 406 858 453 ipsa
885 403 1025 451 quotidie
1046 414 1102 436 au-

357 468 573 507 gumentetur,
609 469 666 505 pro
710 456 875 491 devotione
909 464 1035 500 quoque
1072 459 1101 485 et

358 513 519 546 honestate
530 519 594 553 tua,
610 507 703 542 frater
720 504 841 541 Ubalde
877 503 982 538 Pisan.
1003 501 1102 537 arclii-

356 562 514 608 episcope,
536 569 700 607 personam
719 563 816 599 tuam,
837 562 867 589 et
880 565 935 600 pei·
948 559 977 587 te
995 551 1098 586 Pisan.

356 610 527 645 Ecclesiam
564 606 705 655 ampliori
752 604 923 639 munimine
957 602 1100 635 volumus

355 659 505 695 decorari.
526 657 596 693 Tibi
615 668 701 702 ergo,
720 656 843 701 tuisque
865 650 1100 687 successoribus

357 710 523 756 primatum
550 719 648 754 super
680 704 847 740 Calaritan.
883 709 912 736 et
943 700 1097 735 Arboren.

356 758 530 806 provincias
556 757 662 792 datum
684 753 907 795 concedimus,
941 758 970 785 et
991 756 1098 784 aucto-

354 809 443 844 ritate
464 807 557 844 Sedis
577 804 776 852 Apostolicae
793 802 1033 838 confirmamus:
1058 799 1097 833 ita

354 859 494 906 quidem,
531 865 562 891 ut
595 867 650 891 eos
676 853 713 888 ad
748 852 916 888 concilium
948 848 1097 892 vocandi,

353 921 501 944 excessus
520 917 630 942 eorum
649 902 837 950 corrigendi,
859 909 889 936 et
908 900 938 933 in
955 898 1096 954 doctrina

351 957 519 1006 apostolica
541 953 760 997 confirmandi,
782 960 875 999 atque
896 956 1016 985 caetera
1034 960 1095 983 om·

352 1010 419 1053 nia,
440 1019 521 1055 quae
547 1005 584 1041 ad
608 1005 656 1040 ius
687 1003 838 1050 primatus
859 999 1035 1048 pertinent,
1063 999 1095 1032 in

350 1070 404 1093 eos
425 1055 591 1093 exercendi
607 1052 747 1089 habeatis
761 1050 892 1086 liberam
905 1047 1093 1083 facultatem.

350 1107 574 1142 Verumtamen
610 1102 860 1150 supradictarum
874 1099 1006 1134 duarum
1022 1108 1095 1144 pro-

350 1157 519 1192 vinciarum
533 1153 787 1200 archiepiscopos
799 1150 837 1186 ad
851 1146 1019 1184 concilium
1031 1158 1093 1181 non

349 1203 685 1245 vocabitisPisa5,sine
693 1199 885 1237 conscientia
897 1200 941 1242 (1)
957 1196 1093 1231 Romani

348 1255 520 1291 pontificis.
548 1254 652 1301 Super
678 1251 835 1286 Turi-itan.
867 1260 940 1283 vero
968 1246 1094 1294 provin-

347 1305 439 1346 ciam,
462 1304 646 1351 dignitatem
668 1302 837 1349 primatus,
860 1298 943 1333 sicut
964 1309 979 1331 a
1003 1307 1094 1343 prae-

348 1354 567 1390 decessoribus
588 1352 704 1388 nostris
725 1349 883 1385 Ecclesiae
903 1347 1095 1381 Pisan.con=

347 1417 471 1440 cessum
490 1412 548 1447 est,
576 1401 731 1437 babeatis:
760 1399 946 1445 legationem
969 1407 1093 1442 quoque

347 1454 511 1489 Sardiniae
537 1466 553 1487 a
589 1450 829 1499 praedecessore
863 1454 970 1482 nostro
1009 1444 1092 1491 Papa

349 1503 475 1538 Urbano
498 1499 794 1551 praedecessoribus
816 1498 876 1532 tuis
898 1506 1093 1539 concessam,

346 1562 376 1588 et
393 1553 493 1589 felicis
514 1551 684 1587 memoriae
701 1547 891 1587 Innocentii,
917 1554 947 1580 et
968 1553 1093 1579 sanctae

346 1602 570 1638 recordationis
591 1600 737 1646 Eugenii,
759 1606 852 1645 atque
873 1594 1026 1630 Anastasii
1061 1601 1092 1628 et

345 1652 517 1688 Coelestini
540 1651 757 1686 Romanorum
779 1646 970 1682 Pontificum
998 1643 1093 1691 privi-

346 1702 438 1748 legiis
456 1702 487 1736 in
510 1707 696 1748 perpetuum
716 1697 904 1740 roboratam,
928 1694 996 1738 tibi,
1019 1692 1094 1728 tuis-

346 1765 407 1799 que
432 1749 670 1786 successoribus
702 1747 875 1795 praesentis
905 1743 1011 1791 scripti
1035 1755 1092 1790 pa-

346 1802 418 1848 gina
440 1800 676 1841 confirmamus,
698 1806 728 1833 et
753 1795 1024 1832 confirmationem
1043 1793 1092 1839 ip-

346 1863 411 1886 sam
428 1859 523 1886 ratam
547 1857 578 1884 et
594 1847 808 1884 inconvulsam
832 1844 991 1893 perpetuis
1017 1851 1093 1877 tem-

349 1900 476 1948 poribus
503 1899 702 1935 decernimus
724 1907 917 1943 permanere.
946 1893 1091 1940 Denique

348 1959 381 1985 ut
407 1950 510 1985 Pisan.
546 1948 669 1991 civitas,
707 1959 787 1994 quae
813 1946 916 1980 favore
949 1942 1092 1978 coelestis

348 2000 487 2035 numinis
520 1998 560 2033 de
595 1996 732 2032 inimicis
763 1994 922 2030 christiani
953 1992 1091 2027 nominis

349 2049 506 2085 victoriam
536 2048 715 2095 frequenter
741 2044 886 2085 obtinuit,
920 2052 951 2078 et
980 2054 1089 2077 eorum

349 2099 442 2134 urbes
467 2098 616 2145 plurimas
641 2095 835 2143 subiugavit,
869 2093 1004 2140 amplius
1030 2092 1090 2126 ho-

348 2156 493 2192 noretur,
520 2159 601 2194 equo
627 2146 699 2181 albo
733 2157 804 2180 cum
833 2142 933 2178 nacho
955 2142 1026 2177 albo
1047 2145 1090 2185 (2)

349 2200 379 2233 in
402 2195 657 2246 processionibus
676 2194 792 2235 utendi,
815 2202 845 2229 et
862 2204 1006 2231 crucem,
1043 2204 1092 2226 ve-

349 2248 455 2283 xillum
482 2246 599 2282 scilicet
621 2245 832 2288 dominicum,
855 2255 909 2290 per
935 2241 1090 2277 subiectas

349 2297 435 2332 vobis
458 2296 632 2343 provincias
652 2294 806 2342 portandi,
827 2301 857 2328 et
872 2304 928 2340 per
948 2291 1088 2339 spacium

351 2346 426 2382 illud
442 2346 602 2381 Vulteran.
618 2345 831 2392 episcopatus,
852 2354 915 2390 quo
929 2341 968 2376 de
984 2341 1088 2376 Pisan.

349 2397 532 2445 episcopatu
551 2394 588 2431 ad
611 2394 809 2442 Populonen.
837 2392 996 2432 transitur,
1024 2390 1090 2434 tibi,

942 246 1129 271 BULLARIUM
1151 244 1312 268 ROMANUM

1145 299 1345 336 suetudinem
1373 298 1476 333 Pisan.
1505 297 1665 334 Ecclesiae
1699 297 1888 346 perfruaris,

1145 350 1221 386 etin
1236 347 1524 384 consecrationibus
1546 348 1643 383 trium
1665 348 1886 395 episcoporum

1145 400 1176 434 in
1200 398 1340 440 Corsica,
1363 397 1499 433 Alerien.
1529 397 1684 438 videlicet,
1708 396 1837 432 Aiacen.
1858 405 1889 432 et

1143 449 1359 496 Sagonen.‚ac
1368 447 1600 496 praedictorum
1615 446 1749 482 duorum
1766 446 1797 481 in
1813 446 1888 482 Sar-

1143 499 1241 539 dinia,
1263 505 1293 533 et
1311 497 1476 545 Populien.
1499 496 1655 545 episcopi,
1675 508 1810 544 quorum
1826 509 1886 532 me·

1143 548 1348 596 tropolitanus
1369 547 1485 582 existis.
1522 546 1557 582 Si
1579 558 1639 593 qua
1666 545 1759 593 igitur
1785 545 1816 581 in
1835 545 1888 581 fu-

1142 606 1245 634 turum
1267 606 1320 633 ecc.

1494 745 1530 779 V.

1141 824 1269 857 Litteras
1317 823 1501 868 apostolicas
1537 822 1591 856 sub
1627 821 1758 855 dimidia
1795 821 1887 854 datas

1187 877 1270 910 bulla
1298 887 1405 921 parem
1429 888 1497 910 cum
1524 877 1573 915 iis,
1602 886 1680 921 quae
1717 875 1802 909 bulla
1835 876 1885 908 in-

1186 936 1272 975 tegra
1292 930 1481 975 diriqunlur,
1502 931 1677 975 firmitatem
1699 929 1817 970 habere,
1837 930 1886 963 de-

1186 985 1279 1016 cernit
1306 985 1360 1025 (2).

1405 1053 1618 1084 SUMMARIUM

1137 1119 1170 1150 Ut
1193 1120 1324 1150 Pontifex
1352 1120 1465 1151 electus
1488 1120 1551 1158 suit,
1573 1122 1671 1151 statim
1690 1120 1883 1161 petitionibus

1176 1165 1330 1195 intendere
1351 1165 1458 1204 coepit.
1480 1182 1517 1187 ——
1536 1165 1687 1196 insolitum
1705 1174 1794 1196 usum
1815 1165 1883 1196 mit=

1176 1210 1254 1240 tendi
1273 1209 1451 1249 apostolicas
1467 1210 1566 1240 literas
1582 1210 1636 1241 sub
1653 1210 1775 1242 dimidia
1789 1210 1880 1242 bulla.

1173 1270 1211 1275 —
1223 1253 1382 1293 Adprobat,
1399 1258 1427 1283 et
1442 1263 1540 1293 parem
1553 1255 1719 1285 firmitatem
1732 1254 1880 1286 bullarum

1174 1299 1353 1337 integrarum
1377 1297 1510 1329 obtinere
1530 1300 1669 1330 decernit.

1133 1373 1302 1403 lunocentius
1321 1374 1460 1410 episcopus
1480 1381 1576 1403 servus
1595 1381 1734 1404 servorum
1752 1374 1807 1408 Dei.
1821 1375 1879 1404 untoe

1178 1428 1264 1457 versis
1289 1428 1509 1464 archiepiscopis.
1541 1430 1569 1458 et
1602 1429 1744 1466 episcopis,
1769 1429 1799 1458 et
1817 1428 1880 1458 aliis

1178 1477 1356 1506 ecclesiarum
1379 1477 1521 1513 praelatis.
1542 1479 1575 1506 ad
1595 1485 1661 1514 quos
1678 1477 1789 1508 litterae
1807 1477 1879 1507 istae

1177 1526 1359 1563 pervenerint.

1182 1595 1227 1629 Ne
1250 1594 1457 1642 promotionis
1484 1604 1606 1630 nostrae
1633 1594 1785 1642 primitias
1811 1594 1880 1631 Do-

1135 1650 1221 1684 mino
1243 1661 1441 1696 negaremus,
1463 1649 1514 1684 cui
1537 1660 1609 1684 cum
1625 1648 1769 1685 universa
1783 1661 1878 1698 opera

1134 1711 1238 1738 nostra
1264 1716 1449 1739 consecrare
1475 1711 1640 1749 tenemur,
1670 1703 1774 1739 statim
1807 1711 1878 1751 post

1133 1758 1318 1793 electionem
1342 1766 1480 1793 nostram
1495 1765 1557 1793 tam
1574 1769 1760 1806 pauperum,
1781 1770 1875 1806 quam

1133 1812 1267 1847 aliorum
1301 1812 1383 1859 apud
1419 1812 1536 1848 Sedem
1567 1812 1781 1861 Apostolicam
1811 1812 1878 1848 exi-

1132 1867 1282 1902 stentium
1306 1867 1510 1914 petitionibus
1531 1867 1695 1902 intendere
1712 1867 1878 1915 coepimus

1132 1930 1163 1956 et
1190 1934 1298 1957 eorum
1325 1922 1456 1969 negocia
1479 1933 1677 1969 promovere:
1705 1933 1745 1957 ne
1765 1921 1791 1956 si
1813 1921 1878 1957 otio

1134 1983 1219 2011 tanto
1241 1985 1381 2022 tempore
1408 1987 1598 2017 vacaremus,
1620 1988 1736 2024 corpus
1757 1985 1788 2012 et
1808 1977 1877 2012 ani-

1132 2034 1203 2064 mus
1224 2042 1261 2064 ex
1282 2029 1439 2065 otiositate
1461 2037 1630 2078 torperent.
1661 2030 1777 2067 Verum
1798 2043 1877 2079 quo-

1133 2085 1215 2119 niam
1244 2084 1404 2119 insolitum
1423 2084 1481 2118 fuit
1502 2083 1665 2129 hactenns,
1693 2092 1726 2120 ut
1745 2084 1806 2120 sub
1827 2085 1876 2120 di-

1132 2139 1228 2174 midia
1251 2138 1333 2173 bulla
1360 2138 1399 2173 ad
1423 2146 1469 2174 tot
1504 2147 1535 2174 et
1562 2147 1623 2174 tarn
1650 2146 1785 2176 remotas
1803 2151 1876 2187 pro-

1131 2194 1248 2228 vincias
1283 2193 1402 2228 litterae
1436 2193 1626 2241 apostolicae
1660 2193 1875 2234 mitterentur,

1131 2256 1162 2283 et
1188 2260 1227 2283 ex
1251 2247 1310 2282 lioc
1342 2248 1461 2282 litterae
1492 2248 1577 2295 ipsae
1609 2247 1748 2292 diutius,
1780 2259 1874 2296 quam

1132 2302 1293 2345 vellemus,
1315 2302 1435 2349 possint
1454 2313 1491 2336 ex
1516 2301 1647 2336 alicuius
1680 2300 1874 2337 dubitatione

1131 2355 1295 2402 suspendi:
1318 2362 1357 2394 ‚ut
1379 2367 1514 2403 quorum
1538 2356 1682 2397 interest,
1710 2367 1875 2403 parcamus

1133 2409 1307 2451 laboribus,
1332 2418 1363 2444 et
1384 2410 1542 2457 expensis,
1564 2410 1724 2445 universas
1745 2410 1874 2452 litteras,

350 2446 476 2493 tuisque
508 2444 744 2480 successoribus
776 2441 933 2478 licentiam
967 2438 1115 2496 damus}

350 2495 438 2530 Pallii
465 2506 590 2542 quoque
617 2506 709 2528 usum
732 2491 912 2527 fraternitati
936 2500 1006 2526 tuae
1020 2502 1092 2526 con·
1258 2522 1261 2523 ⁷
1573 2518 1578 2524 .
1626 2518 1632 2524 .

350 2544 503 2585 cedimus,
526 2551 559 2579 ut
581 2543 721 2578 videlicet
754 2554 790 2577 eo
818 2540 992 2576 secundum
1015 2551 1092 2575 con·
1109 2501 1115 2590 i
1132 2520 1358 2579 S9ief¹3n¹ffloem
1408 2526 1650 2555 consecrm'oms
1689 2518 1750 2554 snb
1791 2518 1874 2555 buna

1110 2574 1262 2613 ‚dimidia
1292 2581 1486 2615 emanarunt,
1513 2585 1618 2621 parem
1645 2585 1716 2608 cum
1744 2573 1804 2608 illis
1827 2573 1874 2610 fir·

385 2613 424 2646 (ti
440 2613 558 2640 Forsitan
573 2621 706 2640 consensu.
728 2611 766 2647 (a.
778 2611 817 2645 τ.)
854 2610 894 2645 (2)
910 2610 975 2638 Vide
990 2609 1044 2638 vol.
1061 2616 1091 2640 n,
1109 2616 1115 2625 ·

349 2661 408 2689 pag.
428 2653 488 2680 575.
1109 2628 1116 2687 Ξ
1169 2646 1207 2681 (l)
1225 2646 1262 2673 Ex
1279 2646 1378 2678 Baiuz„
1399 2646 1446 2673 loc.
1463 2645 1519 2677 cit.‚
1540 2644 1623 2680 Epist.
1640 2644 1683 2672 85,

1132 2477 1210 2512 quae
1237 2464 1276 2499 ab
1303 2465 1464 2500 electionis
1486 2472 1610 2500 nostrae
1631 2463 1694 2509 die,
1715 2476 1815 2512 usque
1836 2466 1873 2500 ad

1903 239 1951 268 An.
1968 240 1996 267 C.
2016 239 2082 268 1198
