2129 3223
59 245 106 274 ln.
125 245 153 272 C.
175 246 240 272 ΝΜ

255 302 340 338 Petri
367 310 397 337 et
418 301 506 336 Pauli
527 301 741 348 apostolorum
775 313 843 336 eius
876 314 908 336 se
942 313 996 336 no-

255 351 332 387 verit
358 351 569 387 incursurum.

302 400 417 436 Datum
445 399 589 435 Laterani
612 398 717 434 idibus
751 401 834 443 maii,
873 399 1000 446 poniifi-

253 458 342 486 catus
364 450 461 485 nostri
489 461 573 484 anno
594 456 712 484 octavo.

292 510 351 541 Dat.
375 511 422 541 die
443 511 478 541 15
494 511 563 541 maii
580 510 665 547 1224,
685 511 786 550 pontif.
808 520 883 540 anno
903 520 961 540 vin.

563 682 689 717 LXXII.

255 761 455 806 Confirmatio
476 761 625 793 bonorum
646 760 795 799 omnium,
820 772 856 795 ac
870 761 1003 795 limitum

302 807 615 854 Forosemproniensis
638 810 806 852 Ecclesiae,
833 822 868 844 ac
894 813 1002 845 cums-

299 859 373 892 dam
393 859 556 892 sententiae
576 860 708 892 eiusdem
734 860 840 903 favore
861 860 899 893 ab
933 863 1003 894 Ale-

297 919 375 942 xan.
402 908 468 941 PP.
492 908 548 942 ΙΙΙ
569 909 650 942 latae
675 910 730 951 (1).

519 981 734 1012 SUMMARIUM

249 1042 439 1074 Prooemium.
450 1061 487 1065 —
498 1043 658 1073 Ecclesiam
671 1043 745 1073 hanc
758 1044 813 1073 sub
827 1045 914 1074 tutela
929 1045 956 1075 S.
972 1047 1003 1075 Α.

288 1087 404 1127 recipit:
426 1104 463 1109 —
485 1087 578 1127 Eique
591 1087 665 1117 bona
678 1088 775 1117 onmia
793 1089 954 1118 confirmat.
966 1107 1005 1112 —

288 1130 376 1162 Fines
396 1132 528 1162 eiusdem
549 1132 693 1170 designat.
711 1148 750 1154 —
770 1132 919 1162 Sententia
936 1133 1005 1163 Ale-

288 1175 391 1206 xandri
412 1174 434 1204 ll
466 1174 519 1204 Pr.
544 1176 578 1205 de
612 1175 696 1214 plebe
727 1176 761 1205 de
786 1176 944 1207 Sorbitulo.
966 1195 1005 1201 —-

288 1218 409 1250 Honor-ii
426 1219 480 1249 Pl'.
503 1224 531 1249 et
550 1219 578 1249 S.
598 1219 630 1249 Η.
649 1218 678 1249 E.
698 1220 776 1249 card.
803 1219 1002 1260 subscriptio-

288 1272 353 1293 nes.

249 1325 380 1355 Honorius
395 1326 537 1361 episeopus
556 1331 651 1353 sei-vus
663 1332 801 1353 servornm
816 1325 872 1358 Dei.
893 1332 1005 1355 venera-

293 1374 342 1403 bili
360 1374 448 1403 fratri
465 1373 587 1402 monaldo
608 1374 758 1409 Forosemp.
779 1374 913 1410 episcopo,
931 1375 1006 1403 eius-

295 1430 346 1460 que
364 1423 565 1452 successoribus
590 1423 716 1452 canonice
740 1424 951 1456 substituendis.
978 1424 1006 1452 in

293 1474 468 1509 perpetuum.

299 1531 334 1566 In
353 1530 503 1566 eminenti
533 1530 732 1576 Apostolicae
760 1531 854 1566 Sedis
876 1532 1004 1578 specula

79 1585 209 1608 rmmmn.
253 1581 439 1627 disponente
464 1579 600 1614 Domino
622 1581 800 1623 constituti,
818 1580 926 1615 fratres
953 1593 1006 1615 no-

253 1638 333 1665 stros
355 1631 521 1677 episcopos
553 1638 613 1664 tam
658 1630 875 1677 propinquos,
910 1642 1003 1677 quam

252 1679 347 1725 longe
369 1678 489 1726 positos
511 1678 645 1713 fraterna
668 1678 822 1713 debemus
855 1679 1005 1714 charitate

255 1727 397 1774 diligere,
425 1736 455 1762 et
486 1728 673 1762 commissas
706 1739 814 1762 eorum
846 1728 1006 1773 guberna-

253 1777 371 1812 nationi
401 1776 560 1811 Ecclesias
593 1777 763 1823 patrocinio
804 1776 1006 1823 Apostolicae

252 1825 345 1861 Sedis
367 1826 576 1864 communire,
604 1838 666 1871 quo
695 1838 731 1860 ex
763 1826 902 1873 suscepti
926 1839 1005 1861 exe-

254 1875 380 1910 cutione
407 1873 498 1909 officii
526 1882 611 1909 tanto
639 1875 854 1921 vigilantiores
884 1876 1006 1922 possint

254 1936 379 1970 semper
400 1925 547 1966 existere,
574 1932 690 1970 quanto
715 1936 732 1959 a
755 1936 921 1971 pravorum
956 1925 1005 1960 in-

255 1972 400 2008 cursibus
427 1973 602 2008 securiores
635 1985 668 2007 se
707 1973 839 2008 viderint
875 1986 1006 2021 perma-

257 2034 341 2058 nere.

305 2071 352 2107 Ea
390 2078 544 2118 propter,
592 2071 777 2106 venerabilis
812 2072 842 2106 in
878 2072 1006 2107 Christo

31 2113 44 2147 ¹-
59 2123 174 2147 ⁸⁶⁶¹00i⁰m
189 2126 243 2146 hm
258 2122 419 2168 episcope,
442 2121 504 2155 tuis
526 2120 617 2155 iustis
645 2121 907 2166 postulationibus
935 2122 1006 2156 cle-

61 2155 206 2212 iii’niii‘fhs'
219 2155 243 2176 '⁴'
259 2178 382 2205 menter
399 2170 579 2212 annuimus,
595 2177 624 2203 et
652 2168 1004 2217 Foroseinproniensem

258 2218 449 2263 Ecclesiam,
471 2219 521 2254 cui
551 2226 677 2253 auctore
699 2218 765 2254 Deo
788 2231 920 2266 praeesse
957 2220 1006 2254 di-

258 2268 448 2315 gnosceris,
483 2267 521 2302 ad
564 2268 723 2314 exemplar
770 2280 1004 2312 praecessorum

260 2326 438 2353 nostrorum
458 2317 558 2352 felicis
577 2318 746 2352 memoriae
767 2317 912 2358 Victoris,
936 2318 1008 2352 Ale-

261 2366 369 2402 xandri
397 2366 552 2410 secundi,
579 2364 723 2411 Gregorii
758 2367 907 2413 septimi,
946 2366 1006 2401 Pa-

261 2415 387 2459 schalis,
413 2415 613 2453 Innocentii,
652 2414 804 2461 Eugenii,
837 2415 1006 2457 Anastasii,

262 2463 403 2509 Adriani,
418 2464 587 2500 Alexandri
611 2462 664 2502 ΙΙΙ,
680 2463 768 2498 Lucii
785 2472 816 2499 et
831 2464 1004 2500 Innocentii

262 2511 476 2549 Romanorum
500 2513 690 2549 Pontificum
713 2512 772 2548 sub
807 2513 886 2548 beati
922 2514 1005 2549 Petri

298 2582 338 2618 (l)
354 2583 393 2610 Ex
409 2584 592 2619 authograpbo
612 2585 635 2610 in
653 2584 771 2611 archivio
783 2583 913 2611 Ecclesiae
931 2585 1008 2612 huius

262 2622 345 2650 edidit
359 2623 472 2658 Ugbell.,
491 2623 544 2650 ital.
564 2624 634 2654 Satn,
652 2627 716 2650 tom.
734 2631 762 2649 ιι.

878 246 1042 269 ssONORlUS
1063 246 1100 268 nt
1124 246 1169 268 ΡΙ).

1671 238 1742 271 405

1043 307 1074 335 et
1097 308 1200 335 nostra
1220 301 1414 347 protectione
1435 302 1638 349 suscipimus,
1659 308 1690 338 et
1705 314 1790 350 prae-

1043 349 1139 384 sentis
1171 350 1278 397 scripti
1319 351 1485 398 privilegio
1528 352 1787 389 communimus-4

1806 248 1858 275 An.
1877 248 1904 275 C.
1923 249 1989 276 122st

1043 406 1227 443 SlsslUflssiCS,
1253 407 1285 433 Ul
1311 412 1527 448 quascumque
1550 402 1766 449 pOSSGSSiODOS
1782 430 1790 444 ,
1819 413 1883 441 Eique
1936 414 1990 435 bon».

1043 460 1264 495 quaecumque
1306 448 1386 484 bona
1425 450 1534 485 eadem
1577 450 1715 486 Ecclesia
1762 452 1791 488 in

1044 498 1291 544 praesentiarum
1317 498 1396 534 iuste
1418 508 1448 534 ct
1469 500 1621 535 canonice
1641 500 1792 547 possidet,

1043 554 1097 581 aut
1124 547 1153 581 in
1178 547 1316 581 suun-um
1344 549 1548 584 concessione
1582 549 1792 591 Pontificum,

1045 596 1207 642 largitione
1225 608 1332 643 regum
1356 597 1401 632 vel
1426 598 1616 645 principum,
1638 599 1794 636 oblatione

1045 645 1196 685 fidelium,
1215 658 1269 680 seu
1292 646 1362 680 aliis
1386 647 1476 681 iustis
1499 648 1600 682 modis
1619 656 1794 694 praestante

1046 694 1182 729 Domino
1211 695 1483 742 poteritadipisci,
1506 696 1595 732 firma
1618 696 1686 738 tibi,
1714 699 1793 734 tuis-

1045 756 1105 789 que
1128 744 1373 784 successoribus,
1396 753 1426 779 et
1448 745 1561 780 illibata
1580 756 1793 792 permaneant,

1046 793 1075 827 in
1103 793 1219 839 quibus
1243 794 1319 828 haec
1348 795 1482 841 propriis
1509 794 1659 830 duximus
1688 797 1794 843 expri-

1047 843 1157 877 menda
1187 843 1355 878 vocabulis
1379 843 1544 879 Civitatem
1573 844 1672 891 ipsam
1700 845 1795 881 Foro-

1046 892 1318 938 semproniensem
1356 905 1427 927 cuin
1456 893 1550 936 aliis,
1581 901 1612 928 et
1646 895 1794 930 omnibus

1045 940 1111 975 suis
1139 941 1348 987 pertinentiis,
1377 941 1499 989 plebem
1531 942 1637 978 Sancti
1668 942 1793 980 Martini

1046 1002 1116 1024 cum
1141 990 1292 1036 cappellis
1313 998 1343 1024 et
1373 991 1444 1025 aliis
1471 992 1670 1038 pertinentiis
1703 994 1794 1038 suis,

1048 1039 1170 1085 plebem
1192 1039 1299 1074 Sancti
1323 1039 1496 1087 Hippolyti,
1510 1053 1580 1075 cum
1596 1041 1664 1087 ipso
1681 1051 1795 1084 castro,

1046 1087 1129 1134 qnod
1158 1087 1272 1123 dicitur
1297 1098 1432 1124 castrum
1468 1090 1574 1125 Sancti
1609 1090 1795 1139 Hippolyti,

1046 1149 1117 1171 cum
1141 1137 1293 1184 cappellis
1319 1146 1346 1171 et
1376 1138 1446 1173 aliis
1478 1138 1675 1185 pertinentiis
1706 1141 1795 1185 suis,

1048 1186 1169 1231 plebem
1193 1186 1300 1222 Sancti
1324 1186 1461 1222 Floriani
1477 1201 1549 1222 cum
1573 1197 1676 1224 castro
1697 1190 1796 1237 ipsius

1047 1235 1158 1280 plebis,
1183 1243 1214 1270 et
1239 1236 1403 1283 cappellis,
1424 1244 1454 1271 et
1488 1237 1557 1272 aliis
1601 1238 1796 1285 pertinentiis

1046 1285 1124 1325 suis,
1148 1284 1271 1331 plebem
1287 1284 1395 1319 Sancti
1418 1285 1501 1321 Petri
1522 1287 1552 1320 in
1570 1285 1705 1329 Caruco,
1724 1300 1795 1323 cum

1047 1333 1196 1380 cappellis
1218 1343 1249 1369 et
1275 1334 1344 1368 aliis
1383 1335 1581 1381 pertinentiis
1617 1336 1705 1377 suis,
1743 1350 1796 1373 ca—

1047 1390 1157 1421 strum,
1181 1382 1264 1429 quod
1288 1383 1401 1418 dicitur
1424 1383 1529 1419 Sancti
1554 1384 1690 1421 Andreae
1723 1399 1796 1421 cum

1046 1431 1194 1466 omnibns
1209 1432 1408 1478 pertinentiis
1425 1434 1505 1473 suis,
1526 1442 1662 1469 castrum
1680 1435 1797 1471 Montis

1045 1480 1171 1521 Btondi,
1199 1493 1271 1515 cum
1305 1482 1503 1527 pertineniiis
1537 1483 1622 1528 suis,
1657 1493 1798 1521 castrum

1047 1530 1162 1564 Montis
1186 1529 1338 1575 Cerasoli,
1360 1543 1432 1566 curn
1474 1532 1668 1578 pertinentiis
1707 1535 1796 1578 suis,

1046 1587 1183 1613 castrum
1207 1579 1390 1615 Parasacchi
1411 1593 1483 1616 cum
1503 1582 1700 1628 pertinentiis
1718 1584 1796 1624 suis,

1047 1637 1182 1663 castrum
1206 1628 1345 1663 Scarleni
1367 1642 1440 1665 cum
1472 1638 1557 1665 curte
1580 1639 1610 1666 et
1631 1632 1700 1666 aliis
1730 1645 1797 1680 per-

1048 1677 1186 1712 tinentiis
1221 1678 1306 1718 snis,
1340 1679 1480 1714 Montem
1521 1678 1684 1716 Felcinum
1723 1694 1795 1717 cum

1049 1726 1245 1773 pertinentiis
1271 1727 1350 1767 suis,
1372 1728 1512 1763 Montem
1540 1729 1629 1764 Orasi
1653 1742 1724 1765 cum
1744 1743 1799 1767 ca-

1048 1784 1111 1810 stro
1148 1775 1265 1810 Montis
1286 1776 1519 1813 Conversorum
1536 1806 1545 1818 ,
1581 1787 1611 1813 et
1648 1780 1797 1815 omnibus

1047 1824 1116 1859 aliis
1137 1825 1205 1859 suis
1233 1826 1443 1871 pertinentiis,
1467 1835 1618 1873 montem,
1645 1829 1697 1876 qui
1723 1829 1796 1865 olim

1047 1874 1211 1909 dicebatur
1233 1874 1377 1910 Castrum
1400 1876 1583 1921 Salvatoris,
1610 1890 1681 1912 cum
1700 1880 1798 1926 perti-

1048 1923 1161 1958 nentiis
1182 1923 1260 1964 suis,
1283 1932 1419 1960 castrum
1441 1925 1538 1961 Vallis
1556 1939 1628 1962 cum
1647 1928 1797 1964 omnibus

1050 1972 1258 2019 pertinentiis,
1285 1982 1422 2009 castrum
1445 1974 1604 2022 Carpineti
1628 1989 1699 2012 cum
1722 1990 1797 2024 per-

1049 2022 1189 2057 tinentiis
1215 2023 1305 2068 suis,
1327 2032 1463 2059 castrum
1505 2025 1624 2061 Levissi
1647 2025 1796 2074 Torquati

1048 2084 1119 2106 cum
1147 2079 1252 2116 curte,
1274 2081 1304 2108 et
1326 2073 1473 2108 omnibus
1497 2074 1564 2109 suis
1588 2076 1796 2122 pertinentiis,

1048 2129 1183 2156 castrum
1221 2121 1403 2169 Serbilungi
1443 2136 1514 2158 cum
1550 2124 1698 2159 omnibus
1732 2126 1798 2160 suis

1807 446 1875 465 omnia

1808 478 1847 494 mn
1859 481 1862 492 ;

1049 2170 1258 2216 pertinentiis,
1272 2180 1410 2206 castrum
1426 2173 1590 2219 Caspissae
1603 2186 1675 2208 cum
1708 2183 1796 2209 curte
1830 2188 1832 2190 ’

1048 2228 1077 2253 et
1098 2219 1166 2253 aliis
1180 2220 1246 2254 suis
1262 2221 1459 2267 pertinentis,
1474 2222 1696 2263 castellarium,
1711 2224 1795 2271 quod

1049 2268 1164 2302 dicitur
1196 2269 1400 2304 Rossundum
1444 2283 1515 2304 enm
1552 2271 1700 2307 omnibus
1732 2273 1797 2307 suis

1049 2318 1256 2363 pertinentiis,
1284 2331 1427 2353 mansum
1452 2332 1561 2360 unum,
1591 2333 1686 2367 quem
1713 2329 1795 2356 tenet

1050 2367 1157 2400 haeres
1178 2366 1324 2413 Raynerii
1352 2367 1390 2401 de
1417 2367 1550 2403 Girardo
1573 2369 1603 2404 in
1636 2378 1724 2405 curte
1757 2371 1797 2405 de

1048 2414 1218 2458 Nubilaria,
1241 2428 1313 2450 cum
1341 2416 1491 2451 omnibus
1513 2418 1718 2463 pertinentiis,
1732 2432 1798 2455 mo-

1051 2464 1219 2499 nasterinm
1248 2463 1354 2499 Sancti
1395 2465 1616 2514 Cliristopliori
1655 2468 1695 2504 de
1733 2467 1796 2504 Ca-=

1049 2513 1173 2547 stellaro
1194 2525 1267 2548 eum
1294 2522 1396 2549 castro
1417 2523 1445 2549 et
1468 2515 1615 2552 omnibus
1633 2518 1700 2553 suis
1721 2530 1796 2565 pei·-

1050 2562 1200 2603 tinentiis,
1224 2564 1447 2598 monasterium
1469 2564 1602 2602 Sanctae
1628 2566 1795 2604 Faustinae

1050 2624 1121 2645 cum
1142 2611 1289 2647 omnibus
1310 2612 1374 2647 suis
1396 2614 1612 2661 pertinentiis,
1636 2626 1796 2655 monastea

1912 446 1976 465 confir
