2129 3223
147 288 195 312 An.
211 284 240 310 C.
262 283 328 310 {2¹9

393 272 462 306 360

919 274 1106 299 Bruanium
1135 273 1295 295 nmtANm!

342 347 371 372 et
393 337 523 383 gloriam
542 333 620 368 dans
642 331 810 376 Dominus,
840 339 922 365 tanta
962 338 1088 364 sanctae
1126 330 1258 359 Honorius
1277 330 1419 366 opiscopus
1439 334 1534 359 servus
1547 336 1688 359 sei-vorum
1705 328 1762 362 net.
1779 328 1882 357 charis·

344 384 512 421 memoriae
537 382 706 429 Hngonem
733 380 991 416 Lincolniensem
1027 378 1087 425 epi-

153 442 474 482 ffltneutndw-scopum
512 432 686 480 praevenit,
718 438 749 466 et
787 430 1002 476 subsequutus
1042 435 1088 462 est

144 473 252 499 pulchrum
259 471 279 492 Β.
289 471 329 492 Eu-

146 504 203 529 genis
220 507 306 529 patrata.

341 484 450 531 gratia,
474 492 506 518 nt
526 482 638 517 multas
659 492 717 528 per
737 491 809 515 euni
834 480 864 513 in
898 479 957 512 vita
990 477 1088 524 ipsius

342 534 470 569 virtutes
507 531 692 578 dignaretur
721 528 906 564 mirabiliter
941 526 1087 573 operari,

341 591 371 618 et
397 593 483 618 nunc
505 580 617 616 diebus
630 580 698 614 istis
720 585 801 613 tanta
817 589 889 612 eum
909 575 1086 611 clarificavit

340 632 450 678 gloria,
472 638 506 666 ut
532 630 570 666 ad
598 629 733 664 dandam
766 627 929 662 scientiam
966 625 1088 672 primae

341 682 438 716 stolae
460 680 568 715 beatae
595 676 838 713 immortalitatis
860 675 960 722 ipsius
985 674 1090 720 sepul-

342 731 468 774 chrum,
491 729 543 764 ubi
578 740 694 775 corpus
729 725 909 773 requiescit,
945 723 1088 758 eiusdem

341 779 420 815 stola
442 779 568 815 tandem
596 776 837 813 beatificandum
865 773 1017 817 secunda,
1040 772 1090 806 di-

342 829 421 864 vinis
442 829 532 864 faciat
553 838 719 862 coruscare
746 823 920 862 miraculis,
943 823 982 857 ita
1006 821 1088 870 quod

340 879 410 914 eius
444 878 527 913 inter
572 877 649 911 alios
687 882 812 910 sanctos
852 885 914 908 non
954 871 1089 906 invocari

341 927 489 974 suffragia
510 927 550 962 sit
572 925 751 972 indignum,
772 935 845 958 cum
873 922 1001 956 lucerna
1035 933 1091 955 su-

341 989 397 1024 per
422 975 644 1012 candelabrum
667 974 708 1008 sit
734 971 892 1020 ponenda,
912 979 944 1005 ut
967 982 1089 1005 omnes.

341 1027 395 1073 qui
423 1034 497 1061 sunt
521 1026 551 1059 in
575 1024 670 1059 domo
692 1023 789 1069 ipsius
811 1020 967 1068 gaudeant
998 1019 1092 1053 bene-

342 1076 413 1111 flcio
439 1074 598 1110 claritatis.
621 1073 726 1115 Quare
742 1071 833 1106 nobis
855 1068 1092 1104 suithumiliter

341 1124 566 1172 supplicatum,
589 1131 620 1157 ut
653 1134 724 1156 eum
766 1129 944 1155 sanctornm
985 1117 1091 1152 catha-

343 1174 416 1220 logo
437 1173 613 1208 saceremns
639 1170 787 1209 adscribi,
810 1169 856 1204 vel
891 1169 1000 1203 saltem
1037 1179 1092 1201 su-

342 1236 398 1270 per
424 1221 604 1270 praemissis
634 1220 748 1267 inquiri
784 1218 967 1264 diligentius
1010 1216 1092 1251 veri-

342 1281 447 1308 tatem.
470 1271 558 1306 Licet
585 1270 679 1317 igitur
706 1277 749 1303 tot
777 1276 805 1302 et
823 1276 978 1302 tantorum
1003 1266 1092 1300 testi-

343 1321 460 1356 moniis
486 1320 610 1368 plenam
633 1318 725 1353 fldem
760 1330 816 1352 nos
856 1315 967 1351 deceat
1000 1314 1092 1349 adhi-

344 1371 430 1410 bere;
457 1369 596 1405 volentes
624 1376 729 1402 tamen
753 1367 781 1401 in
811 1374 872 1400 tam
895 1365 994 1400 arduo
1013 1363 1092 1398 facto

343 1432 415 1454 cum
443 1419 528 1454 omni
559 1417 737 1452 maturitate
768 1414 951 1462 procedere,
978 1412 1094 1448 discre-

343 1469 421 1503 tioni
443 1475 565 1503 vestrae
588 1478 644 1514 per
665 1464 836 1513 apostolica
859 1463 973 1511 scripta
1003 1474 1092 1496 man-

344 1518 468 1561 damus,
495 1524 652 1564 quatenus
674 1523 737 1550 tam
764 1516 860 1560 super
892 1513 953 1547 vita
1002 1523 1094 1558 prae-

343 1567 415 1601 dicti
439 1565 559 1606 Sancti,
573 1577 667 1612 quam
685 1562 845 1598 miraculis
859 1570 930 1597 ante
958 1568 1091 1595 mortem

343 1624 373 1651 et
395 1623 465 1664 post
487 1624 634 1655 mortem,
657 1624 780 1648 necnon
803 1611 873 1647 aliis
912 1609 1092 1645 huiusmodi

345 1665 459 1712 negotii
499 1662 745 1699 circumstantiis
779 1660 943 1708 inquiratis
965 1659 1095 1705 diligen-

345 1715 404 1749 tius
430 1714 609 1752 veritatem,
632 1720 661 1747 et
683 1723 763 1759 qnae
785 1709 979 1747 inveneritis,
1003 1707 1095 1742 nobis

344 1763 476 1798 fideliter
497 1761 688 1806 rescribatis,
712 1769 742 1795 ut
771 1772 826 1808 per
853 1766 986 1794 vestram
1016 1756 1094 1792 rela-

343 1813 462 1847 tionem
477 1811 618 1847 instructi
637 1809 844 1858 procedamus
858 1807 985 1851 exinde,
1001 1814 1096 1854 prout

344 1861 522 1897 secundum
533 1861 636 1896 Deum
652 1859 824 1894 viderimus
843 1856 1092 1905 procedendum.

344 1911 436 1954 Quod
461 1911 567 1945 sinon
595 1921 706 1944 omnes
733 1908 782 1942 his
804 1905 996 1954 exequendis
1038 1917 1095 1951 po-

345 1960 469 1996 tueritis
495 1959 658 1999 interesse,
681 1957 744 1992 duo
773 1964 909 1991 restrum
933 1967 967 1989 ea
984 1954 1095 1988 nibilo-

346 2011 451 2054 minus
473 2011 681 2055 exequantur.

393 2057 510 2094 Datum
532 2056 654 2092 Romae
676 2055 759 2102 apud
783 2054 936 2090 Sanctum
967 2052 1094 2087 Petrum

347 2108 457 2156 quinto
479 2106 630 2142 kalendas
656 2105 740 2144 maii,
769 2103 969 2152 pontificatus
997 2101 1095 2136 nostri

1173 380 1241 409 simo
1259 380 1288 408 in
1307 373 1417 409 christo
1439 379 1496 408 filio
1514 377 1607 408 Iacobo
1641 378 1794 414 Aragonnm
1822 378 1883 413 regi

1172 429 1288 463 illustri,
1304 429 1419 458 salutem
1432 431 1462 459 et
1471 427 1650 466 apostoticam
1661 427 1881 458 benedlctionem.

1178 493 1383 528 Sacrosancta
1410 491 1551 527 Romana
1572 491 1713 527 Ecclesia
1740 492 1789 539 pia
1820 503 1882 527 ma·
1928 495 2046 517 Ewfflm-

1129 550 1175 576 ter
1197 541 1326 577 devotos
1347 550 1378 577 et
1400 541 1537 576 humiles
1564 541 1644 577 filios
1675 541 1713 576 ad
1758 541 1882 589 pietatis

1129 603 1205 626 suae
1232 591 1388 638 gremium
1416 598 1636 632 recurrentes,
1673 602 1736 625 non
1776 591 1880 626 solum

1130 640 1264 676 honorat
1285 640 1501 688 amplexibus,
1532 652 1641 675 verum
1684 640 1777 675 etiam
1813 652 1883 675 ma-

1131 699 1238 725 ternae
1259 690 1483 725 consolationis
1511 689 1609 724 nutrit
1635 688 1811 729 uberibus,
1851 696 1880 724 et

1130 740 1254 779 exaltat,
1281 739 1351 775 illos
1373 740 1534 774 dumtaxat
1558 738 1748 785 diligentiori
1775 738 1881 773 studio

1131 789 1289 832 refovens,
1318 801 1398 836 quos
1436 789 1536 835 magis
1577 799 1653 823 suae
1678 787 1882 823 recreationis

1131 838 1229 872 cernit
1244 838 1355 873 solatio
1377 838 1528 884 indigere.
1552 837 1657 872 Huius
1678 849 1793 884 nempe
1820 849 1881 872 ma·

1131 888 1187 921 tris
1213 887 1415 922 dulcedinem
1455 899 1517 922 non
1558 887 1715 921 immerito
1756 894 1882 932 gustare

1132 936 1313 971 desiderant
1326 948 1414 982 reges
1435 944 1465 971 et
1480 936 1640 984 principes
1664 935 1750 970 orbis
1783 944 1883 971 terrae

1133 998 1189 1032 pro
1211 994 1296 1020 certo
1322 987 1471 1027 scientes,
1507 985 1592 1032 quod
1631 985 1657 1020 si
1691 985 1763 1019 cius
1805 997 1884 1032 pru-

1132 1035 1244 1069 denter
1271 1035 1447 1082 receperint
1468 1033 1679 1081 disciplinam,
1702 1041 1737 1068 ut
1759 1042 1790 1069 et
1825 1033 1884 1068 be-

1134 1084 1321 1119 nedictionis
1343 1097 1418 1119 suae
1447 1091 1625 1118 mereantur
1645 1084 1746 1130 gratia
1773 1082 1884 1117 confo-

1134 1134 1209 1176 veri,
1233 1133 1318 1168 nulla
1337 1134 1382 1168 eis
1411 1134 1523 1181 poterit
1552 1145 1666 1167 nocere
1699 1132 1882 1172 adversitas,

1133 1183 1209 1229 quin
1232 1182 1405 1229 procedant
1428 1194 1589 1229 prospere,
1614 1190 1709 1228 atque
1736 1190 1880 1228 regnent.

1133 1231 1201 1267 Hac
1217 1232 1321 1279 itaque
1334 1232 1587 1266 consideratione
1603 1231 1765 1272 inductus,
1778 1230 1885 1271 nobis,

1134 1281 1177 1316 fiti
1204 1281 1410 1322 charissime,
1437 1280 1645 1328 supplicasti,
1680 1288 1715 1315 ut
1758 1289 1787 1315 te
1824 1280 1886 1315 sub

1133 1330 1253 1365 alarum
1295 1340 1472 1366 nostrarum
1523 1330 1634 1365 umbra
1680 1329 1886 1377 dignaremur

1134 1388 1321 1427 protegere,
1368 1392 1403 1414 ac
1447 1380 1653 1427 protectionis
1694 1378 1886 1427 apostolicae

1134 1429 1243 1476 clypeo
1270 1429 1480 1464 communire.
1507 1428 1572 1463 Nos
1595 1428 1691 1475 igitur
1713 1427 1815 1463 clarae
1834 1427 1885 1463 dc-

1134 1478 1269 1513 votionis
1315 1487 1345 1512 et
1391 1477 1463 1512 fidei
1496 1478 1673 1524 puritatem,
1716 1489 1812 1524 quam
1846 1475 1883 1511 ad

1135 1526 1235 1562 Deum
1276 1535 1305 1561 et
1328 1528 1427 1574 ipsam
1456 1526 1630 1563 Ecclesiam
1671 1527 1886 1573 progenitores

1136 1585 1207 1611 tuos
1241 1576 1389 1612 habuisse
1411 1575 1582 1610 didicimus
1609 1575 1806 1617 recolentes;
1837 1583 1884 1609 at-

1135 1625 1300 1661 tendentes
1321 1637 1472 1673 quoque,
1494 1624 1580 1672 quod
1604 1634 1632 1659 te
1660 1624 1792 1672 inclytae
1834 1636 1886 1660 re-

1136 1675 1328 1710 cordationis
1369 1674 1400 1709 M
1410 1701 1492 1709 .......
1546 1674 1655 1721 regina
1700 1675 1885 1721 Aragonum

1138 1732 1236 1759 mater
1257 1731 1310 1758 tua
1333 1736 1404 1758 cum
1441 1732 1520 1759 terra
1547 1732 1577 1758 et
1598 1723 1667 1758 aliis
1692 1723 1786 1759 bonis
1822 1723 1886 1758 tuis

1136 1774 1238 1808 eidem
1282 1772 1442 1808 Ecclesiae
1488 1772 1741 1814 commendavit;
1789 1783 1887 1820 agens

1137 1823 1255 1857 dudum
1279 1822 1361 1868 apud
1385 1822 1500 1857 Setlem
1523 1822 1740 1868 Apostolicam
1767 1823 1796 1857 in
1831 1833 1887 1856 ex-

1139 1873 1258 1914 tremis,
1282 1881 1404 1906 nostrac
1429 1872 1482 1907 tibi
1505 1872 1683 1906 dilectionis
1706 1870 1887 1919 praecordia

1139 1921 1270 1967 dignum
1298 1921 1447 1955 duximus
1469 1921 1602 1968 aperire,
1642 1929 1799 1968 quatenus
1832 1921 1887 1967 qui

1139 1971 1168 2005 in
1188 1980 1287 2005 aetate
1314 1979 1420 2005 tenera
1439 1983 1507 2006 esse
1537 1969 1730 2017 dignosceris
1767 1970 1887 2005 consti-

1139 2028 1236 2059 tutus,
1271 2019 1347 2054 dum
1395 2019 1506 2054 favoris
1548 2018 1712 2066 apostolici
1749 2019 1886 2054 brachiis

1138 2069 1354 2104 substentatus
1386 2068 1494 2113 fueris,
1541 2068 1680 2103 roborari
1721 2068 1887 2103 adiuvante

1139 2118 1275 2153 Domino
1310 2118 1413 2153 valeas
1427 2126 1457 2153 et
1471 2119 1632 2165 suscipere
1646 2118 1884 2152 incrementum.

1898 269 1949 295 An.
1967 268 1997 295 C.
2010 266 2081 295 ¹219

347 2161 430 2204 anno
452 2156 554 2203 tertio,

371 2210 431 2241 Dat.
455 2209 503 2240 die
524 2209 562 2239 27
586 2208 688 2248 aprilis
713 2207 794 2242 1219,
814 2205 916 2246 pontif.
941 2214 1016 2234 anno
1035 2213 1073 2234 ιιι.

1140 2167 1248 2213 Regiis
1279 2168 1382 2214 itaque
1420 2167 1703 2214 supplicationibus
1735 2167 1885 2201 inclinati.
1902 2170 1991 2212 'negem
2029 2175 2084 2221 Are·

1141 2229 1305 2264 personam
1329 2225 1426 2257 tuam,
1450 2229 1581 2262 regnum
1615 2216 1801 2262 Aragoniae,
1829 2206 2018 2258 ter-{33ssqssii
2032 2207 2085 2257 pii]

1141 2278 1204 2301 ram
1228 2265 1444 2306 Catltaloniae,
1466 2266 1569 2300 villam
1586 2273 1616 2301 et
1637 2272 1750 2300 terram
1770 2264 1887 2300 Montis
1901 2264 1998 2320 ζζξξξνῖξ
2021 2260 2041 2283 ⁵·
2058 2263 2085 2282 Α·

1141 2320 1304 2356 pessulani
1332 2333 1404 2356 cum
1424 2319 1574 2355 omnibus
1595 2319 1664 2354 aliis
1694 2318 1787 2354 bonis
1813 2320 1887 2361 tuis,

1140 2376 1264 2421 quaein
1289 2375 1537 2422 praesentiarum
1566 2372 1791 2408 rationabiliter
1819 2385 1888 2421 pos-

1140 2428 1235 2473 sides,
1262 2429 1311 2463 vel
1334 2429 1521 2464 infuturum
1546 2427 1634 2462 iustis
1662 2426 1763 2461 modis
1795 2439 1887 2474 prae·

1140 2491 1240 2518 stante
1267 2483 1406 2518 Domino
1424 2483 1540 2530 poteris
1561 2481 1707 2529 adipisci,
1725 2480 1784 2516 sub
1807 2481 1886 2517 beati

1139 2536 1222 2572 Petri
1245 2547 1275 2572 et
1297 2546 1401 2572 nostra
1415 2537 1616 2584 protectione
1637 2535 1841 2583 suscipimus,
1857 2543 1886 2570 et

1141 2592 1313 2638 praesentis
1340 2592 1447 2639 scripti
1488 2590 1660 2638 patrocinio
1701 2590 1887 2626 communi-

1141 2657 1221 2679 mus.
1244 2643 1328 2678 Nulli
1351 2657 1426 2688 ergo
1453 2644 1580 2678 omnino
1603 2643 1768 2678 hominurn
1793 2643 1884 2678 liceat

650 2313 799 2349 XXXVI.

350 2377 460 2410 Iacobo
481 2379 665 2420 Araqouum
691 2374 767 2418 regi,
784 2373 904 2416 eiusque
930 2381 1035 2414 reyrw.
1072 2376 1099 2402 et

396 2426 484 2458 bonis
521 2424 708 2470 apostolicae
742 2421 936 2467 protectionis
982 2420 1099 2464 clypeus

397 2475 577 2520 ὁπάαὶςειω·
596 2475 654 2515 (1).
748 2517 751 2520 ‚

617 2526 831 2560 SUMMARttj-trt

352 2578 516 2608 Exordium.
527 2577 691 2616 -Regem‚
699 2583 883 2614 regnumque
891 2572 1099 2611 Aragonissuh

390 2618 571 2657 protectione
591 2616 630 2647 'S.
655 2617 686 2646 Α.
715 2616 846 2654 suscipit.
874 2631 912 2637 -
933 2614 1098 2644 Clausulae.

388 2665 427 2696 (l)
444 2665 480 2691 Ex
499 2665 603 2699 Regest.
623 2665 706 2691 Vatic.
