2129 3223
137 251 186 276 An.
205 249 233 276 C.
252 250 317 276 ¹265

384 238 451 272 728

331 303 499 339 admonere
517 299 681 348 populum,
703 307 733 333 et
754 298 968 346 eleemosynas
983 300 1096 345 quae-'3
1117 305 1255 332 tenorem
1280 297 1510 345 privilegiorum
1534 296 1734 346 Apostolicae
1755 296 1860 341 Sedis,

333 365 398 388 rere
426 349 628 399 permittatis,
656 348 839 384 confratrias
865 360 944 395 quas
973 347 1073 382 facere
1093 348 1095 362 ¹
1115 346 1154 381 de
1176 346 1323 382 omnibus
1345 347 1495 384 fructibus
1524 358 1634 388 terrae,
1655 346 1771 395 quibus
1793 358 1862 395 pro-

332 403 463 449 potestis
505 399 661 448 quotidie,
702 399 842 446 ipsorum
881 397 1072 436 confratriis,
1093 414 1096 448 1
1116 396 1182 443 pria
1216 396 1368 433 industria
1389 407 1442 435 aut
1468 398 1613 447 expensis
1634 394 1741 433 colunt
1766 405 1797 432 et
1814 396 1861 432 la-

891 242 1078 267 BULLAMUM
1105 241 1268 264 Romnum

297 475 309 487 .
329 463 409 499 quae
442 449 539 486 semel
579 449 608 483 in
644 460 726 484 anno
767 448 861 489 fiunt,
895 447 1074 482 nullatenus
1094 454 1095 470 l
1115 446 1239 487 borant,
1273 459 1309 482 ac
1330 448 1421 483 etiam
1444 448 1484 484 de
1511 447 1712 484 nutrimentis
1732 447 1862 481 anima-

147 703 175 721 ΑΙ,
191 704 314 729 oppressio-

133 735 192 753 nibus
202 733 314 753 defendan—

133 769 160 783 ini

146 1401 176 1420 Ad
210 1399 314 1427 hospitate

132 1432 185 1452 aiios
217 1432 314 1458 recipere

133 1463 220 1488 possint.

159 1700 291 1728 Sepelianttu·

192 1734 261 1758 gratis.

329 508 566 548 praeponenteS,
602 510 640 534 ne
662 497 826 534 occasione
853 498 974 533 illarum
997 476 1096 541 elec-l
1117 496 1191 530 lium
1219 509 1361 542 suorum,
1401 511 1457 534 nec
1492 498 1530 532 de
1558 498 1637 545 ipsis
1671 495 1862 532 animalibus

329 562 477 598 mosynae
505 560 679 597 pauperum
701 547 816 584 Christi
839 547 1026 594 depereant,
1044 554 1073 580 et
1116 544 1256 581 decimas
1282 559 1405 594 exigere
1432 548 1649 596 praesumatis.

330 599 540 646 impediantur
570 611 663 646 opera
696 599 827 645 pietatis.
1165 599 1179 639 ἓ
1204 600 1233 630 7.
1256 596 1337 631 Cum
1361 606 1465 633 autem
1493 597 1642 637 oratoria,
1669 595 1715 630 vel
1737 606 1863 630 coeme-

377 653 392 693 ξ
420 651 452 684 5.
482 648 530 684 De
557 647 754 694 parochianis
775 656 878 682 autem
906 645 991 684 viris,
1021 644 1073 691 qui
1117 646 1203 685 teria,
1229 647 1405 682 secundum
1429 646 1512 695 quod
1538 646 1583 681 eis
1600 653 1648 680 est
1673 644 1861 680 heneficium

331 698 441 734 domos
465 698 589 734 illorum
614 698 764 732 invadunt
792 709 846 744 per
878 695 1074 739 violentiam,
1118 695 1350 743 privilegiorum
1392 697 1554 732 Ecclesiae
1588 695 1750 730 Romanae
1786 706 1863 729 con-

331 749 375 783 rel
400 748 585 794 infringunt,
611 755 664 781 aut
687 747 833 781 indebitis
853 744 1004 780 molestiis
1021 755 1075 791 op·
1094 740 1097 765 l
1115 757 1251 786 cessum,
1267 746 1413 782 duxerint
1431 745 1653 786 construenda,
1669 757 1735 788 vos,
1755 743 1864 779 fratres

330 799 469 844 primunt
495 797 605 832 fratres
632 797 728 843 ipsos,
763 804 793 830 et
828 804 889 830 tan]
922 794 1074 840 deposita,
1094 813 1097 838 Ι
1116 794 1344 843 archiepiscopi
1373 804 1402 831 ot
1431 795 1589 843 episcopi,
1616 795 1661 829 eis
1689 805 1745 841 pro
1770 805 1804 828 se
1833 801 1864 828 et

328 860 422 894 quam
441 859 492 882 res
518 846 680 893 decipiunt
705 846 902 885 eorumdem,
925 855 996 878 cum
1018 856 1076 878 ex-
1094 841 1097 879 Ξ
1117 843 1232 879 familia
1254 858 1308 880 sua
1332 855 1451 881 tantum
1473 846 1606 880 oratoria
1629 844 1786 879 orantium
1814 842 1866 877 de·

329 897 400 931 inde
426 897 654 945 querimoniam
686 895 849 943 posuerint
886 905 991 929 coram
1019 905 1075 928 vo-
1094 899 1097 949 ἱ
1116 893 1237 936 dicare,
1268 907 1303 930 ac
1327 895 1551 931 coemeterium
1579 893 1767 929 benedicere
1789 904 1865 940 pro·

329 946 392 987 bis,
416 955 476 981 tam
497 946 668 981 districtam
696 945 741 980 eis
763 944 910 979 iustitiam
938 943 1074 983 faciatis,
1094 953 1097 979 Ι
1116 944 1244 985 curetis,
1279 956 1337 979 nec
1369 945 1485 992 aliquis
1512 952 1649 979 vestrum
1680 950 1787 978 contra
1817 949 1864 977 te-

327 1004 358 1031 et
384 996 423 1030 ita
445 996 512 1030 iura
535 1007 642 1030 eorum
675 993 844 1029 defendere
870 1000 900 1028 et
930 1001 1075 1027 manute-

328 1057 402 1080 nere
427 1045 559 1086 curetis,
587 1044 672 1092 quod
700 1044 759 1092 ipsi
788 1043 825 1078 ad
855 1055 909 1078 vos
931 1055 987 1090 pro
1011 1042 1075 1077 de—

327 1094 410 1130 fectu
437 1094 572 1130 iustitiae
605 1106 699 1140 saepe
733 1105 894 1128 recurrere
922 1104 984 1127 non
1013 1104 1075 1127 co-

1116 1004 1224 1028 norem
1259 994 1492 1041 privilegiorum
1519 994 1676 1041 ipsorum,
1704 992 1735 1026 id
1762 991 1864 1040 impe-

1116 1042 1184 1078 dire
1210 1044 1323 1079 audeat
1345 1045 1561 1092 aliquatenus,
1584 1042 1631 1078 vel
1652 1041 1789 1077 turbare.

1164 1095 1234 1136 58.
1266 1092 1314 1128 De
1336 1104 1458 1130 caetero
1491 1105 1637 1141 quoque,
1670 1091 1779 1126 fratres
1807 1102 1861 1125 seu

1875 242 1925 269 An.
1942 243 1972 270 C.
1988 243 2053 271 ¹265

1886 303 1985 325 Decimae
1994 305 2018 325 ab
2028 307 2060 326 eis

1874 341 1916 356 non
1932 336 2058 362 exigendae.

1902 604 2034 627 Coemeterta

1877 638 1959 664 pnsnint
1985 637 2059 658 aediti-

1877 673 1933 689 ιΊΙἙ.

1898 1096 2034 1124 Deponentes

1876 1127 1968 1148 habitum
1996 1132 2060 1148 coer-

326 1152 450 1190 gantur,
478 1154 507 1179 et
526 1152 588 1178 'nos
605 1143 848 1178 sollicitudinem
871 1151 901 1176 et
922 1141 1074 1176 obedien-
1093 1153 1096 1182 ς
1116 1143 1250 1183 milites,
1287 1155 1321 1178 ac
1349 1144 1481 1179 donatos
1503 1143 1633 1178 militiae
1656 1139 1783 1189 praefati
1804 1140 1863 1175 ho-
1879 1163 1972 1180 cmm,

327 1194 400 1229 tiam
422 1202 555 1229 vestram
578 1193 748 1228 debeamus
772 1192 884 1227 merito
906 1203 1073 1226 commen—

327 1243 411 1288 dare,
434 1256 551 1292 vosque
574 1242 904 1289 beneficiorum,quae
919 1241 949 1275 in
967 1250 1073 1276 sancta

328 1293 422 1328 domo
444 1293 494 1328 illa
518 1293 614 1333 fiunt,
638 1292 804 1340 participes
826 1291 974 1326 existatis.

376 1346 391 1386 ξ
419 1346 451 1377 4.
486 1342 672 1386 Praeterea,
703 1341 818 1376 liberas
856 1350 885 1375 et
915 1340 1075 1375 absolutas

329 1404 496 1439 personaS,
523 1404 603 1439 quae
629 1391 758 1426 domum
786 1402 894 1425 eorum
925 1390 956 1424 in
984 1390 1074 1424 sani-

330 1450 390 1476 tate
414 1441 461 1475 vel
484 1441 663 1476 infirmitate
686 1447 801 1487 petent,
824 1439 933 1483 libere,
955 1447 985 1474 et
1007 1440 1074 1474 sine

330 1491 473 1526 molestia
507 1491 603 1538 recipi
636 1490 822 1538 permittatis
854 1489 893 1524 ab
919 1489 980 1527 eis.
1017 1501 1075 1524 nec

330 1542 415 1588 ipsos
441 1552 537 1588 super
562 1540 622 1576 hoc
650 1539 851 1588 reciprocetis
878 1538 1075 1586 aliquatenus

331 1590 493 1637 impedire.

379 1643 394 1682 ξ
421 1642 453 1675 5.
470 1639 549 1675 lllud
572 1640 664 1674 etiam
679 1651 741 1674 non
756 1637 957 1673 mediocriter
972 1646 1075 1672 movet

329 1702 399 1733 nos,
427 1702 484 1724 nec
505 1689 665 1724 modicum
688 1688 845 1723 Ecclesiae
867 1686 994 1734 derogat
1021 1687 1074 1722 ho·

330 1739 453 1784 nestati,
479 1739 562 1787 quod
585 1738 710 1786 quidam
734 1745 872 1772 vestrum
895 1746 1002 1772 contra
1025 1737 1075 1771 in-
1095 1752 1097 1759 >

329 1789 506 1825 stitutiones
543 1797 723 1824 sanctorum
751 1787 878 1822 Patrum
906 1787 937 1821 in
962 1786 1097 1821 B0‹to-<

329 1839 419 1874 nensi
454 1839 586 1874 concilio
627 1838 740 1881 editas,
773 1837 902 1872 fratrum
942 1837 1097 1872 Militum*

1115 1192 1236 1239 spitalis
1265 1194 1294 1227 in
1319 1195 1428 1228 vestris
1454 1191 1688 1240 episcopatibus
1714 1190 1862 1225 constitu-

1117 1250 1180 1284 tos,
1209 1243 1261 1290 qui
1285 1255 1409 1278 crucem
1432 1251 1463 1278 et
1484 1243 1624 1277 divinum
1649 1240 1790 1276 habitum
1815 1239 1863 1275 de-

1117 1301 1249 1339 ponunt,
1271 1301 1301 1327 et
1337 1293 1419 1341 quod
1442 1305 1478 1328 ac
1500 1304 1554 1340 per
1581 1290 1744 1326 illecebras
1770 1288 1864 1324 simul

1115 1350 1146 1376 et
1180 1343 1326 1377 vitiorum
1362 1342 1494 1390 abrupta
1533 1351 1699 1388 vagantur,
1732 1346 1763 1374 ct
1795 1339 1865 1374 illos

1116 1392 1222 1436 etiam,
1256 1393 1307 1439 qui
1338 1392 1495 1439 prioribus
1515 1392 1583 1426 suis
1609 1399 1813 1425 contumaces
1833 1396 1865 1424 et

1116 1441 1250 1476 rebelles
1277 1442 1415 1477 existunt
1437 1450 1467 1477 et
1497 1441 1620 1476 bolinas
1641 1439 1864 1475 detinentcon-

1094 1521 1096 1526 .
1117 1498 1161 1526 tra
1184 1491 1374 1527 voluntatem
1399 1492 1553 1539 ipsorum,
1575 1490 1729 1526 moneatis
1750 1490 1864 1524 instau-

1117 1548 1174 1581 ter,
1201 1549 1231 1575 et
1253 1553 1309 1588 pro
1336 1541 1427 1576 officii
1449 1542 1541 1576 vestri
1565 1540 1671 1575 debito
1693 1538 1865 1586 compella-

1117 1590 1178 1635 tis,
1205 1599 1238 1625 ut
1260 1590 1399 1625 habitum
1418 1591 1598 1638 depositum
1622 1596 1863 1629 reassumentes,

1117 1640 1146 1674 in
1170 1640 1349 1675 obedientia
1373 1642 1583 1687 praelatorum
1610 1652 1738 1674 suorum
1754 1638 1864 1673 devote

1116 1698 1145 1724 et
1169 1690 1328 1725 humiliter
1351 1698 1572 1737 perseverent,
1599 1697 1629 1724 et
1658 1689 1779 1723 bolinas
1800 1687 1864 1722 sive

1117 1739 1174 1773 alia
1197 1740 1296 1774 officia
1317 1752 1372 1786 per
1389 1740 1566 1774 violentiam
1592 1738 1677 1773 nullo
1701 1737 1794 1773 modo
1814 1736 1865 1772 de-

1119 1789 1218 1824 tinere
1264 1797 1476 1837 praesumant.
1521 1789 1721 1835 Quicumque
1759 1795 1863 1823 autem

1119 1838 1335 1874 mandatorum
1377 1847 1552 1875 vestrorum
1589 1838 1747 1873 extiterint
1781 1848 1865 1872 cou—

330 1901 365 1923 ac
396 1889 582 1923 donatorum
617 1889 756 1936 ipsorum
791 1898 942 1934 corpora,
977 1899 1074 1934 quum
1096 1922 1098 1938 ι
1118 1898 1300 1936 temptores,
1339 1888 1673 1924 excommunicationis
1707 1886 1864 1922 sententia

331 1938 499 1982 decedunt,
518 1937 628 1973 nolunt
640 1938 706 1972 sine
723 1937 821 1984 pretio
835 1936 971 1982 sepeliri.
986 1935 1076 1971 Unde
1096 1965 1098 1988 f
1118 1951 1172 1974 eos
1198 1938 1411 1986 compellatis;
1439 1950 1532 1986 quam
1555 1938 1676 1973 faciatis
1703 1948 1804 1983 usque
1825 1934 1864 1971 ad

331 1988 402 2036 quia
435 1996 494 2023 tam
519 2000 609 2035 prava
636 1988 756 2023 exactio
777 1994 808 2021 et
830 1987 934 2033 iniqua
950 1999 1011 2021 non
1032 1994 1077 2021 est
1096 1990 1098 2026 ξ
1117 1987 1362 2023 satisfactionem
1411 1988 1602 2034 condignam
1646 1985 1866 2021 inviolabiliter

331 2037 528 2085 aliquatenus
555 2036 727 2077 toleranda,
750 2036 780 2070 in
803 2035 1000 2072 obedientiae
1021 2048 1078 2070 vo—
1096 2030 1099 2091 ᾗ
1118 2037 1286 2074 observari.
1315 2037 1480 2073 Praeterea
1502 2038 1694 2085 quicumque
1714 2035 1864 2070 beneficia

332 2087 380 2122 bis
404 2088 513 2122 virtute
537 2087 756 2134 praecipimus,
781 2094 813 2121 ut
836 2085 923 2120 nullo
944 2086 1038 2121 modo
1060 2097 1077 2120 a
1096 2093 1098 2098 ¹
1120 2087 1340 2132 persolverint,
1383 2088 1543 2123 annuatim
1571 2088 1615 2122 eis
1637 2087 1675 2121 de
1701 2084 1864 2120 beatorum

333 2136 479 2172 fratribus
500 2145 530 2171 et
553 2137 697 2184 personis
715 2136 894 2183 praedictis,
923 2136 969 2170 vel
997 2136 1075 2175 aliis,
1119 2136 1202 2171 Petri
1237 2145 1267 2171 et
1304 2136 1391 2171 Pauli
1432 2138 1647 2185 apostolorum
1681 2135 1865 2170 auctoritate

335 2199 390 2234 pro
414 2185 574 2234 sepultura
609 2186 781 2234 quidquam
805 2186 930 2231 exigere
961 2185 1006 2219 vel
1031 2198 1078 2220 ac·
1096 2172 1099 2232 l
1119 2186 1239 2226 conlisi,
1273 2187 1439 2234 septimam
1474 2195 1592 2234 partem
1620 2186 1778 2220 iniunctae
1804 2183 1863 2218 sibi

333 2237 450 2283 cipere,
477 2236 536 2270 nisi
563 2235 627 2282 ipsa
653 2243 823 2283 spontanea
857 2235 1099 2270 decedentium:
1120 2237 1331 2283 poenitentiae
1362 2237 1546 2271 relaxamus.

335 2285 520 2322 liberalitas,
553 2285 599 2320 vel
639 2292 803 2332 parentum
842 2284 964 2320 devotio
992 2275 1100 2320 vobisl
1168 2290 1183 2329 g
1209 2288 1242 2320 9.
1271 2286 1450 2332 Apostolica
1473 2297 1598 2334 quoque
1624 2284 1807 2319 auctoritate
1825 2282 1865 2317 ol)

335 2335 520 2376 contulerit,
555 2336 727 2370 attentetis:
767 2334 820 2369 sed
860 2334 978 2382 absque
1013 2334 1078 2369 ullo
1097 2324 1099 2355 l
1120 2335 1325 2370 reverentiam
1351 2337 1452 2383 ipsius
1479 2348 1548 2371 ven.
1572 2334 1733 2380 hospitalis
1762 2332 1865 2367 sanci-

335 2386 434 2431 pretio
459 2384 618 2432 sepeliatis
640 2396 770 2432 corpora
796 2393 989 2419 mortuorum
1005 2413 1012 2424 ,
1044 2391 1079 2419 ut
1097 2360 1101 2426 l
1120 2397 1202 2424 mus,
1231 2392 1263 2419 ut
1286 2386 1333 2420 liis
1355 2385 1406 2432 qui
1434 2398 1544 2420 eorum
1571 2384 1795 2419 fraternitatem
1815 2394 1865 2417 as-

336 2434 454 2481 siquis
487 2436 616 2470 ulterius
650 2435 709 2469 hoc
740 2436 950 2472 attentaverit,
981 2431 1285 2479 taliteriscruerint,
1322 2436 1346 2469 si
1376 2435 1477 2470 forsan
1505 2434 1682 2478 Ecclesiae,
1715 2432 1752 2468 ad
1788 2445 1866 2480 quas

336 2484 499 2519 advertatis
522 2485 552 2520 in
575 2497 659 2523 eum,
680 2484 763 2531 quod
779 2484 891 2519 similia
911 2497 972 2520 non
992 2496 1081 2532 prae·
1121 2492 1288 2531 portznent,
1317 2497 1333 2519 a
1356 2484 1468 2520 divinis
1495 2485 1604 2520 oliiciis
1631 2482 1746 2518 suerint
1768 2483 1866 2518 inter-

337 2542 448 2568 sumat.
1121 2534 1239 2575 dictae,
1268 2535 1417 2581 ipsosque
1446 2535 1523 2569 mori
1551 2533 1731 2579 contigerit,
1758 2532 1866 2580 sepul-

386 2584 453 2626 §6.
478 2583 525 2617 Ad
549 2584 643 2627 haee,
671 2584 879 2630 praesentium
908 2584 996 2620 vobis
1016 2595 1079 2618 au-
1121 2592 1221 2618 turam
1249 2584 1495 2620 ecclesiasticam
1533 2595 1595 2618 non
1630 2591 1769 2629 neget's,
1804 2582 1864 2616 nisi

339 2632 477 2666 ctoritate
512 2633 740 2680 praecipimus,
769 2646 807 2669 ne
838 2637 876 2669 ab
907 2635 951 2668 cis
973 2642 1078 2668 contra
1097 2656 1102 2675 ¹·
1121 2635 1431 2675 excommunicatus,
1459 2634 1503 2668 vel
1528 2633 1709 2668 nominatim
1736 2631 1865 2666 interdi-

1894 2284 1986 2307 Mortuos
2001 2290 2062 2312 sepe-

1880 2316 1926 2341 lire,
1950 2319 1971 2338 et
1994 2316 2062 2338 colle-

1880 2349 1962 2369 ctiones
1977 2352 2062 2374 recipe-

1880 2384 1902 2399 re
1918 2379 2007 2405 possint,
