2129 3223
124 283 174 308 An.
193 281 220 308 (ἶ,
239 281 305 307 ¹255

368 271 438 302 490

319 335 447 382 peribus
474 332 688 379 multipliciter
708 331 898 366 allius-ntem.
916 331 1058 373 Quorum
1078 331 1083 345 ¹

318 385 356 419 ab
378 391 475 418 aetate
503 393 629 422 tenera,
663 381 756 415 tutrix
784 392 853 416 esse
880 380 1060 415 desiderans

318 442 346 467 ct
369 432 511 477 amatrix,
538 443 575 466 eo
593 430 676 478 quod
699 431 793 466 sciret
813 431 960 478 perennis
982 431 1060 464 vitae

318 482 490 529 praemium
518 481 705 516 dilectorum
740 479 806 515 Deo
840 480 958 527 acquiri
992 492 1062 514 me-

317 533 384 566 ritis
406 543 609 578 aegenorum,
630 530 709 566 adeo
735 529 948 564 conditionem
972 529 1059 576 ipso-

318 594 384 616 rum
414 590 531 628 gratam
559 580 617 615 sibi
640 580 817 618 constituit,
839 592 931 627 quam
967 586 1060 613 natu-

316 631 420 665 raliter
453 630 624 665 saecularis
645 630 737 664 elatio
763 629 944 676 vilipendit;
975 628 1058 675 quod

314 681 408 714 etiam
431 681 525 715 licitis
557 679 625 714 sibi
640 679 773 719 delitiis,
805 691 882 726 quas
909 677 1058 711 offerebat

313 739 411 764 status
439 738 469 765 et
491 729 672 765 excellentia
693 728 888 774 coniugalis,
916 727 1060 762 deductis
1079 725 1081 788 Ἰ

315 779 430 826 pluries
464 781 493 814 in
528 787 761 826 contemptum,
794 789 910 824 corpus
941 776 1081 818 thelica-t

314 838 380 864 tum
403 838 434 864 et
455 838 597 865 tenerum
622 828 773 864 reddebat
795 827 938 862 assiduae
962 827 1060 873 parsi·
1079 825 1081 855 !

315 879 438 921 moniae
475 879 585 914 studio
624 886 839 916 maceratum,
874 884 959 910 tanto
999 876 1057 911 sibi

314 929 417 964 meriti
440 930 612 976 quantitate
635 928 814 974 proficiens,
836 935 953 973 quanto
975 926 1057 972 qnod

314 987 426 1025 sponte
454 979 590 1025 geritur,
618 978 745 1012 maioris
776 977 893 1023 gratiae
919 975 1059 1023 praemio

314 1037 507 1063 muneratur.
546 1028 628 1070 Quid
667 1026 768 1062 ultra?
801 1025 954 1072 Quaeque
994 1026 1058 1059 iura

313 1078 474 1124 sanguinis
506 1078 537 1112 in
562 1089 717 1124 supernae
744 1075 935 1110 desiderium
965 1084 1081 1126 trans-1

314 1127 417 1162 ferens
461 1125 629 1174 voluptatis
668 1135 698 1161 et
728 1125 947 1173 imperfectum
982 1125 1081 1172 qud1

313 1179 495 1221 aestimans,
517 1178 540 1212 si
564 1178 623 1212 iam
642 1177 697 1210 viri
719 1176 866 1210 destituta
892 1174 1058 1222 praesidio,
1079 1180 1081 1209 l

313 1227 358 1261 sic
392 1226 551 1262 residuum
580 1228 660 1261 vitae
692 1225 890 1264 decurreret,
918 1223 1002 1271 qnod
1026 1236 1080 1258 sev

311 1277 349 1311 acl
384 1277 490 1323 ingnm
525 1275 721 1311 obedientiae
757 1276 863 1318 (cuius
898 1274 958 1308 sub
991 1274 1059 1319 lege

301 1327 412 1373 ,posita
436 1327 568 1360 maritali
596 1325 716 1372 absque
739 1325 838 1371 ipsius
866 1323 1058 1370 praeiudicio
1078 1342 1079 1351 κ

301 1372 518 1422 'amplexatrix
546 1376 703 1418 extiterat)
726 1386 787 1408 non
815 1381 958 1411 arctaret,
986 1373 1079 1407 reli-¹

311 1426 414 1471 gionis
448 1425 587 1459 habitum
614 1425 731 1463 induit,
767 1423 825 1458 snb
851 1435 915 1469 quo
950 1423 1058 1456 ‹lomi-

314 1476 400 1510 nicae
416 1474 572 1522 passionis
586 1476 615 1508 in
636 1486 668 1508 se
684 1472 842 1508 celebrare
862 1473 1058 1519 mysterium,
1078 1483 1080 1498 ⁴

314 1537 413 1571 usque
441 1525 472 1558 in
499 1524 581 1558 diem
610 1523 755 1558 ultimum
782 1534 845 1556 non
877 1522 994 1555 omisit.
1029 1521 1079 1564 ΟἸ

312 1573 384 1608 felix
418 1573 546 1608 Mulier!
585 1574 614 1607 Ο
651 1572 792 1607 Matrona
828 1571 994 1605 mirabilis!
1029 1570 1058 1606 O

311 1623 412 1658 dulcis
434 1622 594 1658 Elisabeth
617 1622 697 1656 dicta
721 1621 777 1656 Dei
800 1621 957 1659 saturitas,
979 1633 1058 1668 quae

313 1685 368 1719 pro
401 1673 570 1707 relectione
593 1683 778 1720 pauperum,
816 1681 925 1716 panem
947 1671 1059 1704 meruit

311 1720 526 1768 Angelorum!
564 1722 593 1756 O
631 1721 742 1769 inclyta
769 1718 881 1759 Vidua,
909 1719 1057 1753 virtutum

311 1771 466 1806 foecunda
489 1771 627 1815 soboles,
649 1783 728 1818 quae
750 1769 881 1803 studens
902 1781 938 1803 ex
961 1769 1057 1815 gratia

312 1822 476 1868 consequi,
499 1822 582 1868 qnod
604 1832 620 1855 a
644 1828 752 1854 natura
776 1831 836 1853 non
862 1828 980 1865 poterat
1004 1818 1059 1852 in-

311 1870 453 1918 dulgeri,
480 1870 558 1905 diris
584 1870 708 1905 animae
736 1867 879 1903 hostibus
907 1879 961 1915 per
985 1879 1060 1902 scu-

312 1929 378 1955 tnm
418 1920 509 1959 fidei,
550 1920 678 1954 loricam
720 1918 881 1957 iustitiae,
919 1917 1057 1963 gladium

311 1971 453 2016 spiritus,
480 1969 589 2004 salutis
611 1970 729 2015 galeam
752 1976 782 2002 ct
805 1967 924 2001 hastam
949 1979 1058 2013 perse-

313 2021 469 2054 verantiae
503 2018 682 2060 debellatis,
716 2018 761 2051 sic
792 2016 959 2051 amabilem
993 2017 1081 2057 iin-;

313 2070 433 2103 mortali
461 2081 577 2116 sponso
613 2080 646 2102 se
675 2066 829 2113 praebuit,
851 2066 895 2099 sic
920 2061 1081 2113 Reginae:

313 2119 468 2165 virginum
496 2131 529 2152 se
560 2117 728 2152 dilectione
755 2115 902 2150 continua
932 2116 1081 2161 colliga-l

313 2169 368 2211 vit,
390 2180 482 2202 sunm
511 2166 716 2214 deprimendo
735 2166 922 2206 dominium,
950 2164 979 2198 in
1002 2177 1060 2199 an-

313 2218 401 2252 cillae
430 2218 557 2252 humilis
580 2217 779 2258 famulatum,
797 2215 842 2249 sic
864 2215 979 2248 sanctis
998 2213 1061 2249 Eli-

313 2267 421 2302 sabeth
441 2267 576 2313 antiquis
594 2265 794 2313 processibus
816 2263 1008 2298 conformem
1025 2275 1058 2298 se

314 2317 461 2353 reddidit.
483 2316 558 2350 dnm
587 2316 615 2349 in
640 2314 794 2349 mandatis
815 2323 844 2348 et
871 2313 1061 2347 iustilicatio-

314 2365 409 2401 nibus
445 2365 594 2409 Domini,
629 2366 697 2399 sine
724 2363 850 2410 querela
877 2363 1060 2410 simpliciter

314 2414 504 2459 ambulavit,
537 2415 594 2449 Dei
628 2414 757 2460 gratiam
793 2421 913 2448 secreto
946 2413 1059 2447 mentis

315 2477 370 2511 per
396 2464 540 2499 allectum
569 2463 765 2511 concipiens,
787 2470 818 2497 et
839 2461 981 2497 eamdem
1005 2473 1060 2508 per

316 2514 460 2548 effectum
485 2514 608 2561 pariens
629 2525 664 2548 ac
691 2513 835 2547 nutriens
856 2510 982 2546 assidue
1004 2523 1060 2559 per

317 2562 510 2609 profectum
548 2562 631 2610 quod
667 2562 750 2597 satus
780 2562 922 2596 omnium
956 2561 985 2594 in
1025 2572 1059 2595 se

316 2613 526 2655 sperantium,
560 2620 590 2647 et
617 2612 762 2647 exaltatio
788 2611 818 2645 in
846 2622 879 2645 se
905 2621 1059 2658 quorum-

316 2658 391 2695 libet
405 2660 434 2693 in
451 2660 635 2696 humilitatis
656 2669 685 2696 et
707 2660 905 2696 innocentiae
927 2658 1059 2694 vallibus

910 276 1096 299 mmmmm!
1122 275 1284 298 ROMANUM

1105 330 1300 377 positorum,
1342 330 1372 365 in
1400 331 1574 377 promissae
1609 330 1675 366 suis
1713 331 1848 378 praemia

1103 379 1317 414 retributionis
1341 392 1508 426 exurgens,
1532 381 1630 428 ipsam
1659 380 1769 415 mortis
1791 393 1849 415 ne-

1102 429 1195 464 xibus
1221 429 1399 475 expeditam
1423 431 1561 477 provexit
1582 430 1620 465 ad
1643 430 1756 466 solium
1778 430 1849 465 luce

1104 478 1311 514 inaccessibili
1339 479 1541 514 luminosum.

1150 528 1170 575 S
1197 530 1229 563 2.
1252 527 1299 563 De
1327 529 1418 564 cuius
1444 528 1598 577 stupenda
1625 537 1656 564 et
1682 529 1849 577 inexplica-

1102 577 1153 611 bili
1185 578 1324 613 claritate
1350 578 1504 626 procedit,
1531 578 1616 626 quod
1638 577 1721 614 illius
1753 579 1848 626 spiri—

1102 635 1150 662 tns
1172 635 1202 662 et
1228 628 1258 662 in
1281 628 1407 675 superni
1434 627 1566 674 fulgoris
1595 627 1708 676 abysso
1729 628 1847 673 rutilat,

1101 685 1130 711 et
1166 677 1196 711 in
1232 677 1328 712 huius
1355 677 1512 724 profundo
1546 676 1706 724 caliginis,
1740 679 1848 713 multis

1100 735 1243 761 coruscat
1265 727 1424 761 miraculis
1449 726 1605 772 gloriosis,
1632 739 1766 774 quorum
1790 728 1848 762 vir-

1101 785 1165 811 tute
1192 776 1368 817 catholicis,
1402 775 1491 821 fidei,
1523 777 1591 823 spei
1625 785 1655 810 et
1688 776 1848 813 charitatis

1101 834 1267 872 augmenta
1296 826 1506 873 proveniunt,
1542 825 1670 872 perfidis
1692 826 1738 861 via
1756 827 1848 862 rveri-

1101 876 1173 910 tatis
1203 875 1386 923 exponitur,
1412 883 1441 910 et
1463 875 1628 911 haereticis
1653 875 1848 912 confusionis

1101 925 1217 960 multae
1243 925 1372 960 materia
1394 925 1585 969 cumulatur,
1608 925 1682 960 dum
1709 927 1848 973 stuporis

1101 974 1225 1009 turbine
1260 974 1419 1016 obvoluti,
1454 975 1538 1022 quod
1580 975 1680 1010 <lictae
1712 974 1847 1011 Sanctae

1101 1025 1232 1066 meritis,
1259 1036 1340 1072 quae
1366 1024 1440 1059 dum
1464 1025 1567 1059 carnis
1588 1024 1693 1060 clausa
1722 1037 1848 1060 carcere

1102 1083 1277 1115 teneretur,
1305 1087 1423 1121 pauper
1446 1074 1580 1122 spiritu,
1609 1074 1692 1109 mitis
1723 1083 1846 1117 mente,

1102 1125 1242 1171 propria,
1280 1124 1329 1158 vel
1357 1125 1462 1171 potius
1487 1124 1588 1159 aliena
1623 1133 1747 1171 peccata
1783 1124 1847 1159 de-

1102 1173 1240 1221 plorans,
1274 1173 1420 1209 iustitiam
1455 1173 1577 1214 sitiens,
1613 1174 1847 1210 misericordiae

1101 1223 1218 1269 dedita,
1248 1223 1366 1259 munda
1388 1222 1500 1268 corde,
1529 1235 1600 1259 vere
1623 1223 1772 1270 pacifica,
1792 1233 1848 1259 at-

1101 1274 1169 1307 trita
1194 1272 1468 1321 persecutionibus
1489 1282 1518 1308 et
1545 1273 1726 1321 opprobriis
1746 1273 1848 1308 extitit

1101 1323 1260 1363 lacessita;
1293 1324 1351 1357 vita
1390 1323 1543 1362 mortuis,
1581 1323 1686 1357 lumen
1721 1323 1847 1368 caecis,

1100 1372 1229 1407 auditus
1255 1372 1372 1413 surdis,
1394 1372 1525 1407 verbnm
1550 1374 1646 1407 mutis
1668 1380 1697 1406 et
1718 1384 1847 1418 gressus

1100 1422 1243 1465 claudis,
1283 1424 1412 1457 coelesti
1458 1422 1584 1456 dextera
1619 1421 1847 1457 conferuntur:

1101 1481 1205 1519 partes
1230 1471 1425 1507 Theutoniae
1446 1473 1616 1518 spatiosas,
1638 1483 1716 1519 quas
1738 1471 1848 1506 mortis

1100 1522 1245 1568 dogmate
1266 1521 1442 1567 gestiebant
1465 1522 1602 1559 inlicere,
1625 1521 1656 1556 in
1684 1521 1846 1557 doctrinae

1100 1571 1245 1605 coelestis
1271 1570 1471 1618 amplexibus
1497 1579 1630 1605 cernunt
1662 1570 1849 1618 multiplici-

1101 1629 1147 1655 ter
1172 1620 1323 1655 exultare.

1148 1670 1168 1717 g
1195 1672 1226 1704 5.
1262 1669 1308 1704 De
1335 1669 1517 1704 huiusmodi
1551 1669 1679 1716 quidem
1716 1678 1747 1704 et
1778 1669 1847 1704 aliis

1100 1719 1241 1754 eiusdem
1265 1718 1398 1754 Sanctae
1424 1719 1595 1763 miraculis,
1621 1730 1701 1766 quae
1732 1719 1847 1753 mentis

1101 1769 1238 1815 inspecta
1266 1768 1367 1803 oculis
1390 1768 1567 1803 uberiorem
1602 1768 1748 1802 laetitiam
1774 1781 1848 1815 pro-

1102 1818 1217 1861 ferunt,
1238 1818 1327 1865 quasi
1349 1817 1473 1852 diffusis
1494 1818 1639 1853 distincta
1662 1817 1774 1852 litteris
1803 1819 1848 1852 ri-

1100 1868 1259 1908 derentur,
1283 1867 1360 1902 sacta
1384 1866 1475 1902 nobis
1487 1871 1531 1912 (1)
1546 1879 1599 1915 per
1613 1875 1707 1901 testes
1718 1867 1848 1902 idoneos

1078 1912 1080 1947 ³}
1102 1925 1184 1951 tanta
1215 1917 1413 1964 plenitudine
1437 1917 1526 1957 lidei,
1549 1917 1630 1951 sicut
1657 1915 1790 1951 debetur
1817 1925 1846 1951 et

1078 1967 1080 1982 ³
1101 1967 1251 2014 competit
1272 1966 1421 2001 colendae
1450 1979 1506 2014 per
1531 1967 1635 2002 omnia
1663 1966 1796 2001 veritati.

1149 2016 1228 2064 §4-
1265 2015 1331 2051 Nos
1365 2028 1499 2063 quorum
1533 2015 1676 2063 deposcit
1707 2015 1844 2051 officium

1101 2065 1150 2100 his
1176 2065 1324 2100 continue
1348 2065 1504 2101 desudare
1530 2065 1661 2109 studiis,
1689 2077 1745 2113 per
1765 2077 1845 2112 quae

1100 2123 1250 2162 augeatur
1271 2115 1367 2162 gloria
1381 2114 1613 2163 Redemptoris,
1631 2115 1745 2150 dictam
1763 2114 1846 2150 San-

1101 2173 1181 2199 ctam
1204 2177 1297 2212 quam
1320 2164 1379 2200 sibi
1403 2165 1440 2200 ad
1463 2165 1609 2200 intuitum
1634 2164 1749 2212 placuit
1769 2176 1845 2199 suae

1079 2211 1270 2249 'maiestatis
1296 2226 1475 2256 assumere;
1502 2215 1541 2249 de
1568 2214 1694 2249 fratrum
1722 2222 1845 2248 nostro-

1078 2271 1080 2274 ’
1103 2276 1170 2298 rum
1193 2263 1325 2299 consilio
1347 2272 1378 2299 et
1398 2276 1541 2307 assensu,
1563 2275 1598 2298 ac
1619 2263 1843 2298 venerabilium

1102 2313 1230 2348 fratrum
1251 2322 1426 2349 nostrorum
1461 2313 1719 2360 patriarcharum,
1741 2312 1845 2347 archi-

1101 2363 1340 2410 episcoporum,
1374 2364 1597 2410 episcoporum
1629 2370 1658 2397 et
1689 2361 1844 2409 praelato-

1101 2425 1169 2446 rum
1185 2413 1339 2456 omnium,
1361 2413 1414 2460 qui
1432 2421 1506 2447 tnnc
1522 2411 1606 2459 apud
1621 2411 1737 2447 Sedem
1756 2411 1845 2458 Apo-

1100 2461 1240 2496 stolicam
1265 2462 1458 2506 existebant,
1480 2470 1657 2497 sanctorum
1680 2460 1844 2508 cathalogo

1100 2510 1249 2545 duximus
1269 2511 1522 2546 adscribendam.

1147 2560 1168 2607 S
1189 2562 1222 2595 5.
1237 2560 1434 2595 Universitati
1459 2568 1577 2595 vestrae
1596 2570 1650 2605 per
1670 2559 1842 2606 apostolica

1099 2611 1213 2657 scripta
1237 2610 1377 2645 districte
1406 2608 1626 2657 praecipiendo
1647 2609 1844 2655 mandantes,

1134 2672 1174 2708 (l)
1191 2672 1348 2700 Audendum
1369 2673 1454 2699 forsan
1471 2673 1608 2698 enarratio
1626 2670 1667 2698 vel
1682 2673 1817 2704 expositio.

1867 275 1917 302 An.
1934 274 1964 302 C.
1978 275 2045 302 tm
2085 282 2112 325 ζ’

1901 533 2002 556 Μῆηειιὶι

1869 2024 1994 2047 Sanctorum
2007 2025 2042 2046 u!-

1857 2057 1883 2077 bo
1912 2057 2041 2078 adnumera-

1857 2090 1899 2108 tur.

2068 2366 2093 2570 .,.>.›,‚‚.0‚.„.„5..

1868 2567 1980 2590 Festtvttas
1996 2571 2037 2589 eo-
2072 2573 2082 2578 ·“

1854 2599 1964 2621 lehi-anda.
2075 2630 2078 2631 V

2068 2633 2083 2648 ρ·
