2129 3223
61 232 153 260 An.C.
174 233 239 260 ¹2¹3

846 231 1055 255 inuocantes
1076 231 1113 253 111
1136 231 1182 253 1³1².

1654 220 1718 253 271

253 285 299 321 vel
325 285 477 332 generalis
502 284 629 332 capituli
659 297 720 319 non
743 285 884 330 curabat,
918 298 990 320 cum
1032 285 1202 332 plurimum
1225 298 1258 320 se
1282 285 1387 321 dolere
1408 285 1491 334 qnod
1519 285 1663 321 executio
1684 297 1774 319 man-

252 335 378 370 nonnisi
398 346 501 369 coram
530 334 639 373 nobis,
673 334 709 368 ad
736 347 829 382 quem
852 336 992 382 appella—

252 393 345 424 verat,
372 392 405 418 ut
431 383 569 424 dicebat,
605 384 643 418 de
676 384 890 430 spiritualibus
925 398 990 419 res-

249 433 410 481 ponderet,
437 442 467 468 et
492 433 531 468 de
557 433 782 480 temporalibus
804 435 926 468 nonnisi
943 447 989 469 co·

248 495 314 521 ram
340 492 456 518 comite
478 491 661 523 memorato,
689 495 718 517 in
741 496 831 517 cutus
854 493 918 518 erat
940 496 987 518 cu-

247 532 350 568 stodia
379 533 580 574 constitutus,
616 545 673 567 nec
707 532 834 579 aliquod
859 533 986 567 verbum

247 582 346 629 pacis,
370 590 423 617 aut
448 582 685 629 compositionis
718 581 850 616 alicuius
872 582 987 617 admit-

246 639 324 667 teret
349 632 499 680 quamdiu
521 632 617 667 abbas
639 632 667 666 in
699 631 806 666 eadem
831 631 900 666 villa
921 644 987 667 ma-

244 690 343 717 neret.
374 681 516 717 Asseruit
537 682 634 726 enirn,
660 681 743 728 quod
762 681 984 716 monasterium

243 730 452 767 Cluniacense
484 731 653 778 aliquando
677 739 817 777 gravarat
839 731 984 772 eosdem,

242 788 273 816 et
301 781 358 829 ipsi
381 781 475 828 priori
510 782 653 816 extiterat
690 780 864 814 nuntiatum
900 781 983 827 quod

241 831 338 866 abbas
363 831 450 866 illum
477 843 493 866 a
515 831 652 877 prioratu
676 837 880 876 proposuerat
895 841 982 865 amo-

241 892 325 922 vere,
351 889 381 915 et
403 880 602 916 monachos
597 893 626 914 in
651 879 797 914 domibus
821 879 890 913 aliis
912 879 983 914 col-

240 928 354 966 locare.
377 929 508 978 Propter
534 930 616 984 quod
641 930 744 976 ipsum
778 928 839 963 illic
868 929 983 964 nolue-

240 987 313 1014 runt
333 980 473 1027 recipere
496 979 683 1014 venientem.
711 978 759 1012 Ad
783 979 858 1013 baec
879 986 981 1013 autem

239 1036 387 1074 rogarunt
407 1029 556 1073 eundem,
583 1037 615 1063 ut
638 1029 722 1075 ipsos
743 1028 827 1075 loqui
853 1028 984 1074 permit-

238 1086 317 1114 teret
341 1090 414 1114 cum
436 1078 557 1114 abbate.
593 1078 655 1120 Qui
684 1085 753 1125 post
780 1077 876 1112 multa
904 1089 982 1112 con-

238 1127 308 1163 silia
339 1127 418 1163 dixit
448 1128 513 1173 eis,
547 1128 630 1176 quod
666 1128 767 1175 ipsum
796 1127 980 1174 episcopum

237 1177 339 1213 solum
374 1177 459 1225 loqui
485 1190 556 1213 cum
592 1189 629 1212 eo
656 1177 876 1224 praesentibus
903 1177 980 1217 suis,

237 1234 268 1261 et
281 1227 406 1264 comitis
418 1227 626 1262 servientibus
649 1234 818 1273 pateretur,
841 1227 878 1261 ita
897 1226 980 1273 quod

237 1276 490 1323 quandocunque
523 1276 580 1323 ipsi
605 1276 718 1311 vellent
739 1276 846 1310 exiret.
884 1275 981 1310 Porro

237 1332 322 1361 extra
346 1326 447 1361 villam
475 1326 614 1373 praefato
638 1325 861 1360 archidiacono
885 1337 982 1359 rema-

237 1382 342 1416 nente,
364 1375 400 1410 ad
418 1375 560 1410 abbatem
583 1375 668 1410 solus
690 1374 857 1422 episcopus
871 1387 980 1409 acces-

236 1425 288 1466 sit,
303 1436 483 1472 proponens
497 1424 611 1468 eidem,
625 1436 705 1471 quae
718 1424 776 1458 sibi
795 1423 980 1458 videbantur

236 1473 267 1509 in
289 1473 370 1511 facto
393 1473 574 1509 huiusmodi
596 1473 755 1520 expedire.
782 1473 890 1508 Abbas
908 1485 980 1508 vero

236 1522 398 1571 respondit
431 1524 516 1571 quod
539 1523 710 1558 monachos
737 1523 880 1558 eiusdem
904 1535 979 1558 mo—

235 1573 362 1610 nasterii
389 1581 536 1620 tanquam
566 1573 668 1608 bonus
694 1573 786 1608 Pater
815 1573 845 1607 in
868 1573 978 1620 spiritu

236 1622 488 1658 mansuetudinis
516 1630 642 1669 paratus
678 1630 744 1657 erat
778 1624 919 1670 recipere
953 1623 979 1657 si

235 1679 383 1719 tanquam
407 1672 478 1707 boni
507 1671 560 1706 lilii
584 1673 725 1707 venirent
746 1671 783 1706 ad
802 1673 923 1718 ipsum,
950 1680 980 1706 et

235 1733 311 1756 cum¹
335 1721 380 1756 eis
401 1730 552 1768 quantum
575 1721 749 1757 secundum
775 1721 878 1756 Deum
907 1733 980 1768 pos-

235 1778 293 1811 set,
315 1783 387 1806 cum
410 1771 627 1817 religiosorum
656 1771 791 1805 virorum
815 1771 980 1817 dispensa-

236 1828 298 1864 ret,
331 1828 452 1855 atroces
482 1820 613 1855 iniurias
639 1833 717 1866 quas
739 1819 840 1854 eidem
865 1821 980 1854 intule-

236 1878 305 1904 rant
327 1870 527 1904 remissurus:
550 1882 621 1904 cum
649 1869 732 1904 enim
760 1881 816 1915 pro
841 1870 978 1916 ipsorum

236 1918 368 1953 utilitate
394 1919 431 1953 ad
465 1931 574 1953 eorum
614 1920 781 1953 accesserit
816 1927 979 1954 monaste-

236 1968 335 2012 rinm,
364 1976 469 2016 portas
491 1968 579 2003 villae
600 1968 658 2003 sibi
686 1968 877 2012 clauserunt,
903 1969 980 2014 qui—

237 2017 296 2053 bus
321 2030 376 2065 per
400 2017 553 2064 quosdam
581 2029 617 2052 ex
644 2017 788 2052 fratribus
817 2019 978 2059 reseratis,

236 2079 308 2102 cum
331 2067 556 2102 monasterium
579 2067 661 2101 sicut
684 2076 788 2113 pastor
809 2067 979 2108 Ecclesiae

236 2129 273 2152 ac
290 2116 380 2152 villae
404 2116 553 2151 dominus
581 2115 702 2162 ingredi
731 2116 891 2161 voluisset,
915 2118 981 2151 vio-

237 2166 338 2201 lenter
363 2178 379 2200 a
400 2166 564 2201 monachis
585 2175 631 2200 est
645 2165 799 2212 repulsus,
815 2167 868 2213 qui
883 2179 981 2214 equos

237 2216 396 2263 capientes
415 2216 527 2263 ipsius,
554 2223 583 2249 et
605 2227 620 2249 3
645 2215 783 2250 turribus
799 2217 978 2250 monasterii

239 2266 268 2300 in
295 2277 368 2303 eum
397 2266 539 2312 ingentes
554 2263 675 2312 lapides
693 2264 840 2300 iacientes
863 2278 979 2312 equum

239 2327 329 2350 suum
356 2315 491 2360 graviter
511 2314 772 2355 vulneraverunt,
800 2315 902 2362 ipsum
926 2315 981 2348 di—

239 2364 310 2399 vina
330 2364 544 2399 misericordia
567 2371 761 2411 protegente,
782 2375 818 2398 ac
839 2374 901 2399 tres
919 2378 982 2399 ser-

239 2414 358 2449 vientes
378 2413 459 2461 capti
488 2425 504 2448 a
531 2412 739 2448 servientibus
775 2414 897 2449 comitis
924 2414 982 2447 vil-

240 2463 301 2497 lam
334 2475 407 2498 cum
443 2463 606 2498 monacbis
635 2462 873 2497 observantibus
901 2464 981 2497 exti-

240 2520 361 2547 terunt:
390 2512 474 2547 unde
499 2512 538 2547 ad
572 2512 699 2547 domum
723 2511 883 2546 cuiusdam
907 2512 982 2547 bur-

240 2561 357 2607 gensis,
384 2562 415 2596 in
442 2574 502 2609 qua
526 2561 668 2596 manebat
695 2560 900 2596 declinaverat
926 2575 982 2596 ne-

241 2610 386 2645 cessitate
423 2611 616 2658 compulsus.
652 2611 815 2645 Praeterea
852 2612 983 2646 asseruit

1031 335 1093 369 dati
1116 335 1277 382 apostolici
1296 335 1334 370 de
1355 335 1497 371 alienatis
1519 334 1773 382 possessionibus

1033 384 1228 425 revocandis,
1254 385 1397 419 extiterat
1420 384 1580 432 impedita,
1605 397 1677 420 cum
1700 396 1773 431 pro-

1031 442 1099 481 pter
1122 434 1179 469 lioc
1201 434 1237 468 ad
1260 434 1494 469 deliberandum
1516 443 1546 470 et
1577 434 1772 470 tractandum

1030 496 1100 518 cum
1128 484 1203 530 ipsis
1230 484 1406 530 specialiter
1437 485 1628 528 accessisset,
1651 495 1773 531 propo—

1031 545 1107 568 nens
1129 545 1162 567 se
1190 533 1249 567 iam
1286 545 1428 579 magnam
1465 543 1582 580 partem
1611 534 1772 580 pecuniae,

1029 583 1087 618 nisi
1121 590 1218 618 staret
1247 594 1302 630 per
1327 595 1393 623 eos,
1432 584 1501 617 sine
1534 582 1715 618 difficultate
1736 595 1771 617 ac

1028 632 1142 667 damno
1168 633 1346 667 monasterii
1371 633 1538 667 invenisse.
1569 633 1685 667 Audito
1709 632 1770 678 igi-

1029 689 1077 716 tur
1098 681 1219 717 abbatis
1242 694 1404 728 responso,
1430 682 1468 717 ad
1487 683 1634 729 priorem,
1657 691 1686 717 et
1709 694 1772 716 mo-

1028 731 1142 766 nachos
1171 731 1265 766 rediit
1300 732 1328 765 in
1356 732 1440 766 curia
1468 732 1714 772 monachorum,
1741 740 1770 765 et

1027 781 1154 815 verbum
1184 781 1268 828 pacis
1306 780 1366 815 illis
1402 781 1566 828 proposuit
1591 781 1769 828 diligenter,

1025 830 1134 865 dicens
1155 831 1237 877 quod
1267 830 1436 877 benignum
1466 842 1649 877 responsum
1684 843 1770 865 rece-

1025 889 1111 926 perat
1132 880 1171 915 ab
1205 879 1333 920 abbate,
1372 892 1408 915 ac
1434 892 1470 914 ex
1504 887 1588 926 parte
1614 880 1769 926 generalis

1024 930 1150 976 capituli
1179 929 1260 964 dixit
1280 929 1326 964 eis
1351 929 1435 976 quod
1470 929 1602 964 libenter
1631 929 1769 976 corrige-

1024 987 1091 1014 rent
1113 980 1194 1015 circa
1216 979 1350 1014 eundem
1384 979 1528 1014 abbatem
1566 979 1610 1014 vel
1635 980 1720 1026 ipsos
1741 981 1766 1015 si

1023 1037 1106 1064 esset
1132 1028 1252 1076 aliquid
1276 1028 1506 1074 corrigendum.
1535 1028 1679 1063 Monachi
1697 1041 1768 1064 vero

1023 1078 1169 1113 dixerunt
1191 1078 1273 1125 quod
1300 1078 1339 1112 de
1360 1078 1490 1122 abbate,
1519 1078 1563 1112 vel
1591 1077 1768 1113 diffinitori-

1024 1127 1099 1168 bus,
1121 1140 1175 1163 seu
1199 1127 1335 1174 generali
1359 1128 1496 1175 capitulo
1520 1139 1580 1162 non
1604 1127 1767 1170 curabant,

1023 1189 1081 1212 nec
1105 1189 1213 1224 pacem
1250 1178 1408 1224 ipsorum,
1437 1176 1482 1211 vel
1512 1189 1565 1223 per
1587 1189 1642 1211 eos
1672 1177 1765 1211 etiam

1024 1227 1232 1274 requirebant.
1271 1226 1360 1261 Prior
1394 1237 1468 1260 vero
1506 1225 1644 1266 addidit,
1684 1227 1768 1261 sicut

1022 1277 1120 1323 prius,
1142 1275 1228 1324 quod
1252 1275 1390 1322 quandiu
1412 1275 1508 1310 abbas
1528 1284 1611 1311 esset
1634 1277 1665 1310 in
1685 1275 1767 1318 villa,

1021 1326 1086 1360 sive
1108 1326 1137 1360 in
1165 1326 1323 1373 prioratus
1349 1324 1450 1359 officio
1480 1332 1666 1369 remaneret,
1703 1325 1768 1359 sive

1021 1383 1235 1409 removeretur
1271 1374 1310 1409 ab
1337 1373 1403 1417 illo,
1431 1373 1553 1408 nullum
1588 1374 1767 1408 admitteret

1022 1425 1150 1459 verbum
1174 1425 1272 1471 pacis.
1295 1422 1377 1458 Cum
1398 1423 1491 1469 igitur
1505 1423 1589 1458 aliud
1624 1436 1640 1458 a
1664 1424 1768 1470 priore

1021 1485 1056 1508 ac
1091 1473 1253 1508 monachis
1289 1484 1476 1528 responsum
1513 1472 1626 1507 babere
1663 1472 1768 1508 dictus

1021 1523 1188 1578 episcopus
1223 1522 1432 1570 nequivisset,
1461 1522 1593 1569 priorem
1634 1523 1768 1558 interro-

1020 1573 1104 1619 gavit
1124 1572 1261 1607 eundem
1285 1585 1311 1607 st
1347 1572 1386 1607 ab
1413 1584 1482 1618 ipso
1520 1581 1549 1606 et
1571 1572 1637 1606 suis
1663 1580 1767 1607 essent

1021 1623 1122 1656 securi
1157 1622 1193 1657 ad
1231 1634 1322 1657 suum
1361 1621 1504 1656 abbatem
1542 1621 1686 1656 monachi
1715 1634 1769 1657 ve-

1022 1672 1154 1706 nientes.
1182 1671 1252 1718 Ipse
1273 1683 1347 1706 vero
1373 1670 1547 1718 respondit,
1574 1670 1658 1717 quod
1674 1683 1768 1717 guer-

1022 1733 1086 1755 ram
1111 1721 1229 1755 nemini
1258 1720 1400 1762 faciebat,
1433 1728 1464 1755 et
1491 1732 1563 1755 cum
1588 1719 1670 1754 idem
1692 1721 1769 1767 epi-

1021 1782 1137 1817 scopus
1165 1770 1349 1813 institisset,
1377 1778 1412 1804 ut
1445 1769 1503 1805 sibi
1540 1769 1664 1816 plenius
1700 1781 1768 1804 res-

1022 1819 1184 1867 ponderet,
1209 1820 1254 1855 sic
1280 1820 1335 1859 ait,
1353 1818 1437 1866 quod
1460 1819 1660 1854 securitatem
1675 1819 1767 1854 alicui

1021 1881 1083 1904 non
1098 1869 1286 1916 praestabat.
1314 1869 1353 1903 Et
1380 1869 1483 1903 statim
1507 1868 1692 1904 Letliericus
1707 1881 1769 1903 ser-

1022 1919 1108 1953 viens
1135 1919 1259 1954 comitis
1280 1917 1442 1955 antedicti,
1466 1919 1532 1965 ipso
1560 1918 1660 1964 priore
1680 1930 1769 1965 prae-

1021 1976 1121 2023 sente,
1149 1981 1206 2003 nec
1228 1968 1474 2008 contradicente,
1498 1967 1660 2002 subiunxit
1684 1968 1767 2015 quod

1021 2018 1048 2052 si
1071 2018 1300 2053 Cluniacenses
1326 2017 1470 2051 monaclii
1493 2017 1532 2050 de
1559 2025 1681 2052 caetero
1700 2025 1769 2051 tan-

1021 2076 1130 2113 gerent
1157 2067 1246 2102 villae
1269 2075 1388 2114 portaS,
1409 2075 1440 2102 et
1461 2079 1559 2121 equos
1580 2067 1768 2107 amitterent,

1022 2125 1050 2151 et
1073 2118 1217 2163 personis
1239 2116 1414 2163 periculum
1444 2116 1638 2155 immineret;
1668 2115 1768 2162 probi

1022 2166 1100 2200 bens
1123 2166 1339 2209 nibilominus,
1362 2177 1401 2200 ne
1423 2164 1557 2212 amplius
1577 2164 1660 2219 apud
1685 2164 1765 2199 Mar-

1021 2215 1123 2250 chiam
1147 2215 1288 2250 eiusdem
1316 2215 1439 2249 comitis
1465 2223 1614 2253 castrum
1643 2213 1673 2247 in
1705 2226 1768 2260 quo

1023 2277 1107 2311 prius
1122 2265 1268 2311 hospitati
1285 2263 1418 2305 fuerant,
1436 2271 1639 2298 remanerent
1655 2262 1769 2307 Egres-

1023 2327 1077 2348 sus
1095 2315 1188 2360 igitur
1207 2314 1310 2347 villam
1335 2313 1500 2359 episcopus
1521 2312 1706 2353 antedictus,
1728 2312 1767 2347 ad

1023 2363 1206 2398 diffinitores
1233 2370 1262 2397 et
1292 2362 1410 2409 priores
1438 2362 1529 2396 rediit
1563 2374 1635 2396 cum
1663 2362 1768 2396 arclti-

1023 2413 1156 2447 diacono
1183 2420 1372 2452 memorato;
1400 2424 1416 2446 a
1444 2411 1560 2458 quibus
1586 2411 1766 2458 interrogati

1023 2462 1049 2496 si
1079 2462 1149 2496 boni
1174 2460 1289 2508 aliquid
1319 2461 1521 2505 invenissent,
1547 2469 1600 2496 aut
1623 2460 1768 2508 profecis-

1023 2520 1091 2546 sent
1107 2512 1135 2545 in
1156 2510 1262 2557 aliquo
1280 2510 1523 2551 commonendo,
1550 2519 1766 2558 exposuerunt

1024 2560 1140 2596 eisdem
1162 2560 1247 2607 quod
1270 2560 1405 2595 fecerant
1420 2560 1595 2607 diligenter.
1618 2560 1679 2608 Ipsi
1694 2573 1766 2596 vero

1026 2611 1109 2644 iuxta
1137 2623 1242 2644 muros
1280 2610 1365 2644 villae
1394 2609 1539 2644 sedentes
1565 2623 1656 2645 suum
1680 2611 1767 2659 capi·

1789 229 1836 255 Αυ.
1856 225 1967 253 01115
