2129 3223
128 268 171 292 Nn.
189 266 206 292 C
236 265 304 291 1203

122 321 305 377 *Foldurfle'ffoffissg
321 317 497 353 Balduinus
513 317 683 362 imperator
701 313 1070 369 Constantinopolitauus

135 384 260 404 emmenum

137 784 143 788 ,
152 772 170 785 ui
184 767 240 786 viros
256 766 303 787 ri-ol

122 796 248 817 :mensiune
259 798 304 818 mit-

121 829 133 846 ι]
147 829 217 854 pellat,

131 1160 294 1188 Transmlttique

118 1197 139 1211 τ’
150 1191 249 1216 missalia,

118 1223 190 1243 viaria.
207 1226 247 1243 etc.

134 1904 248 1931 aegium!
280 1904 305 1924 ad

121 1936 173 1956 baec
210 1935 305 1956 hortatur

121 1966 223 1987 Panum

376 253 442 286 ¹96

321 366 450 402 illustris
470 365 508 400 ad
537 376 571 399 ea
595 364 667 399 totis
688 362 807 398 viribus
833 363 943 409 satagit
970 371 1000 398 et
1023 363 1070 397 in-

320 416 437 460 tendit,
471 426 527 462 per
553 426 634 462 quae
657 413 755 461 possit
781 421 811 448 et
837 412 949 448 debeat
984 412 1070 448 chri-

320 465 419 501 stiana
443 463 552 511 religio
575 462 763 511 propagari
792 469 870 498 etut
890 462 1069 497 aedilicium

320 516 380 550 iam
413 527 448 550 ex
486 525 599 560 magna
637 521 723 560 parte
761 519 977 547 constructum
1006 524 1068 546 non

320 571 454 608 corruat,
477 562 598 598 ardenti
626 562 745 598 laborat
767 561 872 596 studio
895 569 925 596 et
946 561 1070 597 sollici—

319 613 429 648 tudine
458 612 611 659 diligenti.
640 612 751 667 Nuper
777 610 933 666 siquidem
970 610 1069 645 devo-

319 663 437 698 tionem
457 675 515 697 suo
517 641 729 708 ⁰planraram
722 674 753 695 ιη
774 669 899 708 pectore
916 661 945 694 in
966 673 1069 696 ramos

320 712 420 747 bonae
447 712 639 759 operationis
666 710 861 751 diffundens,
894 709 984 745 nobis
1007 710 1066 744 hu-

319 761 437 796 militer
458 761 659 808 supplicavit,
684 768 715 794 ut
742 760 826 794 viros
848 759 1012 804 religiosos
1039 768 1070 794 et

320 810 466 866 providos
483 811 521 845 de
542 810 652 845 ordine
670 809 857 845 Cistercien.
881 807 1066 844 Cluniacen.

318 861 544 895 canonicorum
566 859 773 906 regularium
796 858 994 905 aliarumque
1025 870 1069 893 re-

317 910 470 966 ligionum
504 909 541 944 ad
569 909 762 944 fundandam
792 907 864 943 fidei
897 907 1068 943 catholicae

319 959 479 994 veritatem
503 966 720 1007 perpetuoque
744 957 927 992 firmandam
944 957 981 992 ad
1000 969 1069 1004 par·

317 1017 365 1043 tes
387 1007 753 1056 Constantinopolitanas
771 1007 947 1042 faceremus
966 1014 1069 1041 trans·

317 1058 409 1101 mitti,
419 1065 461 1101 et,
479 1057 601 1093 utilluc
624 1058 745 1092 valcant
768 1055 941 1103 pervenire,
963 1068 980 1090 a
1001 1055 1069 1091 suis

319 1107 491 1152 praelatis
485 1120 515 1141 in
546 1107 732 1142 necessariis
762 1105 930 1152 provideri
956 1104 1068 1139 Postu·

318 1157 390 1192 laxit
412 1158 504 1192 etiam
535 1165 565 1190 ut
594 1155 742 1212 missalia,
770 1155 936 1195 breviaria,
964 1162 1069 1189 caete-

319 1218 432 1261 rosque
459 1206 567 1250 libros,
601 1206 630 1240 in
658 1205 774 1253 quibus
801 1203 938 1239 officium
967 1204 1069 1238 eecle-

316 1256 477 1290 siasticum
494 1256 670 1290 secundum
695 1256 833 1290 instituta
853 1252 989 1288 Sanctae
1008 1252 1070 1288 Ro-

318 1317 427 1340 manae
455 1304 616 1340 Ecclesiae
648 1304 847 1344 continetur,
875 1302 984 1338 saltem
1012 1314 1070 1350 pro

317 1353 552 1401 exemplaribus
585 1354 623 1388 ad
657 1361 760 1401 partes
794 1352 862 1387 illas
894 1351 1070 1387 faceremus

317 1403 498 1439 transmitti.
535 1401 683 1438 Volentes
724 1403 819 1449 igitur
847 1402 1068 1456 imperatorem

317 1451 466 1488 eumdem
488 1460 574 1487 tanto
602 1452 771 1497 benignius
795 1452 826 1485 in
849 1452 917 1486 suis
940 1450 1070 1506 petitio-

318 1501 415 1536 nibus
439 1501 598 1539 exaudire
626 1509 743 1549 quanto
769 1500 921 1536 maiorem
947 1500 978 1534 in
1001 1511 1070 1534 ma-

319 1550 439 1586 ioribus
470 1550 650 1606 frequenter
672 1562 782 1586 sumus
803 1549 871 1585 eius
898 1549 971 1584 fidei
1002 1548 1070 1583 sin-

318 1601 478 1636 ceritatem
512 1600 642 1647 experti
676 1599 912 1635 universitatem
936 1606 1068 1634 vestram

318 1661 467 1697 rogamus
488 1658 623 1690 attente,
656 1658 687 1684 et
709 1649 881 1687 hortamur,
910 1659 965 1695 per
990 1659 1071 1694 apo-

317 1699 428 1734 stolica
450 1698 539 1734 vobis
561 1699 676 1745 scripta
705 1697 892 1733 mandantes
913 1704 1071 1745 quatenus

321 1750 409 1795 pium
433 1748 502 1783 eius
524 1747 728 1792 desiderium,
750 1756 902 1795 quantum
927 1747 960 1781 in
983 1745 1071 1780 vobis

321 1798 413 1833 fuerit
427 1805 660 1844 promoventes,
683 1798 722 1832 de
746 1797 880 1844 singulis
905 1795 1071 1831 ordinibus

321 1848 402 1882 viros
416 1847 558 1883 moribus
581 1855 610 1882 et
633 1847 765 1883 scientia
785 1845 1070 1885 commendandos,

320 1897 408 1932 acin
436 1896 590 1943 religione
624 1896 778 1931 ferventes
806 1896 844 1931 ad
868 1903 974 1943 partes
1002 1895 1072 1930 illas

321 1946 480 1981 destinare
511 1946 648 1990 curetis,
677 1958 733 1992 per
754 1958 835 1992 quos
866 1944 987 1980 novella
1020 1944 1071 1979 illa

322 1996 472 2042 plantatio
508 1995 538 2030 in
579 1995 745 2050 disciplina
789 1995 915 2030 Domini
950 1994 1070 2029 erudita

322 2046 456 2081 fructum
486 2044 596 2080 reddat
622 2046 690 2080 suis
721 2043 921 2092 temporibus
954 2055 1071 2091 oppor-

322 2103 452 2139 tunum,
484 2103 513 2129 et
541 2094 626 2142 quod
662 2094 693 2129 in
729 2094 775 2129 eis
807 2093 991 2128 mirabiliter
1025 2100 1072 2128 est

322 2145 514 2200 incaeptum
529 2143 705 2179 adlaudem
727 2152 759 2179 et
779 2143 909 2190 gloriam
934 2141 1072 2177 Redem-

323 2195 420 2241 ptoris
433 2193 609 2228 mirabilius
631 2201 880 2228 consummetur.
901 2191 1072 2227 Mentiona-

322 2254 370 2279 tos
381 2254 509 2291 qnoque
523 2243 632 2283 libros,
645 2242 762 2290 quibus
773 2254 833 2277 nou
847 2241 949 2277 solum
963 2241 1072 2276 abun-

322 2293 396 2328 dare
417 2292 473 2328 sed
501 2292 759 2339 superabundare
775 2304 829 2327 vos
851 2291 1008 2333 novimus,
1034 2290 1071 2325 ad

323 2351 426 2389 partes
449 2342 516 2377 illas
534 2342 643 2377 saltem
669 2354 724 2389 pro
746 2340 981 2388 exemplaribus
1005 2340 1073 2375 mit-

323 2399 389 2427 tere
412 2392 602 2438 procuretis,
631 2398 682 2431 ut,
705 2399 734 2426 et
756 2399 856 2426 vestra
880 2389 1070 2425 abundantia

323 2441 447 2476 illorum
482 2441 618 2488 inopiam
646 2440 812 2488 suppleat,
842 2448 873 2474 et
899 2438 1072 2474 Orientalis

323 2489 463 2525 Ecclesia
491 2503 520 2524 in
544 2490 659 2525 divinis
683 2467 830 2525 laudibris
851 2488 891 2524 ab
912 2488 1072 2524 Occiden-

325 2540 374 2573 tali
400 2552 460 2574 non
480 2539 633 2584 dissonet,
649 2539 703 2574 sed
726 2539 806 2574 sicut
822 2546 868 2574 est
886 2551 972 2574 unus
987 2538 1072 2574 Deus

917 259 995 282 ntLL
999 259 1015 282 Q
1022 259 1102 282 MC„
1126 258 1286 282 ROMANUM

1161 313 1276 349 Datum
1304 313 1424 350 Romae
1444 313 1527 362 apud
1554 313 1707 350 Sanctum
1729 312 1859 348 Petrum

1112 370 1221 398 octavo
1242 362 1392 399 kalendas
1418 363 1509 404 iunii,
1532 363 1736 411 pontificatus
1761 363 1859 398 nostri

1111 424 1193 448 anno
1221 420 1342 448 octavo.

1269 469 1328 500 Dat.
1352 471 1412 507 die,
1432 480 1567 511 annoque
1589 471 1702 502 eodem.

1430 585 1539 621 XLIV.

1111 659 1231 703 Populo
1261 659 1451 702 Radicosam'
1475 659 1633 704 prohibet,
1660 671 1695 694 ne
1725 661 1861 695 consules

1158 714 1269 758 absque
1290 713 1416 757 speciali
1436 713 1524 747 Sedis
1547 714 1739 759 Apostolicae
1765 715 1861 748 licen-

1159 768 1202 801 tia
1228 768 1328 812 eliyae.

1376 836 1590 868 SUMMARlUM

1109 898 1275 930 Exordium.
1294 916 1334 923 —-
1349 899 1626 931 Radicofanensium
1643 904 1747 931 status.
1762 901 1860 933 -Eis

1150 944 1268 975 mandat
1285 954 1321 975 ne
1340 945 1478 975 consules
1501 945 1609 984 eligant
1628 945 1741 986 absque
1761 943 1861 976 Ponti-

1150 989 1213 1019 ficis
1233 998 1369 1020 assensu.
1387 1006 1427 1012 —
1443 989 1533 1020 Electi
1551 990 1691 1020 consules
1709 990 1860 1021 fidelitatis

1149 1033 1345 1064 iuramentum
1370 1039 1516 1072 praestare
1535 1034 1651 1065 debent.

1108 1100 1282 1130 Innocentius
1301 1102 1444 1139 episcopus
1463 1108 1560 1132 servus
1578 1108 1720 1132 servorum
1737 1101 1794 1135 noi.
1819 1102 1859 1132 di-

1152 1145 1235 1174 lectis
1264 1145 1331 1176 filiis
1348 1146 1472 1175 fidelibus
1500 1147 1616 1180 nostris.
1641 1148 1673 1177 ot
1693 1146 1792 1184 populo
1809 1147 1858 1190 tta·

1153 1190 1331 1264 ἓὲξὲξῖιέιιει.
1346 1192 1465 1221 salutem
1488 1192 1519 1220 ot
1549 1191 1730 1228 apostolicam
1751 1191 1861 1222 toneat-

1159 1299 1360 1346 Apostolicae
1381 1299 1476 1334 Sedis
1499 1299 1688 1346 benignitas,
1707 1312 1788 1348 quae
1806 1312 1861 1335 us-

1110 1360 1172 1396 qne
1193 1348 1231 1383 ad
1253 1356 1376 1383 exteras
1396 1349 1541 1384 nationes
1559 1348 1750 1390 extenditur,
1774 1357 1861 1385 tanto

1110 1398 1274 1445 copiosius
1307 1397 1480 1433 exuberare
1512 1398 1607 1433 debet
1634 1411 1708 1446 erga
1744 1398 1863 1434 dome-

1111 1448 1208 1482 sticos
1230 1454 1260 1482 et
1282 1446 1448 1492 vassallos,
1469 1456 1588 1495 quanto
1623 1448 1764 1495 ipsorum
1786 1459 1860 1484 cura

1110 1504 1139 1532 et
1166 1495 1347 1531 sollicitudo
1368 1496 1429 1531 sibi
1454 1496 1640 1533 familiarius
1662 1504 1709 1532 est
1728 1497 1861 1543 adnexa,

1110 1553 1139 1580 et
1167 1558 1238 1581 cum
1261 1558 1279 1580 a
1301 1545 1372 1580 filiis
1394 1546 1461 1581 suis
1483 1546 1571 1593 diligi
1595 1554 1735 1594 appetat,
1758 1547 1862 1594 potius

1111 1607 1204 1642 quam
1232 1595 1354 1634 timeria
1391 1607 1428 1630 eo
1461 1595 1545 1642 quod
1573 1595 1632 1630 sibi
1666 1596 1792 1631 servilis
1822 1596 1861 1631 ti-

1113 1656 1180 1678 mor
1215 1656 1277 1679 non
1316 1644 1438 1692 placet,
1473 1657 1567 1692 quem
1605 1645 1741 1681 charitas
1779 1645 1863 1681 foras

1112 1693 1209 1728 nutrit
1221 1695 1277 1737 (2);
1288 1693 1361 1729 licet
1371 1705 1387 1728 a
1401 1694 1470 1729 suis
1491 1693 1663 1741 aliquando
1673 1694 1861 1736 offendatur,

1111 1743 1136 1777 si
1159 1743 1299 1778 converti
1322 1742 1491 1783 voluerint,
1515 1755 1643 1790 parcere
1668 1744 1734 1778 vult
1757 1744 1862 1790 potius

1112 1804 1205 1839 quam
1228 1792 1349 1832 ulcisci,
1372 1800 1402 1827 et
1417 1792 1505 1839 eligit
1519 1793 1620 1840 magis
1641 1792 1862 1841 delinquentes

1112 1842 1271 1888 corripere
1298 1842 1329 1876 in
1351 1841 1464 1889 spiritu
1484 1841 1640 1886 lenitatis,
1661 1853 1757 1890 quam
1776 1843 1862 1890 ipsos

1113 1891 1205 1926 ferire
1236 1891 1342 1939 gladio
1375 1891 1520 1935 ultionis,
1555 1899 1588 1926 ut
1609 1892 1691 1927 sicut
1718 1891 1862 1928 infideles

1112 1950 1142 1976 et
1164 1949 1330 1976 extraneos
1356 1940 1394 1976 ad
1422 1940 1624 1977 devotionem
1652 1953 1742 1977 suam
1765 1953 1862 1977 man-

1113 1990 1293 2026 suetudinis
1311 2002 1387 2025 suae
1408 1990 1575 2026 clementia
1591 1998 1699 2026 evocat
1715 1998 1746 2026 et
1759 1990 1863 2027 addu-

1112 2040 1165 2079 cit,
1195 2040 1234 2074 ita
1263 2052 1389 2088 quoque
1416 2040 1609 2075 domesticos
1634 2048 1665 2075 et
1692 2040 1802 2076 fideles
1830 2041 1862 2076 in

1114 2088 1262 2125 fidelitate
1279 2102 1333 2125 sua
1352 2090 1487 2125 stabiliat
1507 2097 1536 2125 et
1550 2090 1726 2126 confirmet.
1746 2088 1862 2132 Quam-

1114 2138 1159 2173 vis
1181 2139 1275 2185 igitur
1299 2151 1356 2174 uos
1378 2139 1437 2174 hac
1459 2140 1525 2175 vice
1546 2152 1609 2175 non
1633 2138 1741 2175 leviter
1761 2139 1862 2175 offen-

1113 2187 1234 2232 deritis,
1262 2196 1290 2222 et
1319 2188 1356 2223 ad
1380 2188 1575 2224 iracundiam
1599 2201 1656 2223 nos
1678 2196 1765 2224 tanto
1792 2201 1862 2224 am-

1114 2237 1196 2285 plius
1210 2238 1426 2285 provocaverit
1441 2238 1558 2273 factum
1576 2246 1726 2278 vestrum,
1742 2246 1861 2286 quanto

1112 2299 1128 2321 a
1155 2286 1261 2327 vobis,
1283 2299 1364 2334 quos
1398 2295 1558 2335 tamquam
1590 2287 1743 2334 speciales
1777 2287 1861 2323 filios

1112 2345 1142 2371 et
1174 2335 1304 2372 devotos
1340 2339 1482 2373 sincerae
1514 2336 1691 2373 dilectionis
1722 2336 1860 2374 brachiis

1112 2385 1342 2441 amplexamur,
1369 2388 1475 2423 minus
1496 2386 1702 2422 credebamus
1729 2386 1858 2427 offendi,

1112 2439 1184 2482 quia
1223 2444 1325 2470 tamen
1361 2436 1608 2472 misericordiam
1650 2435 2042 2502 implorantes-mim?-

1112 2484 1150 2519 ad
1173 2485 1355 2521 mandatum
1382 2495 1524 2522 nostrum
1545 2485 1707 2521 humiliter
1726 2487 1860 2522 accessi—

1113 2536 1169 2569 stis
1196 2536 1388 2576 iuramenta,
1415 2535 1560 2575 obsides,
1591 2543 1621 2571 et
1655 2535 1860 2572 fideiussores

325 2595 352 2621 ρι
378 2587 456 2623 fides
479 2601 553 2629 una
582 2590 621 2623 ita
652 2601 714 2624 uno
750 2600 803 2623 ore
831 2588 935 2635 ipsum
965 2588 1073 2624 laudet
1114 2595 1169 2631 pro
1205 2583 1291 2620 mille
1327 2584 1413 2620 libris
1445 2596 1541 2633 super
1577 2584 1657 2620 facto
1691 2585 1857 2623 consulum

325 2644 353 2670 et
380 2636 531 2683 glorificet
559 2638 663 2673 oriens
686 2646 714 2672 et
737 2649 878 2673 occasus.

1146 2648 1186 2684 (t)
1203 2649 1352 2685 Legendum
1374 2654 1497 2686 putamus
1514 2653 1605 2677 mittit.
1622 2651 1659 2685 (ιι.
1681 2659 1697 2679 ‘r
1710 2656 1720 2686 )

1876 259 1914 286 Αιι
1942 258 1970 286 C.
1992 259 2055 286 lm

1905 1309 2026 1331 umatum.
