2129 3223
151 288 200 315 Λη.
215 288 243 315 C.
266 289 331 316 ¹209

182 342 298 366 Qausuiae.

397 279 466 311 256

347 345 420 377 uino
442 342 605 376 bominum
628 340 717 375 liceat
740 339 908 385 praefatum
944 338 1086 373 ordinem

345 402 460 426 temere
485 390 678 438 perturbare,
703 389 748 424 vel
769 388 837 424 eius
872 388 1088 436 possessiones

343 441 475 485 auterre,
510 440 556 474 vel
594 439 712 475 ablatas
754 438 899 479 retinere,
935 439 1087 481 minuere,

343 504 396 526 seu
436 489 631 538 quibuslibet
682 488 898 524 vexationibus
941 487 1087 534 fatigare,

342 540 399 576 sed
409 541 514 575 omnia
526 540 647 586 integra
659 546 883 574 conserventur
895 550 1016 576 eorum,
1031 548 1087 584 pro

342 603 475 638 quorum
517 589 746 636 gubernatione
780 600 814 622 ac
860 586 1088 622 sustentatione

342 652 489 675 concessa
513 647 598 683 sunt,
635 638 745 673 usibus
788 636 980 672 omnimodis
1016 648 1089 683 pro-

344 689 457 725 futura.
481 689 570 724 Salva
593 688 688 723 Sedis
721 687 917 734 Apostolicae
954 685 1089 720 auctori-

343 748 416 784 tate,
443 747 473 774 et
494 738 670 773 dioecesani
693 737 833 785 episcopi
854 736 1003 771 canonica
1040 735 1089 769 in-

342 790 437 824 stitia.

390 839 410 886 g
439 842 494 872 1⁶2.
531 837 563 872 Si
593 837 689 883 igitur
724 837 754 871 in
791 836 929 871 futurum
980 833 1087 869 eccle-—

341 888 465 923 siastica
483 887 691 922 saecularisve
707 898 851 933 persona,
867 885 946 919 hanc
965 893 1088 918 nostrae

342 937 575 972 constitutionis
598 936 741 982 paginam
757 935 872 975 sciens,
889 941 996 968 contra
1019 945 1086 967 eam

342 996 459 1023 temere
482 986 525 1020 uti
558 985 732 1029 tentaverit,
771 983 924 1027 secundo,
959 982 1088 1017 tertiove

341 1036 545 1075 commonita,
574 1034 632 1069 nisi
656 1042 776 1069 reatum
819 1045 912 1068 suum
948 1044 1088 1077 congrua

341 1086 551 1121 satisfactione
573 1084 742 1118 correxerit
769 1085 832 1126 (1),
866 1082 1089 1129 potestatisque

342 1149 416 1170 suae
438 1142 539 1170 careat
567 1133 730 1180 dignitate,
755 1144 900 1179 reamque
923 1143 956 1165 se
981 1130 1088 1165 divino

342 1186 459 1220 indicio
493 1184 626 1218 existere
653 1183 691 1217 de
726 1190 900 1229 perpetrata
927 1180 1089 1227 iniquitate

341 1242 527 1281 cognoscat,
575 1242 605 1267 et
643 1246 658 1267 a
694 1232 904 1267 sacratissimo
949 1230 1089 1276 Corpore

341 1293 370 1319 et
393 1283 554 1330 Sanguine
575 1283 631 1317 Dei
667 1290 696 1316 et
717 1281 843 1316 Domini
865 1279 1089 1326 Redemptoris

341 1335 440 1368 nostri
466 1333 533 1367 lesu
556 1332 675 1367 Christi
704 1331 803 1365 aliena
844 1330 894 1373 sit,
928 1337 1023 1376 atque
1058 1330 1088 1362 iu

341 1392 481 1418 extremo
507 1382 649 1417 examine
671 1380 828 1415 districtae
865 1378 973 1413 ultioni
1013 1378 1089 1412 sub-

343 1434 450 1468 iaceat.

390 1482 410 1529 S
434 1484 488 1516 15.
511 1479 643 1515 Cunctis
664 1486 766 1513 autem
794 1477 898 1512 eidem
930 1478 999 1513 loco
1033 1489 1088 1511 sna

342 1532 407 1566 iura
430 1529 639 1568 servantibus,
668 1529 708 1563 sit
736 1540 794 1575 pax
830 1526 956 1561 Domini
992 1526 1087 1561 nostri

342 1581 411 1616 lesu
435 1579 565 1623 Christi,
599 1586 754 1625 quatenus
800 1585 829 1611 et
859 1576 909 1610 hic
954 1576 1088 1611 fructum

342 1631 440 1666 bonae
462 1629 593 1663 actionis
616 1627 802 1675 percipiant,
825 1634 855 1659 et
877 1625 961 1673 apud
992 1625 1089 1660 distri-

342 1688 426 1714 ctum
461 1679 597 1713 Iudicem
634 1676 770 1724 praemia
822 1683 964 1710 aeternae
1007 1675 1090 1722 pacis

344 1729 513 1764 inveniant.
537 1727 651 1767 Amen,
674 1738 776 1765 anien,
799 1736 901 1759 amen.

392 1778 462 1812 Dat.
486 1776 614 1812 Viterbii
638 1788 692 1823 per
718 1787 847 1810 manum
888 1773 1014 1808 loannis
1056 1773 1088 1808 S.

344 1828 459 1863 Mariae
474 1827 504 1861 in
520 1825 692 1862 Cosmedin
708 1824 830 1858 diaconi
845 1823 942 1864 eard„
953 1823 986 1858 S.
1000 1822 1039 1857 R.
1050 1823 1087 1858 E.

343 1877 531 1915 cancellarii,
554 1875 787 1922 decimoquarto
809 1873 869 1908 kat.
896 1873 980 1912 iulii,
1008 1873 1091 1907 indi-

344 1928 448 1961 ctione
476 1926 626 1963 secunda,
661 1924 883 1959 incarnationis
914 1922 1090 1957 dominicae

344 1989 426 2011 anno
460 1987 570 2013 mcclx,
614 1973 810 2021 pontificatus
852 1984 924 2006 vero
970 1972 1089 2007 domini

344 2025 517 2061 lnnocentii
540 2025 644 2071 Papae
666 2023 746 2057 tertii
769 2034 850 2057 anno
887 2021 1086 2056 duodecimo.

384 2087 446 2118 Dat.
466 2087 512 2118 die
532 2087 568 2117 18
586 2086 660 2116 iunii
679 2086 764 2118 1209,
783 2084 884 2124 pontif.
907 2093 982 2114 anno
1002 2093 1049 2114 xit.

347 2272 507 2305 Nonnulla
539 2270 670 2303 decernit
701 2268 922 2313 praemittenda
966 2268 1004 2300 ab
1042 2267 1092 2309 iis,

395 2323 448 2365 qui
466 2322 507 2354 ad
533 2320 749 2353 haereticorum
787 2317 962 2362 provinciae
1001 2327 1092 2360 expu-

395 2371 569 2414 gnationem
586 2381 614 2402 se
629 2369 828 2410 accinxerint,
849 2367 1042 2410 subsidiaque
1056 2366 1093 2398 iis

396 2421 434 2453 ab
455 2419 656 2453 ecclesiasticis
677 2418 861 2462 praestanda
882 2416 977 2449 sancit
1000 2415 1054 2458 (2).

614 2485 826 2517 SUMMARtUM

350 2545 490 2575 Haeretici
515 2544 710 2575 l'rorincialcs
733 2544 858 2583 expulsi.
880 2560 918 2565 —
941 2542 1039 2573 Simon
1060 2541 1095 2571 de

390 2590 550 2620 Montesorti
571 2591 627 2619 dux
659 2589 804 2619 exercitus
836 2592 934 2617 contra
967 2587 1095 2618 eosdem.

387 2642 424 2673 (1)
445 2640 602 2667 Audendum
615 2640 722 2668 forsitan
738 2642 853 2666 honoris.

352 2677 394 2703 lib.
414 2684 461 2707 xli,
475 2676 557 2711 Epist.
580 2676 637 2702 156.

894 2639 934 2674 (2)
945 2639 982 2666 Ex
994 2639 1094 2671 Baluz.,

937 284 1006 306 ΒΓΗ
1018 283 1123 306 animi
1145 281 1307 305 ROMANPM

1893 274 1942 303 An.
1955 274 1984 302 C.
2002 273 2072 302 ¹20⁹

1167 352 1205 358 —
1221 333 1404 373 indulgentia
1421 334 1569 373 proposita
1589 337 1690 364 contra
1710 330 1876 362 haereticos

1167 378 1466 421 pugnaturis—Eos
1485 378 1521 409 ab
1540 378 1640 409 usuris
1651 377 1758 408 liberat
1778 375 1877 407 Innoc-

1166 442 1205 448 ——
1233 424 1451 464 Collectamque
1473 424 1507 454 ad
1535 423 1679 454 exercitus
1711 421 1879 452 substenta-

1169 470 1277 499 tionem
1296 469 1412 499 clericis
1432 469 1541 508 imponi
1559 467 1685 498 mandat.

1128 539 1295 569 Innocentius
1317 539 1456 576 episcopus
1475 545 1570 568 servus
1588 545 1728 568 sorvorum
1742 537 1798 571 Dei,
1814 538 1878 568 Are-

1171 589 1272 619 latensi
1290 589 1504 626 archiepiscopo,
1525 589 1552 618 ot
1571 587 1750 624 suffraganeis
1762 587 1831 616 otus.

1178 655 1354 692 Gloriantes
1375 656 1528 691 hactenus
1549 656 1580 690 in
1624 655 1738 691 malitia
1776 664 1806 691 et
1844 656 1874 690 in
1902 666 2074 690 annucirro-

1128 718 1183 741 sua
1202 706 1365 753 iniquitate
1386 713 1530 752 potentes
1556 705 1716 740 destruere
1749 705 1874 741 tandem
1888 698 1991 756 {ffissff⁸⁸
2033 704 2074 720 ⁶⁸⁷

1128 756 1283 803 incipiens
1325 767 1436 790 manus
1483 754 1554 795 Dei,
1596 754 1782 790 miraculose
1814 755 1874 790 iam

1129 805 1201 840 fecit
1217 817 1271 839 eos
1305 804 1343 839 de
1377 805 1442 839 suis
1464 803 1675 839 tabernaculis
1712 804 1876 851 emigrare,

1129 854 1204 889 dum
1227 866 1264 889 eo
1291 862 1405 889 terram
1432 853 1540 901 populi
1563 853 1611 888 sui
1633 853 1878 889 misericorditer

1129 904 1331 948 emundante,
1364 904 1460 950 pestis
1502 902 1677 938 haereticae
1703 903 1877 950 pravitatis,

1128 966 1209 1000 quae
1232 965 1363 1000 serpens
1384 960 1420 988 ut
1440 964 1552 988 cancer
1573 952 1765 1000 provinciam
1796 965 1877 1001 pene

1129 1011 1224 1038 totam
1268 1002 1428 1043 infecerat,
1468 1003 1649 1037 mortificata
1695 1002 1876 1049 depellitur,

1129 1052 1291 1099 captisque
1314 1052 1344 1087 in
1368 1051 1583 1099 potentissima
1605 1064 1701 1087 manu
1720 1064 1777 1086 sua
1809 1064 1876 1086 nu-

1130 1103 1261 1136 merosis
1286 1102 1398 1137 castris
1428 1109 1458 1136 et
1488 1101 1675 1142 civitatibus,
1713 1113 1791 1148 quas
1821 1114 1876 1149 per

1131 1163 1291 1198 possessos
1320 1163 1337 1186 a
1371 1163 1405 1186 se
1440 1150 1585 1186 diabolus
1622 1150 1805 1196 habitabat,
1844 1151 1875 1185 in

1130 1201 1206 1236 locis
1244 1200 1448 1248 expulsorum
1481 1201 1710 1235 haereticorum
1741 1200 1874 1248 Spiritui

1130 1249 1292 1298 Paraclyto
1314 1262 1369 1297 per
1400 1250 1536 1297 repletos
1571 1249 1610 1285 ab
1642 1250 1712 1297 ipso
1732 1258 1875 1285 sanctum

1130 1300 1343 1335 habitaculum
1394 1307 1608 1347 praeparatur.
1658 1299 1762 1346 Super
1813 1312 1876 1347 quo

1130 1349 1240 1384 laudes
1265 1357 1295 1384 et
1327 1350 1442 1396 gratias
1472 1348 1690 1396 Omnipotenti
1714 1349 1876 1384 referimus

1129 1398 1214 1446 quod
1249 1399 1280 1433 in
1317 1411 1376 1433 una
1418 1398 1594 1446 eademque
1641 1398 1876 1434 misericordiae

1130 1460 1204 1483 suae
1244 1460 1349 1491 causa,
1381 1447 1444 1482 duo
1477 1447 1624 1494 dignatus
1656 1456 1704 1483 est
1741 1448 1876 1483 iustitiae

1130 1510 1223 1544 opera
1245 1509 1403 1539 exercere,
1426 1497 1466 1532 ita
1493 1497 1623 1544 perfidis
1650 1496 1792 1533 faciendo
1825 1497 1877 1532 di-

1129 1559 1222 1593 gnam
1255 1547 1458 1593 supervenire
1489 1546 1674 1593 perniciem,
1712 1554 1745 1581 ut
1782 1559 1875 1594 quam

1131 1595 1220 1631 multi
1242 1595 1353 1631 fideles
1383 1596 1524 1631 meritam
1559 1603 1803 1643 assequerentur
1839 1609 1875 1631 ex

1130 1646 1269 1693 ipsorum
1293 1645 1551 1680 exterminatione
1579 1645 1769 1686 mercedem,
1803 1658 1874 1681 cum

1130 1695 1185 1730 etsi
1208 1707 1262 1730 eos
1284 1695 1314 1729 in
1336 1695 1403 1729 solo
1429 1694 1540 1742 spiritu
1563 1694 1626 1730 oris
1648 1695 1696 1730 sui
1724 1695 1875 1742 potuisset

1130 1744 1394 1792 quandocumque
1420 1751 1594 1789 conterere,
1615 1756 1745 1779 suorum
1771 1752 1875 1780 tamen

1130 1794 1276 1829 exercitui
1300 1794 1493 1840 signatorum
1533 1793 1564 1827 in
1600 1793 1727 1828 illorum
1764 1793 1876 1829 contri-

1130 1844 1216 1878 tione
1237 1843 1385 1890 dignatus
1405 1843 1445 1878 sit
1467 1842 1578 1878 salutis
1603 1854 1743 1888 causam,
1778 1844 1875 1879 immo

1130 1893 1312 1928 salvationis
1352 1893 1549 1928 occasionem
1596 1892 1769 1940 praebere;
1812 1906 1875 1941 qno

1131 1954 1232 1990 nuper
1253 1942 1312 1978 sub
1334 1950 1511 1977 nostrorum
1539 1943 1718 1989 magisterio
1751 1943 1876 1989 legato-

1132 2004 1201 2027 rum
1235 1992 1274 2027 de
1311 1992 1389 2038 ipsis
1432 1991 1615 2027 mirabiliter
1651 1992 1876 2040 triumphante,

1131 2041 1262 2076 dilectus
1283 2041 1365 2076 filius
1386 2040 1500 2076 nobilis
1521 2042 1568 2076 vir
1587 2041 1698 2076 Simon
1720 2042 1759 2077 de
1784 2041 1876 2077 Mon·
1902 2046 2073 2084 Simqndfflon·

1132 2091 1248 2135 tesorti,
1276 2090 1319 2125 vir
1342 2090 1449 2138 utique
1470 2099 1618 2126 strenuus
1639 2099 1670 2125 et
1692 2091 1874 2133 catholicus,
1889 2078 2073 2131 ζῗῖἕζωῗξξῗῖ.

1132 2141 1224 2175 terris
1241 2152 1258 2175 a
1280 2140 1396 2187 quibus
1430 2139 1472 2175 illi
1495 2140 1618 2188 depulsi
1640 2149 1714 2175 sunt
1746 2141 1875 2188 provida
1889 2141 1983 2162 “mm‘'

1132 2198 1179 2224 est
1205 2189 1431 2225 deliberatione
1454 2190 1621 2237 profectus,
1644 2198 1677 2225 ut
1712 2202 1768 2237 per
1801 2203 1877 2237 pru-

1132 2239 1268 2274 dentiam
1298 2239 1366 2274 eius
1404 2240 1434 2273 in
1474 2239 1521 2273 his
1557 2252 1637 2286 qnae
1673 2247 1758 2285 gesta
1791 2247 1876 2279 sunt.

1133 2288 1179 2322 vel
1203 2289 1340 2335 gerenda
1362 2288 1522 2335 negotium
1540 2289 1624 2335 pacis
1645 2297 1675 2323 et
1693 2288 1764 2323 fidei
1779 2290 1877 2336 possit

1135 2337 1250 2372 ibidem
1273 2338 1433 2373 efficacius
1456 2338 1640 2385 promoveri.
1663 2337 1745 2379 Quia
1783 2338 1877 2385 igitur

1133 2391 1189 2426 etsi
1213 2399 1314 2426 tantae
1351 2391 1474 2438 pietatis
1511 2392 1595 2426 initia
1624 2403 1772 2439 prospere
1798 2392 1877 2427 buc-

1135 2456 1234 2491 usque
1261 2445 1483 2492 processerint,
1508 2445 1569 2480 fine
1597 2453 1697 2479 tamen
1726 2457 1788 2480 non
1804 2454 1877 2481 sunt

1113 2498 1238 2533 ‘adhuc
1266 2500 1440 2534 necessario
1480 2498 1622 2543 solidata,
1656 2498 1875 2535 fraternitatem

1135 2560 1265 2587 vestram
1294 2553 1464 2600 rogandam
1487 2552 1634 2587 duximus
1667 2552 1825 2598 attentius,
1847 2562 1878 2590 et

1135 2606 1323 2642 monendam
1352 2619 1406 2655 per
1439 2605 1609 2654 apostolica
1644 2606 1730 2642 vobis
1761 2607 1876 2656 scripta

1136 2659 1356 2708 praecipiendo
1377 2659 1574 2702 mandantes,
1595 2667 1751 2708 quatenus
1793 2661 1877 2710 apud
