2129 3223
92 276 147 306 Aa:
163 275 190 304 C.
212 278 277 305 ¹2¹2

227 1474 231 1476 ’
276 1478 448 1508 innocentius
463 1479 606 1514 opiscopus
625 1485 719 1507 servus
743 1486 884 1508 servorum
907 1479 963 1512 Dei,
995 1481 1027 1510 it·
1105 1510 1110 1515 ⁴
1521 1512 1527 1518 ‚
1760 1514 1766 1520 ,

1048 1524 1049 1540 1
1069 1522 1186 1544 missus
1208 1522 1264 1556 pro
1290 1523 1339 1550 eo,
1357 1520 1387 1546 et
1408 1511 1600 1548 Benedictus
1623 1522 1822 1561 praepositus

106 1647 217 1670 Exordium

120 1758 134 1768 ι

95 2233 265 2262 vesprumiensis

82 2266 194 2293 episeopus
240 2265 266 2286 nd

81 2293 157 2317 Srdem
170 2296 266 2323 Aposto-

50 2342 53 2344 .
82 2325 143 2347 ticam
188 2327 266 2347 missus

83 2362 122 2384 pro
150 2355 266 2377 obttnenda

96 2388 256 2409 confirmatione

103 2418 240 2440 cancerata.

888 278 1056 302 thOCEth
1063 278 1098 300 ΓΞ
1119 279 1155 300 111
1180 279 1228 301 ΡΙ).

1709 270 1778 303 257

292 333 374 367 nime
416 331 473 366 tuit
508 332 538 366 in
577 333 639 367 tuis
672 331 784 367 litteris
823 333 1038 380 explanatum,
1078 333 1242 378 goniensis
1279 333 1447 374 Ecclesiae,
1477 333 1621 370 videlicet
1651 334 1828 381 Agriensis,

291 380 366 416 illud
394 392 452 415 nos
473 380 504 415 in
526 380 597 416 aliis
624 380 735 416 litteris
763 382 878 417 nostris
915 383 1039 430 plenius
1079 380 1273 421 Georiensis,
1300 391 1329 417 et
1352 383 1747 431 praelatiVesprumiensis
1763 384 1827 431 epi-

288 429 434 465 duximus
453 428 699 477 explanandum.

338 478 451 513 Datum
473 477 617 514 Laterani
640 480 662 514 8
685 479 755 514 idus
783 480 928 518 ianuarii,
957 492 1037 527 pon-

287 527 421 562 tificatus
442 528 538 562 nostri
554 540 637 563 anno
658 528 906 575 quartodecimo.

304 582 365 615 Dat.
384 584 432 614 die
454 584 472 614 f>
490 585 616 616 ianuarii
634 585 720 621 1212,
739 585 841 626 pontis.
869 595 944 615 anno
963 595 1016 616 xiv.

589 751 722 787 LXXX.

321 828 530 873 Confirmatur
556 830 719 863 concordia
745 830 824 863 incer
851 830 1004 865 Ecclesias

359 877 546 921 Strt’qonien.
570 884 596 911 ee
626 877 761 911 Colocen.
785 880 862 913 inita
886 880 947 921 (J).

548 950 763 982 SUMMARtUM

279 1009 447 1042 Exordium.
469 1027 509 1034 —
528 1011 733 1051 Vesprumien.
753 1015 910 1052 episcopus
928 1013 962 1042 ad
980 1013 1033 1044 Se-

319 1054 385 1085 dem
418 1056 616 1095 Apostolicam
648 1058 757 1087 missus
790 1067 841 1096 pro
873 1057 1029 1088 obtinenda

319 1099 542 1130 confirmatione
574 1101 760 1131 concordiae.
785 1118 824 1124 —
854 1100 983 1139 Delegati
1015 1112 1029 1132 a

318 1142 495 1182 strigonien.
519 1148 548 1173 et
568 1144 702 1174 Colocen.
726 1146 874 1184 episcopis
903 1155 954 1183 pro
979 1147 1029 1175 fir-

319 1188 425 1218 manda
456 1189 625 1219 concordia.
657 1206 696 1212 —
726 1189 905 1220 Concordiae
939 1195 1030 1220 tenor.

1078 441 1247 478 scoporum
1271 442 1308 465 ex
1334 441 1418 479 parte
1445 445 1518 473 una.
1537 442 1567 468 et
1589 433 1722 469 dilectus
1743 432 1826 468 filius

1078 478 1262 515 Colocensis
1284 481 1405 516 electus
1442 482 1480 516 de
1515 482 1675 517 voluntate
1713 482 1827 518 suffra-

1077 540 1249 574 ganeorum
1277 528 1462 565 Colocensis
1499 530 1670 572 Ecclesiae,
1704 530 1826 567 Wara—

1078 577 1198 613 diensis
1211 578 1367 617 videlicet,
1393 578 1611 621 Cenadiensis,
1627 589 1658 615 et
1679 580 1825 617 Ultrasil-

1078 627 1151 662 vani
1193 628 1416 675 episcoporum
1460 641 1497 663 ex
1525 630 1619 665 altera
1648 631 1677 665 in
1705 640 1823 666 certam

1077 675 1207 712 sormam
1236 678 1424 712 concordiae
1446 678 1644 723 devenerint,
1658 691 1751 726 quam
1766 691 1824 727 per

1077 726 1232 772 praefatos
1258 725 1466 762 Georiensem
1486 736 1515 762 et
1541 727 1822 775 vesprumiensem

1075 775 1242 822 episcopos
1270 776 1366 823 redigi
1386 776 1613 813 mandaverunt
1635 777 1666 812 in
1685 778 1823 825 scriptis,

1074 835 1145 858 cum
1168 824 1252 859 illam
1276 825 1306 859 in
1335 826 1460 872 scriptis
1493 826 1651 861 redactam
1682 827 1713 861 in
1754 839 1823 861 me-

1073 872 1159 907 dium
1188 873 1422 921 produxissent,
1444 882 1475 909 et
1510 886 1608 922 super
1641 887 1676 911 ea
1713 875 1823 911 fuisset

1074 921 1195 958 diutius
1221 922 1426 970 disputatum:
1455 924 1580 959 tandem
1610 924 1649 959 ita
1683 935 1822 960 correcta

1072 971 1171 1005 extitit
1221 980 1253 1006 et
1292 973 1482 1020 conscripta,
1517 973 1602 1021 quod
1641 985 1710 1009 eam
1752 986 1822 1020 pars

1073 1020 1254 1067 approbavit
1284 1030 1427 1069 utraque.
1455 1031 1484 1057 et
1503 1030 1564 1057 tam
1592 1022 1822 1069 strigoniensis

1071 1069 1340 1116 archiepiscopus,
1367 1083 1461 1117 quam
1488 1071 1672 1106 Colocensis
1703 1072 1822 1106 electus

1071 1130 1143 1152 cum
1167 1118 1380 1153 Ecclesiarum
1403 1133 1531 1155 suarum
1554 1120 1762 1167 suffraganeis
1782 1123 1819 1156 ad

1071 1175 1176 1201 sancta
1216 1167 1272 1201 Dei
1311 1168 1478 1215 Evangelia
1519 1170 1709 1209 iuraverunt,
1735 1170 1819 1217 qnod

316 1247 357 1255 —
377 1231 557 1272 Compositio
584 1233 756 1263 huiusmodi
779 1233 831 1263 PP.
855 1234 1029 1272 significata.
1072 1216 1203 1271 s⁰sfm³s¹¹
1227 1217 1324 1271 Passls’
1346 1230 1426 1264 ‘1¹²³e
1448 1219 1668 1273 ⁰⁰}‘ll'leb2llffl'
1698 1219 1728 1253 in
1769 1219 1820 1254 illo

318 1292 358 1299 -
384 1277 499 1307 Addffis
524 1277 662 1317 precibus
690 1287 752 1307 eam
783 1284 811 1307 m
843 1278 1028 1317 approbaret·
1071 1273 1187 1312 scripto
1211 1274 1314 1313 posito
1332 1278 1435 1301 coram
1463 1279 1509 1302 ets
1536 1267 1667 1302 firmiter
1704 1267 1821 1303 obser-

315 1336 357 1343 -
376 1319 577 1359 strigoniense
594 1322 753 1361 capitulum
776 1327 876 1352 contra
896 1323 1029 1352 eamdem
1072 1322 1189 1357 varent,
1216 1322 1245 1348 et
1273 1315 1451 1350 laborarent
1478 1316 1514 1350 ad
1535 1317 1593 1351 boc
1612 1317 1820 1352 nibilominus

318 1365 468 1395 reclamat.
486 1381 525 1387 —
546 1364 658 1403 Regum
682 1366 832 1395 coronatio
851 1365 1028 1403 strigonien.
1072 1363 1152 1397 bona
1176 1363 1247 1405 fide,
1269 1372 1304 1398 ut
1326 1376 1383 1398 nos
1405 1366 1666 1411 compositionem
1705 1366 1820 1401 contir-

318 1408 542 1448 nrchiepiscopo
560 1409 734 1439 adiudicata.
1048 1404 1052 1432 ¹

319 1527 406 1556 lustri
425 1527 486 1562 rogi
506 1526 669 1562 ungariae.

324 1593 378 1629 Illa
401 1602 444 1634 te,
461 1593 503 1628 fili
519 1593 717 1637 charissime,
734 1594 892 1629 charitatis
908 1608 1029 1642 praero-
1048 1629 1050 1636 ,

275 1644 375 1689 gativa
398 1643 574 1689 diligimus,
596 1655 669 1678 cum
699 1645 781 1678 inter
809 1645 887 1679 alios
917 1646 1049 1680 mundi'

277 1692 438 1740 principes
459 1704 531 1739 erga
550 1704 714 1739 personam
737 1701 886 1738 nostram,
910 1702 941 1728 et
972 1707 1028 1729 sa-

275 1751 469 1777 crosanctam
505 1741 681 1777 Romanam
717 1742 893 1778 Ecclesiam
928 1744 1028 1779 devo-

277 1790 434 1826 tissimum
467 1799 496 1825 te
535 1791 695 1830 sciamus,
727 1792 811 1838 qnod
852 1805 960 1839 preces
999 1802 1028 1827 et

276 1840 447 1886 petitiones
473 1852 511 1874 ex
535 1848 621 1887 parte
644 1849 694 1874 tua
717 1841 810 1876 nobis
839 1841 958 1876 oblatas
980 1843 1030 1876 in-

278 1889 442 1924 tendimus
479 1889 613 1923 libenter
658 1889 834 1930 admittere,
876 1901 1028 1937 quantum

277 1949 349 1973 cum
384 1948 490 1972 nostra
534 1949 702 1984 possumus
749 1938 923 1974 honestate.
951 1940 1028 1975 Inde

275 1987 434 2034 siquidem
459 1986 526 2026 tuit,
547 1986 632 2034 quod
662 1988 873 2022 venerabilem
902 1988 1027 2025 fratrem

277 2043 421 2071 nostrum
444 2035 724 2082 Vesprumiensem
765 2038 948 2085 episcopum
990 2039 1028 2072 ad

276 2084 392 2120 Sedem
415 2085 630 2132 Apostolicam
665 2086 866 2121 accedentem
902 2096 1028 2134 paterna

278 2133 476 2180 benignitate
498 2135 710 2181 suscepimus,
733 2143 763 2169 et
781 2148 861 2183 quae
885 2144 946 2171 tam
974 2149 1030 2183 per

277 2195 364 2223 eum,
386 2194 480 2230 quam
504 2194 561 2229 per
581 2191 651 2218 tuas
680 2183 770 2218 nobis
803 2185 921 2220 litteras
956 2186 1030 2220 inti-

279 2230 370 2267 masti
399 2233 494 2279 pleno
521 2233 728 2278 concepimus
756 2234 926 2269 intellectu.
967 2234 1027 2276 Qui

279 2281 417 2329 denique
455 2281 536 2316 inter
571 2289 693 2316 caetera
726 2284 887 2330 proposuit
924 2296 1027 2318 coram

279 2330 382 2370 nobis.
404 2330 488 2378 quod
511 2342 582 2365 cum
611 2331 649 2365 de
672 2342 748 2377 pace
771 2341 923 2379 perpetuo
958 2342 1029 2367 sta-

280 2380 395 2414 tuenda
443 2380 528 2414 inter
564 2379 816 2425 Strigoniensem
862 2391 893 2417 et
933 2382 1031 2417 Colo-

279 2440 408 2464 censem
431 2428 589 2464 Ecclesia-ss
616 2430 668 2462 din
697 2429 787 2464 suerit
814 2438 843 2464 te
871 2432 1030 2466 mediante

280 2485 458 2522 tractatum,
485 2478 613 2513 tandem
642 2477 830 2513 venerabilis
851 2480 944 2514 frater
971 2493 1029 2515 no-

280 2535 344 2561 ster
364 2526 592 2573 Sti-igoniensis
614 2527 872 2575 archiepiscopus
898 2529 938 2565 de
953 2542 1031 2564 con-

280 2588 375 2611 sensu
410 2583 440 2610 et
463 2576 620 2611 voluntate
644 2576 911 2622 suffraganeorum
956 2579 1029 2613 Stri-

315 2641 355 2676 (t)
371 2641 409 2668 Ex
429 2640 531 2674 Baluz.,
550 2641 593 2668 tib.
616 2649 674 2673 xiv,
693 2642 775 2676 Epist.
796 2642 854 2669 ¹56.

399 2684 472 2714 Ball.
494 2684 569 2714 Rom.
599 2685 651 2714 Vol.
672 2685 722 2714 III.
886 2687 923 2716 33

1072 1424 1231 1446 maremus
1252 1412 1398 1448 eandem.
1419 1413 1455 1447 P.
1482 1426 1609 1462 quoque
1631 1415 1821 1463 Quinquec-

1069 1460 1231 1496 clesiensis
1269 1463 1468 1509 praepositus
1495 1463 1535 1498 ab
1572 1465 1723 1511 episcopo
1762 1477 1820 1500 suo

1069 1560 1177 1594 Sancti
1204 1559 1356 1603 Thomae,
1376 1572 1499 1596 necnon
1522 1570 1551 1596 et
1574 1561 1705 1598 Iacobus
1726 1562 1821 1598 Scho-

1071 1609 1197 1643 lasticus
1219 1607 1446 1655 Strigoniensis
1475 1623 1530 1658 pro
1566 1613 1703 1658 capitulo
1736 1613 1822 1648 eius-

1070 1658 1141 1692 dem
1170 1657 1343 1699 Ecclesiae,
1366 1671 1381 1693 a
1409 1671 1474 1706 quo
1501 1659 1562 1694 sub
1595 1661 1703 1696 debito
1730 1662 1822 1696 iura-

1071 1714 1177 1741 mento
1204 1718 1237 1741 se
1260 1717 1463 1743 asseruerunt
1485 1709 1602 1745 habere
1627 1710 1821 1751 mandatum.

1070 1765 1099 1790 et
1113 1755 1282 1791 Hubaldus
1294 1756 1498 1792 Posoniensis
1515 1760 1714 1806 praepositus
1737 1760 1822 1795 iura-

1071 1806 1298 1840 verumetiam
1328 1806 1406 1841 illud
1431 1807 1526 1842 idem.
1555 1807 1616 1843 Pro
1652 1807 1820 1845 Colocensi

1070 1866 1142 1888 vero
1182 1853 1325 1889 Ecclesia
1368 1855 1502 1890 lacobus
1548 1856 1744 1898 ColocensiS,
1792 1867 1820 1892 et

1071 1902 1279 1938 Hosmundus
1305 1903 1410 1939 Sancti
1452 1904 1612 1940 Laurentii
1655 1908 1820 1953 praepositi

1070 1953 1293 1998 praestiterunt
1306 1954 1473 1989 consimile
1493 1955 1714 1990 iuramentum.
1731 1954 1822 1991 Unde

1071 2001 1230 2047 praefatus
1256 2002 1423 2049 episcopus
1445 2016 1482 2038 ex
1522 2013 1608 2051 parte
1645 2013 1696 2039 tua
1731 2005 1822 2040 nobis

1072 2050 1234 2085 ttumititer
1255 2051 1457 2099 supplicavit,
1484 2060 1518 2087 ut
1557 2054 1820 2101 compositionem

1070 2099 1217 2138 eandem,
1245 2113 1339 2147 quam
1375 2101 1549 2147 sigillorum
1589 2103 1820 2149 praedictorum

1070 2148 1175 2192 electi,
1198 2158 1226 2182 et
1242 2149 1455 2191 Varadiensis,
1477 2150 1697 2194 Cenadiensis,
1724 2152 1823 2187 Ultra-

1049 2222 1051 2228 ,
1070 2197 1192 2235 silvani,
1217 2198 1389 2243 Agriensis,
1403 2208 1431 2233 et
1449 2201 1548 2247 ipsius
1566 2200 1822 2246 Vesprumiensis

1070 2247 1307 2293 episcoporum,
1336 2259 1458 2283 necnon
1487 2250 1696 2296 capitulorum
1730 2249 1821 2284 Colo-

1071 2295 1174 2329 censis
1228 2304 1257 2330 et
1297 2296 1502 2332 Baccltiensis
1551 2298 1641 2333 nobis
1680 2299 1819 2333 exhibuit

1071 2345 1247 2378 munimine
1277 2345 1465 2387 roboratam,
1493 2348 1677 2382 auctoritate
1710 2348 1821 2394 digna-

1071 2404 1179 2426 remur
1200 2393 1370 2439 apostolica
1398 2396 1597 2435 contirmare;
1619 2397 1710 2431 cuius
1733 2405 1823 2432 tenor

1072 2441 1140 2476 talis
1153 2450 1209 2476 est:
1226 2442 1258 2475 ln
1277 2443 1403 2477 nomine
1426 2443 1539 2484 Patris,
1562 2453 1592 2479 et
1609 2444 1689 2486 Filii,
1704 2454 1735 2481 et
1753 2446 1822 2493 Spi-

1071 2490 1149 2524 ritus
1184 2490 1302 2525 Sancti.
1338 2492 1453 2527 Amen.
1502 2493 1588 2528 Haec
1630 2504 1678 2530 est
1725 2496 1822 2530 forma

1072 2539 1159 2586 pacis
1189 2540 1272 2574 inter
1290 2541 1540 2587 strigoniensem
1564 2551 1594 2578 et
1615 2543 1822 2581 Colocensem

1072 2588 1336 2637 archiepiscopos.
1379 2590 1484 2626 Prima
1520 2595 1681 2629 coronatio
1714 2607 1822 2642 regum

1071 2636 1251 2683 Hungariae
1281 2639 1459 2685 specialiter
1497 2650 1616 2690 spectat
1654 2643 1690 2678 ad
1725 2646 1822 2680 solam

1845 282 1892 307 Αη,
1912 280 1939 306 C.
1960 281 2025 307 nte

1843 1420 1938 1447 Delegnti
1949 1418 2020 1440 881ιῖ-

1835 1453 1920 1478 gonteri.
1941 1454 1961 1472 et
1977 1449 2018 1471 Co-

1835 1483 1905 1503 locen.
1933 1482 2019 1508 episc-

1836 1514 1868 1540 pte
1883 1518 1920 1540 pro
1937 1513 2019 1533 ssrmon-

1836 1544 1862 1564 da
1876 1543 1975 1565 concordi
1985 1550 1996 1562 ι.

1872 2417 1897 2428 m«
1908 2420 1925 2429 οι
1933 2411 1979 2429 diat
1989 2413 2020 2429 18-
