2129 3223
906 229 1005 254 imnx
1030 230 1144 254 antu
1686 223 1755 256 827

1017 358 1059 398 R

249 468 434 505 Radicofani
455 470 573 517 populo
597 470 783 517 prohibetur
805 483 845 505 ne
867 470 1017 506 consules
1039 470 1158 518 absque
1184 472 1313 518 speciali
1335 472 1431 508 Sedis
1453 474 1655 521 Apostolicae
1683 475 1806 509 licentia

347 519 453 565 eligat,
484 521 552 554 196
575 520 592 553 b
614 528 643 554 et
672 531 732 565 seq.

248 567 458 616 Raymundus
483 581 591 604 comes
617 568 796 603 Tolosanus
829 569 910 603 favet
937 569 1177 615 Alliigensibus,
1206 572 1277 604 208
1311 573 1339 605 b.
1370 571 1492 606 Fraude
1519 572 1637 619 decipit
1671 572 1803 609 Petrum

347 617 387 653 de
409 617 522 653 Castro
545 618 644 658 Novo,
667 620 738 653 209
766 631 796 652 α.
819 617 1134 658 Excommunicatur,
1161 620 1233 654 2¹0
1256 621 1284 654 b.
1307 619 1460 655 Subditos
1481 622 1550 656 eius
1577 635 1592 656 a
1623 622 1805 658 iuramento

348 667 506 702 fidelitatis
528 667 748 709 absolvuntur,
776 669 849 702 ibid.
877 668 976 715 Signa
1004 668 1042 702 ab
1069 681 1106 703 eo
1130 669 1230 702 ‹lanila
1261 677 1291 703 ut
1315 670 1505 709 absolvatur,
1529 673 1593 705 2¹1
1628 684 1657 705 a.

248 716 458 765 Raymundus
480 717 519 757 «le
547 716 716 752 Pennafort
746 716 802 761 (S.)
824 717 911 752 iussu
939 717 1084 764 Gregorii
1112 717 1156 752 lx
1179 717 1243 752 ΡΙ).
1270 720 1301 752 in
1336 721 1481 754 volumen
1513 721 1625 767 redigit
1648 720 1806 757 Decreta-

347 765 405 809 tes,
433 768 505 802 485
533 768 560 801 b.

248 815 458 865 Raymundus
479 816 518 851 de
540 816 573 852 S.
605 815 701 850 Paulo
724 816 931 859 (Waldensis)
954 815 1066 851 Fidem
1092 817 1278 852 catholicam
1307 818 1484 864 profitetur,
1507 821 1578 854 2126
1602 821 1628 854 b.

247 864 427 914 Raynerius
452 865 701 900 Interamnensis
723 867 902 913 episcopus.
939 867 971 900 V.
996 866 1245 902 interamnensis
1274 867 1427 902 Ecclesia.

247 914 409 951 Ramberti
434 915 491 959 (S.)
518 914 624 950 Iuren.
648 916 802 950 ‹lioeccsis
824 916 1050 951 monasterium
1080 918 1140 950 sul»
1165 918 1359 962 protectione
1386 918 1588 964 Apostolicae
1618 918 1710 955 Sedis
1739 932 1803 954 su-

346 965 492 1012 scipitur,
517 967 560 998 ’77
585 966 612 999 b.
638 963 723 999 Bona
751 965 856 1000 omnia
877 977 911 1000 ac
939 966 1099 1012 priiilegia
1122 966 1223 1000 eidem
1247 967 1487 1009 confirmantur,
1511 969 1585 1002 ibid.
1615 977 1643 1001 et
1665 981 1728 1015 seq.

247 1012 498 1049 Ravennatensis
518 1013 659 1049 Ecclesia
687 1013 747 1048 sul)
771 1015 965 1061 protectione
993 1014 1196 1059 Apostolicac
1228 1015 1321 1050 Sedis
1345 1017 1530 1063 suscipitur,
1564 1019 1629 1052 401
1663 1019 1689 1051 b.
1714 1018 1801 1052 Bona

347 1064 375 1098 ei
403 1063 642 1103 confirmantur,
684 1065 753 1098 402
793 1076 825 1107 a,
848 1066 918 1099 405
942 1065 970 1098 b.
1000 1064 1132 1098 l’allium
1155 1066 1223 1098 eius
1246 1065 1384 1113 archiep.
1405 1066 1611 1110 conceditur,
1639 1067 1711 1102 403
1737 1080 1766 1101 α.

248 1110 469 1148 Reeanatense
492 1114 645 1160 oppidum
675 1113 704 1146 in
728 1113 884 1148 civitatem
908 1114 1052 1159 erigitur,
1076 1115 1146 1148 500
1169 1127 1187 1148 α
1215 1123 1244 1149 et
1272 1116 1301 1149 b.

248 1160 476 1196 Recanatensis
504 1164 614 1196 civitas
635 1162 805 1209 episcopali
838 1162 992 1208 dignitate
1014 1172 1154 1203 ornatur,
1183 1176 1244 1210 qua
1273 1164 1373 1198 fuerat
1395 1164 1571 1199 Auximana
1596 1165 1707 1200 civitas
1735 1166 1802 1212 pri-

349 1220 430 1251 vata,
458 1214 528 1246 556
551 1224 578 1245 a.
604 1210 767 1246 Romanae
792 1211 948 1246 Ecclesiae
972 1212 1097 1246 rebellis
1119 1225 1152 1247 ea
1177 1212 1330 1258 dignitate
1359 1213 1509 1259 privatur,
1532 1215 1603 1249 697
1623 1215 1652 1249 b.

247 1260 477 1296 Recanatensis
504 1260 642 1295 Ecclesia
673 1261 702 1294 in
732 1261 943 1295 cathedralem
972 1270 1002 1295 et
1029 1263 1137 1296 setlem
1166 1262 1391 1309 episcopalem,
1420 1275 1492 1298 curn
1521 1264 1736 1298 disiunctione
1765 1264 1803 1298 ab

348 1309 490 1346 Ecclesia
513 1309 741 1345 Humanatensi
770 1312 914 1356 erigitur,
943 1312 1014 1358 500
1037 1324 1055 1344 α
1078 1319 1108 1345 et
1131 1313 1160 1346 b.

249 1359 515 1395 Recanaieusium
541 1360 619 1394 tides
641 1372 712 1405 erga
739 1359 854 1394 Sedem
884 1363 1011 1407 Apost.,
1035 1362 1106 1395 500
1128 1374 1157 1395 α.
1183 1361 1301 1396 Eorum
1329 1363 1483 1409 oppidum
1516 1363 1544 1396 iu
1574 1362 1743 1403 civitatem,
1772 1372 1801 1396 et

346 1409 487 1445 Ecclesia
511 1410 541 1444 in
564 1409 777 1445 cathedralem
801 1419 830 1444 et
852 1411 958 1445 sedem
982 1411 1196 1457 episcopalem
1219 1412 1362 1457 erigitur,
1386 1414 1459 1447 ibid.
1489 1420 1519 1446 et
1547 1414 1574 1446 b.

249 1458 400 1494 Rectores
422 1460 582 1494 civitatum
607 1468 764 1505 praestare
786 1460 900 1494 debent
924 1460 1138 1496 iuramentum
1169 1473 1225 1507 pro
1249 1462 1320 1496 litlei
1349 1462 1546 1500 defensione,
1571 1464 1641 1497 507
1665 1475 1696 1497 α.

246 1507 443 1556 Reginaldus
471 1522 523 1544 rex
553 1509 728 1544 insularum
753 1521 884 1555 regnum
914 1510 1024 1556 Apost.
1050 1508 1125 1544 Sedi
1150 1511 1257 1549 donat,
1287 1523 1344 1558 pro
1367 1523 1468 1559 eoque
1498 1511 1680 1546 fidelitatem
1706 1511 1800 1555 iurat,

348 1560 417 1594 587
446 1571 476 1593 α,

246 1605 419 1654 Reginensi
447 1608 598 1655 episcopo
629 1608 849 1642 conceduntur
881 1608 961 1643 hona
991 1609 1051 1644 sub
1078 1622 1183 1644 annuo
1205 1621 1303 1644 censu
1331 1609 1466 1644 Roman.
1494 1609 1702 1644 Pontificibus
1733 1609 1799 1644 sol-

348 1657 462 1695 vendo,
487 1659 550 1692 401
579 1671 609 1691 α.

248 1705 410 1753 Religiosi.
434 1707 639 1741 Innocentius
660 1705 702 1740 IV
731 1706 886 1752 religiosis
915 1707 1060 1753 prohibet
1089 1720 1127 1741 ne
1157 1707 1277 1741 alienos
1302 1708 1508 1754 parochianos
1536 1708 1649 1743 diebus
1679 1707 1798 1742 festivis

348 1756 511 1802 recipiant,
535 1757 606 1790 595
633 1769 663 1789 α.
687 1755 753 1790 Nec
783 1768 843 1790 uon
877 1756 915 1789 (le
944 1757 1075 1790 mortuis
1112 1757 1289 1802 portionem
1332 1758 1517 1791 canonicam
1545 1757 1668 1792 solvant
1692 1756 1799 1791 Eccle-

347 1805 414 1847 siis,
436 1807 512 1840 ibid.
540 1805 627 1839 Hace
648 1805 752 1839 omnia
775 1814 962 1840 revocantur
983 1806 1022 1840 ab
1045 1806 1225 1840 Alexandro
1247 1806 1300 1845 lv,
1322 1809 1397 1842 ibid.
1428 1809 1456 1842 b.

246 1854 436 1903 Repentitae
463 1854 615 1890 mulieres
644 1854 845 1890 collocandae
873 1864 946 1890 sunt
969 1856 999 1891 iu
1028 1856 1135 1902 aliquo
1163 1856 1244 1897 loco,
1271 1857 1331 1891 suh
1358 1858 1466 1903 regula
1493 1855 1627 1890 alicuius
1654 1854 1797 1894 ordinis,

276 1943 279 1945 ,
348 1907 419 1939 619
447 1917 476 1938 α.

246 1953 328 1989 Rex.
351 1952 433 1989 Cum
458 1953 585 2000 regibus
607 1953 743 2001 benigne
764 1953 936 1999 agendum,
960 1966 996 1989 ac
1018 1962 1168 2001 tanquam
1193 1954 1456 1999 praecellentibus
1479 1954 1699 1991 deserendum,
1725 1955 1743 1986 7
1767 1954 1796 1988 b.

249 2002 423 2038 Riccantus
451 2003 582 2049 Angliae
609 2015 662 2037 rex
684 2004 927 2037 transactionem
954 2004 1010 2038 init
1035 2016 1107 2039 cum
1130 2004 1370 2052 archiepiscopo
1385 2003 1652 2050 Rothomagensi,
1682 2004 1746 2037 119
1766 2015 1797 2036 α.

346 2051 434 2087 Haec
462 2052 627 2086 concordia
651 2052 869 2094 confit-matur,
897 2055 972 2088 ibid.
997 2055 1024 2087 b.

246 2100 421 2136 Riccardus
447 2113 553 2135 comes
575 2100 761 2142 Fundanus,
783 2101 955 2137 Fundanae
982 2102 1144 2137 Ecclesiae
1167 2102 1342 2137 libertatem
1374 2102 1520 2144 restituit,
1549 2103 1620 2136 255
1643 2113 1673 2135 α.

247 2148 426 2186 Riccardus
452 2163 560 2185 comes
583 2149 740 2192 Soranus;
763 2152 967 2186 confirmatur
999 2152 1026 2185 ei
1057 2161 1192 2186 castrum
1217 2152 1314 2186 Vallis
1341 2152 1513 2195 Montonis,
1536 2164 1607 2186 cum
1636 2150 1797 2192 omnibus,

346 2213 428 2247 quae
455 2200 480 2234 ei
505 2200 647 2234 locarunt
670 2202 813 2236 canonici
838 2201 987 2236 basilicae
1011 2200 1244 2241 Lateranensis,
1268 2204 1339 2236 250
1362 2215 1380 2235 α
1408 2210 1436 2234 et
1464 2214 1523 2246 seq.

246 2249 423 2285 Riccartlus
445 2249 627 2284 Cornubiae
660 2262 778 2295 comes,
804 2251 835 2285 in
869 2251 1090 2298 imperatorem
1119 2252 1249 2290 electus,
1273 2264 1327 2285 rex
1355 2251 1570 2285 Romanorum
1592 2248 1797 2295 appellandus

346 2299 535 2341 declaratur,
557 2300 629 2333 698
656 2300 684 2332 b.

248 2346 379 2393 Rigensi
406 2348 569 2382 Ecclesiae
593 2348 796 2392 metropolica
825 2348 961 2395 dignitas
988 2348 1195 2383 confirmatur
1216 2348 1246 2381 in
1269 2348 1412 2386 Livonia,
1436 2350 1505 2382 596
1534 2348 1561 2380 b.

247 2395 347 2432 Rilint
375 2397 556 2443 praeficitur
580 2396 739 2431 Ecclesiae
766 2396 1046 2444 Hohenburgensi,
1075 2398 1111 2431 V.
1140 2397 1423 2443 Holienburgensis
1445 2396 1580 2438 abbatia,
1607 2404 1660 2429 etc.

248 2444 396 2481 Rictiardi
420 2446 480 2490 (B.)
502 2447 696 2485 encomium,
721 2447 791 2480 685
819 2449 845 2480 b.
870 2447 949 2481 Eius
978 2448 1117 2484 virtutes,
1141 2448 1210 2481 684
1234 2459 1263 2480 α.
1287 2447 1314 2480 Α
1338 2446 1376 2480 Β.
1397 2445 1566 2479 Etlniuutlo
1588 2443 1794 2479 Cautuarien.

346 2505 475 2530 vocatus
503 2507 596 2542 quam
626 2495 705 2529 bene
727 2508 761 2529 se
788 2497 935 2540 gesserit,
962 2498 1036 2530 ibid.
1065 2497 1092 2529 b.
1121 2495 1154 2529 In
1179 2496 1361 2541 episcopatu
1386 2494 1547 2529 Cis-trense
1575 2494 1689 2540 qualis,
1716 2494 1792 2527 ibsd.

347 2544 425 2580 Eius
448 2545 568 2591 vigiliae
596 2553 625 2578 et
652 2545 755 2578 carnis
784 2546 963 2588 maceratio,
986 2547 1057 2581 685
1087 2557 1117 2578 α.
1142 2545 1305 2583 Miracula,
1330 2546 1404 2578 ibid.
1432 2543 1517 2578 Mors
1546 2543 1692 2590 pretiosa,
1721 2544 1794 2576 ibid.

346 2593 494 2629 Miracula
517 2594 585 2629 eius
608 2602 676 2641 post
704 2603 850 2636 mortem,
874 2595 944 2629 686
966 2607 996 2629 a.
1019 2594 1209 2630 Sanctorum
1233 2594 1396 2639 cathalogo
1419 2593 1623 2636 adscribitur,
1647 2593 1724 2626 ibid.
