2129 3223
62 252 113 281 Aa.
126 251 154 281 c.
174 252 243 282 uno

583 310 665 346 XVI.

258 384 456 418 Canonizaeio
490 385 587 418 saneti·
620 384 792 418 Malachiae

514 434 645 479 episcopi
672 435 686 477 (
690 435 733 476 1).

518 512 728 543 smntmttsstt

250 578 437 610 Prooemiuui.
457 595 495 601 —-
517 578 610 608 Huius
629 579 726 609 Sancti
749 579 810 609 Vita
835 589 849 608 a
868 578 895 609 S.
922 578 993 609 Ber-

289 623 380 654 nardo
398 623 574 662 conscripta,
600 640 638 645 —
656 623 789 654 Pontifici
813 628 993 663 praesentata

288 678 302 697 a
324 667 448 698 Iordane
471 667 500 697 S.
527 667 558 697 R.
581 667 658 697 Ecct.
683 668 760 698 card.
781 685 820 690 —
837 667 896 703 Qua
923 677 992 697 exa-

287 713 394 742 minata
417 717 445 741 et
463 712 612 742 discussa:
639 712 746 742 auditis
766 713 887 751 insuper
915 713 994 742 testi-

286 757 352 793 bus,
377 774 415 780 —
436 757 608 787 Malachiam
640 760 807 786 sanctorum
839 755 906 785 albo
937 756 991 786 ad—

286 800 397 832 scribit.

830 385 998 418 Hiberniae

245 873 364 903 clamans
382 874 521 909 episcopus
540 879 634 901 servus
653 878 791 901 sorvorum
810 871 865 904 Dei.
883 872 992 900 dilectis
1010 872 1013 918 1

286 922 352 953 filiis
370 923 506 952 universis
523 921 667 950 abbatibus
687 921 719 949 ad
743 920 922 950 cisterciense
946 928 990 950 ca·

286 972 405 1009 pitntum
416 970 645 1003 convenientibus.
662 971 781 999 salntem
800 971 829 998 et
857 971 990 1006 apostoli-

285 1028 345 1051 ean
362 1020 586 1052 benedictionem.

290 1092 364 1128 Ideo
397 1100 626 1127 sacrosanctam
660 1091 834 1126 Romanam
875 1091 987 1126 Eccle-

241 1142 317 1178 siam
331 1141 526 1189 Redemptor
547 1151 653 1176 noster
674 1149 766 1187 caput
788 1140 928 1175 omnium
950 1141 986 1174 fi-

238 1191 355 1226 delium
388 1203 457 1225 esse
483 1190 580 1225 voluit
610 1198 638 1224 ct
666 1189 859 1235 magistram,
894 1199 927 1224 ut
948 1190 984 1224 ad

238 1241 306 1275 eius
327 1239 565 1287 dispositionem
586 1247 615 1273 et
635 1247 745 1273 nutum
761 1238 863 1273 divina
886 1239 983 1285 gratia

239 1297 409 1335 praeeunte,
426 1300 506 1335 quae
522 1287 636 1334 ubique
654 1301 669 1322 a
690 1287 835 1322 fidelihus
847 1288 982 1334 gerenda

71 1134 191 1158 rrum-mum

238 1347 312 1373 sunt
333 1338 529 1381 ordinentur,
548 1345 577 1371 et
592 1345 690 1371 errata
714 1337 742 1371 in
767 1337 880 1371 melius
906 1350 983 1372 cor—
1003 1335 1005 1342 ’

238 1388 389 1434 rigantur,
415 1396 445 1422 et
474 1387 511 1421 ad
545 1386 613 1421 eius
635 1385 802 1421 consilium
826 1385 857 1420 in
880 1386 982 1423 ambi-

235 1437 306 1482 guis
337 1444 525 1479 recurratur,
556 1443 585 1469 et
611 1435 695 1481 quod
730 1435 796 1482 ipsa
819 1435 980 1480 statuerit,

236 1485 353 1520 nemini
381 1492 672 1533 quantumcumque
703 1483 742 1518 de
767 1484 832 1518 suis
864 1485 981 1520 meritis

235 1534 396 1581 glorietur,
431 1534 518 1569 liceat
553 1534 733 1571 immutare,
769 1545 807 1568 ne
841 1534 866 1568 si
902 1535 980 1570 forte

236 1583 411 1630 promiscua
453 1583 581 1618 daretur
625 1583 811 1618 universalis
856 1583 978 1620 licentia

233 1645 451 1680 quaecumque
483 1633 542 1668 sibi
577 1632 751 1667 secundum
789 1633 977 1669 voluntatem

234 1683 391 1731 propriam
412 1682 605 1718 occurrerint
618 1682 829 1730 perpetrandi,
849 1683 978 1719 confusa

233 1731 370 1773 libertas,
395 1745 467 1768 cum
489 1731 662 1767 secundum
686 1731 876 1767 voluntatem
901 1745 978 1779 per-

232 1794 380 1819 sonarum
407 1790 476 1818 vota
505 1781 692 1817 dissentiant
713 1782 743 1815 in
765 1782 896 1817 aliorum
919 1783 978 1817 ali-

232 1832 358 1879 qnando
383 1831 566 1867 scandatum
591 1831 660 1866 sine
686 1831 758 1866 iusti
788 1831 977 1867 discretione

231 1881 407 1917 libraminis
436 1880 685 1916 commendanda
711 1881 921 1927 supprimeret
947 1890 977 1917 et

232 1931 338 1966 minus
363 1931 456 1978 digna
484 1930 627 1965 laudibus
661 1930 807 1965 indebitis
837 1931 977 1966 celebra-

37 1978 115 2031 „2:²⁰2
129 1979 218 2032 5⁵32&
233 1989 288 2017 ret.
322 1980 400 2016 Inde
437 1980 593 2028 siquidem
631 1980 689 2015 suit
725 1979 808 2027 quod
843 1980 977 2016 dilectus

36 2043 100 2063 ..amo
121 2027 218 2063 cossen—
233 2029 315 2066 filius
347 2037 453 2065 noster
484 2029 636 2065 Iordanus
671 2029 803 2065 Sanctae
843 2029 976 2066 Puden-

49 2076 80 2098 ¹⁸·
233 2080 334 2116 tianae
353 2079 435 2115 titnli
455 2078 596 2114 Pastoris
622 2079 784 2127 presbyter
810 2079 976 2115 cardinalis

230 2128 270 2165 ad
307 2141 416 2178 preces
460 2128 666 2176 quorumdam
706 2137 841 2164 restrum
883 2129 975 2164 vitam

230 2180 328 2215 sancti
352 2178 518 2214 cuiusdam
546 2178 604 2212 viri
638 2178 765 2213 nomine
793 2177 975 2223 Malachiae,

230 2228 283 2276 qui
304 2228 386 2276 apud
409 2226 613 2263 Claravallem
633 2227 664 2262 in
685 2227 823 2263 Domino
850 2228 974 2275 requie-

231 2278 301 2323 scit,
321 2290 339 2314 a
374 2277 466 2313 beato
490 2276 653 2313 Beruardo
679 2277 782 2324 primo
811 2275 975 2312 Claraval-

230 2327 309 2364 lensi
344 2326 456 2363 abbate
498 2325 718 2373 conscriptam,
740 2335 771 2362 et
808 2327 974 2364 miracula.

230 2388 312 2425 quae
341 2374 501 2412 Dominus
526 2375 567 2410 ob
598 2375 696 2422 ipsius
730 2376 838 2411 merita
875 2376 975 2411 decla-

232 2425 328 2462 randa
340 2437 396 2474 per
413 2426 518 2474 ipsum
533 2424 679 2471 dignatus
694 2432 740 2459 est
753 2426 886 2472 operari,
901 2438 972 2460 eum

48 2480 145 2504 vontifiei
158 2485 218 2533 91³&
231 2475 403 2512 multorum
424 2474 516 2511 vestri
538 2473 660 2510 ordinis
681 2474 868 2509 testimoniis
884 2474 975 2509 nobis

37 2516 151 2565 5325?ss
159 2518 218 2565 nss'e'i'.
231 2525 344 2561 devote
365 2531 563 2573 praesentare
581 2524 712 2567 curavit,
734 2531 767 2558 ut
792 2524 974 2559 auctoritate

36 2574 145 2596 “mnn-
231 2573 413 2623 apostolica,
438 2573 514 2622 quid
536 2573 575 2609 de
596 2573 695 2622 ipsius
717 2573 838 2608 meritis
857 2573 974 2609 sentire

266 2644 304 2679 (t)
321 2644 359 2671 Ex
380 2644 488 2672 Archiv.
506 2643 590 2672 vane.

881 253 1024 278 cauus
1047 255 1085 278 1¹1
1107 255 1154 277 PF.

1693 250 1735 281 75

1037 310 1165 346 deberet
1193 311 1345 352 Ecclesia,
1370 313 1493 360 publice
1515 313 1704 350 deberemus
1720 328 1783 351 om-

1038 365 1129 401 nibus
1155 365 1327 402 declarare,
1351 367 1432 403 Visis
1458 380 1532 416 ergo
1559 377 1714 404 tantorum
1740 372 1783 403 vi-
1809 379 1978 405 Quafxrnniwm

1036 433 1142 456 rorum
1157 421 1357 463 testimoniis,
1380 422 1438 458 vita
1460 424 1551 459 etiam
1566 424 1665 472 ipsius
1686 432 1715 459 et
1731 426 1782 460 nii·
1797 412 1979 469 3}„{¹,‘„⁶?J‡2‡51¹1

1037 474 1150 510 raculis
1164 474 1333 522 diligenter
1351 476 1513 524 inspectis,
1530 478 1676 525 precibus
1688 480 1780 515 etiam
1797 473 1870 495 ⁵¹⁵bu‘·
1914 473 1963 493 ’Μ’

1797 504 1863 524 chiam
1891 510 1948 524 saur·

1035 537 1065 564 et
1093 529 1276 564 testimonio
1310 530 1408 578 ipsius
1434 531 1603 567 cardinalis
1624 539 1654 567 et
1675 532 1779 568 dilecti
1797 536 1915 586 [ffffbn³¹¹³“
1941 537 1976 556 '¹³‘

1036 582 1090 618 filii
1109 583 1230 618 abbatis
1247 583 1433 625 casemarii,
1457 584 1653 632 aliorumque
1675 598 1781 633 quam-
1798 584 1815 585 ⁷⁷

1037 637 1184 683 plurium,
1213 637 1329 684 quibus
1350 638 1442 674 fidem
1465 639 1679 674 omnimodam
1698 640 1780 675 adhi-

1034 691 1168 726 bendam
1213 692 1443 735 credebamus,
1483 693 1620 732 inducti.
1661 693 1778 729 dietum

1033 752 1174 779 Sanctum
1207 746 1305 780 virum
1337 746 1521 781 Malachiam
1547 748 1576 781 in
1599 756 1778 783 sanctorum

1032 799 1195 845 cathalogo
1234 799 1272 834 de
1303 801 1462 835 communi
1494 801 1623 836 fratrum
1656 812 1779 838 nostro·

1012 861 1099 887 'rum
1127 854 1260 888 consilio
1287 854 1436 889 duximus
1470 854 1728 897 adscribendum,
1750 866 1779 892 et

1801 259 1850 286 An.
1865 259 1893 286 C,
1914 259 1980 287 ¹¹00

1009 920 1086 978 [per
1109 908 1207 954 ipsius
1236 909 1345 943 merita
1379 908 1603 956 Redemptoris
1631 909 1777 957 suffragia

1029 974 1099 996 cnm
1137 962 1327 1009 reliquorum
1362 971 1541 997 sanctorum
1580 963 1778 1001 interventio-

1030 1014 1123 1050 nibus
1146 1028 1160 1050 a
1183 1015 1299 1050 Christi
1323 1016 1467 1051 fidelibus
1481 1017 1651 1054 statuimus
1674 1027 1777 1062 postn-

1028 1069 1129 1103 landa.
1166 1069 1321 1105 Volumus
1349 1071 1463 1118 igitur,
1491 1079 1524 1106 ut
1551 1083 1619 1106 eam
1640 1073 1699 1108 sibi
1732 1089 1777 1110 re·

1028 1123 1211 1165 verenssam,
1239 1136 1319 1171 quae
1346 1124 1465 1161 sanctis
1489 1125 1633 1167 debetur,
1655 1129 1776 1164 univer-

1026 1190 1079 1212 sus
1101 1177 1179 1212 ordo
1201 1186 1304 1213 vester
1324 1187 1355 1214 et
1384 1179 1437 1215 alii
1461 1179 1568 1215 fideles
1589 1180 1628 1215 de
1650 1181 1772 1217 licentia

1003 1241 1006 1303 Ῐ
1024 1231 1117 1267 Sedis
1138 1232 1337 1279 Apostolicae
1359 1233 1470 1269 devote
1492 1235 1671 1276 exhibeant,
1693 1245 1724 1271 et
1741 1239 1771 1272 in

1004 1294 1201 1321 ¹sanctorum
1240 1298 1372 1321 numero
1407 1299 1518 1323 secure
1560 1291 1771 1327 conscribam.

1002 1345 1003 1378 j
1071 1339 1188 1375 Datum
1216 1339 1372 1380 Laterani,
1407 1342 1548 1377 secundo
1573 1355 1671 1379 nonas
1693 1345 1770 1384 iulii,

1001 1388 1003 1411 ⁴3
1023 1393 1224 1440 pontificatus
1246 1394 1343 1429 nostri
1371 1407 1455 1429 anno
1477 1396 1578 1430 tertio.

1095 1449 1156 1480 Dat.
1180 1450 1226 1480 die
1249 1451 1267 1480 6
1288 1450 1355 1481 iulii
1375 1461 1451 1481 anno
1473 1451 1589 1483 Domini
1614 1453 1697 1491 1190,

1267 1495 1370 1534 pontif.
1389 1505 1465 1525 anno
1488 1505 1528 1526 111.

1345 1665 1440 1701 XVII.

1070 1748 1234 1792 Responsio
1261 1749 1303 1780 ad
1329 1748 1561 1781 consultationes
1589 1748 1721 1794 episcopi

1264 1802 1436 1846 Saqontim'
1458 1803 1517 1842 (s).

1284 1880 1496 1911 stitit-&Risit

1016 1944 1108 1974 Causa
1127 1949 1252 1981 scriptae
1271 1943 1435 1973 decretatis.
1453 1959 1491 1964 —
1507 1942 1537 1972 ln
1554 1943 1653 1972 causis
1672 1943 1765 1973 eccle-

1056 1989 1186 2018 siasticis
1201 1992 1291 2017 testes
1310 1986 1444 2017 censuris
1460 1987 1666 2025 compellendi3
1679 2005 1718 2010 -
1733 1988 1764 2017 Et

1055 2033 1154 2062 cleriei
1172 2032 1311 2061 iniuriam
1331 2031 1412 2070 passi
1430 2032 1598 2062 testimonio
1616 2033 1763 2062 standum.

1055 2094 1094 2100 --
1110 2076 1259 2106 Ecclesiae
1279 2075 1407 2115 pollutae
1430 2076 1577 2114 quomodo
1604 2078 1765 2107 emundan-

1055 2122 1118 2151 dae.

1131 2192 1251 2221 Clemens
1270 2193 1323 2220 etc.
1345 2193 1494 2227 saguntino
1513 2192 1646 2228 episcopo,

1065 2262 1209 2298 Pervenit
1239 2262 1277 2296 ad
1312 2274 1381 2303 nos,
1408 2263 1493 2309 quod
1522 2264 1551 2297 in
1579 2263 1761 2310 episcopatu
1790 2274 1957 2303 eausasenm„

994 2338 995 2342 =
1015 2325 1069 2352 tuo
1089 2328 1184 2363 saepe
1211 2315 1384 2361 contingat,
1417 2315 1500 2362 quod
1529 2328 1546 2350 a
1573 2315 1652 2351 laico
1674 2329 1762 2351 enos·
1777 2306 1889 2327 ⁶⁹C¹⁶²⁴¹⁵⁵

994 2361 1075 2411 imis
1095 2377 1127 2404 et
1153 2369 1359 2404 intolerabilis
1382 2369 1497 2404 iniuria
1520 2369 1633 2405 clerico
1656 2370 1762 2405 multis

993 2416 1211 2459 1adstantibus
1237 2430 1268 2457 et
1295 2422 1472 2458 videntibus
1507 2422 1679 2467 inseratur,
1714 2425 1759 2458 iel

1014 2477 1105 2525 plebe
1126 2484 1290 2524 praesente
1326 2476 1355 2510 in
1383 2476 1534 2516 ecclesia,
1563 2487 1631 2511 eam
1658 2476 1761 2512 diaho-

1014 2532 1090 2566 licae
1112 2530 1229 2566 fraudis
1256 2530 1406 2565 instinctu
1435 2529 1549 2565 accidit
1570 2529 1760 2566 horribiliter

1048 2601 1087 2635 (l)
1105 2600 1144 2627 Ex
1170 2600 1313 2636 appendice
1332 2600 1364 2633 ad
1394 2599 1537 2627 Concilium
1564 2601 1684 2628 Lateran.
1714 2602 1758 2634 ΙΙΙ,

1013 2640 1124 2670 Concu..
1142 2644 1205 2668 tom.
1225 2649 1283 2673 xni,
1304 2640 1354 2668 col.
1371 2641 1430 2666 657.
