2129 3223
37 227 96 256 ΑΩ
117 227 146 257 C.
162 227 227 254 ¹20&

57 286 148 316 Sta-que
181 287 228 308 ele-

43 319 122 340 ctione.

53 1507 127 1530 ssxtmtt
135 1508 160 1529 ab
166 1510 223 1531 omni

41 1539 179 1561 «abiectione.

53 1953 83 1976 ne
97 1956 212 1983 qnae-tuta.

839 226 1050 252 INNOCENTtt's
1072 226 1107 248 111
1132 226 1180 249 ΡΡ.

242 282 304 325 Qui
327 283 351 318 si
380 283 482 318 forsan
511 282 592 328 apud
627 281 748 321 urbem,
777 281 823 316 vel
859 281 989 316 ubilibet

240 333 318 368 citra
333 340 466 371 montes,
490 331 570 365 viam
594 331 687 366 fuerit
704 331 867 365 universae
888 330 990 365 carnis

241 381 412 428 ingressus,
427 380 536 415 fratres
550 379 715 424 hospitalis
728 379 862 415 Sanctae
875 380 989 414 Mariae

240 431 270 465 in
293 429 403 470 Saxia,
432 429 578 464 fratribus
601 428 708 464 Sancti
737 428 891 476 Spiritus,
921 430 989 463 eius

237 491 300 514 non
316 478 462 513 differant
482 478 602 513 obitum
626 479 783 513 nuntiare.
798 477 910 524 Illique
929 477 991 512 Ro-

237 527 440 568 marmduos,
463 528 508 562 vel
533 535 595 562 trcs
616 527 655 562 de
672 526 819 563 fratribus
835 527 900 561 suis
923 527 988 560 mit·

237 584 314 621 tant,
329 577 380 624 qui
403 589 474 611 cum
498 576 646 612 fratribus
669 576 833 622 hospitalis
855 575 988 611 Sanctae

236 625 352 662 Mariae
366 626 397 660 in
409 625 501 661 Saxia
516 625 699 661 electionem
720 625 878 660 celebrent
895 637 989 670 regu-

235 675 343 710 larem.
367 674 460 718 Quod
482 675 506 710 si
529 675 631 710 forsan
649 674 732 721 apud
755 682 892 709 montem
909 673 988 709 Pes-

235 723 381 760 sutanum
395 724 521 765 obierit,
543 725 587 758 vel
607 723 740 758 ubilibet
755 722 833 757 ultra
851 731 985 763 monteS,

237 785 292 821 per
312 773 423 808 fratres
445 772 551 808 Sancti
574 772 725 819 Spiritus,
748 772 896 807 fratribus
911 771 988 806 San-

236 831 303 858 ctae
323 822 441 858 Mariae
462 822 563 869 ipsius
584 822 690 857 obitus
717 822 896 861 nuntietur,
919 822 986 867 qui,

1663 214 1724 247 191

1033 279 1148 314 Mariae
1172 280 1202 314 in
1222 279 1314 315 Saxia
1338 279 1486 315 collectae
1509 278 1636 319 fuerint,
1659 278 1695 313 ad
1713 278 1782 312 lios-

1033 329 1125 375 pitale
1147 328 1255 364 Sancti
1285 328 1422 375 Spiritus
1449 327 1694 369 transferantur,
1723 339 1781 362 nec

1031 390 1111 424 quae
1142 377 1257 413 fuerint
1279 378 1323 412 illi
1352 377 1492 414 fidelium
1520 377 1685 412 devotione
1712 375 1780 411 col-

1031 427 1126 465 latae,
1161 428 1327 462 occasione
1360 427 1501 474 qualibet
1529 426 1711 461 deferantur
1742 425 1778 460 ad

1031 477 1136 511 istud..

1079 526 1153 572 §9-
1182 525 1215 561 Si
1241 526 1295 572 qui
1323 537 1394 560 vero
1427 525 1553 559 fratrum
1581 532 1778 568 vestrorum,
1806 535 1913 562 Quom-10
1944 534 1977 554 n-

1029 576 1082 621 qui
1106 576 1254 611 destinati
1280 573 1392 609 fuerint
1420 573 1458 608 ad
1481 573 1696 621 eleemosynas
1717 565 1914 618 col-ffiffffiff
1929 564 1976 584 ¹⁰⁰⁰

1030 623 1170 670 ligandas
1199 626 1229 658 in
1261 623 1435 670 quamlibet
1463 623 1636 665 civitatem,
1664 622 1778 657 castel-

1029 673 1105 713 lum,
1129 674 1174 708 vel
1195 674 1297 708 vicum
1320 672 1517 713 advenerint,
1539 673 1564 706 si
1590 671 1668 706 forte
1689 671 1778 707 locus

1030 721 1081 757 ille
1104 735 1121 758 a
1148 723 1264 757 divinis
1300 721 1393 756 fuerit
1426 720 1539 756 officiis
1572 719 1777 761 interdictus,

1030 784 1085 818 pro
1121 771 1346 819 omnipotentis
1367 770 1424 805 Dei
1453 769 1642 813 reverentia,
1665 769 1694 803 in
1723 782 1778 805 eo-

1029 833 1098 855 rum
1114 821 1248 856 adventu
1272 821 1423 863 iucundo,
1439 818 1537 854 semel
1561 818 1591 852 in
1615 830 1696 853 anno
1714 819 1779 865 pul-

1796 224 1844 250 An.
1862 222 1892 250 C.
1911 224 1976 250 ¹20³

236 879 270 907 ut
292 872 515 919 praediximus,
537 871 617 906 duos
633 871 678 906 vel
698 879 760 906 tres
782 870 820 905 de
838 870 986 905 fratribus
1005 881 1009 912 ι
1029 871 1103 905 satis
1137 870 1300 918 campanis
1327 869 1510 916 aperiantur
1541 866 1707 906 ecclesiae,
1745 875 1778 902 ut

235 921 302 958 suis
325 920 464 956 Montem
498 920 659 955 Pessulan.
694 920 923 963 transmittant,
948 920 984 956 ad

235 970 421 1010 electionem
446 970 631 1017 regulariter
653 969 887 1004 celebrandam.

328 1023 358 1054 7.
375 1018 542 1057 Caeterum
563 1031 634 1054 cum
660 1018 793 1053 ecclesia
811 1017 845 1053 S.
868 1017 986 1053 Mariae

236 1068 268 1103 in
306 1069 386 1109 axia,
401 1076 431 1103 et
445 1068 600 1116 hospitale
621 1076 835 1103 constructum
856 1066 984 1107 ibidem,

236 1117 274 1153 ad
290 1130 349 1153 nos
370 1118 457 1152 nullo
472 1118 645 1164 pertineant
668 1117 773 1152 medio
789 1116 885 1160 (salvo
900 1116 983 1164 quod

235 1166 340 1202 clerici
355 1166 497 1203 eiusdem
513 1166 673 1201 Ecclesiae
688 1165 805 1200 debent
819 1177 854 1200 ex
879 1174 986 1200 nostro

235 1216 384 1252 mandato
413 1215 559 1250 basilicae
592 1215 743 1262 principis
772 1213 984 1261 apostolorum

236 1265 270 1300 in
301 1265 473 1306 scrutinio,
509 1264 666 1312 baptismo
699 1272 729 1298 et
764 1263 914 1306 laetania)
947 1275 985 1298 ne

235 1313 369 1362 disparis
395 1313 585 1349 conditionis
607 1313 703 1348 horno
726 1311 917 1360 praeferatur
936 1312 985 1347 ei-

235 1362 325 1408 dem,
359 1371 388 1398 et
424 1375 550 1403 servus,
583 1362 634 1410 qui
666 1361 717 1396 alii
745 1362 874 1396 domino
900 1369 983 1405 stet,

236 1420 288 1448 aut
309 1411 410 1453 cadat,
427 1421 638 1460 praeponatur
651 1411 795 1458 hospitali
813 1409 983 1457 praedicto,

236 1460 321 1510 quod
343 1469 468 1497 nostrae
484 1469 603 1496 tanturn
619 1469 664 1495 est
686 1459 894 1494 iurisdictioni
913 1458 985 1494 sub·

237 1511 369 1552 iectum3
393 1522 557 1558 personam
583 1519 680 1550 tuam,
702 1509 745 1543 fili
770 1511 931 1554 magister,
953 1516 983 1542 et

236 1572 458 1596 successorum
474 1568 599 1594 tuorum
620 1571 635 1593 a
659 1557 873 1605 quorumlibet
893 1570 984 1604 prae-

237 1609 368 1644 latorum
391 1609 561 1644 eximimus
584 1616 745 1654 potestate.
765 1606 805 1641 Ut
829 1607 934 1641 nullus
952 1607 983 1640 in

236 1665 284 1703 te,
305 1659 352 1693 vel
375 1670 443 1698 eos,
472 1656 627 1692 interdicti
651 1656 695 1691 rel
725 1656 985 1691 excommunica-

235 1707 330 1742 tionis
348 1707 548 1751 sententiam⁷
575 1706 643 1740 sine
671 1706 817 1740 mandato
846 1707 984 1751 Aposto-

234 1755 429 1797 licaeSedis
450 1755 562 1791 audeat
591 1755 799 1802 promulgare.
824 1753 927 1795 Quam
956 1755 981 1788 si

235 1805 325 1843 aliter
345 1805 463 1852 prolata
485 1804 588 1844 fuerit,
615 1804 817 1839 deceruimus
844 1815 906 1837 non
930 1811 983 1837 te-

235 1865 321 1889 nere.

284 1903 358 1950 §8-
386 1901 476 1938 Licet
502 1910 605 1937 autern
634 1902 791 1949 praedicta
819 1900 981 1947 hospitalia

236 1953 393 1992 uniamus,
416 1964 455 1987 ne
476 1959 579 1986 tamen
601 1951 782 1986 huiusmodi
806 1951 882 1985 unio
904 1962 982 1984 con-

235 2000 393 2038 fusionem
420 2000 568 2044 inducat,
601 2012 671 2035 cum
701 2008 731 2034 et
759 2000 784 2035 si
817 1999 892 2034 unio
917 1998 981 2034 Deo

235 2051 277 2086 sit
291 2050 416 2098 placita,
438 2050 587 2085 discretio
603 2057 706 2085 tamen
729 2049 755 2084 ei
773 2048 981 2083 nihilomiuus

235 2099 277 2134 sit
290 2107 431 2146 accepta,
448 2098 609 2145 privilegio
628 2098 781 2145 praesenti
800 2098 979 2137 statuimus,

236 2155 271 2184 ut
293 2148 402 2184 fratres
417 2149 471 2195 qui
491 2147 677 2193 colligendis
699 2147 910 2194 eleemosynis
926 2158 980 2193 pro

237 2197 429 2245 pauperibus
451 2196 615 2243 hospitalis
635 2196 668 2231 S.
692 2196 805 2230 Mariae
828 2197 858 2230 in
885 2195 979 2230 Saxia

235 2247 352 2286 fuerint
372 2246 521 2294 deputati,
544 2254 661 2280 tantum
684 2245 781 2286 Italia,
808 2253 837 2279 et
858 2245 979 2286 Sicilia,

237 2296 419 2343 et,Anglia,
445 2303 475 2329 et
498 2293 634 2340 Engada
656 2295 717 2329 sint
743 2294 894 2335 contenti,
911 2293 978 2328 fra-

234 2352 300 2389 tres
325 2353 429 2380 autem
456 2343 620 2390 hospitalis
650 2343 756 2378 Sancti
783 2343 921 2389 Spiritus
949 2344 978 2377 in

236 2392 342 2429 Monte
360 2393 534 2429 pessulano
548 2392 645 2427 libere
668 2393 696 2426 in
719 2392 887 2438 provincii=
909 2391 979 2426 aliis

236 2443 503 2491 eleemosynarum
535 2449 671 2476 statuant
702 2439 904 2482 collectores,
938 2443 979 2475 ita

236 2492 321 2539 quod
344 2493 468 2539 utrique
490 2492 556 2526 suis
582 2490 723 2525 terminis
745 2490 807 2523 sint
829 2491 979 2530 vontenti⁷

236 2553 294 2575 nec
316 2541 460 2576 invadant
476 2541 561 2576 alteri
586 2540 736 2575 terminos
753 2540 898 2573 aliorum.
915 2539 978 2573 Noc

236 2589 464 2639 eleemosynae,
490 2601 570 2637 quae
592 2600 649 2637 pro
671 2587 817 2635 hospitali
847 2587 980 2623 Sanctae

1027 931 1122 966 super
1135 920 1344 967 eleemosynts
1359 916 1560 966 acquirendis
1579 916 1707 951 verbum
1728 929 1778 951 ex-

1027 969 1212 1003 hortationis
1233 968 1271 1003 ad
1297 968 1447 1015 populum
1477 966 1508 1001 in
1537 965 1677 1001 Ecclesia
1703 977 1777 1012 pro-

1027 1025 1168 1065 ponatur.

1075 1071 1090 1110 ξ
1112 1070 1166 1101 to.
1189 1066 1399 1101 Decernimus
1423 1065 1561 1111 insuper,
1578 1072 1608 1099 ut
1633 1072 1776 1111 recepto·
1818 1072 1946 1099 &remores

1027 1127 1076 1151 res
1093 1115 1334 1158 fraternitatum,
1355 1115 1420 1149 sive
1443 1113 1644 1149 collectarum
1662 1120 1776 1148 vestra·
1789 1103 1972 1160 {iiieecei‘iii'ssmii

1027 1177 1107 1208 rum,
1135 1165 1220 1199 salvo
1246 1165 1314 1199 iure
1337 1162 1538 1198 dominorum
1571 1174 1721 1206 suorum,
1744 1162 1774 1196 in
1790 1163 1846 1185 ⁹⁶²⁶
1861 1164 1946 1190 ‘²⁰¹¹’st

1026 1213 1106 1249 beati
1136 1213 1219 1248 Petri
1244 1221 1274 1248 et
1304 1220 1408 1247 nostra
1437 1211 1630 1259 protectione
1661 1211 1775 1246 consi-

1025 1271 1119 1304 stant,
1142 1271 1172 1297 et
1194 1274 1270 1310 pace
1286 1261 1315 1296 in
1339 1261 1442 1306 terris,
1464 1260 1495 1295 in
1514 1260 1631 1308 quibus
1646 1259 1774 1301 fuerint,

1049 1321 1195 1346 Ollanlur.

1027 1324 1045 1359 p
1074 1361 1093 1408 S
1126 1363 1180 1395 lt.
1209 1359 1310 1395 Simili
1344 1359 1438 1393 etiam
1472 1358 1566 1392 modo
1592 1359 1772 1401 sancimus,
1801 1364 1970 1401 Semnan-sum

1027 1417 1059 1446 ut
1080 1410 1272 1457 quicumque
1295 1409 1324 1443 in
1341 1416 1441 1442 vestra
1464 1406 1557 1442 fuerit
1579 1406 1772 1442 fraternitate
1787 1399 1971 1447 f„².{²s²d²{{{„²¹2⁸0¹¹,²

1026 1467 1182 1506 receptus,
1213 1459 1237 1492 si
1266 1457 1368 1492 forsan
1402 1455 1588 1503 parochialis
1621 1456 1864 1496 ecclesia,⁰¹‘·³⁵¹··

1025 1509 1117 1543 cuius
1136 1516 1278 1555 tempore
1301 1505 1510 1553 parochianus
1526 1505 1672 1546 extiterit,
1687 1517 1703 1540 a
1725 1505 1770 1539 di-

1024 1558 1105 1592 vinis
1142 1557 1235 1591 fuerit
1272 1556 1382 1591 officiis
1414 1555 1603 1594 interdicta,
1637 1566 1773 1601 eumque

1026 1607 1103 1641 mori
1126 1606 1313 1652 contigerit,
1342 1605 1399 1652 ipsi
1428 1604 1588 1651 sepultura
1615 1603 1773 1639 ecclesia-

1024 1656 1099 1690 stica
1129 1667 1189 1690 non
1214 1662 1357 1700 negetur,
1380 1654 1437 1688 nisi
1466 1652 1772 1697 excommunicatus,

1026 1705 1070 1739 vel
1099 1704 1284 1739 nominatim
1309 1703 1398 1737 fuerit
1421 1702 1615 1736 interdictus.

1073 1753 1093 1800 S
1122 1755 1177 1787 42.
1212 1752 1360 1788 Decimas
1394 1759 1519 1795 autem,
1545 1750 1584 1785 de
1617 1750 1706 1784 terris
1741 1758 1771 1785 et

1024 1802 1136 1845 vineis,
1158 1814 1236 1849 quas
1258 1801 1295 1836 ad
1319 1813 1398 1847 opus
1421 1800 1618 1834 infirmorum
1645 1807 1675 1834 et
1698 1811 1772 1845 pau-

1025 1863 1134 1899 perum
1164 1851 1300 1898 propriis
1334 1848 1480 1884 manibus
1513 1856 1565 1883 aut
1591 1847 1771 1895 sumptibus

1023 1900 1135 1941 colitis,
1150 1901 1214 1934 sive
1228 1901 1267 1935 de
1287 1899 1487 1934 nutrimentis
1505 1898 1700 1941 animalium,
1715 1909 1769 1932 seu

1023 1950 1061 1985 de
1083 1949 1239 1984 fructibus
1261 1949 1425 1984 ltortorutn
1454 1955 1641 1990 vestrorum,
1664 1945 1770 1981 nullus

1022 2000 1145 2045 exigere
1168 1999 1213 2032 vel
1241 2007 1429 2044 extorquere
1456 2004 1641 2043 praesumat.

1070 2048 1090 2095 ἓ
1114 2050 1170 2082 13.
1195 2046 1302 2082 Liceat
1323 2054 1427 2081 autem
1452 2044 1538 2080 vobis
1564 2045 1595 2079 in
1619 2043 1768 2079 domibus

1022 2097 1144 2141 vestris,
1180 2109 1258 2143 quas
1286 2096 1315 2130 in
1340 2094 1587 2142 praesentiarum
1622 2091 1765 2132 habetis,

1020 2147 1068 2182 vel
1100 2146 1129 2180 in
1159 2145 1300 2180 futurum
1335 2144 1422 2179 eritis
1455 2142 1587 2177 liabituri
1623 2142 1660 2176 ad
1688 2153 1767 2187 opus

1022 2204 1158 2230 vestrum
1182 2202 1211 2229 et
1237 2193 1372 2229 familiae
1403 2200 1534 2235 vestrae,
1561 2202 1683 2225 necnon
1716 2192 1767 2223 in·

1020 2244 1181 2279 firmorum
1197 2251 1226 2277 et
1246 2253 1418 2289 pauperum
1438 2240 1555 2275 ibidem
1571 2239 1767 2274 manentium

1020 2294 1188 2328 oratorium
1219 2300 1248 2325 et
1280 2290 1504 2325 coemeterium
1538 2290 1608 2323 sine
1632 2287 1767 2334 impedi-

1021 2351 1126 2376 mento
1149 2340 1315 2375 cuiuslibet
1337 2338 1593 2373 contradictionis
1620 2336 1745 2371 habere.

1069 2391 1089 2437 S
1116 2392 1167 2423 14.
1190 2389 1338 2424 Cltrisma
1361 2400 1444 2427 vero,
1467 2386 1581 2421 Oleum
1608 2394 1765 2427 sanctum,
1787 2390 1964 2427 &eumenen

1020 2439 1272 2474 consecrationes
1292 2437 1450 2476 altarium,
1476 2448 1530 2470 seu
1555 2434 1764 2480 basilicarum,
1779 2423 1964 2475 ffiisfffiffai

1021 2489 1233 2522 ordinationes
1259 2486 1462 2528 clericorum,
1489 2484 1542 2532 qui
1572 2483 1611 2519 ad
1638 2483 1765 2519 ordines
1781 2485 1855 2506 Ψω-

1021 2537 1137 2571 suerint
1159 2535 1379 2584 promovendi,
1405 2547 1422 2570 a
1443 2533 1638 2569 dioecesanis
1662 2533 1765 2569 susci—

1022 2587 1112 2633 pietis
1125 2587 1292 2633 episcopis,
1307 2583 1464 2634 siquidem
1479 2583 1623 2618 catholici
1637 2582 1764 2625 fuerint,

1798 1757 1872 1779 Eximit
1897 1764 1908 1778 a
1930 1758 1968 1778 de-

1786 1789 1845 1810 cinti!

1795 2049 1913 2071 Oratorlttm
1945 2055 1965 2070 et

1796 2081 1946 2101 coemeterium

1821 2111 1925 2131 concedit,
