2129 3223
100 227 139 255 An

101 316 142 335 lavi

169 228 197 255 C.
218 229 284 255 ¹2⁹2ss

108 284 130 305 fa<
151 285 194 305 fibo
206 286 283 305 advrt-

137 635 159 643 w
182 629 268 648 roientln

349 222 417 254 420

299 294 379 319 trum
411 294 586 319 nostrorum
615 292 642 318 ct
665 284 797 319 aliorum
822 282 1065 331 [caelatorumst

297 348 350 382 qui
383 344 564 381 praesentes
591 342 679 368 erant
701 334 846 374 concilio,
869 333 1042 381 adscripsi-

296 398 382 424 mus,
407 384 452 419 vel
486 385 593 432 potius
618 383 807 429 adscriptum
830 383 1062 429 denunciaviffi

297 447 366 469 mus
394 441 574 470 sanctorum
602 433 765 480 cathalogo
803 433 1063 476 coiifessorun1‚¹

295 492 486 527 statuentes,
514 494 543 519 ιιι
580 483 610 517 in
638 484 850 519 anniversario
883 483 951 518 eius
983 494 1041 516 an-

296 534 415 569 nuatim
439 534 553 569 festum
576 532 760 568 solemniter
781 533 967 568 celebretur.

344 583 455 629 Igitur,
483 592 516 618 ut
539 590 640 618 tantae
662 584 779 629 gratiae
806 591 926 628 gratos,
961 582 1042 616 sicut

296 635 454 671 convenit.
470 645 527 668 vos
545 632 701 673 reddatis,
728 632 961 668 universitatem
986 644 1041 666 ve-

295 691 389 717 stram
418 695 596 722 monemus,
614 690 645 717 et
660 682 822 717 hortamur
843 690 970 725 attente,
986 693 1042 728 pet·

295 732 466 778 apostolica
490 732 578 767 vobis
600 731 712 777 scripta
741 731 940 770 mandantes,
963 743 1042 777 qua-

295 791 386 816 tenns
411 782 552 817 eiusdem
580 781 686 816 Sancti
715 781 826 816 festum
854 788 884 814 et
921 792 1041 814 memo-

295 832 371 866 riam
396 832 593 867 veneratione
609 831 712 866 debita
736 831 921 870 recolentes,
942 830 1041 877 ipsius

293 881 375 928 apud
398 881 500 917 Deum
525 882 672 914 virtutum
696 880 840 926 suffragia
869 892 924 927 pro
952 878 1041 914 vobis

294 938 325 964 et
345 931 414 966 aliis
437 929 697 965 christifidelibus
720 929 905 964 fiducialiter
927 929 1041 976 implo—
1060 931 1062 938 ”

297 980 378 1015 retis.
397 980 462 1015 Nos
480 979 562 1014 enim
587 980 626 1014 de
648 979 745 1025 gratia
767 979 883 1021 divina7
906 986 935 1013 et
958 988 1040 1025 prae-

294 1030 368 1064 ‹licti
391 1030 498 1065 Sancti
526 1029 645 1063 meritis
666 1029 874 1067 confidentes,
892 1028 1041 1062 omnibus

294 1130 404 1164 ‹lerote
436 1127 702 1163 convenientibus
732 1127 940 1175 quadraginta
972 1126 1042 1162 dies

295 1179 332 1213 de
360 1178 497 1213 iniuncta
525 1177 583 1212 sibi
613 1178 801 1224 poenitentia
830 1176 1042 1211 misericordi-

297 1238 341 1262 ter
364 1228 549 1262 relaxamus.

345 1276 458 1312 Datum
492 1277 659 1314 Laterani,
687 1275 810 1310 decimo
845 1276 955 1323 quinto
988 1275 1043 1310 ka—

297 1326 403 1360 lendas
438 1326 564 1374 aprilis,
594 1325 794 1372 pontificatus
827 1325 924 1359 nostri
959 1338 1043 1360 anno

296 1376 430 1410 decimo.

335 1432 396 1462 Dat.
418 1433 465 1462 die
488 1433 520 1462 18
544 1432 638 1462 martii
670 1432 751 1467 1225,
778 1432 880 1470 pontis,
904 1441 950 1461 an.
978 1441 1002 1460 x.

508 1560 751 1608 GREGotth
787 1560 831 1608 tx

535 1646 628 1676 PAPA
654 1645 805 1676 CLXXVlll

423 1707 516 1739 Anno
543 1705 670 1738 Domini
691 1705 917 1738 MCCXXVH.

306 1780 420 1853 sslltera
440 1816 478 1850 ab
493 1815 626 1850 Honorii
649 1815 735 1850 obitu
758 1815 820 1855 die,
842 1813 1046 1849 decimanona

299 1866 417 1901 scilicet
438 1865 538 1900 martii
560 1876 644 1899 anno
670 1867 774 1903 1227,
801 1865 920 1898 electus
947 1875 993 1897 est
1015 1864 1046 1898 in

299 1916 476 1950 Romanum
505 1914 692 1948 Pontificem
715 1914 785 1960 Ugo
804 1913 837 1948 S.
861 1913 900 1947 R.
926 1913 960 1947 E.
985 1925 1049 1947 car-

300 1964 425 2008 dinalis,
440 1964 609 2010 episcopus
622 1962 792 2007 Ostiensis,
815 1963 941 1998 natione
958 1961 1050 1997 Cam-

303 2026 421 2061 panus,
446 2014 542 2060 patria
571 2013 743 2057 signinus,
773 2021 859 2060 patre
886 2025 921 2046 ex
949 2012 1049 2046 comi-

301 2064 386 2099 tibus
404 2062 546 2109 Signiae,
562 2071 591 2097 et
605 2061 750 2109 Gregorii
769 2074 884 2097 nomen
900 2062 1049 2108 sumpsit;

302 2113 459 2148 dominica
486 2120 588 2147 autem
616 2112 773 2159 sequenti,
800 2111 851 2146 die
887 2113 924 2145 ⁶24
961 2111 1050 2145 uimi-

304 2175 371 2198 rum
411 2162 551 2197 eiusdem
593 2161 720 2201 mensis,
757 2161 964 2196 intronizatus
991 2169 1048 2196 est.

303 2212 393 2248 Sedit
413 2212 443 2246 in
466 2211 647 2258 pontificatu
670 2223 769 2246 annos
787 2224 853 2250 xrv,
876 2222 1000 2245 menses
1018 2221 1050 2251 v,

304 2263 371 2296 dies
393 2274 429 2296 ιιι
455 2264 516 2304 (t),
539 2261 769 2306 imperantibus
792 2261 822 2295 in
843 2260 975 2295 Oriente
991 2259 1050 2294 Ro-

306 2312 410 2355 berto,
446 2323 515 2345 mox
554 2309 711 2345 Balduino
746 2310 792 2354 ll,
821 2311 850 2344 in
877 2309 1051 2345 Occidente

307 2373 377 2396 xero
412 2359 575 2394 Friderico
608 2359 636 2394 Π
672 2359 922 2406 imperatoribus.
964 2358 1051 2394 Obiit

305 2412 393 2445 senio
421 2409 570 2457 curisque
595 2409 792 2456 gravioribus
813 2409 975 2444 confectus
1002 2408 1052 2443 die

307 2462 347 2494 ⁶21
392 2460 518 2506 augusti
548 2463 658 2502 1241,
695 2467 725 2493 et
757 2459 901 2506 sepultus
934 2467 979 2494 est
1014 2458 1051 2494 ad

307 2509 339 2543 S.
363 2509 510 2544 Petrum:
540 2509 657 2544 vacavit
684 2508 784 2545 Sedes
816 2508 880 2544 fere
908 2508 946 2544 ad
973 2508 1054 2544 duos

309 2570 444 2594 menses.

344 2618 384 2653 (1)
404 2619 513 2646 Inclusis
532 2619 667 2647 extremis.

874 230 1058 253 nummum
1083 228 1243 251 ROMANUM

1442 279 1465 314 l.

1061 370 1064 379 ¹
1086 363 1176 402 Quod
1201 362 1406 395 Cremonensis
1423 361 1557 394 Ecclesia
1574 361 1610 393 dc
1630 367 1745 392 caetero
1763 359 1829 402 suf-

1131 412 1283 456 fmyanea
1320 412 1358 444 sit
1402 419 1427 443 et
1454 422 1521 444 ‚esse
1553 410 1743 453 intelligatur
1775 420 1830 442 ar-

1131 461 1357 506 chiepiscopalis
1386 461 1540 494 Ecclesiae
1566 460 1806 493 illedt'olanensis
1821 487 1829 497 ,

1060 528 1063 557 ς
1131 512 1181 544 rui
1215 511 1414 544 reverentiam
1458 517 1484 543 et
1516 509 1717 543 obedientiam
1755 520 1830 541 con-

1060 562 1063 569 *
1131 568 1230 594 suetas
1256 560 1396 593 exhibere
1416 560 1520 592 debeat
1547 560 1604 599 (tt.

1349 630 1562 662 SUMMARIUM

1082 691 1196 726 Quibus
1219 691 1254 719 de
1276 690 1375 719 causis
1398 689 1570 718 Cremonen.
1594 688 1723 718 Ecclesia
1742 700 1756 718 a
1774 689 1831 718 Mc—

1122 736 1305 765 ‹liolanensis
1324 734 1508 764 subiectione
1524 742 1555 762 se
1579 732 1775 763 subtraxerit:
1792 751 1832 756 —-

1121 779 1221 809 Eidem
1254 779 1290 809 ab
1316 778 1443 808 Honorio
1473 778 1617 807 restituta.
1643 794 1681 800 —
1709 777 1830 808 Cremo-

1122 826 1222 854 nensis
1245 825 1401 863 episcopus
1425 822 1600 852 inobediens
1627 839 1665 844 —
1694 822 1832 852 Mediola-

1123 880 1187 897 nen.
1202 868 1423 907 archiepiscopo
1435 866 1649 897 subiicitur.—
1665 866 1830 897 Clausulae.

1082 937 1228 972 {negot-tus
1242 935 1384 971 episcopus
1411 941 1508 963 servus
1530 940 1671 963 servorum
1686 933 1743 967 Dei,
1754 941 1831 963 vene-

1127 985 1208 1014 rabili
1242 983 1330 1013 fratri
1349 983 1557 1019 archiepiscopo.
1578 984 1609 1011 et
1641 983 1751 1012 dilectis
1768 983 1834 1012 filiis

1061 1020 1063 1069 i
1126 1034 1247 1070 capituto
1262 1032 1448 1066 mediolanen„
1467 1033 1587 1061 satutem
1607 1033 1636 1061 et
1655 1033 1833 1069 apostolicam

294 1080 332 1114 :id
355 1079 528 1114 Ecclesiam
552 1078 785 1114 Eboracensem
811 1078 841 1111 in
869 1077 948 1112 festo
975 1077 1041 1111 eius
1061 1077 1063 1092 ²

1125 1084 1348 1113 benedictionem.

1131 1152 1217 1186 Licet
1252 1149 1496 1184 Mediolanensis
1519 1149 1659 1184 Ecclesia
1690 1162 1828 1196 semper,

1083 1210 1235 1250 quantum
1260 1208 1306 1234 est
1328 1200 1358 1233 in
1384 1199 1533 1234 memoria
1554 1198 1730 1241 bominum,
1749 1199 1831 1245 Apo—

1084 1251 1211 1286 stolicae
1238 1249 1313 1284 Sodi
1337 1249 1429 1283 fuerit
1454 1247 1607 1283 obediens
1640 1257 1667 1283 et
1701 1247 2032 1290 devoia;‘¹³⁰¹³⁰²¹¹⁵‘⁵⁵¹¹¹’·

1085 1301 1183 1335 felicis
1205 1309 1307 1335 tamen
1331 1298 1501 1333 memoriae
1523 1298 1725 1333 Innocentius
1745 1297 1830 1346 Papa

1086 1350 1306 1397 praedecessor
1341 1355 1447 1382 noster
1486 1348 1527 1382 ob
1561 1347 1685 1394 eulpam
1716 1348 1830 1383 civium

1085 1398 1368 1434 Mediolanensium
1404 1397 1558 1432 civitatem
1594 1409 1703 1433 eorum
1731 1397 1833 1432 subii-

1085 1451 1173 1483 ciens
1213 1447 1398 1491 interdicto,
1431 1446 1589 1482 mandavit
1629 1447 1833 1493 suffraganeis

1086 1499 1183 1546 ipsius
1217 1497 1394 1536 Ecclesiae,
1430 1505 1462 1531 ut
1494 1496 1596 1530 eidem
1632 1508 1832 1544 nequaquam

1086 1547 1296 1591 intenderent,
1325 1545 1476 1593 quamdiu
1499 1545 1572 1579 dicti
1600 1545 1687 1581 cives
1715 1546 1745 1580 in
1776 1559 1832 1582 sua

1086 1597 1282 1632 contumacia
1311 1595 1525 1642 perdurarent.
1553 1594 1657 1642 Super
1690 1608 1752 1642 quo
1785 1609 1834 1630 ve-

1065 1676 1066 1679 ,
1088 1646 1236 1681 nerabilis
1264 1645 1357 1680 frater
1384 1653 1489 1679 noster
1516 1643 1742 1680 Cremonensis
1769 1645 1835 1693 epi-

1087 1708 1214 1741 scopus,
1236 1695 1290 1741 qui
1307 1694 1364 1729 fuit
1383 1693 1466 1740 apud
1488 1692 1603 1728 Sedem
1619 1694 1831 1741 Apostolicam

1088 1752 1308 1783 consecratus,
1341 1743 1477 1790 speciale
1510 1743 1690 1778 mandatum
1718 1743 1833 1779 dicitur

1089 1794 1255 1841 recepisse.
1282 1793 1436 1827 Processu
1467 1804 1539 1827 vero
1566 1792 1717 1840 temporis
1743 1793 1835 1828 dictis

1089 1843 1208 1878 civibus
1230 1842 1267 1877 ad
1291 1842 1472 1877 mandatum
1502 1842 1660 1877 Ecclesiae
1685 1855 1757 1877 cum
1781 1843 1837 1878 liu-

1090 1893 1219 1927 militate
1243 1892 1390 1933 reversis,
1413 1892 1514 1927 honac
1536 1891 1705 1927 memoriae
1725 1892 1836 1927 Hono-

1092 1943 1154 1977 rius
1188 1942 1271 1989 Papa
1300 1941 1520 1988 praedecessor
1547 1949 1652 1976 noster
1683 1941 1722 1977 de
1755 1954 1838 1977 com-

1092 1992 1176 2026 muni
1201 1992 1329 2026 fratrum
1350 2003 1479 2025 suorum
1502 1991 1643 2032 consilio,
1657 1990 1725 2031 tibi,
1745 1991 1838 2027 frater

1090 2041 1336 2088 archiepiscope,
1365 2049 1440 2076 tunc
1467 2040 1566 2076 electo
1596 2040 1772 2086 mandavit,
1807 2051 1838 2075 ut

1091 2091 1127 2125 ιιιΙ
1163 2091 1231 2124 cius
1259 2091 1398 2125 venisses
1415 2090 1621 2137 praesentiam
1655 2091 1724 2126 sine
1750 2103 1836 2126 mora

1092 2148 1339 2175 consecrationis
1377 2152 1492 2174 munus
1525 2153 1597 2174 cnm
1640 2148 1836 2174 restitutione

1092 2190 1362 2236 suffraganeorum
1400 2189 1642 2224 Mediolanensis
1678 2189 1838 2225 Ecclesiae

1094 2247 1289 2286 recepturus,
1315 2251 1351 2274 ac
1372 2239 1500 2274 demum
1528 2238 1583 2274 tibi
1611 2250 1741 2274 munere
1766 2251 1838 2274 cou-

1093 2289 1277 2323 secrationis
1312 2290 1471 2335 impenso,
1507 2288 1712 2334 suffraganeis
1739 2288 1837 2334 ipsius

1094 2338 1252 2373 Ecclesiae.
1265 2338 1405 2373 absolute
1418 2338 1485 2373 siue
1499 2336 1838 2385 qualibetdistrictionc

1095 2393 1264 2436 mandavit,
1302 2402 1335 2428 ut
1363 2392 1466 2428 eidem
1488 2392 1648 2427 Ecclesiae
1681 2400 1838 2439 tamquam

1096 2448 1261 2495 metropoli
1290 2460 1365 2483 suae
1393 2446 1592 2483 intenderent
1619 2454 1649 2481 et
1676 2446 1839 2481 obedirent

1096 2502 1257 2537 humiliter
1297 2514 1332 2537 ac
1370 2501 1494 2543 devote,
1517 2501 1599 2536 illam
1634 2502 1840 2536 reverentiam

1095 2556 1149 2592 tibi
1177 2565 1205 2591 et
1241 2556 1403 2592 Ecclesiae
1428 2556 1496 2591 sine
1521 2554 1713 2591 detractione
1739 2555 1841 2604 aliqua

1131 2618 1171 2654 (¹)
1187 2619 1225 2645 Ex
1243 2618 1348 2655 Regest.
1361 2618 1444 2645 Vatic.

1844 218 1895 246 An.
1912 219 1942 246 C.
1955 217 2024 245 1227

1859 1154 1937 1181 Quibus
1947 1156 1972 1176 de
1983 1160 2030 1176 oau-

1844 1187 1874 1206 sis
1900 1184 2028 1206 Cremonen.

1845 1216 1959 1237 Ecclesiaa
1982 1215 2030 1237 Me-

1845 1279 1937 1300 iectioue

1846 1309 1984 1331 subtraxerit:

2006 1284 2031 1299 50

1865 2191 1935 2213 Eidem
1951 2192 1975 2212 ab
1991 2190 2033 2212 Ho-

1852 2224 1911 2244 norio
1931 2223 2028 2244 restituta
