2129 3223
98 246 149 272 An.
163 244 193 271 C.
214 246 277 272 1257

99 1881 203 1903 ΜηκινιϋκΕ
224 1889 231 1897 ¹

635 202 651 213 Q

343 235 413 268 524

292 299 409 333 dicator
447 299 579 332 eximius
593 324 600 335 ,

878 240 1063 263 normalem
1091 239 1254 262 nomnmu

640 305 670 330 et
704 295 883 330 auditorum
919 294 1033 329 menti·
1080 293 1164 333 buit,
1199 292 1352 340 solvitque
1377 293 1514 337 silentio,
1548 294 1736 342 facultatem.
1759 294 1821 329 Le-

293 348 351 383 bus
385 347 534 383 scientiae
561 345 668 380 lumen
700 344 831 388 infudit,
866 352 896 379 et
929 352 1038 390 pecto·
1080 354 1201 389 prosam
1225 342 1409 388 quamdam,
1437 343 1578 391 squamis
1612 343 1716 389 leprae
1750 356 1821 379 mox

291 397 378 432 ribus
401 396 537 431 fidelium
566 394 702 439 (avulsis
729 394 870 429 vitiorum
898 393 1037 437 tribulis)

290 446 408 481 semina
423 446 569 480 virtutum
587 444 704 479 iniecit.
721 443 905 479 Humilitate
920 443 1036 490 quippe

289 496 444 535 sublimis,
458 493 700 529 mansuetudine
720 493 871 540 placidus,
889 493 1034 540 patientia

288 545 393 589 sortis,
421 544 614 590 benignitate
641 542 791 586 affabilis,
820 544 931 590 pietate
959 554 1035 577 con-

288 595 415 634 dolens,
444 593 655 629 misericordia
688 594 869 638 ignoscens,
895 600 923 626 et
951 591 1035 625 mul-

289 644 385 691 tiplici
408 644 674 691 eleemosynarum
699 642 815 689 irriguo
843 642 872 675 in
895 641 1034 675 subven-

288 695 402 728 tionem
442 693 572 728 affluens
612 704 794 739 egenorum.
834 691 872 725 Et
907 699 941 725 ut
978 703 1034 736 ge-

286 753 405 778 storum
439 755 569 778 suorum
609 741 840 776 multitudinem
875 740 1032 774 succincta

287 792 436 828 relatione
457 800 615 831 texamus,
646 791 691 826 sic
721 791 824 826 lesuin
854 790 940 824 firma
963 801 1033 824 cre-

285 842 415 877 dulitate
458 841 620 888 cognovit,
659 849 687 875 et
727 841 866 896 agnitum
911 839 1032 874 sincero

284 892 378 927 corde
401 891 519 934 dilexit,
547 902 582 925 ac
603 889 751 925 dilectum
775 890 847 924 totis
871 889 949 923 votis
964 901 1031 923 am-

284 941 371 980 bivit,
394 941 479 989 quod
502 940 619 975 mundo
646 948 675 974 et
702 940 748 974 eis
770 951 849 987 quae
868 939 896 972 in
914 938 1031 972 mundo

283 999 366 1032 sunt,
389 990 515 1039 penitus
537 989 709 1036 vilipensis
731 988 768 1023 ad
788 988 935 1023 coelestia
950 1000 1030 1022 cun-

283 1041 341 1075 ctis
367 1039 480 1075 studiis
506 1038 645 1077 inhiavit
668 1046 813 1085 satagens
835 1050 868 1072 se
891 1050 948 1071 suo
974 1049 1030 1070 no-

284 1090 359 1123 mini
382 1089 504 1124 actibus
525 1096 683 1135 coaptare,
711 1095 744 1122 ut
765 1087 845 1122 sicut
862 1087 1031 1121 vocabatur

283 1138 510 1179 Eadrnundus,
546 1138 590 1172 sic
618 1150 650 1172 se
679 1137 723 1171 vel
758 1136 925 1171 criminum
963 1137 1029 1171 labe

283 1188 457 1231 mundum,
485 1187 529 1222 vel
564 1199 581 1221 e
617 1186 734 1221 mundo
761 1186 946 1229 abductum,
973 1198 1027 1220 seu

282 1246 365 1272 extra
399 1237 507 1272 mundi
532 1236 695 1283 amplexus
719 1236 872 1283 positum
899 1248 1028 1281 opernm

282 1287 498 1322 testificatione
538 1285 694 1333 probaret.
735 1284 827 1320 Unde
870 1294 1028 1339 tamquam

282 1336 452 1382 spiritualis
475 1335 582 1376 homo,
604 1334 784 1370 etmundns
805 1347 820 1368 a
840 1346 944 1369 carnis
957 1346 1030 1368 con-

283 1386 373 1432 tagiis
396 1386 425 1418 in
439 1385 588 1419 extremis
601 1396 710 1429 agens
728 1391 758 1418 et
772 1383 896 1430 Corpus
911 1383 1027 1418 Christi

282 1435 339 1468 sibi
376 1434 513 1469 delatum
552 1442 731 1468 reverenter
764 1433 912 1476 adorans,
953 1433 1029 1467 haec

284 1483 374 1519 verba
396 1483 481 1518 omni
504 1483 675 1517 attentione
690 1482 837 1526 notanda,
860 1482 936 1516 mira
954 1495 1027 1529 pro-

283 1534 389 1568 tulisse
416 1532 659 1580 compunctione
685 1540 790 1579 aperte
821 1539 1026 1566 monstratur:

287 1582 327 1617 ru
351 1594 384 1617 es
399 1582 428 1616 in
450 1594 544 1629 quem
568 1581 699 1625 credidi,
721 1593 815 1628 quem
839 1580 1026 1628 praedicavi,

282 1643 374 1678 quem
397 1631 500 1665 docui.
524 1630 565 1665 Et
592 1638 626 1665 tu
654 1630 742 1665 testis
763 1642 796 1665 es
826 1629 916 1674 mihi,
943 1630 1025 1677 quod

282 1680 359 1715 nihil
391 1680 493 1723 aliud,
528 1680 588 1714 nisi
622 1688 668 1720 te,
694 1679 846 1719 Domine,
881 1680 912 1713 in
947 1687 1027 1714 terra

281 1729 429 1776 quaesivi.
462 1729 551 1765 Sicut
584 1737 616 1765 tu
645 1729 705 1763 scis
736 1728 820 1776 quod
843 1728 919 1762 nihil
946 1728 1027 1773 volo,

282 1779 340 1813 nisi
363 1778 449 1826 quod
477 1786 511 1813 tu
533 1779 590 1818 vis,
617 1778 669 1813 fiat
692 1778 833 1813 voluntas
855 1786 918 1812 tua.

330 1828 350 1875 g
372 1831 403 1863 3.
431 1827 550 1863 Verum
564 1839 636 1862 cum
659 1827 766 1862 vivens
780 1826 1025 1862 DeiEcclesiam

284 1877 451 1925 praeclaris
484 1877 692 1912 illuminasset
722 1877 854 1917 meritis,
887 1884 1028 1911 mortuus

282 1939 357 1962 suae
379 1927 528 1962 claritatis
550 1927 653 1962 radios
681 1939 742 1962 non
769 1927 945 1970 subtraxit,
972 1926 1026 1960 sed

283 1989 379 2024 quum
419 1976 546 2012 functus
584 1976 642 2012 hac
681 1976 738 2011 vita
777 1976 880 2011 verius
913 1975 1028 2010 viveret

282 2039 376 2074 quam
397 2027 541 2067 vixisset,
568 2039 636 2062 eam
665 2025 864 2074 postmodum
889 2025 1029 2060 illustra-

282 2077 323 2110 vit
357 2076 480 2122 fulgore
506 2076 635 2112 luminis
656 2076 815 2124 plenioris.
851 2075 919 2110 Non
943 2075 1025 2109 enim

284 2126 379 2161 xoluit
405 2126 560 2181 Dominus
585 2126 777 2161 sanctitatem
807 2125 926 2160 mundo
951 2137 1028 2171 sup-

285 2176 374 2222 primi
401 2176 478 2211 tanti
505 2175 581 2216 viri
614 2176 707 2223 quin
740 2175 821 2210 sicut
855 2174 1028 2222 pluralitate

285 2227 462 2261 innotuerat
493 2226 695 2265 meritorum
732 2225 777 2260 sic
804 2223 1027 2259 miraculorum

284 2276 461 2311 diversitate
496 2283 632 2322 pateret;
673 2282 706 2309 ut
740 2273 791 2321 qui
827 2282 887 2309 tota
926 2274 1049 2323 ipsum

284 2325 447 2360 devotione
468 2325 624 2369 coluerat,
659 2325 718 2359 iam
746 2336 853 2358 secum
878 2335 1027 2370 regnans
1046 2315 1188 2370 {eadem
1229 2323 1327 2359 Porro
1365 2324 1459 2371 quia

1077 391 1319 436 decidentibus,
1352 392 1454 428 subita
1481 401 1512 428 et
1546 393 1677 428 mirabili
1704 393 1822 428 abster-

1076 442 1164 477 sione
1186 441 1367 482 mundavit;
1385 443 1518 478 tremula
1541 442 1698 491 paralytici
1721 454 1822 478 mem-

1078 491 1129 526 bra
1172 491 1303 526 firmavit
1347 491 1593 527 consolidatione
1632 505 1797 527 nervorum
1812 521 1820 532 ,

1075 541 1244 575 contractis
1278 549 1402 575 artuum
1439 542 1622 577 extensione
1657 542 1819 584 subvenit,

1075 598 1249 625 tumentem
1277 590 1471 638 hydropisim
1502 591 1643 637 corporis
1668 599 1820 627 extenua-

1075 640 1159 675 tione
1182 640 1312 681 curavit,
1340 649 1368 674 et
1391 640 1558 687 quamdam
1582 640 1690 676 senilis
1711 642 1819 677 aetatis

1076 690 1168 724 veteri
1197 689 1290 736 gibbo
1312 689 1382 724 imis
1399 689 1557 733 inflexam,
1584 690 1728 729 restituit,
1746 703 1816 726 ere-

1073 747 1119 773 cta
1147 752 1273 773 sursum
1308 739 1376 774 eius
1404 739 1497 783 facie,
1526 739 1660 774 sanitati.
1699 739 1756 775 His
1789 749 1817 774 et

1073 788 1142 823 aliis
1176 788 1417 836 quamplurimis
1451 789 1626 824 coruscavit
1660 789 1818 824 miraculis

1074 837 1262 882 manifestis,
1286 850 1420 886 quorum
1442 839 1554 873 seriem
1581 850 1645 872 non
1671 838 1818 874 duximus

1074 887 1291 934 praesentibus
1316 887 1526 923 inserendam.
1562 886 1759 923 Convalescit
1779 901 1818 924 ex

1073 938 1149 984 ipsis
1172 936 1248 972 fides
1269 937 1432 978 catholica,
1448 937 1630 972 iudaeorum
1647 937 1815 985 pertinacia

1070 986 1239 1030 erubescit,
1266 986 1471 1021 confunditur
1501 986 1732 1022 haereticorum
1753 986 1817 1023 fal-

1071 1036 1168 1076 lacia,
1207 1043 1237 1070 et
1273 1035 1464 1083 obstupescit
1501 1036 1673 1082 ignorantia
1715 1049 1816 1085 paga-

1071 1098 1194 1121 norum.

1118 1136 1138 1183 S
1166 1139 1197 1169 4.
1225 1135 1339 1170 Cantet
1366 1134 1470 1182 itaque
1494 1134 1730 1171 cantuariensis
1754 1136 1816 1172 Ec-

1070 1184 1162 1220 clesia
1185 1184 1287 1220 laudis
1305 1184 1428 1220 divinae
1442 1186 1611 1229 canticum,
1632 1185 1716 1232 quod
1735 1186 1811 1221 inter

1069 1234 1146 1270 alias
1175 1234 1336 1270 modernis
1361 1233 1559 1281 temporibus
1586 1234 1813 1270 venerabilibu

1069 1292 1115 1318 est
1139 1284 1283 1319 decorata
1311 1284 1466 1339 patronis,
1495 1283 1588 1319 unius
1609 1283 1737 1331 quidem
1759 1297 1812 1320 ru-

1069 1333 1185 1368 bricata
1219 1334 1386 1382 martyrio,
1413 1341 1444 1369 et
1465 1332 1666 1369 confessione
1689 1334 1816 1369 alterius

1069 1383 1244 1418 candidata.
1272 1382 1403 1418 Exultet
1434 1383 1529 1430 pleno
1555 1382 1671 1429 gaudio
1706 1383 1814 1419 fertilis

1069 1432 1254 1477 Cantuaria,
1280 1432 1366 1480 quod
1394 1432 1432 1467 ab
1459 1431 1618 1467 Ecclesiae
1644 1445 1720 1469 suae
1743 1445 1813 1468 area

1070 1489 1130 1515 tarn
1151 1494 1263 1528 purum
1285 1494 1418 1529 granum
1441 1481 1622 1516 transmittit
1642 1481 1681 1516 ad
1702 1481 1811 1518 horrea

1068 1531 1183 1565 summi
1204 1530 1312 1578 Regis.
1347 1531 1495 1566 Laetetur
1515 1538 1547 1566 et
1572 1530 1812 1568 pontiniacense

1070 1580 1314 1625 monasterium,
1346 1580 1430 1627 quod
1452 1587 1482 1615 et
1507 1579 1630 1621 talium,
1658 1588 1689 1616 et
1710 1589 1813 1617 tanto-

1070 1642 1138 1664 rum
1165 1629 1293 1664 Patrum
1315 1631 1431 1665 meruit
1458 1630 1605 1664 honorari
1629 1631 1812 1677 praesentia¹

1068 1678 1144 1713 dum
1173 1691 1255 1714 unus
1282 1678 1396 1714 ibidem
1420 1679 1471 1714 diu
1500 1678 1617 1725 degens
1638 1680 1715 1715 illud
1738 1693 1812 1715 suae

1068 1728 1147 1763 vitae
1182 1728 1321 1763 moribus
1349 1728 1534 1767 nobilitavit,
1565 1736 1596 1763 et
1629 1729 1706 1764 alter
1738 1729 1811 1765 illuc

1068 1777 1232 1821 accedens,
1251 1778 1366 1824 ipsum,
1388 1777 1509 1813 reddita
1525 1778 1613 1813 coelo
1635 1779 1748 1820 anima,
1763 1781 1809 1814 sui

1068 1827 1210 1874 corporis
1231 1827 1377 1862 thesauro
1402 1827 1521 1868 ditavit;
1549 1835 1581 1862 ut
1607 1828 1694 1875 quasi
1716 1828 1814 1864 adim-

1069 1876 1217 1924 pleretur,
1239 1875 1403 1923 quodipse
1425 1877 1581 1923 gloriosus
1602 1886 1717 1926 martyr
1731 1877 1813 1912 Tho-

1068 1938 1146 1968 mas,
1173 1926 1316 1962 videlicet
1336 1935 1404 1974 post
1421 1926 1548 1973 longam
1571 1939 1702 1972 moram,
1718 1939 1810 1975 quani

1068 1976 1151 2010 exilii
1179 1977 1227 2011 sui
1255 1984 1396 2024 tempore
1424 1978 1454 2010 in
1482 1976 1594 2011 eodem
1621 1977 1809 2012 continuavit

1069 2026 1269 2067 monasterio,
1297 2038 1368 2061 cum
1394 2026 1470 2074 ipsis
1495 2026 1635 2061 monacis
1656 2027 1694 2062 de
1715 2027 1810 2062 multa

1070 2075 1304 2111 honorificentia
1345 2075 1527 2110 charitative
1548 2075 1608 2110 sibi
1630 2076 1669 2111 ab
1695 2078 1741 2112 eis
1762 2089 1810 2112 ex-

1069 2124 1176 2165 hibita,
1204 2125 1395 2172 respondere
1417 2126 1498 2160 iuxta
1522 2125 1583 2161 voti
1609 2126 1657 2160 sui
1683 2126 1812 2173 plenitu-

1068 2174 1173 2209 dinem
1190 2187 1251 2210 non
1269 2175 1394 2215 valeret,
1416 2175 1532 2210 dixisse
1547 2175 1706 2215 asseritur,
1727 2176 1809 2223 quod

1068 2232 1150 2258 esset
1172 2224 1230 2259 sibi
1259 2224 1338 2259 alius
1371 2237 1586 2267 successurus,
1619 2225 1672 2272 qui
1700 2225 1811 2260 condi—

1067 2285 1161 2319 gnam
1184 2274 1260 2321 ipsis
1277 2273 1514 2309 retributionem
1534 2274 1737 2322 responderet
1755 2288 1810 2322 pro

1500 2336 1580 2372 quos
1613 2325 1810 2371 omnipoten

1835 241 1888 267 An.
1905 239 1936 267 C.
1952 240 2019 267 ¹24⁷

286 2388 308 2406 x
309 2374 502 2410 nerabiliter
535 2374 700 2409 coleretur.
739 2373 816 2408 Nam
844 2374 945 2408 caecis
978 2372 1028 2407 lu-
1045 2372 1156 2415 {Deus
1190 2381 1292 2420 perpet
1287 2385 1356 2408 uae
1383 2385 1498 2408 corona
1524 2373 1641 2421 gloriae
1664 2374 1694 2408 in
1715 2374 1810 2408 codis

286 2436 355 2458 nien
380 2424 532 2459 restituit:
560 2432 590 2458 et
612 2423 696 2471 quod
719 2431 765 2458 est
787 2422 967 2479 gloriosius,
989 2417 1050 2456 de'
1070 2423 1260 2469 magnificat
1282 2435 1424 2458 summae
1445 2423 1618 2458 devotionis
1641 2422 1746 2458 studio
1772 2425 1810 2457 al·

286 2473 447 2508 cniusdam
480 2473 582 2509 oculis
609 2474 730 2508 innatae
756 2473 914 2508 caecitatis
941 2481 1029 2508 tene·
1070 2472 1249 2508 hominibus
1271 2474 1303 2507 in
1327 2473 1417 2508 terris
1438 2475 1582 2508 convenit
1606 2474 1743 2508 venerari
1767 2478 1808 2508 tut

288 2522 357 2557 luas
394 2523 486 2558 infusi
525 2524 608 2558 visus
643 2523 862 2570 perspicuitate
902 2522 1027 2570 fugavit.
1069 2533 1131 2569 quo
1158 2522 1329 2558 solemnius
1363 2522 1470 2558 fideles
1494 2522 1680 2557 Sanctorum
1704 2509 1809 2557 colunt

288 2571 366 2616 Alii,
392 2573 481 2607 cuius
511 2574 649 2619 linguam
677 2581 784 2607 natura
807 2573 925 2606 diutina
951 2572 1028 2607 taci-
1069 2583 1269 2612 memoriam,
1305 2584 1342 2607 eo
1377 2571 1504 2619 dignius
1536 2583 1645 2607 corum
1669 2574 1812 2619 patroci-

288 2622 434 2656 tnrnitate
460 2622 622 2667 ligaverat,
650 2622 776 2657 liberam
799 2621 950 2669 loquendi
975 2623 1051 2670 tri-l
1071 2622 1156 2655 nium
1181 2625 1421 2668 promerentur):
