2129 3223
37 264 92 293 An.
109 265 138 292 c.
159 259 225 292 1256

49 521 154 544 castellae
183 528 219 544 rex

37 553 151 606 (eff—dubani
165 553 221 576 tibe-

55 1764 209 1791 indulgentiam

45 1801 89 1817 turn
103 1800 129 1816 eo
147 1794 226 1816 milita-

19 1825 22 1831 ’
45 1827 96 1847 tuiis
127 1825 224 1846 concedit

0 1869 19 1889 ἦ,
43 1855 147 1878 Pontifex.

845 265 1028 289 GnrzGomUs
1050 266 1084 288 lx
1108 266 1153 287 ΡΡ.

242 320 384 367 tinguere
420 316 605 360 moliantur,
637 320 705 367 ipso
743 331 797 355 eos
835 320 1006 365 ineffabili!

239 370 434 417 providentia
458 369 625 413 tolerante,
650 379 679 403 ut
710 369 754 403 vel
781 369 817 404 ad
842 382 912 404 eum
933 371 1005 405 re-²

236 419 330 455 deant
353 418 470 454 utendo
491 419 631 454 libertate
653 418 785 463 arbitrii,
813 419 857 453 vel
874 419 982 454 saltem

238 469 472 504 excusationem
497 480 558 503 non
587 468 721 504 habeant
743 476 850 503 contra
880 469 981 514 ipsum
1003 491 1004 518 i

239 518 357 554 tamdiu
402 518 646 553 misericorditer
684 518 848 565 expectati.
892 518 982 553 Unde
1003 539 1004 563 ;

236 580 307 604 cum
330 567 534 603 charissimus
561 568 591 602 in
619 567 748 603 Christo
772 567 854 603 filins
878 575 983 603 noster

235 617 364 653 illustris
386 629 439 652 rex
466 616 620 652 Castellae
642 626 671 651 ct
694 617 855 663 Legionis,
878 618 907 651 in
930 629 1004 656 cu-,

235 667 284 703 ius
311 679 423 702 manus
447 667 627 702 misericors
648 666 804 701 Dominus
834 679 981 713 prospere

235 717 347 752 direxit
369 716 549 763 negotium,
583 716 666 763 quod
695 715 871 763 specialiter
904 716 980 754 sibi.

234 775 265 802 et
292 766 362 801 aliis
384 766 563 801 christianis
589 774 696 801 contra
721 777 859 812 paganos
882 766 981 812 regio-

233 816 283 851 nis
305 816 390 851 illius
412 815 567 856 imminet,
589 815 740 863 acquisita
760 815 884 850 civitate
901 815 981 850 Cor-

233 865 318 901 duba
361 864 558 901 nobilissima
604 873 634 900 ct
671 865 888 912 potentissima
927 877 982 912 per

234 914 395 956 eumdem,
426 914 591 950 clementia
613 914 672 949 sibi
708 924 898 961 cooperante
931 914 981 949 di-

234 964 321 1006 vina;
343 976 440 1011 super
456 976 519 1011 quo
536 964 724 998 universalis
745 963 886 999 Ecclesia
902 977 980 1010 gau-

234 1014 287 1048 dio
313 1013 439 1050 salutari
463 1013 614 1058 relicitur,
640 1021 670 1048 et
692 1026 749 1049 nos
771 1013 979 1061 omnipotenti

233 1063 302 1099 Deo
340 1063 370 1098 in
406 1062 515 1098 laudes
549 1071 579 1098 et
617 1063 730 1110 gratias
769 1063 979 1109 assurgimus,

235 1124 314 1159 quas
359 1112 517 1154 valemus;
560 1112 724 1159 diligenter
762 1113 980 1157 considerans,

234 1162 318 1209 quod
341 1174 404 1197 non
431 1162 523 1198 debet
550 1162 679 1197 ancillae
702 1162 783 1196 fitius
803 1174 874 1197 cum
902 1162 980 1197 libe-

233 1224 287 1247 rae
312 1211 376 1247 filio
402 1211 513 1247 haeres
539 1223 620 1252 esse,
647 1210 684 1246 ad
713 1212 885 1247 eruendam
918 1220 979 1246 ter-

234 1273 298 1296 ram
322 1260 363 1296 de
384 1261 523 1308 ipsorum
546 1260 702 1301 manibus,
726 1273 818 1309 quam
848 1260 980 1308 propha-

234 1310 315 1346 natis
335 1310 522 1345 sanctuariis
549 1310 689 1345 detinent
720 1318 914 1357 occupatam,
948 1319 980 1345 ut

234 1359 402 1395 eliminatis
431 1359 504 1395 inde
525 1360 697 1407 spurcitiis,
722 1361 750 1394 in
779 1372 846 1394 eam
877 1372 979 1407 popu-

234 1409 299 1444 lum
327 1408 551 1456 acceptabilem
578 1409 714 1443 Domino
743 1409 847 1444 divino
879 1409 980 1444 comi-

235 1466 317 1493 tatus
337 1458 455 1494 auxilio
479 1458 669 1503 introducat,
692 1458 831 1493 intendat
854 1470 890 1493 ex
911 1459 979 1493 ani-

234 1520 303 1549 mo,
337 1515 369 1543 et
398 1508 562 1554 magnifice
590 1516 761 1555 proponat,
794 1508 875 1542 sicut
901 1520 979 1543 con-

235 1557 319 1592 venit
359 1557 507 1605 prosequi
551 1558 712 1605 negotium
759 1565 980 1599 memoratum,

235 1618 293 1642 nos
320 1607 373 1654 qui
388 1607 536 1654 cupimus
549 1606 691 1654 Sponsae
714 1606 830 1642 Christi
847 1608 979 1642 tentoria

235 1655 368 1698 dilatari,
391 1664 424 1691 ut
440 1655 597 1692 funiculos
611 1669 686 1691 suos
702 1656 790 1691 faciat
809 1656 979 1703 longiores,

235 1705 377 1741 eiusdem
400 1706 483 1753 regis
517 1705 684 1753 prudentia
717 1713 747 1740 et
769 1707 981 1752 magnanimi-

237 1762 299 1790 tate
322 1756 470 1802 pensatis,
493 1756 688 1802 propositum
707 1768 800 1790 suum
828 1755 932 1801 dignis
949 1756 979 1790 in

237 1804 375 1840 Domino
390 1804 548 1845 laudibus,
570 1813 599 1839 et
622 1804 725 1839 favore
748 1804 897 1839 benevolo
913 1818 981 1851 pro-

237 1861 406 1901 sequentes
426 1853 624 1897 mandamus,
651 1862 805 1901 quatenus
832 1854 980 1889 omnibus

239 1902 375 1938 subditis
404 1903 528 1943 vestris,
555 1904 608 1949 qui
636 1915 706 1937 cum
740 1903 808 1950 ipso
843 1915 915 1951 rege
950 1905 980 1938 in

240 1953 385 2000 personis
420 1952 566 1999 propriiS,
601 1960 628 1987 ct
656 1952 813 1999 expensis,
841 1960 870 1987 et
908 1953 980 1994 illis,

240 2002 305 2050 qui,
331 2002 403 2037 licet
425 2002 456 2036 in
479 2001 588 2036 alienis
604 2002 762 2049 expensis,
780 2003 982 2048 personaliter

240 2051 314 2087 illuc
334 2051 536 2095 accesserint,
557 2052 707 2098 quamdiu
736 2052 913 2098 praedictus
928 2065 980 2087 rex

241 2101 271 2136 in
295 2100 517 2149 prosequtione
539 2100 614 2135 dicti
644 2101 757 2147 negotii
796 2102 899 2142 suerit,
937 2102 982 2137 vel

240 2151 350 2187 saltem
373 2163 430 2198 per
451 2150 525 2185 anni
539 2151 673 2198 spatium
697 2152 856 2193 moraturi,
877 2164 913 2186 ac
933 2151 981 2193 iis,

240 2201 375 2247 quinon
394 2200 424 2235 in
453 2200 596 2247 personis
619 2200 767 2247 propriis,
790 2201 844 2235 sed
868 2202 897 2236 in
915 2202 981 2237 suis

241 2250 403 2285 dumtaxat
440 2250 585 2296 expensis
628 2250 708 2284 iuxta
743 2249 918 2286 facultatem
954 2259 983 2286 et
1002 2261 1004 2274 ⁴

241 2299 421 2348 qualitatem
448 2311 535 2334 suam
571 2299 653 2333 viros
679 2298 809 2334 idoneos
839 2300 984 2335 destina-

242 2350 344 2385 verint
376 2356 553 2384 moraturos
594 2361 646 2395 per
682 2356 802 2383 tantum
835 2351 1004 2396 temporis¹

242 2411 314 2434 cum
336 2399 450 2434 eodem
473 2397 556 2433 illam
580 2397 803 2444 indulgentiam
827 2399 982 2444 tribuatis,
1003 2405 1004 2411 ¹

243 2459 336 2496 quam
359 2447 533 2484 secundum
553 2456 665 2483 statuta
681 2447 807 2482 concilii
830 2449 984 2494 generalis

243 2497 396 2533 haberent
414 2497 648 2545 proficiscentes
666 2497 695 2531 in
711 2496 890 2532 subsidium
905 2497 983 2533 Ter-

245 2558 296 2582 rae
321 2546 466 2582 Sanctae.
504 2547 605 2582 Huius
635 2559 760 2594 quoque
794 2547 985 2583 remissionis

246 2596 399 2639 volumus,
425 2604 457 2632 et
486 2596 690 2632 concedimus
716 2608 784 2631 esse
819 2597 985 2644 participes

245 2646 329 2682 iuxta
351 2646 555 2694 quantitatem
583 2645 726 2688 subsidii,
748 2653 778 2681 et
809 2646 984 2682 devotionis
1004 2655 1006 2668 ¹

1653 254 1721 287 495

1024 319 1170 355 affectum
1192 331 1322 359 omnes,
1354 321 1406 367 qui
1434 321 1473 355 de
1495 319 1587 355 bonis
1607 319 1675 355 suis
1697 319 1770 354 illuc

1027 381 1164 416 congrue
1195 368 1439 409 destinaverint,
1472 377 1525 404 aut
1560 370 1590 404 in
1628 377 1690 404 tam
1719 369 1770 416 pio

1024 419 1149 466 negotio
1171 418 1339 454 consilium
1367 427 1397 455 et
1428 419 1580 455 auxilium
1605 418 1771 468 impende-

1025 469 1085 504 rint
1112 477 1339 516 opportunum.

1073 527 1187 562 Datum
1204 526 1312 567 Reate,
1340 526 1480 562 secundo
1503 539 1601 563 nonas
1635 535 1768 575 septem-

1025 577 1100 615 bris,
1129 576 1330 624 pontificatus
1355 577 1451 611 nostri
1475 588 1557 612 anno
1583 576 1718 612 decimo.

1064 639 1122 669 itai.
1146 640 1191 669 die
1222 639 1239 668 -l
1259 643 1380 677 septem.
1408 638 1489 675 1236,
1512 638 1613 678 pontis.
1640 649 1684 669 au.
1703 648 1729 669 x.

1371 798 1422 833 IL.

1025 877 1226 922 Confirmatio
1252 878 1401 910 bonorum
1432 877 1568 911 omnium
1603 890 1639 911 ac
1669 879 1770 923 privi-

1070 928 1219 972 leqiorum
1233 927 1381 971 requlart's
1398 926 1550 961 Ecclesiae
1560 927 1669 962 Sancti
1683 929 1771 962 Lam-

1071 978 1147 1010 berti
1161 977 1296 1011 Subnen.
1319 977 1528 1021 Salisburqen.
1547 977 1689 1011 dioecesis
1707 979 1767 1018 (Ι).

1291 1054 1503 1085 SUMMARIUM

1021 1117 1185 1147 Exordium.
1209 1134 1245 1139 —
1268 1117 1429 1147 Ecclesiam
1450 1118 1505 1147 sub
1539 1118 1623 1148 Sedis
1640 1119 1766 1159 Aposto-

1062 1162 1133 1191 licae
1154 1163 1333 1201 protectione
1352 1163 1485 1201 suscipit.
1503 1179 1541 1185 —
1559 1162 1589 1193 ln
1608 1173 1700 1203 eaque
1724 1175 1768 1195 re-

1061 1207 1190 1244 gularem
1218 1206 1406 1245 disciplinam
1436 1207 1545 1236 servari
1583 1208 1709 1239 mandat.
1731 1227 1770 1232 —

1060 1250 1137 1280 Bona
1162 1251 1258 1280 omnia
1278 1251 1439 1280 confirmat.
1462 1267 1501 1273 —
1523 1250 1641 1282 Novalia
1670 1253 1771 1283 eximit

1061 1308 1074 1327 a
1101 1299 1233 1328 decimis.
1261 1316 1299 1321 —
1329 1299 1458 1329 Clericos
1487 1299 1638 1340 laicosque
1677 1302 1768 1341 recipi

1060 1343 1210 1381 permittit.
1241 1360 1279 1364 —
1298 1343 1443 1373 Prosessis
1463 1343 1633 1374 discedendi
1648 1344 1769 1375 faculta-

1061 1392 1117 1417 tem
1137 1388 1269 1425 denegat.
1289 1405 1327 1410 —-
1349 1389 1502 1427 Privilegia
1527 1389 1667 1420 nonnulla
1695 1400 1769 1420 con-

1060 1431 1145 1461 cedit.
1157 1449 1196 1454 —
1211 1431 1413 1471 Praepositum
1426 1434 1461 1463 de
1475 1435 1586 1472 gremio
1596 1435 1663 1473 eligi
1677 1435 1767 1466 iubet.

1060 1493 1097 1497 —
1121 1475 1274 1514 Privilegia
1294 1478 1390 1507 omnia
1414 1478 1576 1517 confirmat.
1594 1495 1631 1501 —
1649 1478 1772 1510 Clausu-

1061 1526 1114 1555 lae.
1133 1543 1170 1548 —
1186 1526 1318 1565 Gregorii
1340 1527 1394 1557 ΡΡ.
1409 1527 1589 1567 subscriptio
1606 1544 1644 1550 —
1675 1528 1708 1558 Et
1725 1530 1768 1560 si-

1061 1571 1174 1608 gillum.
1213 1588 1250 1593 —
1289 1571 1528 1611 Subscriptiones
1574 1573 1768 1603 cardinalium

1022 1692 1168 1727 Gregorius
1180 1692 1320 1728 episeopus
1332 1700 1427 1722 servus
1437 1699 1575 1723 servorum
1587 1693 1642 1728 not,
1659 1694 1770 1724 dilectis

1065 1741 1129 1770 filiis
1146 1742 1304 1777 praeposito
1320 1743 1396 1771 Beati
1407 1742 1544 1772 Lamberti
1562 1744 1685 1777 subnata..
1698 1744 1767 1773 aius-

1067 1797 1116 1827 que
1136 1790 1274 1820 tratribus
1297 1793 1355 1820 tam
1367 1793 1553 1828 praesentibus
1569 1801 1650 1829 quam
1663 1793 1769 1824 futuris

1066 1841 1221 1877 regularem
1240 1841 1326 1870 vitam
1345 1842 1488 1878 professis,
1505 1843 1533 1872 iu
1550 1845 1723 1880 perpetuum.

1071 1913 1226 1956 Quotiens
1256 1927 1272 1949 a
1301 1914 1390 1949 nobis
1426 1914 1555 1962 petitur,
1582 1915 1665 1963 quod
1693 1916 1767 1951 reli-

1023 1964 1108 2010 gioni
1143 1972 1173 1999 et
1195 1964 1350 2000 honestati
1371 1965 1539 2001 convenire
1560 1965 1767 2013 dignoscitur,

1022 2014 1127 2049 animo
1155 2026 1211 2049 nos
1244 2014 1335 2049 decet
1361 2014 1472 2050 libenti
1498 2015 1696 2057 concedere,
1732 2028 1769 2051 ac

1024 2063 1195 2111 petentium
1213 2063 1379 2100 desideriis
1393 2077 1566 2112 congruum
1585 2065 1767 2112 suffragium

1024 2113 1187 2160 impertiri.

1074 2163 1255 2210 Eapropter,
1289 2163 1393 2199 dilecti
1416 2164 1446 2198 in
1469 2163 1604 2199 Domino
1626 2164 1692 2206 filii,
1721 2177 1768 2200 ve-

1024 2213 1097 2247 stris
1124 2213 1213 2247 iustis
1236 2213 1500 2259 postulationibus
1520 2213 1692 2249 clementer
1710 2227 1767 2249 an-

1026 2262 1162 2303 nuimus,
1184 2271 1213 2296 et
1227 2262 1399 2298 Ecclesiam
1414 2263 1500 2298 Beati
1515 2262 1672 2298 Lamberti
1689 2263 1768 2299 Sub-

1024 2324 1096 2346 nen.
1122 2312 1152 2346 in
1176 2324 1237 2358 qua
1258 2312 1365 2347 divino
1386 2313 1555 2359 mancipati
1578 2314 1654 2348 estis
1675 2313 1768 2348 obse-

1024 2362 1112 2408 quio,
1152 2361 1189 2395 ad
1227 2361 1387 2408 exemplar
1412 2361 1510 2396 felicis
1545 2362 1768 2397 recordationis

1003 2411 1160 2457 2Eugenii
1184 2410 1433 2457 praedecessoris
1467 2412 1563 2446 nostri
1591 2411 1650 2446 sub
1685 2411 1767 2447 beati

1026 2460 1108 2495 Petri
1136 2468 1166 2495 et
1200 2468 1303 2495 nostra
1331 2461 1523 2508 protectione
1559 2461 1766 2508 suscipimus,

1025 2518 1055 2545 et
1079 2510 1249 2556 praesentis
1270 2510 1375 2556 scripti
1400 2510 1561 2557 privilegio
1588 2512 1768 2546 communi-

1060 2580 1099 2615 (i)
1115 2579 1202 2606 Edidit
1218 2580 1349 2612 Hundius,
1366 2580 1433 2607 Hist.
1460 2580 1616 2616 salisburg„
1643 2584 1709 2609 tom.
1725 2591 1766 2616 ru,

1025 2627 1084 2655 pag.
1101 2619 1162 2646 257.
1181 2634 1211 2640 -
1229 2621 1298 2647 Bona
1314 2620 1443 2648 Ecclesiae
1459 2620 1520 2649 huic
1534 2620 1700 2650 confirmavit
1710 2623 1767 2650 Eu-

1027 2660 1115 2694 genius
1132 2658 1179 2686 ΡΡ.
1199 2659 1244 2692 ΙΙΙ,
1260 2667 1329 2688 anno
1350 2659 1426 2688 10146.

1787 269 1837 292 An.
1851 264 1879 291 C.
1900 263 1966 290 1255

1815 1925 1932 1948 Exordium.

1795 2169 1910 2191 Ecclesiam
1927 2170 1965 2191 nub

1782 2200 1841 2221 Sedis
1871 2202 1963 2228 Aposto-

1782 2232 1835 2252 iicae
1850 2232 1965 2258 protectio-

1782 2269 1809 2283 ne
1824 2264 1920 2291 suncipit:
