2129 3223
401 255 470 289 820
944 265 1133 288 Bruanium
1155 265 1316 287 nonaxon

349 321 514 356 Leonistae
541 319 723 363 (haeretici),
746 331 919 366 eorumque
942 332 1071 367 poenae.
1096 322 1164 355 306
1188 322 1205 354 b
1227 327 1257 355 et
1278 333 1336 366 seq.

352 370 434 405 Libri
459 370 537 405 sacri
560 369 673 416 gallice
698 368 822 410 redditi,
850 370 916 404 159
939 383 969 404 α.

350 418 561 459 Licentiandi,
585 420 655 454 605
677 432 708 454 α.

350 469 475 504 Limina
498 469 722 516 Apostolorum
745 469 897 504 visitanda
919 469 956 505 ab
978 469 1114 517 archiep.
1138 477 1167 505 et
1193 482 1257 517 ep.‚
1281 471 1349 504 652
1377 483 1406 504 α.
1444 470 1677 507 Concessiones
1715 472 1888 507 contrariae

450 519 671 563 invalidantur,
698 520 772 554 ibid.

351 569 539 605 Lithuaniae
561 582 627 604 rex.
656 570 691 604 V.
718 568 886 604 Lectoviae
902 582 965 604 rex.

352 619 486 655 Litterae
508 619 697 667 apostolicae
723 619 783 654 sub
809 619 940 655 dimidia
966 620 1048 656 bulla
1072 620 1160 655 datae
1184 632 1289 668 parem
1312 619 1428 655 habent
1450 619 1626 655 firmitatem
1649 634 1722 656 cum
1745 621 1887 668 iis,quae

450 668 536 704 bulla
557 669 676 717 integra
700 668 890 717 diriguntur
915 672 984 705 118
1007 672 1035 705 b.

352 719 502 754 Livoniae
525 719 753 768 archicpiscopi
761 699 855 754 &sede
883 720 1055 764 instabiles,
1079 721 1147 755 597
1171 732 1201 755 a.

351 768 499 805 Livoniae
519 782 646 825 paganis
673 769 710 805 ad
739 768 831 804 fidem
852 769 1053 805 venientibus
1081 770 1165 804 terhi
1194 768 1251 804 Dei
1272 768 1480 816 praeconibus
1501 781 1581 816 opus
1608 777 1666 814 est,
1684 771 1753 804 569
1776 782 1806 804 a.
1825 769 1891 805 Re-

450 819 552 866 ligiosi
582 819 637 853 viri
660 819 763 854 idonei
787 819 824 854 ad
847 819 907 854 hoc
929 819 1086 859 mittendi
1115 821 1188 854 ibid.

348 867 514 916 Lyciensis
541 870 707 904 comitatus
729 868 833 904 Marco
855 869 942 904 Ziani
970 870 1059 904 ducis
1083 868 1286 904 venetiarum
1305 867 1381 909 filio,
1395 868 1440 903 avi
1457 869 1504 903 sui
1523 868 1678 904 Tancredi
1702 868 1803 910 obitu,
1819 881 1892 904 con-

450 918 583 963 ceditur,
611 920 681 953 546
704 932 734 954 α.

350 967 520 1004 Lotharius
546 968 715 1015 imperator
737 968 775 1003 de
802 968 912 1016 Apost.
936 969 1019 1004 Sede
1046 968 1164 1016 optime
1190 967 1330 1008 meritus,
1356 969 1422 1001 177
1446 980 1476 1002 α.

350 1018 469 1054 Lucani
498 1019 640 1053 censuris
663 1018 800 1053 innodati
825 1018 865 1052 ob
878 1019 1107 1054 ecclesiasticae
1131 1017 1283 1053 libertatis
1310 1016 1521 1061 violationem,
1545 1020 1614 1053 584
1636 1020 1663 1053 b.
1687 1017 1892 1065 Resipiscunt

448 1077 478 1103 et
506 1069 625 1103 ienian.
656 1076 777 1114 petunt,
798 1070 873 1102 issbid
899 1067 1091 1104 Commissio
1113 1068 1203 1103 datur
1220 1067 1258 1102 de
1281 1079 1388 1102 eorum
1405 1067 1616 1108 absolutione,
1633 1069 1747 1103 585a.
1768 1066 1889 1103 Eorum

449 1117 628 1154 obstinatio
648 1120 716 1152 447
741 1131 770 1151 α.
793 1117 899 1160 Quare
922 1117 1198 1158 excommunicati
1218 1118 1293 1152 ibzssd
1307 1115 1489 1152 Corruunt
1485 1130 1513 1152 tn
1532 1117 1649 1166 peiora,
1666 1119 1739 1153 ibid.
1753 1116 1892 1153 Minatur

449 1168 496 1202 eis
517 1165 690 1214 Gregorius
713 1167 759 1202 lx
788 1167 847 1202 PP.
871 1169 1127 1216 suppressionem
1150 1167 1336 1214 dignitatum
1366 1175 1396 1202 et
1417 1167 1588 1208 honorum,
1616 1169 1690 1202 ibid.
1718 1169 1745 1202 b.
1775 1166 1891 1202 Pisano

448 1217 584 1272 archiep.
614 1217 739 1252 mandat
768 1226 799 1251 ut
827 1217 955 1253 eosdem
978 1218 1144 1253 admoneat
1166 1217 1204 1252 de
1225 1216 1423 1257 excessibus
1458 1219 1532 1252 ibid.
1555 1226 1585 1252 et
1611 1219 1682 1252 448
1713 1230 1743 1252 a.
1770 1216 1890 1252 Eorum

447 1267 562 1301 civitati
585 1267 773 1314 episcopalis
794 1267 972 1313 dignitas,
966 1281 1095 1316 iuraque
1117 1268 1234 1307 omnia,
1261 1267 1378 1314 quibus
1405 1267 1536 1314 spoliata
1552 1267 1651 1302 fuerat
1673 1267 1714 1302 ob
1737 1266 1890 1315 quosdam

448 1329 596 1352 excessus
622 1317 809 1351 commissos
833 1318 861 1351 in
890 1317 1065 1353 Romanam
1093 1317 1276 1354 Ecclesiam,
1304 1317 1489 1356 restituitur,
1511 1318 1583 1352 496
1610 1330 1630 1351 α
1651 1325 1683 1351 et
1707 1329 1768 1362 seq.

348 1364 452 1400 Lucas
473 1366 568 1400 abbas
590 1366 816 1412 Burgaliensis.
853 1368 886 1401 V.
909 1366 1170 1414 Burgaliensibus
1192 1366 1366 1402 monachis.

349 1415 467 1450 Lucius
488 1415 531 1450 ΙΙΙ
556 1415 620 1450 ΡΡ.
643 1428 743 1451 chxt
766 1416 900 1461 eligitur,
918 1419 937 1450 7
960 1430 989 1451 α.
1013 1417 1211 1451 Wilielmum
1236 1429 1340 1462 regem
1362 1416 1485 1451 Scotiae
1501 1416 1540 1451 ab
1562 1415 1744 1463 archiepisc.
1769 1416 1890 1451 Ebora-

448 1465 534 1500 censi
558 1465 865 1500 excommunicatum
888 1466 1032 1506 absolvit,
1056 1468 1130 1501 ibid.
1159 1467 1187 1500 b.

350 1514 531 1550 Ludovicus
557 1514 653 1550 abbas
674 1515 712 1549 de
731 1514 937 1562 Alderspach.
972 1517 1006 1550 V.
1032 1515 1227 1562 Alderspach

349 1563 565 1611 Lugdunense
587 1564 755 1599 concilium
780 1565 915 1612 primum
941 1565 1101 1605 indicitur,
1125 1566 1195 1600 510
1217 1578 1248 1599 α.

348 1613 510 1649 Lundensi
533 1613 692 1649 Ecclesiae
716 1610 867 1662 primatus
882 1614 1068 1650 conceditur
1080 1627 1176 1662 super
1191 1622 1328 1649 caeteras
1341 1614 1427 1661 regni
1448 1613 1573 1649 Svetiae
1593 1614 1753 1649 Ecclesias
1770 1617 1839 1649 ⁴¹32
1854 1628 1886 1649 a.

1105 1833 1154 1874 Μ

349 2001 561 2049 Magalonensi
589 2001 749 2037 Ecclesiae
777 2002 980 2038 confirmatur
1006 2003 1173 2037 comitatus
1194 2002 1323 2048 Melgori
1353 2015 1408 2038 seu
1431 2003 1546 2039 Montis
1571 2003 1736 2048 Ferrandi,
1760 2006 1836 2039 545
1857 2016 1887 2039 a.

350 2051 552 2100 Magistratus
576 2052 701 2086 urbium
734 2061 763 2087 et
792 2052 924 2087 barones
950 2053 1161 2088 iuramentum
1193 2061 1350 2099 praestare
1377 2052 1494 2088 debent
1522 2053 1561 2088 de
1588 2053 1705 2089 auxilio
1730 2054 1889 2100 episcopis

450 2110 557 2137 contra
581 2102 755 2137 haereticos
778 2102 893 2138 dando.
922 2103 968 2136 22
995 2115 1025 2137 α.

352 2152 504 2200 Magistri,
526 2153 598 2186 606
619 2165 648 2186 α.

350 2202 569 2238 Maioricarum
608 2202 727 2237 insulae
755 2202 876 2236 civibus
911 2202 1095 2237 conceditur
1118 2214 1156 2237 ne
1182 2203 1211 2236 in
1246 2211 1404 2249 posterum
1437 2202 1474 2236 ad
1511 2202 1580 2237 lites
1607 2202 1798 2237 dirimendas
1822 2202 1888 2237 loca

449 2260 567 2287 remota
591 2260 695 2298 petere
721 2259 883 2298 cogantur,
914 2254 983 2286 545
1006 2266 1035 2287 a.

351 2303 520 2339 Mala-:hias
556 2301 724 2337 Hiberniae
758 2304 940 2349 episcopus.
970 2302 1046 2336 Eius
1076 2303 1132 2336 vita
1157 2315 1172 2336 a
1195 2301 1227 2335 S.
1257 2301 1417 2336 Bernardo
1439 2302 1629 2350 conscripta,
1656 2304 1698 2336 75
1720 2315 1749 2336 a.
1781 2301 1889 2337 Cano-

451 2352 584 2396 nizatur,
606 2354 670 2387 ibid
690 2355 717 2387 b.

350 2404 423 2440 Mali
455 2404 564 2450 poenis
585 2412 657 2438 sunt
680 2403 858 2443 coercendi.
888 2406 952 2439 105
976 2406 1003 2438 b.

351 2454 533 2490 Mandatum
557 2453 684 2501 quando
703 2454 823 2489 desinat
848 2462 947 2489 morte
975 2454 1185 2491 mandatoris,
1215 2455 1252 2487 31
1287 2455 1314 2485 b.

352 2503 538 2545 Manerium,
561 2503 636 2551 quid
659 2504 712 2547 sit,
740 2505 805 2539 120
827 2518 856 2539 a.
892 2506 923 2538 V.
955 2513 1017 2539 not.
1047 2504 1083 2538 ad
1112 2504 1227 2538 calcem
1257 2501 1492 2537 colum.ei=1sd.

352 2553 509 2600 Mangono
537 2553 596 2597 (de)
620 2565 736 2589 eomes.
767 2555 801 2588 V.
827 2554 974 2590 Albertus
997 2566 1102 2590 comes
1125 2561 1174 2588 etc.

352 2602 512 2638 Mantuani
541 2603 781 2639 constitutiones
816 2604 983 2639 nonnullas
1010 2604 1106 2639 edunt
1139 2603 1348 2651 inquisitionis
1383 2601 1518 2637 officium
1556 2601 1773 2648 impedientes,
1810 2613 1886 2648 quas

453 2651 594 2699 abrogari
626 2653 670 2688 rel
709 2654 863 2689 moderari
893 2653 1019 2689 mandat
1046 2653 1221 2689 Alexander
1247 2652 1299 2693 IV,
1322 2654 1393 2686 652
1421 2653 1438 2686 b
1459 2658 1570 2696 etseq.
