2129 3223
397 225 467 257 812
927 235 1112 256 eruanimi
1144 235 1302 256 nomxrm

348 289 589 336 Ermengandns
619 288 801 323 Waldetisis
825 288 917 324 [iden]
941 290 1126 324 catholicam
1152 289 1328 336 profitetur,
1355 291 1427 324 246
1455 292 1482 324 b.

347 339 554 374 Eucharistia.
591 339 636 373 Dc
664 338 790 373 diverso
818 338 877 373 ritu
913 338 1095 374 Latinorum
1131 348 1161 373 et
1196 338 1391 374 Graecorum
1420 341 1449 374 in
1479 341 1537 375 hoc
1565 350 1761 375 sacramento
1789 341 1891 376 confi-

445 388 575 432 ciendo,
604 391 674 424 475
702 391 729 423 b.
753 388 815 424 Pro
839 389 972 424 infirmis
1000 402 1061 423 non
1086 389 1238 424 servanda
1266 388 1304 424 ad
1332 401 1464 434 annum,
1489 392 1552 425 581
1581 392 1609 425 b.

346 438 508 473 Eustachii
533 438 591 482 (S.)
614 438 653 473 de
666 438 752 475 Urbe
774 448 803 474 et
821 439 854 474 S.
878 438 1038 474 Laurentii
1062 440 1092 473 in
1111 439 1246 474 Damaso
1263 439 1474 487 capitulorum
1499 440 1664 475 eoncordia
1689 441 1764 476 mna
1791 453 1887 487 super

446 489 669 523 nonnullarum
692 488 905 524 Ecclesiarum
930 489 1146 524 iurisdictione
1168 489 1384 530 confirmatur,
1412 492 1484 525 455
1505 492 1533 525 b.

346 538 646 574 Excoinmunicatos
671 539 794 586 publice
815 539 1014 587 recipientes,
1043 548 1114 574 sunt
1138 547 1169 574 et
1195 540 1254 587 ipsi
1282 541 1558 583 excommunicati,
1585 542 1651 575 105
1674 543 1691 575 b
1713 549 1743 576 et
1769 554 1829 586 seq.

345 588 581 635 Expectativae,
605 591 677 624 ⁶218
699 603 730 624 a.
752 589 870 624 Earum
898 590 1061 625 concessio
1084 602 1178 637 qnam
1201 590 1241 625 sit
1270 590 1506 641 inconveniens,
1535 592 1605 624 600
1634 604 1662 624 n.

347 638 494 674 Extrema
523 638 651 684 Uncti0‚
674 641 738 675 581
766 653 786 674 a
808 647 839 674 et
859 642 888 674 b.

347 688 468 724 Ezelini
499 689 695 737 tyrannidem
723 698 753 724 et
786 689 916 733 scelera,
940 690 1010 724 586
1036 703 1055 724 α
1084 698 1112 725 et
1135 703 1196 736 seq,
1218 688 1293 725 Dies
1308 690 1334 725 ei
1359 690 1474 725 indicta
1492 698 1523 724 ut
1547 703 1651 726 coram
1680 689 1742 725 PP.
1765 690 1891 725 sisteret

446 751 491 780 se,
520 741 589 774 587
617 741 645 774 b.
667 739 987 784 Excommunicatus,
1011 741 1080 774 588
1107 753 1136 773 ιι.

1101 884 1135 924 1⁴·

346 983 509 1018 Fauenses
532 981 626 1016 multa
653 989 774 1028 patrant
797 982 924 1027 flagitia,
954 984 1023 1016 528
1050 994 1080 1015 α.
1109 980 1445 1025 Excommunicantur,
1469 984 1539 1017 529
1562 984 1589 1017 b.

346 1032 533 1067 Fernandus
556 1031 769 1067 Gondislavus
793 1033 942 1078 magister
969 1031 1097 1065 militiae
1125 1029 1161 1064 B.
1191 1029 1304 1065 lacobi.
1340 1031 1373 1065 V.
1402 1031 1504 1067 Iaeobi
1529 1031 1591 1075 (BA
1622 1033 1700 1068 ordo
1727 1042 1780 1068 etc.

345 1082 434 1117 Fidei
462 1094 571 1116 arcana
595 1095 655 1115 non
685 1081 833 1115 omnibns
865 1081 980 1128 passim
1003 1080 1200 1127 exponenda,
1237 1081 1302 1115 160
1326 1093 1355 1115 α.
1384 1081 1548 1116 Adversus
1571 1083 1640 1117 eius
1663 1082 1771 1118 hostes
1800 1085 1895 1131 prius·

446 1131 642 1166 orationibns
670 1130 899 1174 dimicntnlnnn
923 1133 985 1165 551
1016 1133 1043 1164 b.

346 1182 489 1217 Filectini
517 1180 619 1216 Castri
644 1180 784 1216 Ecclesia
807 1181 977 1227 Anagnino
1000 1182 1151 1228 episcopo
1173 1179 1351 1224 subiicitur,
1376 1183 1445 1215 426
1468 1183 1497 1215 b.
1850 1210 1854 1211 ⁷

344 1230 444 1266 Filius
468 1231 545 1278 patri
575 1231 604 1265 in
633 1230 794 1265 beneficiis
822 1230 993 1266 succedere
1018 1243 1079 1265 non
1102 1229 1207 1273 debet,
1235 1231 1281 1263 48
1310 1243 1339 1264 a.
1368 1229 1558 1275 Successus,
1585 1231 1623 1266 ab
1646 1231 1708 1266 illis
1725 1244 1894 1268 removen-

446 1280 507 1316 dus
529 1288 586 1321 est,
609 1282 682 1315 ibid.

346 1331 563 1366 Fiscaunense
591 1330 816 1365 monasterinm
840 1330 878 1365 de
906 1330 1035 1377 speciali
1055 1330 1122 1364 iure
1150 1328 1184 1363 B.
1214 1328 1297 1363 Petri
1322 1328 1510 1370 declaratur,
1533 1332 1578 1365 85
1606 1331 1634 1364 b.
1664 1330 1764 1378 Eique
1797 1333 1896 1379 privi-

450 1380 532 1427 legia
560 1379 710 1414 nonnulla
733 1379 964 1424 conceduntur,
988 1381 1033 1415 86
1057 1392 1086 1414 α.

348 1429 516 1465 Flandriae
539 1429 670 1464 comites
697 1429 757 1464 snb
787 1430 979 1475 protectione
1013 1429 1106 1464 Sedis
1138 1428 1339 1475 Apostolicae
1363 1429 1570 1475 recipiuntur,
1607 1431 1820 1477 nonnullaque
1847 1433 1894 1467 eis

448 1478 668 1514 conceduntur
697 1478 868 1526 privilegia,
896 1480 964 1513 140
986 1491 1006 1513 α
1027 1488 1056 1514 et
1083 1492 1144 1523 seq.
1895 1496 1898 1498 v

348 1528 529 1564 Fornicatio
554 1538 717 1575 peccatum
740 1529 882 1571 mortale,
907 1529 979 1563 582
1002 1541 1033 1562 a.

349 1577 683 1626 Forosemproniensis
705 1577 845 1612 Ecclesia
869 1578 927 1612 sub
956 1577 1049 1612 tutela
1070 1576 1180 1623 Apost.
1199 1576 1292 1611 Sedis
1313 1577 1499 1624 suscipitur,
1522 1580 1592 1612 405
1618 1590 1648 1612 α.
1679 1577 1764 1613 Bona
1786 1580 1893 1615 omnia

446 1629 473 1663 ei
496 1627 734 1671 confirmantur,
757 1628 831 1661 ibid.
865 1630 891 1661 b.
922 1627 1083 1662 Dioecesis
1104 1626 1291 1672 assignatur,
1320 1630 1389 1661 406
1412 1639 1448 1667 ας
1485 1639 1542 1661 nec
1576 1639 1637 1662 non
1672 1635 1700 1661 et
1735 1628 1823 1674 plebs
1856 1630 1894 1664 de

449 1677 621 1716 Sorbitulo,
643 1679 714 1712 407
741 1691 771 1711 α.

348 1726 466 1762 Fossae
493 1726 602 1762 Novae
639 1726 819 1762 monasterii
861 1739 975 1761 novum
1012 1727 1106 1760 altare
1142 1734 1305 1759 consecrat
1341 1724 1545 1760 Innocentius
1576 1725 1619 1760 Ill
1646 1725 1723 1765 PP.,
1758 1728 1830 1761 216
1865 1741 1896 1762 α.

448 1776 680 1823 Indulgentiam
709 1777 801 1811 unius
827 1777 901 1811 anni
919 1776 1063 1811 concedit
1083 1774 1156 1809 illnsl
1180 1774 1229 1809 die
1254 1775 1464 1809 anniversaria
1488 1776 1733 1810 consecrationis
1762 1777 1898 1811 visitan-

450 1826 547 1866 tibus,
575 1827 650 1860 ibid.
679 1828 706 1860 b.

349 1875 501 1911 Franciae
525 1875 694 1910 Ecclesiae.
730 1875 763 1910 ln
799 1876 932 1921 singulis
958 1875 1109 1910 Franciae
1137 1873 1288 1909 Ecclesiis
1323 1887 1381 1908 una
1419 1873 1596 1920 praebenda
1637 1883 1809 1909 reservatur
1838 1888 1896 1922 pro

450 1925 692 1961 necessitatibus
714 1925 875 1960 Ecclesiae
900 1925 1079 1968 Romanae,
1109 1926 1179 1959 409
1201 1936 1221 1958 α
1242 1931 1272 1958 et
1293 1937 1351 1969 seq.

349 1975 500 2011 Franciae
516 1989 659 2023 regnum.
677 1976 999 2011 Exconnnunicantur
1023 1976 1077 2015 itti,
1105 1975 1157 2022 qni
1185 1975 1214 2008 in
1240 1974 1293 2009 illo
1314 1982 1426 2009 statuta
1457 1983 1564 2009 contra
1591 1974 1821 2009 immunitatem
1839 1987 1896 2010 ec-

449 2026 654 2061 clesiasticam
673 2027 753 2061 edita
783 2026 963 2065 observant,
988 2028 1050 2061 651
1080 2039 1110 2060 α.

349 2076 500 2111 Franciae
524 2089 627 2123 regern
652 2076 793 2111 hortatur
815 2076 1019 2111 Innocentius
1035 2075 1076 2110 lv
1091 2082 1125 2110 ut
1149 2075 1178 2108 in
1191 2088 1249 2110 suo
1266 2088 1361 2121 regno
1380 2075 1573 2110 concremari
1592 2075 1682 2110 saciat
1696 2074 1810 2109 librum
1829 2075 1906 2109 Tel--

451 2127 537 2166 mud,
556 2139 619 2173 quo
636 2135 770 2160 ntnntur
792 2126 911 2162 Iudaei,
945 2139 1062 2173 eosque
1094 2133 1173 2160 vetet
1195 2125 1331 2159 nutrices
1354 2134 1381 2159 et
1417 2125 1589 2160 servientes
1612 2125 1725 2160 habere
1752 2125 1898 2159 christia-

451 2189 520 2214 nas,
549 2178 619 2211 508
651 2178 668 2210 b
690 2185 718 2210 et
742 2189 800 2221 seq.
819 2175 888 2221 lpse
915 2189 965 2210 rex
994 2177 1126 2222 eiusque
1153 2187 1353 2210 successores
1385 2174 1502 2221 absque
1521 2175 1614 2210 Sedis
1637 2177 1746 2221 Apost.
1771 2174 1897 2209 licentia

450 2226 578 2273 speciali
612 2239 673 2260 non
709 2225 1018 2268 excommunicandi,
1048 2228 1117 2260 607
1148 2227 1174 2259 b.

349 2275 538 2311 Franciscus
561 2276 618 2319 (S.)
642 2276 680 2310 de
701 2276 820 2310 Assisio
843 2276 999 2311 Minoritis
1021 2275 1074 2310 <lat
1097 2275 1232 2321 regulas,
1262 2277 1332 2310 594
1359 2288 1388 2310 α.
1413 2274 1490 2309 Eius
1515 2282 1750 2313 testamentum.
1775 2276 1846 2308 597
1868 2275 1895 2307 b.

448 2325 676 2361 Conversionis
704 2327 840 2362 initium.
865 2328 937 2361 ibid.
963 2326 1076 2361 Modus
1099 2325 1221 2363 orandi,
1245 2327 1317 2359 ibid.
1346 2334 1375 2359 ct
1397 2338 1456 2371 seq.
1488 2325 1672 2359 Reverentia
1704 2337 1776 2369 erga
1803 2323 1897 2357 cleri-

451 2388 504 2411 cos
527 2386 556 2412 et
579 2377 683 2412 divina
711 2377 863 2412 misteria.
889 2378 958 2411 598
986 2390 1015 2410 α.
1040 2375 1109 2410 Vita
1137 2375 1312 2410 secundnm
1339 2375 1556 2421 Evangelinm,
1580 2376 1651 2410 ibid.
1685 2373 1801 2419 Fugari
1833 2374 1898 2406 vult

450 2427 637 2462 otiositatem
661 2435 691 2461 et
718 2427 832 2462 servari
868 2434 1084 2473 paupertatem
1114 2425 1142 2459 in
1166 2426 1327 2467 aediliciis„
1357 2427 1430 2459 ibid.
1465 2427 1492 2459 b.
1517 2423 1721 2459 Commendat
1743 2423 1898 2457 obedieu-

452 2478 526 2511 tiam
555 2489 625 2523 erga
667 2476 831 2523 praelatos,
856 2484 885 2510 et
912 2475 1142 2511 observantiam
1171 2475 1217 2509 sni
1256 2476 1449 2510 testamenti.
1477 2476 1549 2508 ibid.
1581 2485 1609 2508 et
1642 2486 1702 2518 seq.
1739 2472 1814 2507 Eius
1846 2484 1898 2506 re-

453 2527 524 2573 gula
567 2527 759 2561 observanda
809 2526 877 2561 sine
917 2526 1032 2573 glossa,
1068 2527 1137 2559 599
1180 2538 1208 2559 α.
1257 2526 1279 2559 Α
1320 2525 1386 2559 Deo
1417 2525 1588 2559 suscitatus
1634 2523 1670 2556 nd
1715 2523 1898 2556 conversio-

450 2588 521 2610 nem
560 2576 751 2615 inultorum,
788 2578 858 2611 459
887 2588 916 2610 a.
959 2575 1103 2623 Simplici
1137 2588 1191 2609 sua
1222 2575 1453 2621 praedicatione
1484 2574 1597 2608 multos
1619 2573 1655 2606 ad
1686 2573 1764 2607 viam
1785 2572 1899 2607 salutis

453 2625 586 2666 reducit,
610 2628 682 2660 ibid.
713 2626 890 2674 Pauper-em
916 2626 1009 2660 vitam
1035 2637 1143 2672 egens,
1168 2625 1304 2668 ieiuniis,
1330 2624 1440 2670 vigiliis
1462 2633 1490 2658 et
1518 2622 1656 2657 nuditate
1679 2634 1804 2656 carnem
1830 2633 1899 2655 ma-
