2129 3223
117 280 164 306 An,
183 279 211 307 C.
233 282 299 309 122&

108 2210 168 2231 Prae!

184 2212 276 2231 eundem

364 271 433 303 >106

314 335 393 369 rium
416 332 521 368 Sancti
548 331 722 370 Laurentii,
762 330 985 365 monasterium
1023 329 1062 364 de

312 383 449 421 Astreto,
464 381 693 417 monasterium
707 379 815 416 Sancti
837 379 974 415 Terentii
988 391 1059 413 cum

310 431 460 467 omnibus
486 430 693 478 pertinentiis.
724 429 859 476 Insuper
893 428 924 463 in
960 428 1060 463 comi-

310 489 373 516 tatu
394 480 474 516 Fani
498 487 648 519 montem,
663 479 717 527 qui
739 478 854 514 dicitur
875 478 967 513 Mons
990 476 1059 512 Cal-

311 543 367 565 vus
393 543 465 565 cum
501 530 566 564 suis
601 528 809 577 pertinentiis,
848 535 879 563 et
918 534 1056 561 montem

310 580 362 626 qui
390 579 504 615 dicitur
529 579 621 614 Mons
640 577 745 621 Fani,
766 590 837 612 cum
861 575 1057 623 pertinentiis

307 629 396 667 suis.
422 627 598 676 cappellam
626 627 731 663 Sancti
770 626 853 661 Petri
889 637 960 660 cum
992 632 1056 659 toto

307 678 375 725 ipso
414 687 516 713 castro
555 677 594 712 de
627 677 749 714 Plano.
784 687 856 710 cum
896 683 956 709 tota
989 673 1054 720 ipsa

306 739 404 762 massa
428 727 467 762 de
489 726 599 767 Plano,
622 738 694 761 cum
716 725 858 760 vivorum
881 736 916 758 ac
944 723 1055 757 defun-

305 785 426 812 ctorum
451 775 625 811 redditibus
647 775 813 817 universis,
835 781 865 807 et
891 772 961 807 aliis
984 784 1053 818 per-

304 825 446 861 tinentiis
469 826 545 860 suis.
568 824 603 859 ln
638 824 787 859 comitatu
822 821 1053 868 Forosempro-

304 875 403 910 niensi
426 884 542 910 terram
565 875 597 909 in
620 874 791 919 integrum,
814 879 930 919 quanta
975 870 1052 904 iuris

303 924 399 959 nostri
419 924 523 972 palatii
547 923 616 963 fuit,
648 934 768 957 necnon
804 930 834 956 et
867 928 964 955 totum
992 933 1051 966 pu-

302 973 432 1013 blicum,
461 974 515 1020 qui
557 984 663 1007 sacrae
701 971 864 1006 Romanae
890 969 1051 1004 Ecclesiae

302 1023 460 1070 pertinuit.
488 1022 523 1057 ln
550 1022 698 1057 comitatu
727 1019 878 1055 Calliensi
913 1026 1048 1053 castrum

299 1072 383 1119 quod
408 1071 527 1106 dicitur
545 1071 637 1106 Mons
658 1069 791 1106 Catulus
807 1096 816 1112 ,
842 1080 913 1103 cum
948 1069 1048 1114 aquis,

300 1120 502 1163 molendinis,
523 1121 651 1167 suisque
670 1119 739 1154 aliis
763 1118 970 1165 pertinentiis,
987 1117 1049 1163 ple-

299 1171 369 1205 bem
393 1169 500 1205 Sancti
523 1169 650 1205 loannis
666 1169 695 1202 in
711 1167 872 1203 Sorbitulo
885 1179 956 1201 cum
973 1178 1048 1212 cap-

298 1219 389 1267 pellis
414 1228 445 1254 et
467 1219 603 1253 castellis
624 1217 783 1257 omnibus,
800 1228 880 1264 quae
908 1223 980 1250 sunt
1017 1217 1046 1249 in

297 1277 358 1304 tota
387 1280 487 1303 massa
509 1268 548 1303 de
570 1267 731 1303 Sorbitulo
758 1278 828 1301 cum
853 1265 983 1300 decimis
1017 1273 1047 1299 et

296 1317 507 1353 oblationibus
548 1316 690 1351 vivorum
730 1325 760 1351 et
799 1314 1045 1354 defunctorum,

296 1366 471 1402 redditibus
496 1374 526 1401 et
547 1364 836 1401 consecrationibus
868 1363 1021 1398 universis
1037 1391 1044 1401 ,

295 1428 365 1451 cum
388 1416 494 1459 silvis,
521 1416 612 1462 aquis
628 1442 636 1455 ,
674 1413 889 1456 molendinis,
930 1413 1044 1459 pratis,

295 1465 405 1508 vineis,
427 1465 517 1500 terris
553 1464 644 1499 cultis
670 1471 700 1498 et
731 1462 867 1501 incultis,
907 1470 938 1496 et
975 1462 1044 1496 aliis

294 1514 442 1549 omnibus
475 1525 584 1549 eorum
621 1512 830 1560 pertinentiis,
870 1510 1042 1558 cappellam

293 1563 400 1599 Sancti
423 1562 558 1598 Andreae
577 1562 615 1596 de
637 1562 763 1605 Loreto,
782 1573 853 1596 cum
876 1568 990 1599 castro,
1013 1568 1043 1594 et

293 1612 362 1647 aliis
387 1612 454 1647 suis
476 1611 683 1659 pertinentiis.
706 1610 932 1645 Monasterium
960 1609 1043 1644 San-

292 1669 359 1697 ctae
385 1661 502 1696 Mariae
530 1662 559 1696 in
599 1660 754 1699 Portuno,
785 1672 857 1693 cum
894 1659 1042 1694 omnibus

292 1711 358 1746 suis
377 1710 587 1758 pertinentiis,
610 1718 746 1744 castrum
767 1708 884 1743 Montis
915 1707 1041 1749 Amani,

292 1772 365 1796 cum
399 1760 547 1795 omnibus
578 1759 616 1794 ad
655 1771 689 1794 se
724 1757 965 1805 pertinentibus,
1004 1758 1042 1792 de

292 1809 409 1857 quibus
429 1808 620 1856 supradictis
652 1807 742 1842 annis
776 1807 910 1853 singulis
936 1819 1042 1842 sacro-

291 1866 417 1895 sanctae
460 1858 622 1894 Romanae
664 1856 827 1892 Ecclesiae
874 1856 1040 1891 bisantium

293 1921 391 1943 unum
413 1920 529 1943 census
551 1906 678 1942 nomine
700 1905 956 1951 Sempro‘niensis
983 1906 1042 1941 Ec-

291 1958 384 1993 clesia
400 1965 544 1993 teneatur
565 1956 736 1991 exsolvere.
758 1955 800 1990 Ut
814 1963 916 1990 autem
933 1956 1040 1990 maiori

292 2015 379 2054 parte
405 2006 542 2054 gaudere
565 2006 677 2052 possis,
699 2005 731 2039 in
755 2012 917 2051 posterum
964 2006 1041 2039 lines

291 2057 491 2104 episcopatus
516 2054 850 2101 Forosemproniensis
875 2053 942 2094 tibi,
962 2054 1041 2089 tuis-

291 2118 352 2152 que
374 2104 613 2140 successoribus
633 2103 868 2141 confirmamus:
895 2103 975 2137 sicut
999 2103 1041 2137 fi-

292 2155 384 2190 nibus
406 2155 484 2202 ipsis
506 2153 589 2188 idem
611 2154 812 2200 episcopatus
838 2152 1041 2199 distinguitur

292 2213 320 2240 et
341 2204 598 2252 praedecessores
619 2203 663 2237 tui
686 2214 740 2237 eos
766 2214 865 2248 usque
892 2202 929 2235 ad
965 2202 1041 2237 haec

293 2262 433 2301 tempora
455 2252 680 2288 rationabiliter
707 2251 884 2298 possedisse
912 2263 1040 2286 noscun-

294 2312 354 2343 tur;
382 2303 491 2350 utique
516 2303 593 2336 lines
615 2300 692 2336 tales
712 2309 801 2335 sunt:
827 2300 981 2346 incipiunt
1002 2313 1040 2335 ex

294 2360 378 2398 parte
399 2351 477 2386 Fani
500 2363 515 2385 a
537 2350 618 2385 Rivo
642 2350 764 2392 Maiori,
799 2349 851 2384 ubi
887 2350 979 2384 intrat
1010 2350 1039 2383 in

292 2401 468 2436 Metaurum
497 2399 556 2434 sub
578 2406 674 2447 ponte
696 2398 803 2434 Sancti
826 2398 983 2445 Cipriani,
1011 2407 1041 2433 et

292 2449 431 2484 ascendit
453 2461 509 2495 per
530 2449 633 2496 ipsum
665 2447 765 2483 rivum
786 2459 887 2495 usque
911 2447 949 2482 ad
974 2447 1042 2482 Tri-

293 2499 374 2533 vium
390 2498 596 2538 Suffanariac,
607 2506 637 2532 et
650 2496 812 2532 descendit
828 2497 857 2531 in
874 2497 972 2532 rivum
982 2496 1039 2532 Pn-

294 2547 421 2584 tridum.
460 2546 664 2594 ascenditque
687 2558 742 2593 per
763 2545 909 2581 eumdem
940 2547 1038 2581 rivum

295 2607 396 2642 usque
410 2596 448 2630 ad
462 2596 559 2631 aliurn
583 2596 694 2636 rivum,
716 2595 768 2643 qui
782 2603 909 2630 vocatur
926 2595 1040 2639 Dulce,

293 2651 324 2678 et
351 2655 407 2690 per
434 2645 535 2691 ipsum
561 2645 660 2679 rivum
688 2656 788 2691 usque
825 2643 862 2678 ad
901 2643 1037 2678 Morus-m

918 275 1102 298 BULLARIUM
1131 274 1292 297 ttoMANnm

1102 328 1187 372 Aldi,
1204 337 1235 363 et
1248 327 1447 363 sicascendit
1469 340 1524 376 per
1541 327 1722 363 Tbesanum
1751 340 1852 376 usque

1101 377 1138 412 ad
1160 385 1271 412 terram
1297 376 1491 421 Urbinatam‚
1525 377 1758 413 descendentes
1797 391 1852 425 per

1102 434 1228 473 pontem
1257 426 1401 461 Maurum
1429 426 1589 469 Veterem,
1611 427 1851 475 ascenduntque

1100 488 1200 522 usque
1227 475 1265 510 ad
1294 476 1393 510 rivum
1416 475 1606 517 Candiliani,
1633 484 1663 511 et
1692 477 1738 512 sic
1759 476 1849 512 durat

1100 537 1155 569 pei·
1178 526 1280 572 ipsum
1304 525 1406 560 rivum
1431 537 1530 572 usque
1552 526 1582 561 in
1606 525 1706 561 focem
1740 526 1848 561 Petrae

1098 573 1258 614 Pertusae,
1294 582 1326 609 et
1363 574 1574 609 transilientes
1614 587 1668 621 per
1709 575 1846 611 Montem

1097 622 1183 658 Ferri
1207 630 1371 658 transeunt
1393 635 1493 670 usque
1515 623 1552 657 ad
1581 623 1751 671 Spongiam
1768 653 1776 664 ,
1817 633 1845 660 et

1097 672 1212 707 vadunt
1234 685 1333 720 usque
1359 672 1399 706 ad
1428 673 1528 707 rivum
1564 673 1680 707 Montis
1713 672 1846 717 Casuli,

1094 730 1124 755 et
1151 730 1312 757 transeunt
1336 734 1390 767 per
1404 730 1542 757 castrum
1566 722 1691 758 Noricle
1705 723 1741 757 ad
1764 722 1846 758 San-

1093 779 1178 805 ctum
1207 771 1359 816 Blasinm,
1382 779 1412 806 et
1427 772 1501 806 hinc
1515 771 1691 806 ascendunt
1711 772 1749 807 ad
1769 771 1844 807 San-

1093 828 1180 855 ctum
1198 820 1339 863 Petrum,
1361 828 1392 854 et
1413 820 1580 867 Campum,
1597 829 1627 855 et
1649 820 1844 856 descendum

1091 869 1128 904 ad
1156 870 1277 916 apicem
1306 869 1433 909 Albelli,
1455 870 1694 917 ascenduntque
1708 882 1764 918 per
1778 871 1844 906 fos—

1091 931 1156 953 sam
1180 918 1286 954 Sancti
1315 918 1423 963 Marci,
1451 931 1552 966 usque
1577 920 1614 954 ad
1645 931 1772 955 crucem
1807 920 1840 958 S,

1091 968 1228 1012 Martini,
1251 968 1323 1003 iude
1347 968 1543 1003 descendunt
1570 981 1626 1016 per
1647 969 1761 1004 fossam
1777 969 1839 1005 Du-

1090 1016 1183 1052 lionis
1205 1026 1235 1053 et
1257 1017 1390 1058 Farasti,
1412 1018 1585 1053 ascendunt
1600 1018 1638 1053 ad
1653 1018 1767 1054 fossam
1784 1019 1840 1054 Va-

1090 1068 1250 1113 rangulae,
1277 1075 1308 1101 et
1329 1067 1374 1101 sic
1396 1066 1516 1102 durans
1541 1068 1708 1103 ascenden.
1736 1080 1839 1116 usque

1088 1116 1125 1150 ad
1150 1125 1264 1151 terram
1286 1116 1436 1156 Salatam,
1463 1125 1628 1164 emergunt
1655 1118 1693 1152 ad
1717 1117 1836 1153 Senum

1088 1164 1244 1205 Censuae.
1268 1173 1297 1200 et
1320 1165 1493 1200 ascendunt
1515 1166 1544 1200 in
1568 1166 1700 1201 Neulam
1728 1167 1837 1202 Brun-

1087 1215 1268 1260 galensem,
1291 1223 1319 1249 et
1347 1214 1420 1249 hinc
1451 1227 1552 1262 usque
1587 1216 1623 1249 ad
1655 1215 1836 1252 Susannum

1088 1264 1216 1299 fluvium
1233 1293 1241 1305 ,
1290 1272 1488 1298 transeuntes
1531 1276 1588 1312 per
1640 1264 1836 1302 Camaiorem

1086 1314 1261 1349 ascendunt
1294 1314 1323 1347 in
1359 1321 1472 1348 terram
1512 1314 1702 1359 Boccabelli,
1724 1322 1755 1351 et
1791 1316 1837 1351 sic

1086 1362 1203 1398 durans
1226 1375 1326 1409 usque
1355 1363 1385 1396 in
1408 1363 1662 1407 montem.Bilii,
1683 1371 1714 1399 et
1741 1372 1836 1399 trans-

1085 1421 1158 1447 eunt
1186 1425 1241 1459 per
1267 1412 1438 1447 'Proveium
1477 1413 1509 1446 in
1543 1412 1708 1448 Forratum
1734 1413 1834 1462 Longi

1086 1473 1183 1508 usque
1205 1461 1242 1496 ad
1266 1461 1390 1495 trivium
1413 1461 1522 1501 Poeffi,
1545 1469 1574 1497 et
1596 1462 1771 1497 ascendunt
1796 1465 1833 1498 ad

1084 1523 1211 1545 crucem
1235 1510 1341 1545 Sancti
1364 1510 1493 1555 Bai-toli,
1515 1512 1609 1546 etsie
1632 1523 1687 1559 per
1719 1520 1832 1548 terram

1083 1559 1244 1594 Morellam
1268 1559 1465 1594 descendunt
1493 1560 1522 1594 in
1543 1561 1642 1595 rivum
1663 1560 1766 1606 Callii,
1787 1563 1833 1598 sic

1084 1621 1182 1656 usque
1205 1609 1234 1643 in
1258 1609 1447 1649 Metaurum,
1471 1609 1523 1656 qui
1548 1610 1668 1657 primus
1681 1610 1752 1645 finis
1773 1621 1831 1647 est.

1082 1657 1134 1692 lus
1162 1666 1267 1693 autem
1310 1658 1487 1705 episcopale
1520 1659 1552 1693 in
1595 1659 1760 1705 ecclesiis,
1802 1670 1833 1696 et

1082 1707 1244 1754 cappellis,
1268 1707 1331 1742 sive
1354 1707 1385 1742 in
1413 1709 1634 1749 monasteriis,
1667 1710 1777 1746 castris
1801 1720 1831 1746 et

1083 1757 1172 1797 villis,
1199 1768 1280 1804 quae
1303 1756 1380 1791 inl'ra
1416 1757 1473 1791 hos
1502 1758 1579 1792 fines
1611 1759 1830 1800 continentur,

1083 1806 1136 1841 tibi
1159 1813 1189 1841 et
1216 1806 1451 1841 successoribus
1479 1807 1540 1842 tuis
1563 1807 1711 1843 duximus
1754 1821 1832 1845 con—

1082 1855 1283 1893 firmandum.
1311 1856 1391 1890 sicut
1413 1856 1529 1890 iustum
1553 1864 1766 1894 antecessores
1787 1859 1830 1894 tui

1083 1905 1163 1940 iuste
1192 1905 1351 1952 percipere
1378 1914 1620 1941 consueverunt.
1664 1907 1830 1944 Praeterea

1081 1956 1266 1989 sententiam
1295 1967 1387 2001 quam
1413 1955 1479 2000 piae
1507 1955 1730 1994 recordationis
1745 1970 1832 2006 prae·

1081 2003 1228 2038 decessor
1255 2012 1360 2038 noster
1383 2003 1560 2040 Alexander
1589 2006 1750 2042 secundus
1791 2008 1831 2043 de

1083 2053 1174 2098 plebe
1208 2053 1313 2088 Sancti
1352 2053 1490 2098 Ioannis,
1524 2066 1604 2101 quae
1639 2055 1754 2091 dicitur
1790 2057 1828 2092 de

1080 2101 1254 2146 Sorbitulo,
1275 2115 1347 2137 cum
1363 2104 1496 2138 caeteris
1517 2103 1661 2139 ecclesiis
1674 2105 1713 2140 de
1727 2117 1827 2141 massa

1081 2151 1234 2187 Sorbituli
1258 2152 1338 2186 inter
1366 2152 1464 2187 bonae
1489 2154 1658 2189 memoriae
1685 2154 1827 2190 Benedi-

1080 2209 1164 2236 ctum
1188 2201 1461 2248 praedecessorem
1484 2209 1573 2237 tuum
1600 2202 1828 2252 Forosernpro-

1081 2252 1234 2293 niensem,
1253 2258 1283 2286 et
1313 2250 1517 2285 Guillelmum
1557 2251 1825 2299 Senogalliensem

1080 2300 1246 2347 episcopos
1274 2300 1412 2346 protulit,
1434 2308 1464 2335 et
1486 2312 1553 2335 eam
1583 2302 1732 2349 privilegii
1762 2315 1825 2338 mu-

1081 2349 1198 2384 nimine
1215 2349 1376 2384 -roboravit
1394 2357 1490 2384 ratam
1507 2349 1669 2394 habentes,
1683 2351 1824 2387 eamdem

1082 2398 1204 2445 plebem
1232 2410 1304 2433 cum
1328 2398 1473 2445 praefatis
1500 2399 1651 2443 ecclesiis,
1681 2400 1824 2440 decimis.

1080 2447 1292 2482 oblationibus
1327 2448 1466 2483 vivorum
1508 2458 1544 2482 ac
1579 2447 1824 2487 defunctorum.

1079 2504 1109 2531 et
1131 2497 1423 2532 consecrationibus
1445 2497 1611 2542 universis,
1634 2498 1699 2542 tibi,
1721 2507 1751 2534 et
1769 2499 1827 2535 Ec-

1079 2545 1192 2585 clesiae
1219 2554 1290 2581 tuae
1312 2545 1478 2594 apostoli-sa
1500 2547 1682 2582 auctoritate
1709 2549 1826 2584 confir-

1080 2607 1213 2635 mamus,
1241 2605 1271 2631 et
1306 2593 1480 2643 praesentis
1515 2596 1624 2644 scripti
1661 2598 1826 2646 privilegio

1080 2645 1324 2686 communimus3
1347 2645 1384 2680 ad
1412 2644 1561 2680 maiorem
1585 2653 1688 2682 autem
1720 2646 1827 2683 Eccle-

1869 274 1920 302 Αη.
1936 274 1966 302 C.
1983 275 2047 303 tna
