2129 3223
39 247 78 274 Αη
107 246 133 272 C.
152 247 218 274 tat7

51 352 142 378 ”anistri
158 352 217 374 rem-

37 385 148 412 plurimum
193 386 217 405 ad

38 414 150 435 Ηηιιοήυηι
168 415 217 435 lite-

37 450 72 465 rne
104 446 130 465 do
162 449 216 466 statu

35 475 110 497 rane
119 476 215 498 Sanctus

832 245 994 268 nosonttts
1015 245 1052 267 ΙΙΙ
1076 244 1122 267 ΡΡ.

233 299 382 334 domnus
408 297 622 337 inserendum,
657 299 710 343 qui
740 297 808 332 talis
835 306 891 332 est.
916 298 980 332 Re-

235 347 460 382 verendissimo
481 347 510 380 in
536 346 662 381 Christo
690 345 826 381 Domino
849 354 877 381 et
895 347 978 381 Patri

233 396 374 432 Honorio
395 396 452 430 Dei
476 396 670 442 providentia
706 404 829 431 sanctae
863 395 979 431 Roma-

232 458 290 482 nae
321 445 481 480 Ecclesiae
515 445 649 480 Summo
676 445 820 479 Pontifici
848 458 977 480 suorum

230 494 426 529 subditorum
454 494 675 529 devotissimus
702 494 794 528 frater
816 494 857 527 W
863 521 918 528 .....
939 494 978 529 de

229 543 367 579 Carnoto
381 544 526 591 pauperis
544 543 672 578 Militiae
689 543 812 590 Templi
831 544 978 589 magister

228 592 357 628 humilis
388 592 524 627 debitam
557 605 628 627 cum
653 592 761 627 osculo
789 592 903 639 pedum
927 605 976 627 re-

228 642 395 677 verentiam
428 650 459 676 et
485 641 696 676 obedientiam
722 642 899 688 paternitati
924 655 975 676 ve-

225 699 306 726 strae
327 700 442 726 statum
470 691 585 726 Terrae
611 691 757 734 Sanctae,
785 703 877 737 quam
910 691 975 725 Do-

226 740 331 776 minus
357 740 484 788 proprio
506 740 658 786 sanguine
685 752 742 774 suo
763 741 973 782 consecravit,

225 789 445 836 praesentibus
471 789 622 824 duximus
649 788 870 823 intimandum.
906 789 974 825 Hoc

223 839 318 886 igitur
344 838 433 873 vobis
455 846 588 882 constet,
625 838 709 886 quod
734 838 771 873 ad
794 838 970 874 discessum

223 888 435 934 praesentium
453 888 617 923 innumera
639 888 877 935 peregrinorum
895 888 973 923 mul-

221 937 323 972 titudo
337 945 399 972 tam
415 937 568 976 militum,
590 949 683 984 quam
699 937 899 972 seriientinm
927 938 972 971 vi-

220 985 329 1022 vificae
349 985 461 1021 Crucis
487 987 633 1033 insignita
649 986 827 1021 charactere
842 986 881 1020 ab
896 987 970 1021 Ata-

221 1036 335 1071 manici
360 1035 498 1082 imperii,
521 1044 551 1070 et
572 1036 706 1070 aliorum
732 1047 898 1081 regnorum
918 1048 969 1070 va-

219 1084 272 1120 riis
306 1084 446 1132 partibus
478 1085 642 1120 confluens
676 1084 758 1131 apud
783 1085 888 1119 Accon
913 1085 969 1119 ad-

218 1133 594 1180 ventarat:Sephedinus
627 1146 700 1168 vero
737 1133 870 1179 Magnus
896 1133 968 1168 Sol-

217 1182 320 1218 danus
360 1183 392 1218 in
442 1192 523 1218 terra
568 1183 728 1217 Babilonis
769 1194 968 1217 commorans

218 1231 399 1280 ibidemque
421 1233 559 1267 existens
582 1231 762 1272 immobilis,
785 1231 823 1266 de
845 1243 878 1265 se
909 1232 967 1266 mi-

216 1280 301 1316 nime
326 1281 515 1317 confidebat.
539 1280 755 1316 Reverebatur
777 1281 892 1315 etenim
917 1293 967 1316 re-

214 1330 262 1375 gis
297 1330 501 1377 Hungariae,
539 1339 569 1365 et
596 1330 712 1365 ducum
754 1329 898 1364 Austriae
937 1338 965 1364 et

214 1379 370 1414 Moraviae
392 1380 556 1424 adventus,
570 1380 621 1426 qui
645 1391 715 1413 cum
740 1379 866 1426 copiosa
891 1382 966 1413 rnul—

214 1428 346 1463 titudine
369 1428 506 1463 militum
529 1441 564 1464 ac
590 1427 792 1463 servientium
829 1427 904 1462 cleri
935 1437 965 1462 et

214 1477 320 1525 populi
342 1477 426 1525 apud
450 1478 557 1512 Accon
584 1477 816 1524 applicuerunt:
835 1476 964 1512 timebat

212 1526 306 1562 etiam
340 1526 443 1562 dictus
473 1526 675 1573 Sephedinus
701 1525 858 1572 navigium
893 1526 964 1561 Fri-

212 1587 342 1617 sonum,
377 1575 462 1623 quod
502 1576 583 1622 apud
618 1576 723 1610 Accon
759 1575 788 1609 in
820 1575 963 1622 proximo

211 1624 441 1672 applicatur-nm
464 1624 642 1660 ferebatur:
668 1624 862 1659 Corradinus
891 1637 963 1659 vero

213 1673 297 1708 filius
317 1674 386 1709 eius
407 1674 438 1708 in
464 1673 615 1709 Marchiis
634 1673 725 1708 nobis
746 1672 964 1708 adiacentibus

213 1723 271 1758 iter
296 1735 389 1758 suum
412 1723 577 1765 direxerat,
604 1731 634 1757 et
656 1734 815 1757 accessus.
841 1722 881 1756 Et
903 1723 962 1757 hoc

211 1771 300 1807 vobis
321 1772 517 1816 intimamus,
539 1772 623 1818 quod
643 1772 735 1806 annis
758 1771 904 1817 pluribus
920 1784 961 1806 re-

212 1820 338 1856 troactis
366 1833 429 1856 non
467 1821 638 1856 recolimus
674 1820 893 1867 paganismum
931 1821 960 1855 in

211 1876 292 1905 statu
319 1870 416 1904 fuisse
438 1869 602 1914 debiliori,
635 1882 728 1916 quam
759 1881 842 1903 nunc
867 1877 961 1914 extat,

210 1931 304 1966 quern
326 1918 419 1953 Pater
445 1919 647 1966 omnipotens
680 1918 719 1953 de
744 1918 797 1952 die
825 1919 854 1952 in
877 1918 959 1954 diem

212 1967 371 2014 permittat
393 1968 538 2014 peiorari,
555 1968 610 2003 sed
634 1968 664 2002 in
683 1967 825 2015 partibus
846 1969 962 2003 nostris

211 2016 359 2052 frumenti
387 2025 417 2052 et
438 2017 565 2061 hordei,
586 2025 616 2052 et
633 2018 776 2052 omnium
807 2017 961 2052 humanae

210 2066 450 2102 sustentationis
477 2066 723 2101 necessariorum
752 2065 895 2101 caritudo
914 2074 960 2101 est

210 2115 362 2159 maxima,
396 2127 486 2162 seges
519 2124 622 2151 autem
655 2115 764 2150 fallens
790 2115 959 2161 agricolam

211 2165 240 2198 in
269 2164 329 2200 hoc
355 2177 438 2200 anno
474 2165 504 2199 in
533 2165 661 2199 minima
695 2165 867 2211 quantitate
904 2165 961 2199 l'uit

176 2228 183 2233 ·
211 2213 391 2249 recollecta:
419 2213 626 2260 expectabant
656 2213 821 2260 indigenae
851 2214 960 2254 etiam,

210 2262 294 2309 quod
323 2275 414 2310 seges
435 2263 474 2297 de
501 2262 644 2310 partibus
668 2262 831 2297 afferretur
857 2271 961 2297 trans—

211 2312 353 2353 marinis,
380 2312 433 2346 sed
461 2312 626 2346 minimum
662 2312 691 2346 in
715 2311 775 2346 hoc
799 2324 881 2346 anno
904 2311 961 2346 fnit

210 2368 421 2408 apportatum.
453 2361 508 2396 Est
531 2368 561 2396 et
594 2359 676 2395 aliud
711 2361 960 2405 incommodum,

213 2409 356 2445 videlicet
385 2422 480 2457 super
524 2409 712 2457 equitaturis
738 2410 816 2444 adeo
849 2422 959 2456 grave,

211 2458 295 2505 quod
336 2459 410 2506 equi
439 2459 526 2494 nullo
554 2458 647 2493 modo
677 2469 810 2505 possunt
836 2460 961 2494 venales

213 2507 354 2542 inveniri.
386 2508 458 2550 Quo
474 2509 553 2543 circa
569 2508 723 2542 universis
736 2509 960 2553 crucesignatis

212 2568 248 2590 ac
269 2557 429 2602 signandis
457 2557 538 2592 bona
566 2557 626 2591 fide
651 2556 821 2591 consulatis
851 2567 961 2603 quate-

213 2616 274 2640 nus
295 2605 334 2640 de
357 2605 528 2653 praedictis
539 2619 572 2641 se
588 2606 734 2640 studeant
748 2607 959 2653 praemunire,

1655 237 1725 269 555

1023 297 1062 332 de
1089 297 1204 345 quibus
1232 298 1261 332 in
1281 299 1419 345 partibus
1442 300 1557 335 nostris
1584 300 1704 336 nullum
1721 301 1772 335 in-

1023 347 1149 382 venient
1171 347 1335 383 consilium
1360 348 1405 382 vel
1426 349 1579 384 iuvamen.
1602 349 1769 385 Caeterum

1022 396 1143 441 sciatis,
1170 396 1255 443 quod
1278 405 1349 432 ante
1382 398 1548 434 adventum
1576 399 1657 445 regis
1677 398 1771 434 Hun-

1020 445 1124 492 gariae
1157 454 1186 480 et
1227 445 1317 481 ducis
1344 447 1489 483 Austriae
1519 448 1677 495 provisum
1713 449 1770 484 suit

1019 507 1035 528 a
1064 494 1194 530 domino
1216 496 1404 542 patriarcha,
1426 504 1455 531 et
1478 509 1561 544 rege,
1585 505 1615 531 et
1631 499 1769 545 peregri-

1020 544 1079 584 nis,
1101 552 1131 579 et
1159 544 1306 579 fratribus
1320 545 1502 592 Hospitalis.
1525 555 1555 581 et
1577 546 1669 581 nobis
1682 548 1767 594 quod

1021 605 1127 628 versus
1154 593 1314 640 Neapolim
1339 594 1449 642 Syriae
1475 596 1531 630 iter
1556 597 1768 642 arriperemus

1018 655 1090 677 cnm
1118 643 1291 678 Corradino
1314 644 1338 678 si
1368 657 1424 678 nos
1452 652 1629 692 expectaret
1651 658 1768 693 pugna·

1018 692 1088 725 turi.
1123 691 1197 727 Post
1229 692 1396 728 adventum
1434 706 1506 729 vero
1534 694 1765 741 praedictorum

1017 749 1197 787 magnatum
1222 741 1252 776 in
1284 742 1343 777 boc
1365 755 1476 778 omnes
1498 743 1688 779 unanimiter
1715 757 1766 779 as-

1015 802 1142 825 sensum
1171 790 1392 832 exhibuimus,
1424 800 1580 840 quatenus
1607 793 1637 827 in
1670 806 1764 828 manu

1016 839 1083 874 forti
1112 852 1168 887 per
1202 851 1287 876 mare
1314 850 1343 876 et
1367 849 1478 876 terram
1515 842 1546 876 in
1568 841 1764 878 Babiloniam

1015 889 1287 935 proficisceremur
1321 890 1358 925 ad
1394 891 1600 926 obtinendum
1637 891 1764 927 Damia-

1015 946 1089 978 tam,
1125 947 1157 973 ut
1191 939 1236 974 sic
1262 940 1383 975 cautius
1416 948 1446 975 et
1477 940 1631 988 provisius
1654 953 1764 977 versus

1013 987 1159 1023 Sanctam
1187 988 1315 1023 Terram
1352 989 1669 1038 Hierosolymitanam
1704 991 1763 1026 iter

1014 1049 1281 1084 praepararemus2
1303 1050 1414 1073 omnes
1437 1039 1531 1084 igitur
1551 1040 1761 1087 crucesignati

1011 1099 1064 1119 sen
1085 1087 1325 1133 crucesignandi
1348 1088 1480 1123 sollicite
1499 1097 1699 1133 moneantur,
1728 1097 1761 1124 ut

1011 1148 1104 1182 quam
1133 1137 1284 1171 maiorem
1320 1145 1468 1184 poterunt
1500 1149 1608 1173 secum
1643 1138 1761 1173 ducant

1010 1186 1132 1231 copiam
1160 1185 1341 1220 victualium
1365 1194 1394 1221 et
1417 1198 1582 1234 equorum.

1060 1234 1173 1269 Datum
1201 1234 1358 1276 Laterani,
1389 1244 1498 1271 octavo
1529 1236 1680 1272 kalendas
1701 1236 1759 1272 de-

1009 1283 1155 1324 cembris,
1179 1283 1379 1330 pontificatus
1394 1286 1490 1320 nostri
1506 1297 1589 1320 anno
1604 1284 1757 1321 secundo.

1020 1344 1078 1374 ilat.
1097 1344 1145 1374 die
1160 1344 1197 1375 24
1214 1345 1382 1376 novembris
1401 1346 1486 1382 1217,
1505 1346 1607 1386 pontif.
1623 1356 1699 1377 anno
1715 1356 1744 1378 n.

1331 1513 1429 1548 XVII.

1009 1590 1034 1622 C
1033 1590 1201 1622 auditiones
1220 1590 1305 1633 pacis
1331 1590 1499 1624 servandae
1521 1591 1600 1625 inter
1627 1592 1758 1625 Pisanos

1226 1645 1252 1672 et
1283 1639 1445 1672 lanuenses
1472 1640 1534 1681 (Ι).

1271 1720 1486 1751 ΞΙῘΜΜΑΗΙΗΜ

1006 1786 1171 1816 Exordium.
1192 1803 1229 1807 —
1245 1786 1322 1816 lnter
1340 1786 1462 1816 Pisanos
1481 1791 1509 1816 et
1524 1787 1684 1817 lanuenses
1704 1798 1754 1827 pa-

1043 1839 1105 1860 cem
1130 1835 1211 1860 curat
1233 1830 1389 1860 Honorius.
1411 1848 1450 1853 —
1473 1831 1611 1870 Legatum
1634 1833 1669 1862 ad
1700 1833 1754 1862 hoc

1043 1875 1140 1905 mittit.
1170 1892 1207 1898 -
1228 1874 1436 1906 Procuratores
1466 1880 1588 1916 utraque
1617 1886 1650 1906 ex
1674 1881 1754 1916 parte

1043 1919 1164 1949 Romam
1182 1919 1327 1949 missi.—
1345 1919 1430 1950 Pacis
1449 1921 1632 1951 conditiones
1649 1931 1663 1951 a
1680 1921 1754 1952 Pon-

1042 1963 1119 1993 tifice
1142 1965 1319 2003 propositae.
1337 1981 1376 1986 —
1394 1963 1559 1995 Clausulae.

979 2011 1134 2063 'nonarius
1157 2036 1299 2070 episcopus
1317 2041 1413 2063 servus
1437 2042 1578 2066 servorum
1600 2035 1658 2069 Dei.
1686 2036 1752 2065 ‹tite-

1047 2085 1102 2113 ctts
1117 2084 1183 2113 filiis
1200 2084 1401 2120 potestatibus.
1429 2086 1460 2114 et
1477 2086 1584 2121 populis
1603 2085 1706 2115 Pisanis
1724 2087 1754 2114 et

1047 2133 1237 2167 tanuensibus.
1262 2134 1382 2163 salutem
1405 2135 1436 2164 et
1469 2135 1645 2170 apostoticam
1673 2135 1752 2163 bone·

1046 2182 1202 2212 dictionem.

1051 2254 1214 2288 Miserator
1241 2262 1271 2289 et
1298 2255 1476 2289 misericors
1497 2254 1669 2299 Dominus,
1697 2256 1749 2302 qui

1003 2315 1064 2337 non
1087 2302 1283 2337 obliviscitur
1317 2306 1481 2344 misereri,
1509 2314 1636 2349 exurgat
1666 2317 1749 2339 nunc

1004 2353 1214 2398 imperaturus
1241 2354 1340 2386 ventis
1366 2360 1395 2387 et
1423 2353 1557 2391 flatibus,
1583 2361 1615 2386 ut
1643 2353 1694 2388 fiat
1712 2366 1748 2388 ex

1003 2402 1215 2436 commotione
1237 2403 1457 2448 tranquillitas,
1485 2401 1619 2449 procella
1642 2402 1750 2436 turba-

1004 2451 1097 2485 tionis
1120 2451 1261 2485 mitescat
1289 2452 1318 2484 in
1345 2461 1466 2492 auram,
1500 2460 1531 2486 et
1556 2451 1668 2486 sileant
1690 2452 1750 2486 llu-

1002 2511 1072 2533 cuzs
1093 2501 1172 2539 eius,
1199 2511 1271 2534 cum
1298 2499 1359 2533 diei
1395 2501 1525 2544 malitia,
1552 2509 1580 2535 et
1611 2502 1748 2547 pericula

1002 2551 1152 2594 temporis
1180 2549 1394 2583 invalescunt:
1430 2550 1470 2584 ita
1499 2558 1529 2584 ut
1551 2561 1630 2596 quos
1654 2562 1750 2598 prae-

1039 2618 1076 2651 (t)
1094 2618 1130 2644 Ex
1150 2619 1253 2653 Regest.
1275 2619 1356 2645 Vatic.

1787 247 1833 273 An.
1854 246 1880 274 C.
1903 248 1970 275 1²¹7

1797 2269 1908 2290 Emi-dian:
