2129 3223
158 286 204 313 Αιι.
224 287 250 313 (ἶΔ
272 286 338 314 ¹2¹9

171 427 191 445 5*
204 431 277 447 'entra
285 426 339 447 mole

157 461 259 478 V1‘5E70!.

173 1618 280 1644 Cniloquia
297 1623 343 1637 mu-

160 1649 234 1670 lierum
261 1649 343 1669 evitan-

175 1813 207 1834 351
230 1815 255 1834 de
284 1814 345 1834 honis

163 1845 284 1865 monasterii
295 1843 344 1864 alle-

162 1876 260 1897 nundum.

403 273 472 309 558

353 353 415 376 non
438 346 630 388 praesumat,
653 346 684 373 et
713 337 887 373 monacbus
910 345 1010 372 vetera
1035 336 1101 372 red-

352 390 415 433 dat,
433 387 700 436 quandocumque
723 399 801 422 nova
825 387 978 434 receperit
1005 386 1101 420 indu-

352 446 468 473 menta.
492 437 532 472 Et
558 449 630 472 cum
652 435 735 484 apud
760 448 813 470 ros
830 436 890 470 iam
922 436 1010 482 quasi
1047 447 1101 480 pro

352 486 584 523 consuetudine
619 485 735 521 dicitur
769 485 923 527 obtinere,
960 492 991 518 ιιι
1028 496 1099 518 cum

352 536 543 572 monachum
570 535 710 582 aliquem
732 534 924 581 religiosum,
947 542 997 568 aut
1037 545 1123 579 gar-·

353 585 472 630 rnlnm,
493 584 741 624 inobedientem,
763 591 815 618 aut
842 583 936 618 etiam
969 581 1101 628 impudi-

352 647 425 670 cum
448 634 480 670 in
503 642 604 669 vestro
626 633 756 679 contigit
778 632 910 679 collegio
942 631 1074 665 inveniri
1093 658 1101 674 ‚

352 683 449 719 abbas
476 684 546 719 eius
559 683 734 718 seditiones
752 681 882 721 evitans,
897 680 1101 723 obedientias,

353 732 514 772 eeclesiis,
546 741 575 767 et
610 732 667 767 alia
702 731 783 765 bona
823 729 1004 764 monasterii
1049 729 1101 763 «let

352 781 474 822 eidem,
514 781 596 816 unde
621 780 691 815 mali
715 779 803 826 quasi
827 779 867 813 de
889 790 944 813 sua
985 777 1102 812 malitia

352 830 557 867 commodum
584 837 791 877 reportantes,
815 827 1022 875 prolabuntur
1040 839 1104 861 sae-

356 880 428 928 pius
450 879 490 915 ad
513 880 632 927 peiora,
659 886 690 914 et
711 878 761 912 alii
793 889 920 924 quoque
959 876 996 911 atl
1036 876 1104 910 dis-

354 929 519 965 sensiones
558 937 589 964 et
609 927 754 963 scandala
791 927 982 966 incitantur,
1016 926 1104 959 volu-

355 991 426 1015 mus
455 987 487 1014 et
520 977 719 1020 mandamus,
754 984 786 1009 ut
817 975 913 1010 abbas
936 975 1020 1009 viros
1038 974 1104 1008 bo-

355 1035 472 1072 nestos‚
498 1027 700 1066 obedientes,
727 1025 892 1070 religiosos
935 1032 964 1058 et
996 1035 1104 1070 graves

355 1077 475 1112 sincera
496 1084 628 1111 tractare
654 1074 779 1109 studeat
817 1073 988 1111 charitate:
1013 1072 1105 1107 inbo-

355 1133 459 1161 nestos
480 1137 565 1169 vero,
598 1136 633 1159 ac
664 1122 898 1162 inobedientes,
923 1121 1104 1162 dissolutos,

354 1183 384 1210 et
405 1175 502 1214 leves,
525 1186 597 1209 cum
612 1173 719 1208 decani
740 1180 770 1206 et
792 1172 954 1206 seniorum
974 1171 1105 1206 consilio

355 1225 439 1259 iuxta
466 1223 640 1258 monastica
669 1221 777 1269 puniat
798 1221 950 1260 instituta,
990 1228 1022 1254 ut
1060 1220 1127 1254 sie*

355 1273 428 1308 boni
451 1272 490 1307 de
517 1272 600 1307 bono
624 1277 834 1318 provocentur
855 1269 891 1304 ad
917 1269 1040 1312 melius,
1075 1276 1104 1302 et
1125 1274 1127 1293 ἓ

356 1321 428 1356 mali
450 1333 467 1356 a
489 1333 544 1356 sua
564 1320 680 1355 malitia
701 1326 897 1354 revocentur.
916 1318 1106 1353 Claustrali-

357 1370 416 1405 bus
436 1377 539 1405 autem
553 1369 672 1417 absque
693 1368 856 1403 manifesta
879 1376 909 1402 et
929 1367 1105 1402 necessaria

356 1431 449 1454 causa
471 1418 605 1454 exeundi
628 1431 643 1452 a
667 1417 803 1452 claustro
839 1416 962 1450 licentia
1003 1416 1106 1450 nulla-

357 1478 449 1503 tenus
474 1467 641 1506 tribuatur,
663 1479 734 1501 cuni
755 1464 968 1513 periculosum
988 1465 1027 1499 sit
1062 1473 1106 1499 ta-

358 1517 442 1552 libus
483 1516 690 1552 saecularium
738 1514 881 1549 caetibus
915 1513 1105 1557 admisceri,

358 1578 416 1601 nec
442 1565 503 1601 sub
524 1563 806 1610 consanguinitatis
836 1570 994 1610 praetextu
1029 1563 1105 1597 inl'ra

359 1615 539 1650 monasterii
565 1614 717 1649 ambitum
755 1612 947 1659 colloquium
993 1611 1127 1646 liabere'

359 1676 429 1699 cum
458 1663 645 1698 mulieribus
679 1662 818 1697 iuniores
859 1660 1003 1696 monachi
1035 1673 1107 1707 per-

361 1714 532 1753 mittantur,
567 1712 625 1746 nisi
660 1710 881 1759 praesentibus
923 1709 960 1744 ad
1003 1710 1129 1744 minus*

360 1762 484 1797 duobus
530 1761 693 1796 monacbis
727 1760 857 1794 senibus
896 1767 925 1794 et
953 1758 1104 1792 honestis.

359 1811 406 1846 Ad
430 1810 635 1846 imitationem
655 1821 781 1857 quoque
805 1808 904 1843 felicis
937 1807 1108 1842 memoriae

360 1860 448 1896 Lucii
482 1859 585 1906 Papae
630 1858 883 1906 praedecessoris
917 1857 1015 1892 nostri
1050 1865 1109 1891 sta-

361 1910 490 1950 tuimus,
513 1916 547 1943 ut
567 1907 663 1943 abbas
698 1907 915 1955 possessiones
947 1906 1108 1941 demanias

360 2057 446 2101 dina,
467 2068 549 2104 quae
572 2055 674 2090 honae
689 2054 859 2089 memoriae
880 2053 977 2088 abbas
992 2052 1104 2087 Rossri-

361 2106 420 2141 dns
442 2106 473 2140 in
495 2117 619 2151 gravem
651 2103 795 2138 alienavit
830 2102 1010 2137 monasterii
1048 2102 1111 2136 lae-

361 2155 495 2195 sionem,
522 2166 614 2201 quam
638 2152 709 2195 alia,
730 2164 809 2199 quae
832 2152 870 2186 de
913 2151 1011 2199 ipsius
1047 2163 1113 2185 ιιιο-

362 2204 489 2239 nasterii
511 2201 657 2238 demanio
679 2202 809 2236 alienata
837 2208 907 2235 sunt
933 2200 1051 2242 illicite,
1065 2199 1111 2233 vel

362 2253 519 2292 distracta,
549 2264 603 2286 seu
647 2250 727 2285 male
768 2261 936 2293 concessa,
958 2248 996 2284 ad
1032 2260 1112 2294 opus

363 2301 504 2337 eiusdem
524 2300 645 2336 studeat
672 2299 810 2346 legitime
837 2310 991 2333 revocare.
1021 2296 1114 2331 Prae-

365 2351 535 2397 posituram
555 2361 628 2384 vero
642 2349 855 2383 Ecclesiarum
868 2359 995 2382 suarum
1011 2346 1114 2384 confe-

365 2407 410 2434 rat
426 2399 591 2434 monacbis
605 2397 814 2445 prudentibus
829 2405 857 2431 et
870 2396 1019 2435 honestis,
1034 2407 1114 2442 quos

366 2448 457 2483 Faciat
484 2448 660 2483 iuramento
682 2446 818 2489 firmare,
841 2445 925 2494 quod
948 2456 1011 2479 non
1038 2444 1114 2479 alie-

367 2497 483 2531 nabunt
524 2497 664 2543 ipsorum
699 2494 917 2543 possessiones
961 2501 991 2528 et
1025 2492 1111 2528 iura:

365 2545 449 2592 quod
470 2545 503 2580 vsi
532 2546 612 2581 forte
633 2543 915 2593 praesumpserint,
938 2542 1024 2590 ipsos
1043 2553 1115 2589 per-

369 2601 461 2640 petuo
487 2606 503 2628 a
530 2594 704 2629 ministerio
730 2595 799 2628 sine
821 2604 878 2639 spe
910 2589 1116 2627 restitutionis

368 2641 568 2677 decernimus
585 2642 790 2685 amovendos,
814 2642 889 2676 alias
907 2642 1042 2688 graviter
1062 2651 1117 2687 pu·

946 280 1132 304 amulum!
1159 280 1319 303 ROMANUM

1142 335 1286 371 niendos.
1317 335 1397 370 Dicti
1430 344 1531 371 autem
1566 334 1736 382 praepositi
1776 333 1889 380 singuli

1144 434 1272 469 reddant
1296 434 1484 469 monasterio
1517 434 1677 468 annuatim
1715 432 1890 468 secundum

1143 483 1367 527 Ecclesiarum,
1378 483 1494 530 quibus
1508 482 1890 529 praefuerint,sacultates,

1142 540 1173 567 et
1196 541 1228 566 ιιι
1255 532 1337 567 sicut
1360 533 1432 567 mali
1455 532 1493 566 de
1515 531 1628 566 malitia
1664 543 1810 578 poenam,
1851 530 1892 565 ita

1144 581 1215 615 boni
1244 581 1283 616 de
1310 581 1447 616 bonitate
1473 580 1612 628 praemia
1644 587 1890 628 consequantur:

1143 630 1239 665 abbas
1262 630 1457 677 praepositos
1483 630 1569 676 ipsos
1601 641 1616 663 a
1658 629 1891 676 praeposituris,

1144 679 1317 726 inquibus
1343 691 1398 714 eos
1431 678 1510 714 bene
1545 678 1781 713 administrasse
1815 689 1893 712 con-

1143 729 1268 768 stiterit,
1292 740 1355 763 non
1375 735 1515 763 amoveat
1549 727 1669 774 absque
1709 726 1893 762 necessitate

1145 777 1191 812 rel
1227 777 1359 812 utilitate
1400 776 1579 812 monasterii
1619 776 1794 811 manifesta.
1830 775 1895 810 Mo-

1145 826 1262 861 nacbos
1290 839 1362 861 vero
1384 826 1423 861 tle
1456 826 1565 860 castris
1587 834 1616 859 et
1640 824 1718 860 villis
1739 824 1778 859 ad
1808 824 1894 859 clau-

1145 883 1244 910 strum
1286 875 1502 923 peaecipimus
1534 874 1684 915 revocari,
1718 874 1776 908 nisi
1815 873 1895 913 forte

1145 924 1183 958 ad
1202 924 1376 973 custodiam
1406 924 1530 959 illarum
1554 923 1779 967 monitionum,
1814 935 1894 971 quae

1146 973 1259 1008 fuerint
1283 974 1314 1008 in
1337 974 1454 1008 finibus
1475 973 1627 1013 abbatiae,
1650 972 1821 1020 sintaliqui
1844 985 1896 1007 ne-

1145 1023 1285 1063 cessarii,
1305 1035 1384 1070 quos
1407 1023 1448 1058 ibi
1466 1035 1522 1070 pro
1537 1030 1679 1069 tempore
1701 1022 1895 1062 tolleramus,

1146 1072 1262 1118 quibus
1281 1072 1377 1106 abbas
1417 1072 1559 1118 iniungat
1601 1071 1632 1105 in
1667 1072 1781 1106 virtute
1817 1071 1895 1106 obe-

1147 1121 1295 1162 dientiae,
1320 1130 1353 1156 ut
1379 1129 1530 1168 quantum
1569 1128 1714 1166 poterunt
1751 1119 1896 1167 religiose

1147 1171 1287 1205 viventes
1309 1182 1475 1218 personam
1501 1170 1530 1204 in
1566 1169 1685 1203 iudicio
1723 1181 1785 1204 non
1817 1170 1896 1204 acci-

1148 1220 1245 1266 piant,
1281 1219 1334 1255 sed
1371 1219 1543 1266 aequaliter
1589 1218 1738 1253 iustitiam
1781 1217 1895 1253 saciant

1148 1268 1276 1316 pauperi
1317 1281 1351 1303 ac
1379 1268 1476 1309 diviti,
1498 1267 1593 1302 debili
1626 1279 1660 1302 ac
1684 1267 1813 1314 potenti.
1831 1267 1896 1302 Eos

1146 1329 1231 1356 vero,
1261 1317 1314 1364 qui
1349 1317 1552 1352 declinabunt
1582 1316 1619 1351 ad
1650 1316 1808 1351 dexteram
1850 1317 1894 1351 vel

1147 1366 1320 1406 sinistram,
1349 1366 1453 1401 debita
1475 1365 1641 1401 severitate
1675 1365 1784 1413 puniat
1829 1366 1896 1413 ipse

1126 1415 1253 1459 {abbas‚
1290 1416 1319 1449 iu
1363 1428 1497 1462 quorum
1531 1426 1633 1462 poena
1672 1415 1697 1449 si
1733 1414 1897 1462 negligens

1126 1462 1252 1515 {fuel-it,
1283 1473 1333 1498 aut
1370 1465 1533 1505 remissus,
1561 1464 1750 1511 apostolicae
1790 1476 1897 1499 eorre-

1148 1514 1261 1548 ctionis
1273 1514 1452 1560 experiatur
1478 1513 1666 1548 sententiam
1692 1513 1720 1547 in
1747 1525 1781 1548 se
1815 1513 1894 1560 ipso.

1147 1562 1217 1608 lpse
1241 1574 1314 1597 vero
1336 1562 1458 1597 nullum
1488 1562 1619 1597 invitum
1643 1574 1747 1607 agere,
1770 1561 1815 1597 vel
1852 1574 1897 1597 ac-

1148 1622 1259 1645 cusare
1286 1611 1465 1658 compellat,
1489 1623 1546 1646 nec
1575 1619 1745 1658 praeponat
1773 1610 1898 1646 iudiciis

1150 1659 1329 1695 venditores
1373 1660 1519 1704 iustitiae,
1555 1661 1608 1695 sed
1645 1660 1726 1695 viros
1753 1660 1899 1696 timentes

1148 1708 1264 1749 Deum,
1286 1717 1317 1743 et
1340 1710 1456 1756 peritos
1480 1710 1511 1743 in
1535 1710 1612 1749 iure,
1630 1709 1685 1756 qui
1717 1709 1786 1744 sine
1812 1721 1899 1745 acce-

1151 1757 1256 1804 ptione
1294 1769 1497 1804 personarum
1526 1758 1696 1792 exhibeant
1732 1758 1897 1797 iustitiam,

1150 1807 1440 1854 conquaerentibus
1473 1807 1640 1842 interdicto
1669 1807 1820 1854 penitus,
1860 1819 1898 1842 ue

1128 1856 1277 1902 ¹aliquod
1319 1856 1371 1890 fiat
1405 1863 1542 1903 pactum,
1576 1865 1608 1891 ut
1644 1856 1761 1904 aliquid
1795 1857 1899 1892 curiae

1129 1936 1130 1941 ,
1150 1905 1331 1939 monasterii
1358 1905 1510 1940 serviatur
1527 1917 1583 1952 pro
1606 1905 1722 1940 iustitia
1746 1905 1898 1941 facienda.

360 1957 539 1993 monasterii
581 1957 716 1992 alienare
756 1956 800 1991 vel
845 1955 1008 1991 infeudare
1046 1961 1131 1990 non?

360 2007 471 2055 possit,
493 2006 678 2041 adiicientes
705 2013 738 2040 ut
771 2005 854 2040 idem
895 2012 956 2038 tani
985 2003 1131 2038 molen-1

1150 1954 1292 1989 Clericos
1313 1962 1417 1989 autem
1446 1954 1587 1989 abbatiae
1614 1955 1644 1988 iu
1680 1954 1899 2002 spiritualibus

1151 2011 1181 2037 et
1216 2003 1442 2050 temporalibus
1485 2003 1523 2038 ad
1566 2003 1670 2039 forum
1714 2003 1792 2039 trabi
1835 2016 1898 2038 non

1151 2052 1241 2086 faciat
1278 2052 1446 2093 saeculare,
1480 2052 1534 2088 sed
1569 2052 1608 2087 ad
1651 2052 1898 2088 ecclesiasticum

1152 2101 1267 2148 potius,
1290 2113 1328 2136 ne
1340 2104 1384 2144 (l)
1398 2102 1531 2148 patiatur
1544 2102 1717 2137 sacristiam
1729 2102 1768 2136 ab
1778 2102 1823 2137 eis
1832 2103 1900 2136 exi-

1152 2162 1224 2196 gere
1255 2149 1333 2184 ultra
1368 2151 1446 2185 duas
1479 2151 1717 2198 procurationes
1738 2151 1769 2185 in
1805 2163 1900 2188 annot

1152 2199 1232 2233 sicut
1260 2199 1333 2233 olim
1358 2200 1422 2234 fieri
1445 2200 1616 2235 consuevit.
1640 2200 1804 2234 Praeterea
1827 2211 1900 2234 cum

1153 2248 1285 2283 consilio
1307 2256 1492 2290 conventus,
1526 2248 1572 2283 vel
1611 2249 1738 2283 maioris
1776 2256 1807 2283 et
1843 2261 1901 2283 sa-

1154 2297 1251 2331 nioris
1275 2297 1371 2344 partis
1392 2297 1485 2344 eligat
1511 2297 1591 2332 duos
1618 2297 1657 2332 de
1678 2298 1758 2344 ipso,
1780 2298 1834 2344 qui
1851 2298 1901 2332 iu-

1155 2346 1210 2380 rati
1235 2354 1406 2392 proventus
1431 2346 1680 2381 obedientiarum
1712 2358 1792 2393 quae
1823 2358 1901 2381 con-

1154 2403 1320 2429 sueverant
1343 2395 1439 2430 teneri
1467 2407 1523 2443 per
1541 2395 1710 2430 monachos
1736 2406 1752 2429 a
1791 2394 1903 2431 balivis

1154 2443 1320 2490 diligenter
1347 2444 1510 2491 recipient,
1530 2453 1560 2479 et
1586 2443 1625 2478 de
1660 2442 1806 2478 mandato
1845 2443 1902 2479 ab-

1154 2492 1234 2527 batis
1256 2505 1328 2527 cum
1347 2493 1478 2528 consilio
1496 2499 1681 2532 conventus,
1704 2492 1751 2527 vel
1774 2493 1903 2528 maioris

1156 2543 1250 2588 partis
1273 2542 1372 2590 ipsius
1393 2554 1448 2577 eos
1473 2542 1504 2576 in
1531 2541 1709 2576 debitorum
1743 2541 1901 2577 solutione

1156 2588 1360 2632 convertant,’
1373 2590 1525 2627 reddituri
1561 2602 1665 2625 coram
1708 2590 1820 2626 abbate
1866 2603 1903 2626 ac

1192 2653 1230 2685 (t)
1251 2651 1400 2687 Legondum
1422 2653 1546 2686 putamus
1562 2657 1615 2677 nec.

1905 278 1955 305 Au.
1973 276 2001 304 C.
2021 277 2088 304 ¹219

1914 337 2050 373 Depraeposl

1141 393 1243 420 certos
1284 385 1443 420 modestos
1479 393 1507 420 et
1539 392 1708 419 consuetos
1746 383 1891 418 redditus
1905 367 2079 420 eosiviffiliiino

1921 1322 1951 1344 De
1980 1323 2032 1343 male
2058 1329 2090 1343 τι·

1909 1354 2007 1375 ventibus

1910 1385 1998 1406 utendis,

1925 1961 2001 1983 Clerici
2015 1962 2040 1983 ad
2060 1961 2095 1982 (o-

1912 1998 1957 2014 rum
1985 1991 2095 2014 saecutus

1912 2029 1954 2044 non
1969 2023 2075 2047 ιηίειιᾱὸ.
