2129 3223
65 249 116 276 An.
133 249 161 277 C.
183 250 247 277 ¹2&ss

77 306 205 331 Revelanten
213 315 248 331 ιι-

64 341 106 359 tem
137 339 246 360 indemnes

65 374 124 390 um
127 371 169 390 ndt

84 644 224 673 lnquinitores

89 678 222 699 defendendi.

71 1587 177 1610 fluet-enci
193 1589 240 1610 uhi-

59 1625 100 1647 que
114 1620 218 1646 capientu-

862 251 1070 274 lNNdCENTtUs
1091 251 1123 273 lv
1147 251 1193 273 ΙΨ.

262 304 379 340 linibus
389 305 537 341 duximus
565 305 812 350 excludendum,
830 315 862 342 ut
885 307 937 354 qui
957 319 1006 354 pa-

262 363 366 389 ternae
390 355 527 390 haeresis
557 367 619 390 non
659 368 821 402 sequaces,
859 356 1003 392 latentem

261 412 382 450 patrum
399 404 560 450 perfidiam
573 404 786 449 lwtttlaverint,
805 418 1004 453 quacumque

260 460 363 488 reatus
384 452 508 488 illorum
530 453 800 489 animadversione
820 454 1003 501 plectantur,

260 502 433 549 praedictae
459 503 611 550 punitioni
636 515 697 538 non
719 503 924 539 subiaceant
918 518 1004 540 inno-

258 551 378 586 centiae
400 551 549 588 filiorum.

307 600 402 648 SM.
430 601 477 636 Ad
501 603 588 643 baec,
614 610 721 637 rutum
755 602 819 637 fieri
858 602 1003 638 volumus

259 649 369 685 fratres
396 650 630 688 praedicatores
662 651 700 686 de
738 652 848 687 ordine
871 652 1002 687 Praedi-

257 708 410 755 catorum,
433 713 488 747 pro
521 700 592 737 fidei
624 701 752 747 negotio
793 701 823 735 in
863 701 1003 748 partibus

257 749 381 795 imperii
398 750 494 785 nostri
510 759 616 786 contra
634 750 807 786 haereticos
821 749 1001 798 deputatos,

256 807 396 834 caeteros
413 811 540 847 quoque
562 800 615 847 qui
637 799 674 834 ad
710 799 882 834 haereticos
912 800 1001 835 iudi—

256 848 373 883 candos
399 849 601 893 accesserint,
624 849 682 884 nisi
705 848 800 904 aliqui
834 861 942 883 eorum
963 849 1002 884 ab

258 897 388 944 imperio
411 897 524 933 fuerint
551 898 747 945 proscripti,
769 898 894 938 eundo,
934 910 1002 933 mo-

256 946 353 981 rando
375 954 404 981 et
432 947 607 989 redeundo,
638 947 696 982 sub
743 947 838 982 nostri
878 947 1000 994 imperii

255 996 381 1042 speciali
396 996 578 1032 defensione
592 1004 745 1045 receptos
769 1005 798 1031 et
820 1008 900 1043 quos
917 996 1000 1044 apud

255 1057 389 1086 omnes,
421 1046 480 1081 sub
519 1059 579 1102 ope
621 1059 656 1082 ac
692 1046 1000 1081 recommendatione

255 1093 396 1130 fidetium
420 1096 543 1144 imperii
570 1108 640 1131 esse
655 1096 800 1130 volumus
817 1094 909 1130 inoffi
902 1107 997 1130 usos

255 1142 456 1179 Universitati
478 1153 598 1181 vestrae
619 1145 814 1184 mandantes
847 1153 1001 1192 quatenus

255 1205 468 1241 quocumque,
494 1203 524 1230 et
561 1194 644 1242 apud
680 1206 914 1249 quemcumque
948 1207 1001 1228 ve-

255 1251 352 1278 strum
375 1244 586 1291 pervenerint
605 1244 739 1290 benigne
758 1243 915 1290 recipiatis
936 1255 1000 1278 eos·

255 1291 346 1334 dem;
381 1301 411 1327 et
443 1305 592 1340 personas
627 1293 666 1328 ab
708 1293 834 1327 incursu
867 1292 1001 1328 haereti-

255 1353 364 1376 corum
392 1342 438 1377 eis
462 1342 678 1378 insidiantium
705 1350 926 1377 conservantes
945 1343 1000 1377 in-

255 1391 402 1432 demnes,
437 1404 531 1427 omne
563 1392 750 1433 consilium,
786 1391 933 1426 ducatum
969 1399 999 1426 et

254 1440 402 1475 auxilium
427 1440 638 1489 impendatis,
673 1453 728 1488 pro
768 1448 828 1475 tam
864 1441 1000 1488 acceptis

254 1501 357 1525 coram
385 1489 453 1525 Deo
476 1491 616 1537 negociis
642 1489 845 1537 exequendis.

302 1538 323 1587 S
347 1542 401 1574 12.
424 1540 609 1575 Haereticos
636 1552 719 1584 vero,
741 1551 820 1586 quos
841 1546 872 1573 et
893 1546 999 1573 osten-

255 1587 357 1624 derint
384 1590 441 1637 ipsi
464 1589 552 1624 vobis
579 1590 609 1624 in
642 1588 860 1624 iurisdictione
899 1597 998 1624 vestra

255 1638 369 1685 singuli
391 1639 563 1687 capientes,
585 1638 723 1684 diligenti
756 1637 895 1673 custodia
936 1638 999 1672 de-

255 1687 415 1730 tinendos,
437 1689 538 1724 donec
552 1696 621 1736 post
635 1687 862 1723 ecclesiasticae
874 1687 1000 1722 damna-

255 1737 350 1773 tionis
372 1738 536 1777 iudicium,
561 1749 693 1785 poenam
717 1737 873 1776 subeant,
904 1748 996 1783 quam

255 1795 425 1823 merentur.
460 1787 577 1822 Scituri
618 1786 702 1833 quod
737 1787 766 1820 in
813 1786 999 1820 executione

254 1836 356 1884 ipsius
377 1837 513 1883 negocii,
539 1844 661 1882 gratum
683 1835 764 1875 Deo,
787 1842 816 1869 et
842 1835 997 1870 laudabile

255 1885 346 1921 nobis
366 1885 553 1933 obsequium
576 1884 755 1925 conferetis,
782 1884 806 1918 si
830 1883 867 1917 ad
895 1884 999 1931 expel-

255 1933 379 1970 lendam
402 1935 441 1969 de
464 1934 602 1982 partibus
622 1934 718 1969 nostri
740 1933 862 1980 imperii
886 1946 997 1968 novam

254 1992 285 2019 et
321 1984 477 2019 insolitam
511 1983 685 2018 haereticae
727 1982 884 2030 pravitatis
918 1983 998 2017 infa—

253 2032 349 2068 miam
371 2045 462 2080 opem
492 2040 523 2067 et
549 2045 688 2088 operam
710 2045 771 2067 una
790 2043 861 2066 cum
880 2032 996 2067 eisdem

254 2082 416 2124 fratribus,
451 2082 666 2130 praestiteritis
704 2081 874 2122 efficacem,
908 2090 938 2116 et
972 2083 997 2116 si

254 2133 328 2179 quis
354 2131 433 2167 foret
459 2132 572 2166 exinde
595 2131 767 2178 negligens,
789 2139 819 2165 et
834 2132 997 2170 remissus,

255 2193 291 2217 ac
307 2181 400 2217 etiam
424 2181 553 2221 inutilis,
575 2193 677 2216 coram
716 2180 876 2225 Domino,
904 2189 934 2215 et
967 2181 997 2215 in

256 2239 425 2279 conspectu
453 2239 558 2266 nostro
581 2230 693 2277 poterit
737 2230 846 2264 merito
888 2230 998 2277 culpa-

255 2279 330 2316 bilis
350 2292 509 2328 apparere.

303 2329 418 2366 Datum
445 2329 572 2365 Paduae
594 2330 640 2363 22
682 2328 842 2373 februarii,
878 2328 998 2364 decima

257 2379 395 2415 secunda
413 2379 595 2414 indictione.

365 2481 565 2516 Fntnamcus
586 2480 647 2516 Dm
675 2492 797 2515 enam
827 2488 878 2514 etc.

305 2572 529 2609 Inconsutilcm
553 2574 690 2608 tunicam
713 2572 769 2608 Dei
798 2572 894 2608 nostri
929 2572 999 2607 dis·

261 2634 348 2659 suere
368 2632 521 2658 conantur
546 2622 705 2666 baeretici,
725 2629 752 2657 et
766 2621 903 2657 vocabuli
927 2622 999 2656 vitio

336 2679 411 2710 Ball.
433 2679 507 2709 Itum.
536 2679 590 2709 vot.
613 2679 654 2709 ΙΙΙ

822 2679 856 2709 fis,

1670 242 1738 276 505

1045 307 1227 347 servientes,
1240 307 1322 354 qnod
1343 308 1600 354 significationem
1624 308 1787 345 divisionis

1045 356 1201 400 enunciat,
1230 356 1258 390 in
1283 357 1382 403 ipsius
1410 357 1608 393 indivisibilis
1630 358 1700 394 fidei
1721 371 1787 394 unt-

1046 414 1105 440 tate
1134 406 1274 440 nituntni
1302 407 1448 442 inducere
1470 408 1652 443 sectionem:
1668 416 1788 444 etoves

1045 468 1059 489 a
1088 455 1168 490 Petri
1185 455 1338 495 custodia,
1360 457 1408 491 cui
1433 457 1604 503 pascendae
1626 471 1640 491 a
1660 458 1787 493 Pastore

1046 504 1127 539 bono
1149 513 1221 539 sunt
1244 505 1390 560 creditae,
1427 518 1601 553 segregare.
1642 507 1680 542 Hi
1714 516 1787 542 sunt

1044 553 1109 601 lupi
1131 566 1258 601 rapaces
1284 555 1484 595 intrinsecus,
1506 568 1544 590 eo
1571 569 1671 611 usqne
1698 570 1786 592 man-

1043 603 1240 638 suetudinem
1274 604 1511 650 praetendentes
1541 607 1660 646 ovium
1699 619 1786 654 quo-

1044 665 1144 699 usque
1161 653 1240 688 ovile
1255 654 1374 700 possint
1396 654 1568 689 subintrare
1578 655 1783 691 dominicum

1044 701 1082 737 Hi
1110 710 1183 737 sunt
1204 703 1304 748 angeli
1329 704 1465 750 pessimi.
1490 703 1528 737 Hi
1553 713 1626 739 sunt
1649 704 1700 739 lilii
1721 718 1785 752 pra-

1044 751 1183 792 vitatum,
1206 764 1221 786 a
1244 760 1329 799 patre
1351 753 1511 799 nequitiae
1537 762 1567 788 et
1595 753 1710 788 fraudis
1735 767 1785 789 an-

1043 809 1138 844 ctore,
1160 800 1196 836 ad
1220 801 1339 836 animas
1361 802 1520 848 simplices
1553 803 1709 837 destinati
1745 803 1783 838 Hi

1043 849 1176 893 colubri,
1202 851 1257 905 qui
1279 851 1441 886 columbas
1463 852 1637 899 decipiunt.
1661 851 1699 886 Hi
1718 864 1785 886 scr-

1044 907 1164 945 pentes,
1184 900 1236 946 qui
1271 900 1403 935 latenter
1436 901 1580 936 videntur
1614 901 1784 948 inserpere,

1042 957 1071 982 et
1096 949 1155 983 sub
1177 949 1277 983 mellis
1303 949 1481 991 dulcedine,
1509 951 1593 985 virus
1629 962 1782 986 evomere.

1042 996 1082 1032 Ut
1105 998 1183 1033 vitae
1204 997 1310 1033 cibum
1338 999 1512 1035 ministrare
1534 1012 1567 1034 se
1585 1000 1746 1040 simulent,
1768 1013 1784 1036 a

1042 1047 1140 1081 cauda
1163 1047 1287 1091 feriunt,
1314 1056 1344 1082 et
1371 1049 1479 1083 mortis
1518 1050 1664 1105 poculum
1703 1049 1786 1084 velut

1041 1097 1199 1142 quoddam
1217 1097 1407 1132 dirissimum
1425 1110 1579 1133 venenum
1595 1099 1782 1134 immiscent

1041 1145 1160 1180 Horum
1189 1154 1291 1181 sectae
1315 1148 1483 1187 veteribus,
1511 1148 1556 1182 vel
1581 1160 1619 1183 ne
1657 1149 1686 1182 in
1723 1161 1785 1195 pu-

1042 1194 1156 1229 blicum
1181 1196 1342 1242 prodeant
1365 1209 1425 1231 non
1463 1205 1537 1232 sunt
1569 1206 1691 1233 notatae
1726 1209 1785 1232 no·

1043 1244 1193 1282 minibus
1221 1245 1267 1279 vtl
1290 1246 1382 1292 (quod
1415 1255 1460 1280 est
1494 1246 1572 1282 sorte
1605 1246 1783 1291 nefandius)

1041 1306 1102 1328 non
1131 1302 1306 1333 contentae,
1336 1304 1367 1329 ut
1394 1296 1441 1330 vel
1464 1296 1502 1330 ab
1523 1295 1615 1331 Arrio
1648 1296 1784 1340 Arriani,

1041 1343 1088 1378 vel
1111 1356 1125 1377 a
1149 1343 1279 1378 Nestore
1300 1343 1489 1388 Nestoriani,
1511 1354 1564 1380 aut
1591 1358 1606 1380 a
1629 1345 1784 1380 similibus

1040 1392 1158 1427 similes
1181 1403 1425 1440 nuncupentur,
1447 1395 1501 1429 sed
1536 1396 1565 1429 in
1605 1395 1783 1442 exemplum

1041 1443 1288 1489 mart31·1titi,qtii
1314 1455 1369 1490 pro
1392 1443 1451 1478 fide
1473 1444 1622 1479 catholica
1640 1446 1782 1492 martyria

1040 1491 1213 1531 subieiunt,
1241 1492 1410 1527 Patarenos
1432 1505 1465 1528 se
1492 1494 1665 1532 nominant
1702 1493 1784 1529 velut

1040 1541 1198 1587 expositos
1221 1542 1367 1588 passioni.
1389 1541 1575 1578 Huiusmodi
1599 1544 1703 1578 miseri
1723 1543 1784 1578 Pa-

1040 1591 1136 1624 tareni
1165 1603 1181 1625 a
1204 1591 1320 1638 quibus
1348 1591 1436 1627 abest
1472 1600 1577 1627 sancta
1616 1593 1784 1628 credulitas

1039 1640 1208 1674 divinitatis
1242 1649 1396 1681 aeternae,
1440 1642 1499 1676 sub
1534 1654 1596 1677 uno
1635 1651 1781 1678 contextu

1040 1690 1195 1735 nequitiae
1223 1689 1349 1724 insimul
1375 1699 1436 1725 tres
1462 1691 1645 1732 offendunt;
1666 1691 1782 1734 Deum,

1040 1739 1192 1779 videlicet,
1216 1741 1386 1784 proximos
1415 1751 1445 1775 et
1483 1742 1617 1787 seipsos.
1656 1741 1782 1785 Deum,

1039 1788 1114 1822 dum
1137 1767 1194 1822 Dei
1218 1788 1324 1831 sidem,
1344 1797 1371 1823 ct
1386 1788 1503 1824 Filium
1519 1803 1579 1825 non
1582 1799 1780 1845 agnoscunt.

1039 1836 1208 1884 Decipiunt
1231 1838 1401 1884 proximos,
1429 1839 1502 1873 dum
1532 1839 1606 1886 ipsis
1628 1839 1687 1874 sub
1727 1852 1782 1887 spe

1039 1887 1208 1933 spiritualis
1229 1887 1404 1928 alimoniae,
1427 1889 1599 1923 baereticae
1622 1890 1782 1944 pravitatis

1039 1936 1265 1972 oblectamenta
1290 1937 1475 1972 ministrant.
1498 1937 1666 1973 Crudelius
1687 1939 1781 1973 etiam

1039 1986 1178 2020 saeviunt
1198 1986 1227 2020 in
1252 1999 1285 2021 se
1304 1987 1397 2032 ipsos,
1417 1987 1491 2022 dum
1517 1996 1585 2033 post
1607 1989 1780 2023 animatum

1039 2036 1265 2090 dispendium,
1298 2048 1428 2083 corpora
1480 2036 1616 2083 denique
1657 2050 1782 2072 severae

1041 2085 1149 2119 moitis
1174 2085 1337 2130 illecebris,
1376 2098 1468 2132 quam
1498 2098 1551 2133 pei·
1590 2087 1780 2132 agnitionem

1040 2146 1141 2169 veram
1183 2143 1211 2169 et
1238 2147 1327 2169 verae
1355 2135 1425 2170 fidei
1461 2144 1589 2182 possent
1628 2135 1780 2176 evadere,

1040 2184 1117 2218 vitae
1141 2184 1276 2231 prodigi,
1308 2192 1337 2218 et
1370 2184 1457 2218 necis
1489 2184 1650 2231 improvidi
1679 2193 1781 2219 secta-

1040 2241 1132 2277 tores,
1156 2233 1326 2267 involvunt:
1351 2242 1380 2268 ct
1402 2234 1494 2280 (quod
1523 2243 1566 2268 est
1591 2234 1658 2280 ipso
1695 2233 1779 2268 dictu

1040 2282 1242 2324 dirissimum)
1269 2283 1452 2328 superstites
1470 2284 1561 2317 etiam
1579 2295 1640 2318 non
1663 2291 1782 2318 terren-

1041 2339 1090 2365 tur
1115 2332 1268 2378 exemplo.

1088 2380 1108 2428 g
1131 2385 1160 2415 t.
1184 2381 1299 2416 Contra
1328 2380 1420 2421 tales,
1448 2380 1518 2424 sibi,
1540 2381 1607 2416 Deo
1634 2389 1663 2416 et
1685 2382 1782 2416 liomi-

1041 2430 1133 2464 nibus
1160 2430 1204 2464 sic
1228 2429 1373 2473 infestos,
1397 2430 1557 2464 continere
1579 2443 1640 2465 non
1664 2443 1781 2478 possu-

1042 2492 1112 2514 mus
1134 2488 1237 2514 motus
1256 2488 1390 2520 nostros,
1413 2480 1487 2526 quin
1507 2479 1631 2515 debitae
1653 2480 1781 2516 ultionis

1041 2529 1070 2563 in
1107 2540 1160 2563 eos
1193 2528 1330 2574 gladium
1367 2541 1543 2563 exeramus:
1578 2537 1663 2564 tanto
1697 2530 1781 2578 ipsos

1042 2579 1205 2612 instantius
1240 2587 1480 2625 persequenteS,
1511 2587 1627 2624 quanto
1654 2580 1684 2613 in
1715 2581 1781 2615 evi-

1041 2627 1213 2663 dentiorem
1239 2628 1431 2662 delusionem
1454 2626 1540 2663 Fidei
1564 2627 1781 2675 Christianae,

1803 254 1850 280 An.
1870 254 1897 282 C.
1918 254 1984 282 ΙΞῙιὸ

1815 318 1859 339 Aba
1849 324 1872 339 o
1910 322 1969 340 ‹ontr
1962 326 1983 340 u

1768 359 1773 365 ·
1801 348 1825 369 ha
1817 350 1921 370 nerent-0·
1950 349 1982 370 l·-

1802 385 1850 406 ’μη

1812 761 1970 783 Haut-eticorum

1799 793 1854 814 fraus
1863 801 1868 818 ς

1815 1557 1843 1579 P·
1845 1561 1964 1580 tarenorum

1836 1590 1940 1616 imputas.
