2129 3223
83 268 131 295 Αιι.
148 268 175 293 C.
199 267 265 294 1959

111 750 234 770 Ummium

105 1636 206 1655 Frider'ici
236 1636 260 1654 de

95 1666 162 1692 plorat
176 1665 277 1686 facinora.

330 258 399 291 498

859 265 896 287 mi
903 264 1043 287 [tantini
1068 262 1229 284 Remurium

319 322 387 350 tluiil
408 320 560 355 auxillum,
582 318 739 348 consilium
762 321 812 347 eie.
828 316 1030 346 —4.Etliaec
1074 313 1310 361 proscribendo³
1332 321 1362 348 et
1385 311 1574 360 proditoriae
1598 310 1690 346 necis.
1715 310 1819 356 gladio

320 374 375 394 non
401 369 550 393 serv-intes
578 364 692 393 decreta
723 361 1030 392 excommunicandos.

279 435 424 470 Gregorius
435 434 577 470 episcopus
595 441 690 463 soi-vus
706 441 845 464 servorum
854 433 911 466 Dei.
922 433 1032 461 dilectis

323 483 389 512 filiis
407 483 554 519 magistris
572 483 682 512 Alberto
707 483 903 515 archidiacono,
923 482 953 510 et
972 481 1032 509 Phi-

323 532 398 568 lippo
428 533 460 560 de
478 531 580 560 assisio
614 532 714 560 nuncio
732 533 825 561 nosti-0
848 532 877 560 iii
895 530 1032 559 Alemauia

324 581 514 613 commoranti,
539 580 657 609 salutem
692 582 722 609 et
740 580 918 616 apostolicam
953 580 1033 607 bene-

325 630 480 659 dictionem.

326 701 501 736 Rationalis
523 700 654 746 spiritus
675 701 812 734 exulanti
840 708 924 734 extra
959 711 1034 733 snos

284 751 435 785 terminos
458 758 587 784 naturae
613 751 817 796 compatitur,
840 758 869 783 et
893 761 907 782 a
943 756 1034 782 natu-

285 799 339 833 rali
360 800 509 846 potentia,
533 799 713 845 frequenter
730 799 858 833 rationis
875 798 1032 832 excidium

284 848 475 896 deploratur.
503 848 566 882 Sed
591 848 756 882 cumliaco
783 847 847 881 duo
878 847 1035 881 deforma-

285 899 378 933 tionis
401 898 526 932 vulnera
550 898 702 936 sentiunt,
717 896 757 931 de
781 896 872 930 illatis
894 896 953 930 sibi
971 908 1036 941 pas-

285 948 428 982 sionibus
455 947 493 981 ad
523 947 654 980 invicem
692 954 942 993 conqueruntur:
972 957 1034 979 non

285 997 368 1042 quod
392 996 505 1031 rationi
548 995 592 1029 vel
635 1003 763 1029 naturae
799 996 897 1041 possit
933 995 1036 1028 inesse

286 1045 479 1089 deformitaS,
495 1057 509 1080 a
533 1057 592 1091 qua
609 1045 739 1079 Creator
760 1052 933 1077 creaturam
948 1056 1035 1078 suam

287 1096 315 1128 in
339 1095 475 1129 creando
490 1094 562 1128 facit
581 1094 705 1138 penitus
719 1093 867 1136 alienam,
882 1092 936 1126 sed
953 1093 1036 1139 quod

286 1144 425 1178 actiones
449 1144 591 1191 proprias
613 1144 705 1176 toties
724 1143 854 1176 intentio
883 1154 973 1187 prava
987 1142 1040 1177 de-

288 1193 410 1233 format,
437 1193 520 1240 quod
546 1193 604 1226 iam
629 1192 823 1238 corruptelae
846 1192 953 1225 vitium
988 1192 1039 1224 vi-

287 1244 397 1277 ‹leatur
448 1251 578 1277 naturae
626 1240 795 1287 privilegiis
841 1240 1037 1287 insignitum.

289 1290 380 1326 Unde
403 1291 546 1326 turbatur
568 1290 657 1329 ratio,
680 1291 792 1324 mei-iio
825 1298 933 1324 natura
969 1302 1042 1324 con-

288 1341 441 1387 queritur,
465 1341 523 1375 nisi
552 1341 600 1374 iiis
625 1339 664 1373 ab
688 1339 800 1373 iniuria
825 1347 983 1386 provocet,
1002 1339 1041 1373 ab

291 1390 441 1424 iniustitia
471 1402 531 1424 vox
559 1388 738 1423 innocentis
759 1388 907 1434 appellet,
931 1388 966 1421 ad
984 1388 1042 1422 tri-

291 1439 385 1473 bunal
411 1446 590 1473 recurratur
612 1437 752 1484 supremi
777 1436 905 1477 Iudicis,
929 1437 979 1470 nbi
1002 1437 1042 1472 as-

289 1545 351 1572 IUI'·

292 1635 451 1680 languenti
474 1646 671 1679 succurrere,
687 1634 853 1668 saevientis
872 1633 1044 1679 iniquitatis

293 1683 478 1718 occursibus
498 1683 625 1718 obviare
629 1710 739 1717 .........
770 1683 872 1728 rigore
900 1682 1045 1716 ecclesia-

293 1733 389 1767 sticae
420 1732 591 1780 reprimere
628 1731 824 1778 disciplinae.
860 1731 942 1765 Hinc
975 1739 1043 1775 est,

293 1782 376 1828 quod
401 1781 544 1816 dolentes
566 1781 738 1817 audimus.
780 1780 864 1827 quod
889 1758 1044 1827 quidami

292 1831 453 1865 Friderico
476 1830 560 1864 dicto
584 1831 762 1877 imperatori
785 1830 849 1876 (qui
874 1830 956 1863 sicut
979 1829 1044 1864 He·

293 1938 378 1963 ctore
401 1928 540 1963 fidelium
578 1929 680 1963 iesum
718 1928 881 1962 Christum
914 1936 1045 1962 conatur

293 1978 489 2024 extinguere,
516 1985 547 2011 et
571 1977 664 2012 fidem
693 1977 891 2017 catholicam,
922 1985 950 2010 et
989 1989 1045 2011 ec-

293 2027 510 2061 clestiasticam
538 2026 712 2061 libertatem
743 2026 814 2059 totis
839 2026 967 2059 molitur
1002 2026 1045 2059 vi-

296 2076 382 2111 ribus
408 2075 604 2117 conculcare)
626 2083 731 2110 contra
765 2075 864 2109 Deum
902 2083 932 2109 et
972 2075 1044 2109 Ro-

296 2137 417 2159 manam
441 2125 629 2169 Ecclesiam,
652 2125 818 2159 consilium
843 2132 872 2158 et
894 2124 1043 2158 auxilium

295 2183 390 2221 atque
418 2175 553 2209 favorem
584 2173 777 2221 impendant.
807 2173 899 2219 Isque
937 2172 1043 2220 <quod

296 2222 439 2258 dolentes
461 2223 636 2266 referimus)
654 2235 744 2269 prava
765 2230 881 2262 mente,
899 2222 1044 2268 imperio,

296 2273 386 2306 cuius
420 2273 485 2307 iura
536 2281 566 2306 et
607 2272 742 2306 honores
788 2283 824 2305 30
867 2271 1043 2318 principum
1064 2279 1066 2325 ᾗ
1086 2281 1152 2313 rico
1193 2280 1359 2314 consilium
1384 2281 1428 2315 rel
1453 2281 1596 2316 iuvamen
1619 2293 1754 2328 operae,
1786 2281 1832 2316 vel

379 2371 384 2376 .
409 2371 415 2376 .
496 2370 502 2375 ·
749 2371 754 2375 -
881 2369 886 2374 ·
1065 2341 1211 2375 ¹operam
1235 2328 1433 2376 aliquatenus
1460 2342 1520 2364 non
1545 2330 1738 2376 impendant.

297 2382 473 2416 perniciose
495 2369 667 2413 incumbat,
690 2377 719 2403 et
748 2368 920 2413 incumbit,
948 2369 1045 2404 deco·
1064 2402 1066 2409 ⁴

297 2321 474 2355 conservari
497 2321 653 2364 volumus,
691 2330 719 2355 et
742 2329 888 2367 optamus
927 2320 1044 2362 illaesa,

298 2431 361 2453 rem
386 2419 485 2466 ipsius
506 2419 640 2465 imperii,
675 2427 704 2453 et
743 2418 895 2453 honorem
927 2418 1045 2465 princi-

299 2480 384 2512 pum,
407 2468 529 2515 imperii
552 2468 620 2513 lege
639 2475 828 2515 contempta,
860 2475 889 2501 et
930 2467 1045 2514 princi-

299 2528 372 2561 pum
402 2516 562 2563 privilegio
600 2516 783 2556 cancellato,
818 2516 972 2563 quosdam
1006 2516 1046 2551 de

300 2568 439 2614 ipsorum
468 2569 655 2610 maioribus,
698 2569 782 2617 quod
825 2569 946 2604 actibus
979 2569 1046 2604 suis

299 2620 414 2655 illicitis
441 2624 618 2658 consentire
640 2630 790 2668 renuunt,
813 2622 1045 2664 incarcerando,

1055 905 1192 950 :crilega
1224 904 1396 939 temeritate
1436 904 1615 951 profanans,

1058 1160 1109 1185 *et
1132 1152 1254 1194 viduas,
1290 1150 1427 1196 tegmine
1455 1150 1505 1184 vili
1545 1149 1703 1191 nudatos,

1059 1223 1060 1228 =
1080 1201 1212 1235 sublatis
1233 1201 1368 1246 desuper
1389 1199 1537 1234 carnibus
1559 1201 1724 1235 exossavit.

1050 390 1052 420 Ι
1073 363 1225 408 feriendo,
1247 375 1282 398 ac
1305 374 1509 410 paganorum,
1531 362 1583 408 qui
1607 361 1746 395 Assasiiii
1771 373 1821 395 vo-

1050 422 1183 448 cantui·
1209 411 1301 459 (quod
1331 412 1506 447 inauditum
1533 420 1590 451 est,
1617 410 1656 444 de
1679 411 1820 457 quolibet

1074 463 1214 509 piincipe
1229 461 1411 503 christiano)
1433 461 1544 507 gladiis
1565 459 1752 506 exponendo
1770 459 1822 494 de·

1051 515 1187 558 turpat.
1212 511 1389 546 Noiinullos
1420 511 1609 556 episcopos,
1649 521 1820 564 praecones

1073 561 1207 604 Christi,
1234 568 1370 595 rectores
1406 559 1489 603 fidei,
1530 568 1670 605 pastores
1704 559 1821 599 ovium,

1075 610 1213 645 medicos
1240 608 1455 655 languentium
1483 608 1671 652 animarum,
1703 607 1822 654 spolia-

1075 667 1122 694 tos
1153 659 1243 694 bonis
1270 657 1492 693 ecclesiasticis
1513 665 1542 691 et
1565 656 1748 697 mundanis,
1783 657 1823 691 de

1076 720 1185 754 regno,
1211 707 1294 754 quod
1322 715 1369 741 est
1392 706 1473 741 beati
1495 706 1578 740 Petri
1601 706 1822 753 patrimonium

1075 758 1264 804 episcopale,
1278 755 1410 802 aliisque
1423 756 1512 790 terris
1530 755 1662 802 iinperio
1678 755 1824 790 Romano

1075 806 1237 846 subiectis,
1266 805 1496 853 proscriptione
1534 804 1703 839 damnabili
1746 817 1824 839 exu-

1077 857 1139 890 lare
1161 855 1332 902 compellit.
1355 854 1578 889 Sacrosanctas
1601 853 1759 889 Ecclesias
1781 866 1826 888 sa-

1663 904 1826 950 religiosos

1078 962 1225 1001 (quorum
1250 966 1347 988 unum
1377 953 1415 987 de
1450 953 1560 988 ordine
1598 952 1728 987 fratrum
1763 952 1826 986 Mi-

1079 1016 1204 1047 norum,
1236 1002 1355 1058 absque
1394 1003 1469 1037 iuris
1507 1001 1629 1042 ordine,
1663 1010 1695 1037 et
1722 1002 1825 1037 debita

1078 1065 1191 1088 causae
1238 1052 1418 1098 cognitione
1459 1051 1601 1086 horribili
1643 1051 1827 1087 crudelitate

1079 1102 1276 1146 combussit),
1304 1101 1453 1148 pupillos,
1475 1101 1645 1148 orphanos,
1674 1113 1828 1148 pauperes

1738 1151 1827 1198 quasi

1129 1250 1149 1297 g
1171 1251 1204 1284 2.
1227 1249 1574 1284 Excommunicationis
1606 1261 1733 1297 quoque
1748 1277 1756 1289 ‚
1794 1262 1830 1284 ac

1060 1299 1288 1335 ¹anathematis
1335 1298 1426 1333 latam
1474 1306 1581 1334 eontra
1618 1311 1651 1333 se
1685 1311 1701 1334 a
1740 1298 1830 1334 nobis

1082 1348 1478 1394 seiitentiani,contemptis
1495 1348 1658 1383 Ecclesiae
1678 1347 1830 1387 clavibus,

1062 1437 1063 1444 ἵ
1084 1397 1256 1444 vilipendit,
1284 1397 1465 1432 solemniter
1486 1396 1610 1444 publice
1634 1397 1692 1432 sibi
1715 1397 1832 1433 faciens

1062 1476 1063 1479 ,
1084 1447 1246 1487 celebrari,

290 1487 389 1522 sectus
424 1488 507 1523 noxii
534 1486 673 1522 iustitiae
700 1485 853 1520 limitibus
893 1498 1043 1520 coerceri·
1063 1494 1064 1534 j
1085 1508 1207 1531 necnon
1236 1496 1346 1542 laqueo
1367 1495 1531 1530 damnarae
1552 1495 1691 1531 haeresis
1712 1507 1745 1530 se
1767 1508 1833 1531 sus,

711 1585 717 1591 ,
907 1584 912 1589 ,
972 1583 1002 1589 ..
1063 1542 1238 1593 {pendens,
1271 1544 1413 1579 eamdem
1446 1545 1633 1580 sententiam
1677 1545 1832 1593 praedicat

340 1586 360 1633 S
389 1588 419 1619 i.
448 1585 553 1627 Quare
576 1585 755 1632 Apostolica
778 1584 879 1619 Sedes
906 1592 1042 1618 iustitiae
1063 1591 1064 1594 ’

1285 1446 1331 1481 vel
1371 1447 1475 1493 potius
1518 1447 1673 1494 profanari
1714 1446 1832 1491 divina,

1087 1606 1147 1630 non
1171 1594 1369 1628 seivaudam.

1129 1643 1149 1690 g
1171 1645 1202 1676 5.
1232 1642 1360 1683 Verum,
1375 1655 1446 1677 cum
1462 1654 1501 1677 ex
1514 1643 1574 1678 hoc
1593 1643 1747 1685 subsidio,
1761 1655 1834 1678 con-

1085 1704 1108 1723 s
1104 1692 1156 1725 lio
1169 1702 1197 1726 ei
1221 1691 1324 1726 savoie
1351 1670 1491 1726 iidclium
1516 1693 1704 1739 populorum
1730 1671 1832 1727 dictus

1085 1740 1109 1774 F
1114 1741 1203 1775 rideri
1199 1753 1263 1775 ·cus
1272 1740 1447 1775 reddiditse
1458 1741 1633 1787 indiguum,
1644 1741 1834 1776 venerabiles

1086 1788 1195 1823 fratres
1218 1798 1340 1824 nostros
1359 1790 1622 1844 archiepiscopos,
1655 1791 1833 1838 episcopos,

470 1881 476 1886 ι
511 1880 517 1885 ,
690 1879 695 1884 ⁴
724 1880 728 1884 η
1064 1869 1065 1873 ,
1086 1850 1122 1873 ac
1149 1839 1282 1873 dilectos
1305 1838 1384 1873 lilios
1403 1839 1543 1883 abbates,
1563 1852 1695 1886 prioies,
1735 1851 1834 1887 prae—

294 1880 385 1914 rodes
410 1879 613 1914 christianam
644 1879 840 1924 religionem,
862 1886 892 1913 et
919 1878 949 1912 iii
990 1891 1065 1925 pem

1087 1888 1215 1934 positos,
1238 1896 1266 1921 et
1299 1887 1377 1921 alins
1418 1888 1632 1923 {Jeclesiarum
1671 1890 1833 1936 praelatos,

1087 1948 1209 1971 necnon
1233 1936 1355 1971 nobiles
1375 1937 1468 1977 viros,
1491 1937 1600 1978 duces,
1624 1938 1833 1983 marchiones,

1086 1987 1229 2027 comites,
1242 1986 1385 2025 barones,
1396 1995 1426 2020 et
1445 1986 1606 2022 universos
1616 1987 1694 2021 alios
1708 1987 1834 2022 christi-

1086 2034 1194 2069 fideles
1223 2047 1276 2081 per
1316 2034 1511 2070 Alemaniam
1547 2037 1746 2077 constitutos,
1782 2049 1835 2072 ro-

1085 2084 1207 2129 gandos
1229 2084 1378 2119 duximus
1397 2085 1557 2126 attentius,
1584 2093 1613 2119 et
1650 2085 1834 2130 monendos,

1086 2132 1145 2167 sub
1171 2132 1276 2167 debito
1300 2133 1371 2168 fidei
1395 2134 1593 2174 christianae,
1626 2146 1689 2181 quo
1725 2143 1833 2169 tenen-

1088 2190 1135 2215 tur
1153 2181 1289 2216 Domino
1315 2181 1384 2216 lesu
1413 2182 1551 2222 Christo,
1575 2183 1714 2218 districte
1743 2195 1835 2230 prae-

1086 2230 1234 2277 cipiendo
1256 2232 1452 2272 mandantes,
1477 2240 1509 2266 ut
1545 2231 1681 2279 praefato
1720 2231 1834 2268 Fride-

1135 2377 1208 2424 gli.
1236 2377 1392 2419 Quocirca
1415 2378 1597 2414 discreiioni
1627 2387 1744 2414 vestrae
1779 2391 1834 2426 per

1086 2427 1254 2473 apostolica
1293 2429 1408 2475 scripta
1442 2428 1638 2483 mandamus,
1678 2436 1834 2475 quatenus

1086 2487 1152 2518 eos,
1174 2475 1227 2522 qui
1250 2485 1357 2511 conti-a
1393 2477 1616 2524 praescriptum
1653 2477 1833 2513 mandatum

1086 2531 1228 2559 nostrum
1257 2526 1362 2560 venire
1397 2526 1674 2581 praesumpserint
1704 2539 1758 2574 pei
1778 2539 1835 2562 ex-

1086 2574 1383 2609 communicationis
1405 2575 1603 2620 senientiam,
1629 2574 1752 2611 sublato
1779 2588 1835 2624 ap-

1087 2622 1263 2669 pellationis
1296 2623 1475 2663 obstaculo,
1523 2636 1538 2658 a
1581 2625 1835 2672 praesumptione

1834 255 1884 282 An.
1898 252 1928 282 C.
1948 251 2016 280 ¹230

1856 1262 1986 1283 Sententiam
1992 1266 2028 1282 ex-

1856 1292 2027 1313 communicatio-

1844 1323 1877 1343 uu
1929 1324 2024 1342 cuntem-

1845 1354 1904 1374 nenti

1859 1652 1941 1674 Nullum
1962 1652 2030 1672 sancii

1846 1683 1935 1704 dandum
1969 1683 2030 1702 auxi-

1846 1713 1903 1738 lium,
1919 1713 2029 1734 consitium

1847 1747 1881 1764 etc

1861 2386 1885 2407 Et
1908 2386 1960 2408 haer
1989 2392 2032 2407 non

1848 2421 1959 2439 servantes
1993 2417 2033 2438 da-

1849 2452 1908 2471 creta
1944 2454 2032 2470 ncom-

1849 2480 1993 2501 municandon.
