2129 3223
150 269 199 295 An.
217 269 246 296 C.
266 270 327 297 ¹2¹1

396 264 465 296 050

398 287 417 295 *-
446 289 464 296 -
928 276 1114 299 nouatum!
1143 276 1303 298 ROMANCM

346 328 450 382 perbia
472 328 602 369 scilicet,
630 337 660 363 et
693 330 777 364 inani
810 330 923 377 gloria,
956 331 1091 375 invidia,
1110 345 1113 358 ι

346 390 400 420 na,
423 378 603 424 cupiditate,
626 387 654 413 et
676 380 814 422 avaritia,
837 381 1014 426 gulositate
1049 381 1093 414 lu-

344 426 444 466 xuria
484 428 664 467 mendacio
700 428 915 484 detractione,
950 430 1091 477 blasphe

346 476 416 515 mia,
444 476 527 516 odio
556 477 676 518 sr,aude
700 479 836 525 periurio
858 487 888 514 et
910 479 1090 515 homicidio

344 525 380 560 Et
405 528 548 572 quamvis
570 528 626 562 ista
650 540 707 562 nos
730 529 960 576 praedicemus
988 537 1090 564 tamen

345 583 528 622 potestatem
563 577 753 613 saecularem
793 578 966 614 secundum
1008 579 1092 625 leges

345 625 480 660 officium
504 639 598 661 suum
634 628 666 661 in
695 627 910 663 malefactores
939 640 1091 675 peragen-

345 682 406 709 tem
442 688 503 709 non
532 676 725 721 iudicamus,
749 688 850 724 neque
863 678 904 712 ob
926 678 986 712 hoc
1003 678 1091 712 dam-

344 725 484 760 nandum
530 738 599 761 esse
637 727 791 769 dicimus,
832 728 877 762 vel
919 727 1087 762 credimus.

344 774 557 810 Veruntamen
581 776 661 810 sicut
685 777 737 810 filii
760 776 918 812 Ecclesiae
941 789 1009 811 reos
1023 789 1093 812 san-

343 825 448 869 guinis
475 824 675 860 defendimus
710 826 769 872 piis
797 826 1091 866 interventionibus,

344 874 415 921 quia
439 874 590 921 scriptum
613 883 678 913 est,
708 887 777 910 reos
799 876 961 923 sanguinis
988 876 1092 911 defen-

344 923 395 957 dat
416 923 567 958 Ecclesia.
590 924 742 966 Quamvis
768 933 871 959 autem
895 933 1022 972 propter
1052 927 1093 960 vi-

343 972 472 1008 tandum
509 974 679 1020 periurium
722 986 783 1009 non
811 975 851 1009 sit
877 975 1090 1022 appetendum

344 1023 568 1067 iuramentum,
595 1023 734 1058 iurantes
761 1032 863 1058 tamen
892 1036 929 1059 ex
964 1024 1092 1059 delibe—

345 1073 464 1107 ratione
493 1084 585 1107 causa
615 1074 811 1108 necessitatis
846 1086 917 1108 cum
945 1075 1092 1119 veritate,

344 1130 373 1155 et
393 1121 522 1166 iudicio,
549 1131 576 1157 et
601 1123 716 1157 iustitia
745 1135 806 1157 nou
835 1123 1013 1170 culpamuS‚
1037 1136 1092 1158 ne-

344 1183 405 1217 que
432 1179 560 1219 propter
587 1172 647 1207 lioc
683 1172 841 1207 credimus
868 1172 1092 1208 condemnan-

344 1221 411 1256 dos.
435 1221 468 1255 In
485 1222 632 1257 omnibus
650 1234 723 1256 vero
736 1222 983 1270 episcopatibus,
1002 1223 1092 1258 dioe-

344 1271 468 1306 cesibus
491 1271 537 1306 vel
554 1271 745 1318 parrochiis,
777 1272 807 1306 in
830 1272 948 1319 quibus
969 1285 1091 1316 sumus,

345 1320 390 1354 vel
419 1320 594 1364 fuerimus,
627 1321 842 1368 disposuimus
869 1322 1006 1357 ieiunare
1041 1336 1092 1358 se-

345 1370 484 1405 cundum
514 1383 631 1405 morem
659 1379 689 1404 et
711 1371 974 1406 consuetudinem
1008 1385 1092 1419 prae-

344 1420 477 1454 latorum
503 1428 534 1455 et
565 1419 789 1455 catholicorum
826 1421 962 1455 virorum
984 1422 1092 1457 ortho-

345 1468 498 1504 doxorum
538 1469 658 1504 illarum
700 1470 930 1515 provinciarum
959 1478 1019 1504 tam
1060 1473 1090 1506 in

347 1518 477 1565 vigiliis,
503 1531 595 1566 quam
616 1519 646 1553 in
671 1519 797 1554 ieiuniis
823 1519 969 1561 Quatuor
996 1520 1092 1555 Tem—

346 1580 470 1615 porum,
493 1577 523 1603 et
537 1567 817 1614 Quadragesimae.
848 1569 992 1616 Denique
1019 1569 1091 1605 licet

346 1617 428 1652 dicat
462 1617 625 1653 Christus:
665 1618 799 1666 Oportet
825 1630 951 1665 semper
991 1631 1090 1664 orare,

347 1674 377 1701 et
399 1679 459 1702 non
495 1666 630 1702 deficere
651 1670 710 1711 (l),
742 1675 771 1702 et
798 1668 985 1715 Apostolus:
1014 1669 1090 1704 Sine

348 1717 580 1752 intermissione
606 1725 692 1752 orate
713 1719 788 1761 (2),
825 1726 929 1752 tamen
961 1718 1088 1765 quidam

345 1775 523 1801 nostrorum
541 1779 595 1813 per
614 1767 721 1813 viginti
741 1775 874 1814 quatuor
887 1767 982 1806 vices,
1011 1768 1090 1803 inter

345 1815 427 1850 diem
444 1828 479 1851 ac
500 1825 641 1851 noctem:
665 1816 713 1851 alii
727 1817 923 1864 quindecies,
945 1818 993 1852 alii
1009 1818 1089 1852 duo-

345 1865 459 1908 decies,
486 1867 540 1913 qui
563 1874 665 1901 autem
689 1866 795 1901 minus
817 1867 934 1914 septies
953 1879 1008 1914 pro
1028 1879 1089 1902 om-

345 1915 440 1950 nibus
465 1915 646 1950 hominibus
680 1916 853 1951 secuudum
882 1929 992 1953 eorum
1018 1929 1090 1963 gra—

346 1964 406 1999 dus
440 1973 539 1999 orant.
579 1964 619 1999 Et
645 1977 833 2013 quamquam
861 1965 998 2001 officium
1032 1979 1090 2002 no—

346 2022 444 2049 strum
480 2015 520 2048 sit
545 2016 721 2061 praecipue,
748 2023 782 2050 ut
815 2028 926 2051 omnes
951 2016 1089 2062 discant,

346 2072 377 2098 et
410 2075 520 2099 omnes
546 2065 599 2112 qui
633 2065 835 2100 sunt'idonei
871 2066 1089 2107 exliortentur;

346 2121 448 2148 tamen
471 2126 542 2149 cum
571 2123 696 2162 tempus
715 2115 842 2161 ingruit,
870 2116 1004 2162 propriis
1024 2129 1090 2150 ma-

347 2163 442 2198 nibus
467 2163 657 2208 laboramus,
690 2165 729 2199 ita
755 2164 917 2200 dumtaxat
951 2177 989 2199 ne
1017 2178 1090 2212 pre-

346 2214 422 2247 tium
445 2214 637 2261 accipiamus
659 2222 860 2249 conventum.
896 2214 959 2256 Qui
986 2223 1089 2249 autem

347 2263 439 2298 nobis
464 2262 606 2303 credunt,
642 2276 658 2298 a
693 2264 946 2311 quibuscumque
973 2264 1089 2311 aliquid

348 2324 402 2360 per
423 2313 558 2368 aliquam
582 2313 722 2348 fraudem
749 2313 934 2353 habuerint,
960 2326 1090 2348 necesse

347 2370 404 2403 est,
431 2363 457 2397 si
494 2365 670 2410 potuerint
706 2371 735 2398 et
772 2363 864 2398 nobis
890 2364 1090 2411 acquiescere

348 2412 512 2457 voluerint,
537 2420 569 2447 ut
592 2414 670 2459 ipsis
693 2422 722 2448 et
743 2425 805 2448 non
827 2414 897 2448 aliis
916 2414 1088 2448 restituant.

347 2461 493 2497 Decimas
513 2463 683 2510 siquidem,
705 2471 734 2497 et
764 2464 926 2509 primitias,
953 2471 981 2498 et
1003 2462 1090 2498 obla-

347 2513 464 2556 tiones,
490 2521 521 2547 et
543 2521 662 2547 caetera
685 2511 859 2547 secundum
889 2525 980 2548 usum
1004 2513 1090 2548 loco-

348 2573 414 2595 rum
438 2562 582 2602 servitia,
610 2561 773 2609 praelatis,
804 2570 834 2596 et
854 2561 924 2596 aliis
945 2562 1089 2604 clericis,

345 2609 405 2644 sub
426 2622 558 2657 quorum
582 2611 780 2646 dioecesibus
808 2611 1023 2653 victitaverint,
1054 2611 1090 2646 fi-

381 2676 420 2710 (t)
440 2676 501 2703 Luc.
520 2685 600 2709 xviii,
621 2679 642 2704 l.
682 2678 721 2712 (2)
741 2678 750 2704 Ι
767 2677 857 2704 Thess.
877 2685 903 2709 V,
922 2678 962 2705 17.

1133 330 1242 364 delitet·
1265 330 1456 376 persolvant:
1486 329 1570 377 quod
1593 329 1742 364 omnibus
1775 329 1878 364 tideli-

1134 379 1193 414 bus
1207 379 1387 415 christianis
1409 379 1576 415 efficaciter
1588 379 1770 414 suademus.
1788 378 1878 415 Licet

1132 437 1235 464 autem
1273 431 1303 464 in
1339 429 1523 477 subscriptis
1558 428 1716 473 articulis,
1749 430 1831 464 sicut
1861 442 1876 464 a

1133 478 1319 525 quibusdam
1352 480 1544 526 accepimus,
1577 486 1795 514 assererentur
1827 491 1878 514 er-

1134 541 1233 563 rasse:
1257 529 1339 576 quod
1368 528 1511 564 videlicet
1537 529 1593 563 soli
1621 528 1688 563 Deo
1714 540 1782 563 esse
1801 529 1878 564 obe-

1133 578 1299 618 diendum,
1326 587 1357 612 et
1383 578 1408 612 si
1444 578 1575 617 homini,
1602 578 1660 613 soli
1696 578 1789 617 iusto,
1824 580 1875 626 qui

1133 627 1234 662 Deum
1271 627 1363 663 habet
1394 628 1425 662 in
1454 640 1506 668 se3
1534 640 1569 662 ac
1601 627 1696 662 licere
1727 627 1807 663 laico
1843 641 1877 664 ac

1134 677 1266 712 litterato
1288 678 1355 712 sine
1383 678 1506 712 licentia
1540 677 1708 712 cuiuslibet
1742 677 1878 712 hominis

1134 726 1324 772 praedicare,
1348 727 1531 774 bonumque
1558 727 1672 761 laicum
1692 726 1876 761 conficiendi

1134 776 1359 811 Eucharistiam
1389 785 1572 824 potestatem
1607 776 1733 817 habere,
1761 777 1877 811 malum

1892 274 1940 301 An.
1957 273 1987 302 C.
2005 274 2068 302 ¹2ss

1908 637 1999 658 waleton
2003 638 2055 658 sium

1933 673 2026 689 errores⁴

1132 833 1236 860 autem
1264 827 1458 862 sacerdotem
1496 838 1711 873 nequaquam,
1746 834 1776 861 et
1810 827 1896 861 eius>

1133 877 1290 911 orationes
1329 884 1383 910 aut
1409 876 1522 911 missas
1550 876 1625 909 vivis
1664 875 1708 910 vel
1743 877 1878 911 mortuis

1132 937 1194 959 non
1219 926 1389 972 prolicere;
1416 938 1451 960 ac
1481 925 1652 961 Romanam
1688 924 1878 967 Ecclesiam,

1134 987 1329 1022 nequaquam
1353 975 1526 1010 Ecclesiam
1554 975 1611 1009 Dei
1639 987 1720 1019 esse,
1755 987 1877 1011 necnon

1132 1024 1228 1059 etiam
1258 1026 1467 1060 iuramentum
1507 1026 1536 1059 in
1569 1024 1710 1072 quolibet
1747 1025 1878 1060 articulo

1132 1074 1191 1108 sub
1218 1073 1375 1109 Ecclesiae
1412 1074 1508 1109 forma
1540 1073 1673 1115 sactum,
1714 1083 1876 1121 peccatum

1132 1135 1201 1158 esse
1219 1124 1361 1167 mortale,
1383 1123 1609 1179 dogmatizasse
1630 1123 1794 1165 dicuutur3
1817 1126 1876 1172 ipsi
1894 1145 1896 1148 v

1133 1183 1237 1208 tamen
1258 1185 1297 1208 ex
1319 1174 1510 1222 praescripta
1526 1174 1744 1218 concessione,
1767 1175 1797 1208 in
1816 1187 1876 1222 qua

1133 1230 1305 1269 tanguntur
1336 1223 1457 1258 articuli
1492 1224 1676 1271 praenotati,
1709 1235 1805 1270 super
1829 1224 1878 1258 his

1132 1285 1220 1307 suam
1248 1273 1461 1307 innocentiam
1489 1280 1688 1313 excusarunt,
1717 1272 1792 1307 illud
1828 1274 1877 1307 in-

1132 1321 1272 1357 ficiantes
1299 1323 1446 1363 omuino,
1486 1322 1568 1369 quod
1597 1322 1738 1358 videlicet
1766 1322 1878 1358 mulie—

1134 1371 1219 1406 ribus
1241 1371 1447 1418 Evangelium
1467 1372 1497 1406 in
1515 1371 1655 1408 Ecclesia
1669 1371 1789 1407 licitum
1808 1384 1877 1407 esse

1132 1421 1257 1460 docere.
1280 1434 1316 1457 ac
1331 1421 1555 1468 indulgentias,
1568 1434 1649 1469 quae
1661 1422 1738 1456 fiunt
1753 1434 1769 1457 a
1785 1421 1878 1457 Sum-

1133 1483 1183 1504 mo
1224 1470 1376 1506 Pontifice
1429 1471 1476 1506 vel
1513 1471 1583 1506 aliis
1623 1472 1780 1519 episcopis
1815 1483 1875 1507 non

1133 1520 1304 1566 prolicere,
1337 1521 1518 1568 iustumque
1553 1521 1665 1555 laicum
1691 1520 1878 1556 confitentes

1131 1569 1190 1604 sibi
1211 1569 1372 1605 absolvere
1395 1582 1497 1617 posse,
1519 1570 1648 1617 quidam
1670 1582 1724 1605 eos
1738 1570 1876 1605 referunt

1131 1619 1310 1654 astruxisse.
1338 1618 1505 1654 Caeterum
1528 1632 1624 1667 super
1645 1632 1681 1654 eo
1703 1620 1787 1667 quod
1802 1632 1877 1655 non-

1132 1668 1235 1703 nullos
1261 1668 1445 1704 clericorum
1468 1670 1695 1704 scandalizasse
1716 1670 1876 1711 dicuntur,

1131 1719 1176 1752 eis
1197 1718 1227 1752 in
1252 1718 1395 1765 plurimis
1427 1719 1631 1759 detrahendo,
1660 1720 1743 1766 ipsos
1768 1731 1876 1765 aspere

1132 1767 1360 1813 redarguimus,
1380 1769 1410 1802 in
1425 1769 1537 1803 virtute
1550 1768 1759 1813 obedientiae,
1780 1781 1874 1816 quam

1132 1818 1355 1864 praestiterunt
1378 1817 1486 1861 nobis,
1514 1818 1687 1853 districtius
1708 1818 1877 1865 iniungen—

1131 1876 1177 1902 tes
1203 1867 1337 1911 eisdem,
1359 1868 1442 1914 quod
1470 1876 1500 1902 et
1522 1868 1579 1915 ipsi
1603 1868 1664 1903 sub
1685 1867 1794 1903 eadem
1810 1879 1877 1903 scr-

1132 1929 1201 1951 vare
1228 1916 1407 1952 obedientia
1430 1918 1655 1964 promiserunt;
1690 1925 1725 1952 ut
1745 1917 1878 1953 clericos

1132 1967 1162 2000 in
1185 1968 1282 2010 omni,
1304 1978 1364 2013 qua
1378 1969 1539 2007 convenit,
1561 1967 1712 2003 habentes
1732 1979 1885 2003 reveren-.

1130 2017 1182 2056 tia,
1217 2024 1248 2051 et
1283 2016 1413 2058 honore,
1448 2017 1486 2052 ab
1513 2029 1622 2052 eorum
1644 2017 1774 2052 omnino
1796 2016 1876 2052 infa-

1132 2067 1279 2106 matione,
1301 2078 1358 2101 seu
1380 2066 1573 2103 detractione
1595 2067 1756 2102 desistant.
1785 2066 1875 2102 Prae-

1130 2116 1284 2162 cipientes
1306 2116 1438 2161 eisdem,
1475 2129 1514 2152 ne
1541 2118 1657 2165 passim
1683 2117 1742 2152 sibi
1776 2128 1874 2164 prae—

1130 2174 1256 2200 sumant
1282 2166 1524 2213 praedicationis
1549 2167 1685 2202 officium
1711 2178 1872 2213 arrogare:

1130 2215 1185 2250 sed
1210 2224 1425 2264 praeterquam
1447 2216 1658 2252 Ecclesiarum
1682 2223 1816 2251 rectores
1842 2217 1871 2250 in

1132 2266 1192 2301 tide
1213 2274 1295 2301 recta
1323 2275 1354 2301 et
1374 2279 1449 2302 sana
1470 2266 1611 2302 doctrina
1641 2266 1787 2301 noverint
1803 2278 1872 2301 esse

1131 2315 1289 2363 probatos,
1324 2316 1479 2352 licentiam
1514 2316 1560 2352 eis
1585 2316 1723 2351 tribuant
1757 2316 1873 2351 exhor—

1130 2365 1214 2400 tandi
1243 2366 1494 2422 competentibus
1511 2366 1596 2402 horis
1617 2374 1647 2401 et
1668 2366 1754 2401 locis.
1777 2364 1872 2401 Cum

1130 2428 1191 2464 que
1223 2417 1446 2452 continentiam
1472 2417 1724 2465 repromiserint,
1758 2428 1873 2472 suspe«

1131 2474 1213 2500 ctum
1242 2466 1409 2502 mulierum
1436 2466 1627 2501 consortium
1656 2479 1784 2523 prorsus
1804 2468 1871 2502 evi-

1131 2523 1209 2555 tent;
1246 2517 1298 2563 qui
1321 2529 1415 2564 super
1436 2515 1484 2551 his
1515 2525 1545 2552 et
1570 2516 1638 2551 aliis
1661 2517 1872 2564 promiserunt

1130 2565 1273 2600 devotam
1307 2575 1336 2601 et
1370 2565 1505 2601 debitam
1545 2565 1635 2601 nobis
1660 2565 1869 2603 obedientiam

1129 2614 1285 2650 exhibere.
1314 2615 1378 2651 Nos
1401 2616 1505 2662 igitur,
1528 2615 1633 2651 habito
1659 2615 1788 2652 fratrum
1811 2629 1870 2652 no-

1129 2673 1264 2700 strorum
1299 2665 1448 2704 consilio,
1487 2677 1542 2712 per
1579 2665 1748 2713 apostolica
1781 2666 1870 2702 vobis

1903 1775 2044 1797 Paenitentia³

2104 844 2117 849 '¹
2123 833 2127 836 .
2096 749 2129 826 3⁴12.
