2129 3223
392 275 456 306 168

335 349 476 372 cessores
503 337 599 382 Petri,
621 346 650 372 et
673 338 774 373 vicarii
798 338 868 373 Iesu
890 338 1008 373 Christi
1024 338 1083 373 sibi

336 386 467 421 invicem
496 398 551 433 per
585 388 781 423 successivas
821 388 981 422 varietates
1009 395 1086 421 tem-

334 447 445 482 porum
467 435 665 480 singulariter
685 436 904 477 succedentes,
919 449 1015 483 super
1028 436 1084 470 Ec-

333 483 436 517 clesiis
470 484 631 529 omnibus,
668 494 698 520 et
720 486 843 520 cunctis
872 485 1082 520 Ecclesiarum

334 533 497 578 praelatis,
534 534 596 568 imo
623 534 716 568 etiam
740 534 884 569 fidelibus
912 535 1082 577 universis,

332 594 348 615 a
376 580 513 616 Domino
535 582 704 629 primatum
732 592 761 617 et
796 583 1008 629 magisterium
1036 596 1084 618 ac—

332 638 502 676 ceperunt3
541 633 656 666 vocatis
683 632 730 667 sic
757 633 887 666 caeteris
910 632 939 666 in
963 640 1080 678 partem

332 679 550 722 solicitudinis,
580 688 611 714 ut
637 681 721 727 apud
744 693 798 715 eos
827 681 988 727 plenitudo
1011 682 1084 715 resi-

133 727 317 779 ..1.I'TL¹L⁸''.⁵-.„i'd⁰0''„‘‚
333 727 403 761 doat
440 729 613 774 potestatis.
642 729 712 764 Non
746 731 829 764 enini
854 731 882 764 in
916 729 1025 770 Petro,
1052 738 1082 764 et

134 788 210 807 intem
226 772 318 814 pinesn-
332 788 404 810 cum
427 776 520 812 Petro
538 778 696 824 singulare
719 778 796 812 illud
816 778 1012 825 privilegium
1033 791 1084 813 ex-

134 820 317 845 ¹“¹⁰·²¹¹'‘¹¹¹⁶¹¹“·
333 826 459 871 piram,
492 826 575 872 quod
603 828 838 862 successoribus
864 827 931 862 eius
952 826 1080 868 suturis,

333 886 433 921 usque
456 875 485 909 in
510 875 602 910 finem
630 875 740 910 mundi
768 875 924 910 Dominus
959 876 989 910 in
1014 877 1081 923 ipso

330 924 502 964 concessit,
537 924 590 959 sed
615 932 738 972 praeter
760 925 839 959 vitae
872 925 1080 969 sanctitatem,

329 980 359 1006 et
383 972 607 1007 miraculorum
635 973 776 1013 virtutes,
814 986 869 1020 par
891 975 931 1008 sit
954 974 984 1007 in
1012 986 1081 1007 om-

329 1020 423 1055 nibus
451 1021 624 1056 iurisdictio
659 1034 890 1065 successorum,
917 1034 996 1069 quos
1023 1023 1079 1056 etsi

327 1070 461 1104 diversis
490 1069 696 1117 temporibus,
723 1071 824 1105 eitlem
861 1078 963 1105 tamen
1001 1071 1079 1111 sedi,

327 1127 356 1153 et
398 1118 507 1152 eadem
558 1119 742 1154 auctoritate
784 1119 941 1153 Dominus
983 1119 1081 1154 voluit

330 1167 519 1214 praesidere.

377 1216 397 1262 ἓ
426 1218 456 1250 Ι,
480 1216 663 1251 Gaudemus
689 1225 806 1254 autem.
830 1216 912 1263 quod
938 1226 981 1256 tn,
1000 1216 1079 1251 sicut

142 1273 256 1293 Coronam»
277 1278 313 1293 re-
329 1265 477 1312 princeps
500 1264 674 1300 catholicus
695 1266 893 1312 Apostolicae
912 1265 1005 1300 Sedis
1019 1266 1080 1312 pri-

129 1305 314 1363 ῗζῇιζῐζζξζῗζῖᾒζ
329 1312 476 1360 vilegium
502 1325 748 1359 recognoscens,
784 1314 993 1349 venerabilem
1018 1314 1080 1349 sra-

129 1366 405 1396 ein=r⁰1>um³¹u>trem
439 1370 581 1396 nostrum
610 1363 831 1407 Maguntinum
863 1363 1078 1410 archicpisco—

130 1402 244 1422 ’”“““““““’
329 1423 421 1456 pum,
456 1411 640 1457 episcopum
665 1411 890 1452 Sabfflensem,
920 1424 1018 1446 unum
1041 1424 1078 1446 ex

328 1467 447 1505 septem
469 1459 640 1506 episcopis,
667 1460 719 1506 qui
749 1459 838 1494 nobis
874 1460 903 1494 in
937 1460 1076 1495 Ecclesia

330 1507 471 1542 Romana
519 1507 713 1543 collaterales
750 1509 904 1548 existunt,
942 1509 1078 1555 benigne

328 1568 362 1590 ac
384 1555 525 1591 hilariter
552 1557 706 1603 recepisti.
744 1557 781 1591 Et
806 1570 867 1592 non
895 1557 998 1592 solum
1022 1570 1078 1605 per

327 1617 399 1639 eum
437 1605 588 1640 institutis
615 1605 802 1640 salutaribus
836 1619 869 1641 es
893 1607 1077 1647 instructus,

327 1653 446 1700 quibus
474 1654 559 1688 iuxta
581 1655 805 1689 continentiam
834 1655 992 1689 literarum
1009 1663 1078 1690 tua-

328 1715 410 1746 rum,
433 1710 530 1737 totum
554 1714 683 1749 regnum
708 1711 796 1738 tuum
824 1703 895 1750 licet
917 1704 1076 1751 amplissi-

328 1763 414 1785 mum
449 1751 613 1786 desideres
648 1751 824 1792 informari,
858 1760 889 1787 et
916 1753 1078 1788 universos

329 1801 484 1834 Armenos
500 1799 538 1835 ad
557 1800 716 1835 Ecclesiae
740 1801 899 1836 Romanae
921 1802 1077 1847 gremium

328 1860 487 1888 revocare;
509 1849 563 1882 scd
587 1849 625 1884 ad
641 1849 790 1884 honorem
808 1858 837 1884 et
852 1850 981 1896 gloriam
997 1851 1077 1897 Apo-

329 1897 455 1932 stolicae
474 1896 566 1932 Sedis
587 1910 680 1944 quam
708 1899 909 1933 constitutam
932 1911 1000 1933 esse
1028 1911 1080 1934 no-

329 1946 397 1981 visti
412 1958 508 1992 super
521 1955 631 1992 gentes
644 1956 673 1981 et
696 1959 801 1992 regna,
824 1947 965 1982 diadema
991 1949 1076 1994 regni

329 1994 472 2041 recepisti
494 1994 532 2029 de
551 1995 699 2030 manibus
722 1996 801 2036 eius,
823 2004 853 2030 et
868 2008 939 2030 eum
963 1997 1077 2031 curasti

327 2042 441 2077 devote
474 2055 508 2077 ac
544 2043 704 2078 humiliter
749 2045 920 2088 honorare,
957 2053 988 2079 et
1023 2057 1079 2079 nos

330 2103 384 2138 per
413 2092 529 2139 ipsam,
553 2102 582 2126 et
604 2093 710 2127 literas
736 2105 820 2132 suas,
848 2092 886 2127 ad
909 2093 1079 2128 Orientalis

330 2149 430 2175 terrae
456 2140 634 2175 subsidium
666 2142 812 2176 invitasti.

379 2189 399 2235 g
420 2190 454 2222 2.
482 2189 518 2223 Ei
541 2201 630 2236 ergo,
653 2202 668 2224 a
692 2202 754 2236 quo
782 2198 827 2224 est
855 2203 948 2225 omne
971 2190 1077 2224 datum

148 2240 195 2279 ΡΨ
220 2241 243 2260 ³⁶
266 2245 316 2276 9²5-
330 2240 498 2284 optimum,
521 2246 550 2273 et
568 2250 662 2273 omne
680 2239 798 2273 donum
816 2240 1000 2285 perfectum,
1023 2240 1076 2286 qui

135 2275 317 2321 iiiff'e'iniiibnieii'ss
332 2286 424 2320 habet
447 2287 539 2322 corda
564 2288 743 2335 principum
760 2289 789 2322 in
807 2300 901 2323 manu
913 2300 980 2329 sua,
1002 2301 1080 2335 quas

135 2336 213 2350 ‘'⁹⁰⁹¹“
243 2330 317 2351 “me
332 2347 502 2381 possumus
530 2337 645 2382 gratias
673 2336 860 2382 reserentes,
896 2338 949 2384 qui
977 2345 1080 2372 tantae

135 2362 223 2381 §.dieue
245 2362 317 2382 hurta-

138 284 188 310 An.
205 283 223 308 C
254 284 322 310 1199

148 727 161 746 tt

133 853 176 868 :tos
196 850 253 869 «tedii
276 849 316 870 Pe-

132 883 171 899 tto.

136 2397 167 2411 «ur
333 2384 516 2418 humilitatis
549 2387 689 2419 animum
725 2386 904 2432 inspiravit,
934 2398 1102 2432 rogamus,

333 2444 434 2468 seren.
458 2434 586 2479 regiam,
608 2443 636 2468 et
659 2435 862 2470 exhortamur
881 2437 912 2469 in
931 2435 1080 2478 Domino,
1100 2432 1103 2465 't

333 2492 368 2516 ac
391 2493 445 2528 per
467 2483 637 2529 apostolica
665 2483 719 2518 tibi
742 2483 858 2530 scripta
880 2483 1080 2524 mandamus,
1101 2505 1103 2508 -

333 2538 491 2575 quatenus
514 2531 544 2565 in
572 2532 683 2567 timore
714 2532 859 2576 Domini,
887 2540 914 2567 et
939 2532 1081 2579 Aposto-

335 2578 409 2612 licae
430 2577 522 2613 Sedis
543 2579 708 2615 devotione
743 2582 926 2627 persistens,
961 2581 997 2616 ad
1021 2593 1082 2616 ex-
1101 2581 1104 2595 ⁸

1100 2663 1103 2669 .
1122 2640 1182 2666 607.

335 2627 534 2672 pugnandam
579 2627 753 2663 barbariem
802 2641 1013 2675 paganorum,
1053 2638 1083 2664 et

910 285 1095 307 Rttt.t..tttttt.u
1121 284 1280 304 nmmum

1127 337 1344 371 vindicandam
1367 336 1511 371 iniuriam
1534 334 1701 374 Crucifixi,
1727 340 1812 368 tanto
1825 345 1876 380 po-

1126 390 1241 424 tentius
1275 399 1305 424 et
1336 389 1492 424 efficacius
1526 389 1653 424 studeas
1692 387 1875 427 imminere,

1124 452 1242 490 quanto
1266 443 1389 478 fraudes
1424 452 1454 478 et
1490 442 1644 477 versutias
1670 441 1807 475 hostium
1837 442 1876 475 vi-

1124 498 1228 532 cinius
1262 498 1382 544 positus
1406 497 1518 532 melius
1544 495 1709 542 agnovisti.
1745 494 1814 529 Non
1844 497 1874 530 in

1124 551 1280 585 exercitus
1299 550 1511 590 multitudine,
1539 557 1589 583 aut
1613 549 1740 591 virtute,
1766 549 1820 582 sed
1838 549 1876 583 de

1125 605 1224 650 ipsius
1253 604 1356 651 potius
1379 604 1579 639 miseratione
1610 601 1791 642 confidens,
1822 603 1874 649 qui

1124 658 1214 692 docet
1237 670 1350 692 manus
1371 658 1409 692 ad
1434 656 1599 705 praelium,
1622 665 1651 691 et
1673 656 1788 701 digitos
1812 668 1877 691 mo-

1125 721 1170 745 vet
1190 711 1227 746 ad
1252 711 1381 751 bellum,
1400 711 1452 758 qui
1475 723 1568 745 arcus
1590 709 1715 744 fortium
1735 718 1875 756 superat,

1123 773 1153 799 et
1178 765 1288 799 robore
1310 765 1446 811 accingit
1469 764 1620 799 infirmos.

1171 818 1191 865 S
1221 821 1252 851 ὅ.
1281 818 1345 852 Iam
1382 819 1466 853 enim
1504 830 1559 865 pet·
1584 817 1642 851 Dei
1678 817 1808 863 gratiam
1836 817 1874 852 ad

1122 872 1403 906 commonitionem
1444 880 1605 915 nostram⁷
1643 870 1732 904 multi
1770 872 1875 906 crucis

1122 925 1319 970 signaculum
1344 932 1542 972 receperunt,
1564 932 1594 959 et
1613 924 1719 971 plures
1739 922 1874 959 Domino

1122 978 1215 1012 dante
1237 979 1387 1026 recipient
1409 979 1439 1013 in
1461 978 1678 1013 defensionem
1702 976 1874 1014 Orientalis

1123 1031 1313 1076 provinciae,
1336 1040 1514 1079 opportuno
1537 1039 1678 1077 tempore
1701 1032 1871 1068 transituri.

1121 1083 1186 1118 lam
1221 1085 1313 1119 etiam
1342 1086 1404 1120 duo
1431 1098 1470 1120 ex
1505 1085 1652 1120 fratribus
1679 1085 1796 1120 nostris
1834 1087 1873 1120 de

1121 1138 1267 1172 manibus
1295 1140 1411 1173 nostris
1439 1139 1578 1173 vivificae
1610 1138 1715 1173 crucis
1742 1151 1873 1174 assum—

1121 1203 1211 1237 psere
1238 1192 1401 1236 vexillum,
1428 1192 1601 1226 exercitum
1629 1191 1758 1225 Domini
1782 1204 1874 1238 prae—

1120 1245 1252 1279 cessuri.
1276 1245 1410 1280 confide
1433 1246 1536 1292 igitur,
1563 1253 1594 1280 et
1617 1254 1684 1279 esto
1712 1245 1872 1288 robustus,

1120 1298 1194 1344 quia
1208 1298 1300 1332 citius
1322 1298 1462 1339 forsitan,
1477 1302 1578 1344 'quam
1594 1299 1751 1342 credatur,
1763 1298 1872 1333 Orien-

1121 1351 1189 1384 talis
1225 1352 1384 1398 provincia
1418 1351 1596 1386 subsidium
1629 1353 1743 1387 sentiet
1775 1364 1873 1399 expe-

1119 1410 1250 1437 etatum.

1169 1457 1284 1491 Datum
1314 1456 1471 1498 Lateran„
1499 1457 1634 1504 septimo
1661 1458 1784 1493 kalend.
1821 1458 1873 1492 de-

1119 1510 1255 1545 cembris
1276 1523 1359 1545 anno
1386 1511 1536 1546 secundo.

1890 279 1937 303 An.
1956 276 1984 302 C.
2006 275 2072 303 1199

1139 1566 1198 1596 Dat.
1220 1567 1266 1596 die
1290 1566 1327 1596 25
1343 1567 1510 1597 novembris
1530 1577 1606 1598 anno
1629 1567 1743 1598 Domini
1765 1568 1851 1604 1199,
1891 1601 1895 1603 ,

1366 1611 1467 1649 pontis.
1491 1621 1569 1641 anno
1592 1619 1620 1641 11.

1442 1791 1546 1825 XXX.

1121 1877 1308 1909 Deliberatt'o
1341 1877 1460 1909 domini
1488 1876 1592 1920 Papae
1625 1877 1794 1910 Innocentis
1817 1889 1871 1911 su-

1167 1936 1222 1968 per
1251 1926 1332 1969 (octo
1353 1926 1478 1969 imperii
1509 1926 1544 1958 de
1578 1926 1675 1958 tribus
1699 1927 1797 1959 electis
1813 1928 1869 1968 (t).

1386 2013 1600 2044 SUMMARIUM

1120 2090 1204 2120 Sedis
1227 2089 1412 2129 Apostolicae
1435 2098 1505 2119 cura
1528 2089 1563 2119 de
1580 2089 1703 2128 imperio
1726 2089 1870 2121 Romano-

1159 2134 1345 2164 Germanico.
1368 2149 1405 2155 -—
1434 2132 1578 2163 Henricus
1607 2143 1620 2162 a
1646 2131 1812 2165 Coelestino
1833 2134 1869 2165 Ill

1161 2176 1512 2215 investitus—Philippi
1532 2177 1576 2207 ius
1599 2178 1628 2207 in
1651 2178 1815 2216 imperium.
1833 2196 1869 2201 -·

1163 2220 1298 2250 [tationes
1317 2220 1474 2258 imperium
1490 2221 1516 2250 ei
1529 2221 1728 2250 atliudicandi.
1741 2237 1779 2244 —
1794 2221 1862 2252 Hae«

1162 2265 1196 2294 de
1208 2264 1355 2294 Fritlerico
1372 2265 1432 2294 tilio
1451 2265 1528 2302 regis
1546 2264 1672 2295 Siciliae.
1684 2265 1869 2297 —Rationes

1162 2318 1213 2347 pro
1225 2308 1361 2348 Philippo
1372 2309 1524 2339 adductae.
1537 2325 1573 2331 —-
1583 2308 1662 2344 Quae
1680 2318 1745 2339 vero
1769 2315 1868 2340 contra

1161 2361 1227 2382 eum
1240 2353 1752 2383 sintadducendae.-Marcualdum
1766 2358 1795 2383 et
1807 2353 1870 2383 fau-

1163 2401 1238 2426 tores
1249 2397 1312 2426 eius
1325 2397 1442 2435 saepius
1450 2397 1715 2427 excommunicatos
1728 2396 1871 2427 fuisse.—

1163 2439 1345 2470 Reseliuntur
1362 2442 1529 2470 contrariae
1551 2441 1688 2470 rationes.
1705 2457 1745 2463 —
1766 2440 1868 2471 Motiva

1162 2484 1270 2522 quibus
1301 2483 1432 2514 Pontifex
1468 2484 1602 2524 Philippo
1636 2485 1800 2524 opponitur.
1831 2501 1870 2508 —-

1164 2527 1260 2557 Series
1284 2527 1426 2558 factorum
1445 2528 1554 2568 quibus
1576 2528 1741 2568 supradicta
1766 2533 1867 2558 osten-

1158 2597 1196 2631 (Ι)
1214 2597 1251 2623 Ex
1269 2597 1368 2629 Baluz.,
1387 2598 1467 2632 Epist.
1488 2597 1622 2624 liinocent.
1643 2595 1686 2628 ΙΙΙ,
1701 2600 1761 2623 tom.
1778 2605 1794 2628 i,
1807 2605 1866 2632 pag.
