2129 3223
129 270 163 295 Αη
191 269 217 294 (7,
241 269 305 295 ¹22²

139 813 183 830 Νη
234 819 303 833 rinus

120 849 179 864 vnn
196 847 240 863 'res
256 849 303 863 mo—

120 874 181 894 »nst-hi
196 876 217 894 in
233 874 303 901 quoli-

120 908 153 927 bet
174 908 267 931 prioratu

133 1458 203 1479 Nn'tns
224 1459 301 1485 :aliquid

119 1491 233 1516 recipere,
268 1488 300 1509 vel

119 1521 226 1546 proprium
263 1520 302 1540 ba-

120 1551 169 1572 'ere
182 1554 303 1577 praesumat

120 1586 166 1605 sine
186 1583 302 1609 superioris

119 1614 224 1639 permissu

370 256 440 290 43ss

322 324 437 357 intrant
460 319 703 358 monasterium,
728 318 792 351 site
815 317 873 351 sint
900 317 982 360 laici,
1004 317 1068 351 sive

321 371 426 406 clerici
457 377 526 416 post
553 380 670 402 annum
700 366 926 414 professionem
958 366 1069 400 saciant

320 428 349 455 et
389 417 644 454 benedictionem
686 416 854 464 accipiant.
895 415 956 457 Qui
998 427 1069 449 vero

322 469 472 516 profiteri,
495 467 541 502 vel
565 466 708 502 benedici
731 466 901 508 noluerint,
923 474 995 498 tnnc
1019 476 1068 498 re-

319 519 441 554 cedant.
466 516 606 552 Abbates
636 528 718 552 iero.
746 515 799 562 qni
822 515 903 549 cii-ca
933 514 990 548 lioc
1012 525 1069 548 ex-

319 569 437 602 titerint
461 566 668 613 negligentes,
691 565 753 599 sint
778 565 807 598 in
830 576 910 611 pane.
933 572 961 596 et
989 575 1066 609 aqua

319 626 438 664 septem
464 616 551 651 feriis
573 616 670 650 sextis
690 614 861 649 coutinuis.
885 612 918 646 Si
943 623 1015 645 vei-o
1037 612 1066 645 in

321 667 476 713 praedicta
506 664 696 712 poenitentia
720 663 833 698 suerint
862 662 1066 707 negligentes,

321 718 349 750 in
378 715 522 762 sequenti
558 713 696 760 capitulo
730 712 855 759 gravius
886 712 1066 757 puniantur.

368 765 448 799 Vlll.
486 764 561 798 Item
590 763 758 798 statuimus
785 771 813 795 et
847 761 976 794 firmiter
1013 771 1067 793 vo—

321 814 425 848 lumus
456 813 636 851 obsonari,
672 820 705 846 ut
744 811 848 844 minus
876 821 968 855 qnam
1007 819 1068 842 tres

320 863 463 898 monachi
498 874 559 896 non
587 862 648 895 sint
684 860 883 894 residentiam
921 858 1068 892 facientes

319 914 348 947 in
376 913 480 959 aliquo
504 912 654 958 prioratu,
675 913 722 943 vel
749 909 852 955 aliqua
874 907 1065 946 obedientia,

317 973 371 996 seu
394 960 535 1010 qualibet
556 958 827 994 administratione
849 966 932 991 extra
957 968 1067 990 mona-

317 1011 446 1046 sterium
482 1009 672 1044 constitutis.
709 1007 748 1041 Et
775 1007 799 1040 si
832 1005 973 1040 redditus
1007 1005 1066 1038 ali—

316 1060 406 1095 cuius
428 1059 672 1099 Ecclesiae,non
696 1056 855 1090 sufficiunt
877 1054 914 1089 ad
937 1062 1067 1088 susten-

318 1110 467 1144 tationem
490 1109 646 1155 ipsorum,
669 1106 747 1140 aliae
768 1104 929 1139 Ecclesiae
953 1104 982 1137 in
1005 1116 1065 1150 qua

318 1158 485 1194 residerint
515 1157 736 1202 adiungantur,
764 1154 801 1188 ita
829 1154 912 1200 quod
937 1153 998 1185 sint
1025 1153 1067 1187 ei-

315 1208 386 1242 dem
412 1207 571 1242 Ecclesiae
594 1216 746 1242 annexae,
769 1212 799 1238 et
821 1204 882 1237 sint
905 1202 964 1236 snb
993 1214 1066 1236 cura

316 1266 346 1292 et
363 1256 637 1291 administratione
657 1253 752 1292 illius,
775 1253 824 1287 cui
849 1264 904 1298 per
923 1250 1065 1285 abbatem

316 1318 389 1340 cura
417 1314 445 1340 et
483 1304 712 1340 administratio
734 1301 879 1336 eiusdem
914 1312 1065 1334 concessa

317 1355 409 1388 fuerit
436 1355 602 1400 prioratus.

365 1403 420 1437 lX.
443 1403 518 1437 {tem
547 1402 733 1444 statuimus,
765 1409 798 1434 ut
819 1399 926 1433 nullus
955 1409 1067 1431 mona-

317 1453 446 1487 chorum
482 1464 537 1486 seu
571 1461 795 1486 conversorum
824 1448 988 1494 utriusque
1015 1458 1066 1481 se-

317 1514 374 1537 xus
396 1501 435 1536 de
455 1509 579 1536 caetero
602 1500 765 1547 proprium
792 1497 908 1532 habere
937 1507 1066 1543 praesu-

318 1560 379 1586 mat
402 1563 458 1597 per
479 1562 524 1590 se,
554 1549 600 1584 vel
624 1560 678 1595 per
704 1548 800 1581 alium
827 1546 957 1580 nomine
979 1544 1066 1588 doni,

318 1600 362 1634 vel
385 1599 605 1637 commandae,
628 1609 682 1632 seu
705 1596 828 1634 exenii,
846 1594 895 1629 vel
917 1594 1065 1639 aeulogii,

318 1649 364 1683 vel
386 1649 448 1684 alio
475 1648 582 1695 aliquo
608 1646 719 1682 modo,
748 1645 806 1679 nisi
829 1644 913 1691 quod
940 1644 1065 1677 iusserit

319 1698 364 1732 iel
387 1698 569 1745 permiserit
587 1695 696 1738 abbas,
719 1703 748 1729 et
770 1695 794 1728 si
817 1694 888 1740 quis
910 1693 988 1727 forte
1009 1692 1067 1725 ali-

317 1747 392 1793 quid
420 1746 538 1794 proprii
567 1745 684 1784 habet,
724 1744 770 1777 vel
809 1742 889 1777 alius
923 1753 978 1788 pro
1005 1753 1065 1780 eo,

317 1797 386 1831 sine
415 1795 666 1830 contradictione
698 1792 906 1827 incontinenti
930 1790 1067 1836 resignet

317 1845 421 1880 abbati
443 1857 498 1879 seu
528 1844 622 1891 priori
650 1842 796 1877 abbatem
821 1841 980 1888 proprium
1005 1851 1065 1874 non

319 1894 471 1930 habenti:
511 1905 569 1928 nec
602 1891 722 1939 aliquid
751 1898 929 1937 praesumat
961 1888 1067 1936 aliquo

319 1943 414 1979 modo
440 1943 526 1983 dare,
563 1943 608 1978 vel
635 1941 802 1988 accipere,
836 1950 939 1986 neque
972 1939 1066 1973 etiam

320 1994 437 2028 litteras
469 1992 537 2027 sine
584 1991 723 2026 iussione
771 2001 826 2024 seu
860 1988 1068 2036 permissione

319 2042 452 2077 abbatis.
474 2041 509 2077 Si
531 2048 636 2076 autem
659 2039 800 2074 monitus
827 2038 960 2073 retinere
983 2049 1068 2084 prae-

319 2091 491 2139 sumpserit
516 2090 655 2138 aliquid,
678 2101 695 2124 a
730 2089 825 2123 domo
861 2086 985 2134 propria
1014 2099 1068 2134 pe-

321 2142 406 2176 nitus
440 2142 627 2187 expellatur,
665 2147 694 2174 et
723 2139 754 2172 in
790 2137 850 2172 alio
879 2137 1066 2171 monasterio

321 2191 510 2229 retrudatur,
533 2202 591 2224 nec
613 2189 716 2235 aliqua
740 2187 859 2222 ratione
888 2186 917 2220 in
942 2186 1068 2233 proprio

321 2241 513 2275 monasterio
541 2238 708 2285 recipiatur
748 2248 848 2283 usque
882 2236 919 2269 ad
956 2244 1066 2270 nutum

321 2289 449 2337 capituli
471 2288 637 2335 generalis.
661 2286 752 2333 Apud
775 2297 869 2333 quem
898 2297 970 2319 vero
992 2296 1068 2331 pro-

321 2339 479 2385 prietasin
504 2346 602 2373 morte
618 2336 742 2371 inventa
765 2335 867 2375 suerit,
887 2335 917 2368 in
941 2334 1067 2380 signum

321 2399 395 2423 snae
417 2387 602 2435 perditionis
626 2386 655 2420 in
683 2384 880 2432 sterquilinio
907 2383 1067 2418 subterre-

321 2446 384 2472 tur:
413 2436 473 2472 sub
494 2437 604 2471 eadem
630 2447 729 2482 poena
756 2445 905 2481 expresse
929 2433 1068 2479 iniungi-

322 2498 411 2528 mus,
447 2495 480 2521 nt
500 2485 716 2521 obedientiarii
743 2485 892 2519 cedentes
926 2481 1069 2517 admini-

322 2535 524 2570 strationibus
546 2533 624 2569 nihil
649 2534 687 2569 de
709 2534 776 2580 ipsa
799 2531 1068 2567 administratione

324 2585 487 2666 rztssneant,
510 2584 563 2619 sed
592 2584 696 2618 omnia
719 2584 840 2628 integre
862 2582 1069 2616 restituantur

322 2645 337 2667 a
386 2641 436 2666 ati.

905 262 1094 285 Bruanltxt
1115 261 1277 283 ROMANL’M

1873 261 1955 288 Aac.
1988 260 2054 288 ¹228

1160 315 1198 350 X.
1221 314 1297 350 Item
1325 315 1503 356 statuimus,
1542 329 1580 351 ne
1609 317 1754 352 monachi
1784 317 1858 352 fiant
1884 326 2016 353 tiu-annes¹
2032 330 2055 349 ει

1111 365 1140 398 in
1157 364 1260 399 causis
1279 364 1438 412 aliquibus
1453 366 1608 410 advocati,
1631 366 1690 400 nisi
1703 366 1734 400 in
1753 367 1858 402 causis
1869 357 1962 409 R'ssffffi.
1977 358 2054 410 ⁰222ss

1109 414 1157 447 sui
1193 414 1375 449 monasterii
1398 422 1431 448 et·
1454 415 1502 449 sui
1525 415 1646 450 ordinis
1667 423 1697 450 et
1718 428 1790 450 cuin
1818 416 1919 451 li-ffle
1955 419 2054 440 ¹¹¹⁰³²⁰¹¹⁶

1110 462 1208 498 centia
1227 463 1411 509 superioris.
1428 463 1691 510 Transgressores
1706 477 1778 500 vero
1794 465 1858 500 ani·
1869 452 1960 479 ‘'Mun‘'

1109 512 1326 547 madversione
1359 524 1499 559 congrua
1535 515 1714 560 puniantur.
1743 514 1855 550 Medici

1111 573 1194 604 vero,
1222 562 1413 609 scriptores,
1436 562 1481 596 vel
1504 561 1555 597 alii
1583 563 1717 598 artifices
1745 576 1856 599 mona-

1109 611 1194 645 sterii
1215 623 1287 646 cnm
1310 611 1396 645 omni
1419 610 1598 646 humilitate
1631 619 1662 647 et
1685 614 1856 649 reverentia

1110 659 1241 699 faciant,
1270 661 1294 694 si
1324 660 1421 695 abbas
1449 661 1626 708 permiserit
1653 662 1737 708 ipsas
1763 671 1855 698 artes.

1108 708 1200 750 Quod
1224 711 1247 742 si
1275 709 1390 756 aliquis
1411 722 1447 744 ex
1471 710 1518 744 eis
1545 722 1601 756 pro
1627 711 1757 745 seientia
1783 713 1858 746 artis

1109 770 1184 792 suae
1211 758 1409 804 superbierit,
1441 771 1478 794 eo
1505 759 1590 806 quod
1625 759 1750 807 aliquid*
1779 773 1858 796 con-

1109 806 1189 842 ferre
1216 808 1407 842 monasterio
1435 808 1596 849 videatur3
1624 808 1674 843 hic
1709 808 1779 844 talis
1807 823 1860 845 se-

1109 856 1248 891 cundum
1284 857 1424 903 regulam
1463 857 1502 892 ah
1536 858 1612 892 artis
1643 869 1718 894 suae
1755 858 1859 895 officio

1108 905 1211 940 donec
1237 906 1421 940 humiliatus
1442 906 1535 941 fuerit
1558 907 1722 942 evellatur.
1782 916 1785 917 ’

1158 954 1211 989 Xl.
1239 954 1316 989 Item
1344 956 1529 999 statuimus,
1560 955 1646 1002 quod
1673 956 1802 992 abbates
1827 967 1857 992 et
1885 965 1999 986 pemmo
2017 970 2055 986 ⁸²·-

1110 1004 1230 1050 priores
1251 1003 1426 1039 abstineant
1452 1005 1491 1039 ab
1517 1005 1733 1040 immoderatis
1769 1015 1800 1041 et
1826 995 2054 1047 ἰΙ-Ϊιᾏῗῖῗῖἶρῗ.““

1109 1053 1201 1088 licitis
1228 1053 1460 1088 donationibus.
1484 1054 1629 1089 Monachi
1655 1063 1773 1098 autem,
1793 1055 1858 1090 sive

1108 1102 1268 1149 simplices
1290 1101 1416 1142 fuerint,
1443 1103 1508 1138 sive
1529 1103 1688 1144 officiales,
1710 1104 1749 1138 ab
1771 1106 1857 1139 omni

1110 1164 1238 1198 prorsus
1259 1151 1436 1187 abstineant
1456 1151 1626 1187 donatione
1647 1153 1715 1188 sine
1732 1153 1856 1189 licentia

1107 1200 1228 1235 abbatis
1249 1201 1380 1248 proprii,
1401 1213 1461 1236 nec
1489 1202 1654 1247 pecuniam
1677 1209 1789 1237 mutuo
1809 1214 1859 1237 ac-

1108 1250 1241 1296 cipiant,
1265 1262 1324 1284 nec
1346 1250 1472 1297 aliquod
1488 1250 1665 1297 depositum
1688 1252 1756 1286 sine
1777 1263 1858 1287 cou-

1108 1311 1203 1333 sensu
1226 1299 1349 1334 abbatis
1376 1300 1423 1334 vel
1446 1299 1572 1347 prioris.
1594 1299 1629 1335 Si
1661 1308 1764 1335 antem
1793 1300 1858 1336 offi-

1108 1349 1205 1383 ciales
1235 1348 1365 1392 fuerint,
1390 1361 1451 1383 non
1475 1349 1596 1395 possint
1622 1349 1703 1384 ultra
1729 1358 1856 1385 centum

1107 1398 1225 1432 solidos
1237 1398 1302 1433 sive
1322 1398 1522 1444 integraliter,
1546 1399 1612 1433 sive
1630 1399 1858 1445 particulariter

1107 1447 1249 1493 accipere
1281 1455 1392 1481 mutuo
1430 1447 1499 1481 siue
1533 1459 1689 1482 consensu
1725 1448 1854 1494 speciali

1108 1508 1154 1529 sui
1183 1507 1368 1542 superioris.

1973 1026 2027 1046 ihus.

2084 1405 2113 1483 ξ,

2095 1497 2112 1532 t

1155 1544 1223 1579 XII.
1247 1544 1325 1579 Item
1347 1545 1526 1584 statuimus,
1549 1553 1583 1580 ut
1604 1545 1779 1581 visitatores
1799 1558 1856 1580 au·
1884 1556 2054 1578 mutorum-
2104 1547 2112 1565 ²

1869 1588 1927 1608 dian
1955 1590 2053 1612 computa

1869 1619 2053 1639 monasteriorum.

1107 1593 1193 1627 diant
1214 1602 1396 1641 computum
1427 1593 1466 1628 ab
1492 1594 1657 1629 abbatibus
1696 1602 1726 1630 et
1752 1594 1856 1630 abba-

1109 1643 1193 1677 tissis
1234 1651 1264 1677 et
1299 1655 1316 1677 a
1356 1643 1514 1689 prioribus
1556 1643 1683 1678 abbates
1713 1644 1857 1691 proprios

1108 1704 1169 1775 gon
1208 1692 1396 1726 habentibus
1435 1704 1531 1740 snper
1565 1692 1680 1727 debitis
1712 1701 1744 1727 et
1773 1701 1854 1728 statu

1131 1753 1231 1775 omns.

1157 1789 1240 1824 Xltt.
1266 1790 1339 1824 item
1363 1790 1542 1829 statuimus,
1571 1799 1603 1824 ut
1629 1790 1808 1838 hospitibus
1825 1800 1852 1826 et
1883 1797 1982 1825 *losum
2005 1805 2052 1820 eum
2102 1783 2105 1786 ¹
2126 1795 2127 1798 ’

1109 1839 1273 1885 religiosis,
1303 1841 1469 1887 praecipue
1490 1839 1529 1874 ab
1549 1839 1610 1880 his,
1624 1840 1678 1887 qui
1695 1849 1855 1888 praesunt,
1868 1829 2054 1887 3i0³¹m20g¹ssffiss

1109 1900 1268 1935 congruus
1297 1889 1399 1923 honor
1427 1897 1457 1924 et
1483 1888 1662 1924 humanitas
1686 1902 1717 1923 in
1740 1890 1856 1937 hospi-
1869 1892 1910 1911 '¹¹'-

1110 1937 1225 1972 talitate
1260 1938 1456 1973 exhibeatur.
1491 1937 1656 1985 Alioquin,
1683 1939 1736 1986 qui
1773 1939 1855 1974 circa

1109 1987 1353 2034 hospitalitatem
1383 1995 1581 2035 contemptor
1613 1995 1667 2023 aut
1693 1988 1856 2034 negligens

1110 2037 1256 2071 inventus
1288 2036 1397 2080 suerit,
1430 2044 1461 2072 et
1486 2039 1622 2072 maxime
1650 2037 1676 2072 si
1703 2049 1856 2084 superve-

1110 2086 1231 2121 nientes
1265 2098 1326 2121 non
1361 2086 1545 2127 admiserit,
1578 2088 1603 2121 is
1636 2087 1728 2122 cuius
1763 2086 1855 2133 culpa

1110 2135 1168 2169 hoc
1202 2136 1354 2179 evenerit,
1385 2136 1486 2171 tribus
1518 2135 1630 2171 diebus
1664 2137 1696 2170 in
1719 2147 1799 2182 pane
1823 2143 1856 2170 et

1109 2197 1188 2231 aqua
1206 2184 1371 2225 abstineat,
1393 2193 1423 2220 et
1449 2197 1602 2231 expensas
1621 2184 1705 2220 illius
1719 2185 1782 2219 diei
1807 2197 1855 2219 re·

1109 2235 1216 2268 stituat
1242 2234 1423 2282 hospitibus
1444 2246 1505 2269 non
1530 2235 1675 2278 receptis,

1157 2282 1239 2318 XIV.
1262 2283 1342 2318 Item
1367 2283 1545 2323 statuimus,
1567 2284 1651 2330 quod
1680 2282 1855 2329 hospitibus
1885 2317 1889 2321 ,

1110 2333 1140 2366 in
1165 2333 1362 2368 monasteriis
1388 2341 1419 2367 et
1442 2333 1630 2380 prioratibus
1657 2344 1767 2366 carnes
1789 2315 2052 2368 nut-Esslii'i'enifst

1110 2382 1231 2416 latenus
1253 2382 1464 2429 praebeantur
1490 2382 1549 2416 nisi
1566 2381 1616 2416 die
1633 2381 1803 2420 dominica.
1825 2389 1855 2416 et

1108 2433 1199 2466 tertia
1236 2438 1266 2465 et
1292 2432 1398 2479 quinta
1428 2431 1518 2466 seria:
1546 2439 1650 2465 tamen
1678 2431 1759 2464 circa
1785 2430 1855 2477 epi-

1109 2492 1235 2527 scopos,
1260 2489 1288 2515 et
1310 2480 1547 2515 excellentiores
1578 2490 1727 2526 personas
1747 2486 1777 2513 et
1797 2491 1855 2514 su-

1109 2530 1326 2577 pervenientes
1360 2529 1501 2564 infirmos
1538 2527 1722 2574 dispensare
1763 2529 1855 2563 liceat

1108 2579 1284 2614 secundun·
1313 2580 1475 2614 arbitrium
1499 2578 1717 2625 praesidentis.

1159 2628 1226 2665 XV.
1248 2628 1326 2663 Item
1348 2629 1526 2672 statuimus,
1549 2635 1582 2661 ut
1608 2638 1718 2662 omnes
1745 2638 1855 2662 mona-

1881 2285 1921 2313 Qut
1935 2286 1978 2308 eust
2000 2286 2052 2308 tion-
2087 2274 2097 2309 s

2121 2319 2124 2330 .
