<?xml version="1.0" encoding="UTF-8"?>
<!DOCTYPE html PUBLIC "-//W3C//DTD XHTML 1.0 Transitional//EN"
    "http://www.w3.org/TR/xhtml1/DTD/xhtml1-transitional.dtd">
<html xmlns="http://www.w3.org/1999/xhtml" xml:lang="en" lang="en">
 <head>
  <title>
</title>
<meta http-equiv="Content-Type" content="text/html;charset=utf-8" />
  <meta name='ocr-system' content='tesseract 3.04.00' />
  <meta name='ocr-capabilities' content='ocr_page ocr_carea ocr_par ocr_line ocrx_word'/>
</head>
<body>
  <div class='ocr_page' id='page_1' title='image "./bullarumdiplomat03cath/bullarumdiplomat03cath_0704.png"; bbox 0 0 2129 3223; ppageno 0'>
   <div class='ocr_carea' id='block_1_1' title="bbox 138 244 320 273">
    <p class='ocr_par' dir='ltr' id='par_1_1' title="bbox 138 244 320 273">
     <span class='ocr_line' id='line_1_1' title="bbox 138 244 320 273; baseline 0 -1"><span class='ocrx_word' id='word_1_1' title='bbox 138 247 189 273; x_wconf 79' lang='lat' dir='ltr'>An.</span> <span class='ocrx_word' id='word_1_2' title='bbox 207 244 237 273; x_wconf 87' lang='lat' dir='ltr'>C.</span> <span class='ocrx_word' id='word_1_3' title='bbox 252 245 320 272; x_wconf 74' lang='lat'>¹263</span> 
     </span>
    </p>
   </div>
   <div class='ocr_carea' id='block_1_2' title="bbox 126 994 312 1080">
    <p class='ocr_par' dir='ltr' id='par_1_2' title="bbox 126 994 312 1080">
     <span class='ocr_line' id='line_1_2' title="bbox 140 994 312 1024; baseline 0.017 -9"><span class='ocrx_word' id='word_1_4' title='bbox 140 994 213 1016; x_wconf 64' lang='lat' dir='ltr'>&gt;imit</span> <span class='ocrx_word' id='word_1_5' title='bbox 228 999 312 1024; x_wconf 68' lang='lat' dir='ltr'>saepiunt</span> 
     </span>
     <span class='ocr_line' id='line_1_3' title="bbox 127 1029 312 1054; baseline 0.005 -7"><span class='ocrx_word' id='word_1_6' title='bbox 127 1031 149 1047; x_wconf 83' lang='lat' dir='ltr'>ut</span> <span class='ocrx_word' id='word_1_7' title='bbox 195 1029 312 1054; x_wconf 70' lang='lat' dir='ltr'>renipisce-</span> 
     </span>
     <span class='ocr_line' id='line_1_4' title="bbox 126 1062 187 1080; baseline -0.016 -2"><span class='ocrx_word' id='word_1_8' title='bbox 126 1062 172 1078; x_wconf 61' lang='lat' dir='ltr'>ren}</span> <span class='ocrx_word' id='word_1_9' title='bbox 184 1066 187 1080; x_wconf 69' lang='grc' dir='ltr'>ζ</span> 
     </span>
    </p>
   </div>
   <div class='ocr_carea' id='block_1_3' title="bbox 124 2029 306 2080">
    <p class='ocr_par' dir='ltr' id='par_1_3' title="bbox 124 2029 306 2080">
     <span class='ocr_line' id='line_1_5' title="bbox 142 2029 306 2055; baseline 0.006 -7"><span class='ocrx_word' id='word_1_10' title='bbox 142 2029 218 2048; x_wconf 59' lang='lat' dir='ltr'>§inniti</span> <span class='ocrx_word' id='word_1_11' title='bbox 244 2033 306 2055; x_wconf 71' lang='lat' dir='ltr'>sper-</span> 
     </span>
     <span class='ocr_line' id='line_1_6' title="bbox 124 2063 174 2080; baseline 0 -2"><span class='ocrx_word' id='word_1_12' title='bbox 124 2063 174 2080; x_wconf 67' lang='lat' dir='ltr'>nuni</span> 
     </span>
    </p>
   </div>
   <div class='ocr_carea' id='block_1_4' title="bbox 384 234 455 269">
    <p class='ocr_par' dir='ltr' id='par_1_4' title="bbox 384 234 455 269">
     <span class='ocr_line' id='line_1_7' title="bbox 384 234 455 269; baseline -0.028 0"><span class='ocrx_word' id='word_1_13' title='bbox 384 234 455 269; x_wconf 78' lang='lat'>698</span> 
     </span>
    </p>
   </div>
   <div class='ocr_carea' id='block_1_5' title="bbox 320 294 1081 2654">
    <p class='ocr_par' dir='ltr' id='par_1_5' title="bbox 320 294 1081 1970">
     <span class='ocr_line' id='line_1_8' title="bbox 332 294 1081 342; baseline -0.008 -8"><span class='ocrx_word' id='word_1_14' title='bbox 332 298 496 334; x_wconf 76' lang='lat' dir='ltr'>Ecclesiae</span> <span class='ocrx_word' id='word_1_15' title='bbox 523 296 638 331; x_wconf 88' lang='lat' dir='ltr'>maiora</span> <span class='ocrx_word' id='word_1_16' title='bbox 667 306 794 342; x_wconf 81' lang='lat' dir='ltr'><strong>semper</strong></span> <span class='ocrx_word' id='word_1_17' title='bbox 818 294 1081 329; x_wconf 87' lang='lat' dir='ltr'>continuaverunt</span> 
     </span>
     <span class='ocr_line' id='line_1_9' title="bbox 332 343 1080 391; baseline -0.005 -9"><span class='ocrx_word' id='word_1_18' title='bbox 332 356 362 382; x_wconf 87' lang='lat' dir='ltr'>et</span> <span class='ocrx_word' id='word_1_19' title='bbox 384 347 571 382; x_wconf 87' lang='lat' dir='ltr'>continuant</span> <span class='ocrx_word' id='word_1_20' title='bbox 593 345 785 379; x_wconf 87' lang='lat' dir='ltr'>incrementa</span> <span class='ocrx_word' id='word_1_21' title='bbox 807 343 933 383; x_wconf 74' lang='lat' dir='ltr'>favoris,</span> <span class='ocrx_word' id='word_1_22' title='bbox 956 344 1010 391; x_wconf 91' lang='lat' dir='ltr'>qui</span> <span class='ocrx_word' id='word_1_23' title='bbox 1034 356 1080 379; x_wconf 91' lang='lat' dir='ltr'>eo·</span> 
     </span>
     <span class='ocr_line' id='line_1_10' title="bbox 333 393 1079 438; baseline -0.007 -7"><span class='ocrx_word' id='word_1_24' title='bbox 333 409 401 432; x_wconf 93' lang='lat' dir='ltr'>rum</span> <span class='ocrx_word' id='word_1_25' title='bbox 423 396 492 430; x_wconf 86' lang='lat' dir='ltr'>telis</span> <span class='ocrx_word' id='word_1_26' title='bbox 518 394 640 438; x_wconf 83' lang='lat' dir='ltr'>armati,</span> <span class='ocrx_word' id='word_1_27' title='bbox 668 394 778 428; x_wconf 81' lang='lat' dir='ltr'>fortius</span> <span class='ocrx_word' id='word_1_28' title='bbox 803 402 833 428; x_wconf 85' lang='lat' dir='ltr'>et</span> <span class='ocrx_word' id='word_1_29' title='bbox 855 393 1015 428; x_wconf 76' lang='lat' dir='ltr'>crudelius</span> <span class='ocrx_word' id='word_1_30' title='bbox 1041 393 1079 427; x_wconf 83' lang='lat' dir='ltr'>ad</span> 
     </span>
     <span class='ocr_line' id='line_1_11' title="bbox 332 442 1080 492; baseline -0.004 -13"><span class='ocrx_word' id='word_1_31' title='bbox 332 447 428 481; x_wconf 88' lang='lat' dir='ltr'>totius</span> <span class='ocrx_word' id='word_1_32' title='bbox 445 444 682 492; x_wconf 78' lang='lat' dir='ltr'>depressionem</span> <span class='ocrx_word' id='word_1_33' title='bbox 702 443 847 477; x_wconf 87' lang='lat' dir='ltr'>insiliunt</span> <span class='ocrx_word' id='word_1_34' title='bbox 870 443 1017 488; x_wconf 82' lang='lat' dir='ltr'>regionis.</span> <span class='ocrx_word' id='word_1_35' title='bbox 1040 442 1080 476; x_wconf 84' lang='lat' dir='ltr'>Et</span> 
     </span>
     <span class='ocr_line' id='line_1_12' title="bbox 330 491 1079 540; baseline -0.005 -11"><span class='ocrx_word' id='word_1_36' title='bbox 330 495 413 539; x_wconf 86' lang='lat' dir='ltr'>licet,</span> <span class='ocrx_word' id='word_1_37' title='bbox 440 506 549 529; x_wconf 87' lang='lat' dir='ltr'>eorum</span> <span class='ocrx_word' id='word_1_38' title='bbox 579 493 681 540; x_wconf 91' lang='lat' dir='ltr'>culpis</span> <span class='ocrx_word' id='word_1_39' title='bbox 706 491 917 538; x_wconf 69' lang='lat' dir='ltr'>exigentibus,</span> <span class='ocrx_word' id='word_1_40' title='bbox 933 491 1027 537; x_wconf 84' lang='lat' dir='ltr'><strong>digne</strong></span> <span class='ocrx_word' id='word_1_41' title='bbox 1043 503 1079 525; x_wconf 88' lang='lat' dir='ltr'>ac</span> 
     </span>
     <span class='ocr_line' id='line_1_13' title="bbox 330 540 1079 590; baseline -0.007 -11"><span class='ocrx_word' id='word_1_42' title='bbox 330 544 408 579; x_wconf 92' lang='lat' dir='ltr'>dure</span> <span class='ocrx_word' id='word_1_43' title='bbox 428 545 642 590; x_wconf 87' lang='lat' dir='ltr'>potuissemus</span> <span class='ocrx_word' id='word_1_44' title='bbox 656 542 695 577; x_wconf 89' lang='lat' dir='ltr'>ab</span> <span class='ocrx_word' id='word_1_45' title='bbox 713 541 789 576; x_wconf 89' lang='lat' dir='ltr'>olim</span> <span class='ocrx_word' id='word_1_46' title='bbox 813 540 984 588; x_wconf 86' lang='lat' dir='ltr'>procedere</span> <span class='ocrx_word' id='word_1_47' title='bbox 1006 552 1079 575; x_wconf 88' lang='lat' dir='ltr'>con-</span> 
     </span>
     <span class='ocr_line' id='line_1_14' title="bbox 331 589 1079 639; baseline -0.005 -12"><span class='ocrx_word' id='word_1_48' title='bbox 331 602 375 628; x_wconf 91' lang='lat' dir='ltr'>tra</span> <span class='ocrx_word' id='word_1_49' title='bbox 402 594 504 639; x_wconf 78' lang='lat' dir='ltr'>ipsos3</span> <span class='ocrx_word' id='word_1_50' title='bbox 532 593 672 627; x_wconf 84' lang='lat' dir='ltr'>volentes</span> <span class='ocrx_word' id='word_1_51' title='bbox 702 599 804 625; x_wconf 89' lang='lat' dir='ltr'>tamen</span> <span class='ocrx_word' id='word_1_52' title='bbox 833 589 1079 624; x_wconf 73' lang='lat' dir='ltr'>misericorditer</span> 
     </span>
     <span class='ocr_line' id='line_1_15' title="bbox 329 639 1077 690; baseline -0.007 -13"><span class='ocrx_word' id='word_1_53' title='bbox 329 643 474 690; x_wconf 79' lang='lat' dir='ltr'>experiri,</span> <span class='ocrx_word' id='word_1_54' title='bbox 498 649 601 676; x_wconf 90' lang='lat' dir='ltr'>utrum</span> <span class='ocrx_word' id='word_1_55' title='bbox 637 642 667 675; x_wconf 90' lang='lat' dir='ltr'>in</span> <span class='ocrx_word' id='word_1_56' title='bbox 690 640 810 675; x_wconf 88' lang='lat' dir='ltr'>eisdem</span> <span class='ocrx_word' id='word_1_57' title='bbox 845 639 967 674; x_wconf 84' lang='lat' dir='ltr'>civibus</span> <span class='ocrx_word' id='word_1_58' title='bbox 991 642 1077 672; x_wconf 87' lang='lat' dir='ltr'>scin-</span> 
     </span>
     <span class='ocr_line' id='line_1_16' title="bbox 328 689 1076 737; baseline -0.003 -12"><span class='ocrx_word' id='word_1_59' title='bbox 328 693 393 727; x_wconf 89' lang='lat' dir='ltr'>tilla</span> <span class='ocrx_word' id='word_1_60' title='bbox 421 691 596 726; x_wconf 79' lang='lat' dir='ltr'>devotionis</span> <span class='ocrx_word' id='word_1_61' title='bbox 623 690 726 737; x_wconf 84' lang='lat' dir='ltr'>aliqua</span> <span class='ocrx_word' id='word_1_62' title='bbox 750 689 962 728; x_wconf 73' lang='lat' dir='ltr'>remansisset,</span> <span class='ocrx_word' id='word_1_63' title='bbox 995 700 1076 735; x_wconf 86' lang='lat' dir='ltr'>quae</span> 
     </span>
     <span class='ocr_line' id='line_1_17' title="bbox 328 736 1077 778; baseline -0.007 -3"><span class='ocrx_word' id='word_1_64' title='bbox 328 740 509 776; x_wconf 80' lang='lat' dir='ltr'>salubribus</span> <span class='ocrx_word' id='word_1_65' title='bbox 523 742 656 775; x_wconf 79' lang='lat' dir='ltr'>excitata</span> <span class='ocrx_word' id='word_1_66' title='bbox 679 739 824 778; x_wconf 85' lang='lat' dir='ltr'>monitis,</span> <span class='ocrx_word' id='word_1_67' title='bbox 840 738 870 772; x_wconf 93' lang='lat' dir='ltr'>in</span> <span class='ocrx_word' id='word_1_68' title='bbox 886 736 1010 771; x_wconf 87' lang='lat' dir='ltr'>debitae</span> <span class='ocrx_word' id='word_1_69' title='bbox 1026 749 1077 771; x_wconf 87' lang='lat' dir='ltr'>re-</span> 
     </span>
     <span class='ocr_line' id='line_1_18' title="bbox 327 786 1074 837; baseline -0.004 -12"><span class='ocrx_word' id='word_1_70' title='bbox 327 799 471 837; x_wconf 77' lang='lat' dir='ltr'>surgeret</span> <span class='ocrx_word' id='word_1_71' title='bbox 505 789 664 824; x_wconf 86' lang='lat' dir='ltr'>charitatis</span> <span class='ocrx_word' id='word_1_72' title='bbox 691 787 848 827; x_wconf 80' lang='lat' dir='ltr'>ardorem,</span> <span class='ocrx_word' id='word_1_73' title='bbox 882 786 1074 833; x_wconf 88' lang='lat' dir='ltr'>illorumque</span> 
     </span>
     <span class='ocr_line' id='line_1_19' title="bbox 327 835 1073 883; baseline -0.007 -8"><span class='ocrx_word' id='word_1_74' title='bbox 327 841 433 881; x_wconf 79' lang='lat' dir='ltr'>corda,</span> <span class='ocrx_word' id='word_1_75' title='bbox 448 852 486 874; x_wconf 73' lang='lat' dir='ltr'>ex</span> <span class='ocrx_word' id='word_1_76' title='bbox 499 838 680 874; x_wconf 88' lang='lat' dir='ltr'>rebellionis</span> <span class='ocrx_word' id='word_1_77' title='bbox 702 838 761 872; x_wconf 87' lang='lat' dir='ltr'>iam</span> <span class='ocrx_word' id='word_1_78' title='bbox 784 835 934 883; x_wconf 88' lang='lat' dir='ltr'>tepefacta</span> <span class='ocrx_word' id='word_1_79' title='bbox 962 836 1073 881; x_wconf 84' lang='lat' dir='ltr'>rigore,</span> 
     </span>
     <span class='ocr_line' id='line_1_20' title="bbox 328 884 1075 936; baseline -0.005 -13"><span class='ocrx_word' id='word_1_80' title='bbox 328 890 357 924; x_wconf 91' lang='lat' dir='ltr'>in</span> <span class='ocrx_word' id='word_1_81' title='bbox 381 901 519 936; x_wconf 83' lang='lat' dir='ltr'>vigorem</span> <span class='ocrx_word' id='word_1_82' title='bbox 544 888 712 935; x_wconf 89' lang='lat' dir='ltr'>pristinum</span> <span class='ocrx_word' id='word_1_83' title='bbox 746 894 777 920; x_wconf 88' lang='lat' dir='ltr'>et</span> <span class='ocrx_word' id='word_1_84' title='bbox 797 897 936 920; x_wconf 84' lang='lat' dir='ltr'>amorem</span> <span class='ocrx_word' id='word_1_85' title='bbox 961 884 1075 919; x_wconf 86' lang='lat' dir='ltr'>Eccle-</span> 
     </span>
     <span class='ocr_line' id='line_1_21' title="bbox 325 935 1073 985; baseline -0.008 -11"><span class='ocrx_word' id='word_1_86' title='bbox 325 939 388 974; x_wconf 86' lang='lat' dir='ltr'>siae</span> <span class='ocrx_word' id='word_1_87' title='bbox 425 938 604 985; x_wconf 84' lang='lat' dir='ltr'>praedictae</span> <span class='ocrx_word' id='word_1_88' title='bbox 642 936 824 976; x_wconf 86' lang='lat' dir='ltr'>reduceret;</span> <span class='ocrx_word' id='word_1_89' title='bbox 865 935 950 969; x_wconf 75' lang='lat' dir='ltr'>cives</span> <span class='ocrx_word' id='word_1_90' title='bbox 988 935 1073 981; x_wconf 86' lang='lat' dir='ltr'>ipsos</span> 
     </span>
     <span class='ocr_line' id='line_1_22' title="bbox 327 983 1074 1034; baseline -0.008 -11"><span class='ocrx_word' id='word_1_91' title='bbox 327 999 382 1034; x_wconf 84' lang='lat' dir='ltr'>per</span> <span class='ocrx_word' id='word_1_92' title='bbox 403 988 552 1023; x_wconf 87' lang='lat' dir='ltr'>dilectum</span> <span class='ocrx_word' id='word_1_93' title='bbox 572 987 671 1021; x_wconf 87' lang='lat' dir='ltr'>filium</span> <span class='ocrx_word' id='word_1_94' title='bbox 694 983 892 1019; x_wconf 74' lang='lat' dir='ltr'>Manfredum</span> <span class='ocrx_word' id='word_1_95' title='bbox 912 983 1074 1018; x_wconf 75' lang='lat' dir='ltr'>Veronen-</span> 
     </span>
     <span class='ocr_line' id='line_1_23' title="bbox 325 1034 1071 1081; baseline -0.008 -9"><span class='ocrx_word' id='word_1_96' title='bbox 325 1050 391 1072; x_wconf 83' lang='lat' dir='ltr'>sem</span> <span class='ocrx_word' id='word_1_97' title='bbox 434 1037 569 1072; x_wconf 88' lang='lat' dir='ltr'>electum</span> <span class='ocrx_word' id='word_1_98' title='bbox 607 1034 805 1081; x_wconf 83' lang='lat' dir='ltr'>capitaneum</span> <span class='ocrx_word' id='word_1_99' title='bbox 846 1041 876 1068; x_wconf 87' lang='lat' dir='ltr'>et</span> <span class='ocrx_word' id='word_1_100' title='bbox 916 1041 1071 1067; x_wconf 89' lang='lat' dir='ltr'>rectorem</span> 
     </span>
     <span class='ocr_line' id='line_1_24' title="bbox 326 1081 1070 1133; baseline -0.007 -13"><span class='ocrx_word' id='word_1_101' title='bbox 326 1086 503 1133; x_wconf 81' lang='lat' dir='ltr'>praedictae</span> <span class='ocrx_word' id='word_1_102' title='bbox 517 1084 675 1120; x_wconf 81' lang='lat' dir='ltr'>Marebiae</span> <span class='ocrx_word' id='word_1_103' title='bbox 700 1095 737 1118; x_wconf 90' lang='lat' dir='ltr'>ac</span> <span class='ocrx_word' id='word_1_104' title='bbox 758 1084 893 1117; x_wconf 85' lang='lat' dir='ltr'>ducatus</span> <span class='ocrx_word' id='word_1_105' title='bbox 906 1081 1070 1129; x_wconf 81' lang='lat' dir='ltr'>Spoletau.</span> 
     </span>
     <span class='ocr_line' id='line_1_25' title="bbox 324 1131 1073 1178; baseline -0.008 -8"><span class='ocrx_word' id='word_1_106' title='bbox 324 1136 385 1170; x_wconf 82' lang='lat' dir='ltr'>sub</span> <span class='ocrx_word' id='word_1_107' title='bbox 406 1143 490 1170; x_wconf 83' lang='lat' dir='ltr'>certa</span> <span class='ocrx_word' id='word_1_108' title='bbox 517 1135 616 1170; x_wconf 89' lang='lat' dir='ltr'>sorma</span> <span class='ocrx_word' id='word_1_109' title='bbox 644 1132 777 1175; x_wconf 87' lang='lat' dir='ltr'>moneri,</span> <span class='ocrx_word' id='word_1_110' title='bbox 812 1139 846 1166; x_wconf 92' lang='lat' dir='ltr'>ut</span> <span class='ocrx_word' id='word_1_111' title='bbox 877 1131 954 1165; x_wconf 89' lang='lat' dir='ltr'>infra</span> <span class='ocrx_word' id='word_1_112' title='bbox 978 1132 1073 1178; x_wconf 89' lang='lat' dir='ltr'>quin-</span> 
     </span>
     <span class='ocr_line' id='line_1_26' title="bbox 322 1180 1069 1231; baseline -0.009 -11"><span class='ocrx_word' id='word_1_113' title='bbox 322 1185 423 1221; x_wconf 87' lang='lat' dir='ltr'>decim</span> <span class='ocrx_word' id='word_1_114' title='bbox 451 1184 519 1220; x_wconf 88' lang='lat' dir='ltr'>dies</span> <span class='ocrx_word' id='word_1_115' title='bbox 546 1191 616 1231; x_wconf 87' lang='lat' dir='ltr'>post</span> <span class='ocrx_word' id='word_1_116' title='bbox 641 1182 849 1217; x_wconf 89' lang='lat' dir='ltr'>monitionem</span> <span class='ocrx_word' id='word_1_117' title='bbox 873 1180 1069 1224; x_wconf 89' lang='lat' dir='ltr'>huiusmodi,</span> 
     </span>
     <span class='ocr_line' id='line_1_27' title="bbox 322 1230 1069 1279; baseline -0.008 -10"><span class='ocrx_word' id='word_1_118' title='bbox 322 1234 440 1270; x_wconf 86' lang='lat' dir='ltr'>relictis</span> <span class='ocrx_word' id='word_1_119' title='bbox 475 1233 594 1269; x_wconf 91' lang='lat' dir='ltr'>eisdem</span> <span class='ocrx_word' id='word_1_120' title='bbox 631 1230 902 1279; x_wconf 82' lang='lat' dir='ltr'>persequtoribus,</span> <span class='ocrx_word' id='word_1_121' title='bbox 931 1230 1069 1276; x_wconf 84' lang='lat' dir='ltr'>praecise</span> 
     </span>
     <span class='ocr_line' id='line_1_28' title="bbox 321 1279 1069 1329; baseline -0.008 -11"><span class='ocrx_word' id='word_1_122' title='bbox 321 1283 358 1318; x_wconf 79' lang='lat' dir='ltr'>ad</span> <span class='ocrx_word' id='word_1_123' title='bbox 387 1291 491 1318; x_wconf 91' lang='lat' dir='ltr'>nostra</span> <span class='ocrx_word' id='word_1_124' title='bbox 533 1290 564 1317; x_wconf 91' lang='lat' dir='ltr'>et</span> <span class='ocrx_word' id='word_1_125' title='bbox 598 1282 697 1329; x_wconf 88' lang='lat' dir='ltr'>ipsius</span> <span class='ocrx_word' id='word_1_126' title='bbox 730 1279 891 1315; x_wconf 82' lang='lat' dir='ltr'>Ecclesiae</span> <span class='ocrx_word' id='word_1_127' title='bbox 927 1279 1069 1313; x_wconf 86' lang='lat' dir='ltr'>mandata</span> 
     </span>
     <span class='ocr_line' id='line_1_29' title="bbox 322 1328 1068 1379; baseline -0.007 -13"><span class='ocrx_word' id='word_1_128' title='bbox 322 1333 472 1375; x_wconf 86' lang='lat' dir='ltr'>redirent,</span> <span class='ocrx_word' id='word_1_129' title='bbox 489 1332 598 1379; x_wconf 90' lang='lat' dir='ltr'>eisque</span> <span class='ocrx_word' id='word_1_130' title='bbox 622 1329 759 1377; x_wconf 84' lang='lat' dir='ltr'>praedici</span> <span class='ocrx_word' id='word_1_131' title='bbox 775 1329 909 1363; x_wconf 84' lang='lat' dir='ltr'>fecimus</span> <span class='ocrx_word' id='word_1_132' title='bbox 924 1336 954 1362; x_wconf 90' lang='lat' dir='ltr'>et</span> <span class='ocrx_word' id='word_1_133' title='bbox 976 1328 1068 1362; x_wconf 90' lang='lat' dir='ltr'>etiam</span> 
     </span>
     <span class='ocr_line' id='line_1_30' title="bbox 322 1377 1070 1427; baseline -0.008 -11"><span class='ocrx_word' id='word_1_134' title='bbox 322 1382 520 1421; x_wconf 79' lang='lat' dir='ltr'>comminari,</span> <span class='ocrx_word' id='word_1_135' title='bbox 540 1380 637 1427; x_wconf 89' lang='lat' dir='ltr'>quod,</span> <span class='ocrx_word' id='word_1_136' title='bbox 653 1380 679 1413; x_wconf 87' lang='lat' dir='ltr'>si</span> <span class='ocrx_word' id='word_1_137' title='bbox 702 1378 780 1413; x_wconf 85' lang='lat' dir='ltr'>infra</span> <span class='ocrx_word' id='word_1_138' title='bbox 803 1377 984 1412; x_wconf 86' lang='lat' dir='ltr'>huiusmodi</span> <span class='ocrx_word' id='word_1_139' title='bbox 1008 1387 1070 1411; x_wconf 91' lang='lat' dir='ltr'>ter-</span> 
     </span>
     <span class='ocr_line' id='line_1_31' title="bbox 322 1428 1069 1475; baseline -0.008 -10"><span class='ocrx_word' id='word_1_140' title='bbox 322 1432 462 1475; x_wconf 81' lang='lat' dir='ltr'>minum,</span> <span class='ocrx_word' id='word_1_141' title='bbox 485 1430 599 1464; x_wconf 91' lang='lat' dir='ltr'>talibus</span> <span class='ocrx_word' id='word_1_142' title='bbox 640 1428 766 1462; x_wconf 91' lang='lat' dir='ltr'>monitis</span> <span class='ocrx_word' id='word_1_143' title='bbox 801 1439 865 1461; x_wconf 89' lang='lat' dir='ltr'>non</span> <span class='ocrx_word' id='word_1_144' title='bbox 908 1434 1069 1473; x_wconf 88' lang='lat' dir='ltr'>parerent,</span> 
     </span>
     <span class='ocr_line' id='line_1_32' title="bbox 322 1475 1068 1515; baseline -0.007 -2"><span class='ocrx_word' id='word_1_145' title='bbox 322 1492 380 1515; x_wconf 84' lang='lat' dir='ltr'>iios</span> <span class='ocrx_word' id='word_1_146' title='bbox 422 1492 459 1514; x_wconf 79' lang='lat' dir='ltr'>ex</span> <span class='ocrx_word' id='word_1_147' title='bbox 504 1488 577 1513; x_wconf 88' lang='lat' dir='ltr'>tunc</span> <span class='ocrx_word' id='word_1_148' title='bbox 619 1477 775 1512; x_wconf 74' lang='lat' dir='ltr'>cii-itatem</span> <span class='ocrx_word' id='word_1_149' title='bbox 819 1475 1068 1509; x_wconf 85' lang='lat' dir='ltr'>Recanatensem</span> 
     </span>
     <span class='ocr_line' id='line_1_33' title="bbox 321 1524 1069 1575; baseline -0.007 -12"><span class='ocrx_word' id='word_1_150' title='bbox 321 1528 491 1575; x_wconf 80' lang='lat' dir='ltr'>episcopali</span> <span class='ocrx_word' id='word_1_151' title='bbox 527 1527 692 1574; x_wconf 79' lang='lat' dir='ltr'>dignitate,</span> <span class='ocrx_word' id='word_1_152' title='bbox 726 1537 786 1572; x_wconf 91' lang='lat' dir='ltr'>qua</span> <span class='ocrx_word' id='word_1_153' title='bbox 820 1524 913 1558; x_wconf 89' lang='lat' dir='ltr'>iidem</span> <span class='ocrx_word' id='word_1_154' title='bbox 943 1532 1069 1571; x_wconf 86' lang='lat' dir='ltr'>propter</span> 
     </span>
     <span class='ocr_line' id='line_1_34' title="bbox 323 1573 1069 1625; baseline -0.005 -15"><span class='ocrx_word' id='word_1_155' title='bbox 323 1579 462 1625; x_wconf 87' lang='lat' dir='ltr'>ipsorum</span> <span class='ocrx_word' id='word_1_156' title='bbox 485 1576 714 1616; x_wconf 74' lang='lat' dir='ltr'>infidelitatem,</span> <span class='ocrx_word' id='word_1_157' title='bbox 737 1583 768 1608; x_wconf 95' lang='lat' dir='ltr'>et</span> <span class='ocrx_word' id='word_1_158' title='bbox 793 1573 869 1608; x_wconf 87' lang='lat' dir='ltr'>alias</span> <span class='ocrx_word' id='word_1_159' title='bbox 891 1573 983 1607; x_wconf 87' lang='lat' dir='ltr'>etiam</span> <span class='ocrx_word' id='word_1_160' title='bbox 1007 1584 1069 1607; x_wconf 85' lang='lat' dir='ltr'>ve-</span> 
     </span>
     <span class='ocr_line' id='line_1_35' title="bbox 322 1622 1066 1661; baseline -0.008 0"><span class='ocrx_word' id='word_1_161' title='bbox 322 1626 491 1661; x_wconf 84' lang='lat' dir='ltr'>nerabilem</span> <span class='ocrx_word' id='word_1_162' title='bbox 510 1626 635 1660; x_wconf 82' lang='lat' dir='ltr'>fratrem</span> <span class='ocrx_word' id='word_1_163' title='bbox 653 1633 794 1659; x_wconf 92' lang='lat' dir='ltr'>nostrum</span> <span class='ocrx_word' id='word_1_164' title='bbox 819 1622 1066 1657; x_wconf 82' lang='lat' dir='ltr'>Recanatensem</span> 
     </span>
     <span class='ocr_line' id='line_1_36' title="bbox 321 1671 1068 1723; baseline -0.007 -13"><span class='ocrx_word' id='word_1_165' title='bbox 321 1677 505 1723; x_wconf 80' lang='lat' dir='ltr'>episcopum</span> <span class='ocrx_word' id='word_1_166' title='bbox 520 1674 667 1709; x_wconf 83' lang='lat' dir='ltr'>habendo</span> <span class='ocrx_word' id='word_1_167' title='bbox 679 1672 885 1718; x_wconf 77' lang='lat' dir='ltr'>contemptui,</span> <span class='ocrx_word' id='word_1_168' title='bbox 895 1671 1068 1706; x_wconf 85' lang='lat' dir='ltr'>reddebant</span> 
     </span>
     <span class='ocr_line' id='line_1_37' title="bbox 322 1721 1069 1771; baseline -0.007 -12"><span class='ocrx_word' id='word_1_169' title='bbox 322 1725 447 1771; x_wconf 87' lang='lat' dir='ltr'>penitus</span> <span class='ocrx_word' id='word_1_170' title='bbox 478 1737 512 1759; x_wconf 88' lang='lat' dir='ltr'>se</span> <span class='ocrx_word' id='word_1_171' title='bbox 539 1723 698 1769; x_wconf 66' lang='lat' dir='ltr'>indignos,</span> <span class='ocrx_word' id='word_1_172' title='bbox 734 1722 904 1768; x_wconf 82' lang='lat' dir='ltr'>apostolica</span> <span class='ocrx_word' id='word_1_173' title='bbox 931 1721 1069 1770; x_wconf 84' lang='lat' dir='ltr'>auctori-</span> 
     </span>
     <span class='ocr_line' id='line_1_38' title="bbox 322 1770 1068 1822; baseline -0.008 -13"><span class='ocrx_word' id='word_1_174' title='bbox 322 1783 382 1809; x_wconf 89' lang='lat' dir='ltr'>tate</span> <span class='ocrx_word' id='word_1_175' title='bbox 423 1775 555 1822; x_wconf 76' lang='lat' dir='ltr'>privare,</span> <span class='ocrx_word' id='word_1_176' title='bbox 591 1781 623 1807; x_wconf 89' lang='lat' dir='ltr'>et</span> <span class='ocrx_word' id='word_1_177' title='bbox 657 1773 733 1807; x_wconf 86' lang='lat' dir='ltr'>alias</span> <span class='ocrx_word' id='word_1_178' title='bbox 767 1778 876 1805; x_wconf 90' lang='lat' dir='ltr'>contra</span> <span class='ocrx_word' id='word_1_179' title='bbox 912 1770 998 1816; x_wconf 91' lang='lat' dir='ltr'>ipsos</span> <span class='ocrx_word' id='word_1_180' title='bbox 1039 1777 1068 1804; x_wconf 94' lang='lat' dir='ltr'>et</span> 
     </span>
     <span class='ocr_line' id='line_1_39' title="bbox 321 1818 1069 1866; baseline -0.007 -9"><span class='ocrx_word' id='word_1_181' title='bbox 321 1823 463 1858; x_wconf 84' lang='lat' dir='ltr'>eamdem</span> <span class='ocrx_word' id='word_1_182' title='bbox 487 1823 643 1857; x_wconf 85' lang='lat' dir='ltr'>civitatem</span> <span class='ocrx_word' id='word_1_183' title='bbox 667 1821 746 1855; x_wconf 90' lang='lat' dir='ltr'>dure</span> <span class='ocrx_word' id='word_1_184' title='bbox 767 1832 803 1855; x_wconf 90' lang='lat' dir='ltr'>ac</span> <span class='ocrx_word' id='word_1_185' title='bbox 828 1831 952 1866; x_wconf 75' lang='lat' dir='ltr'>aspere,</span> <span class='ocrx_word' id='word_1_186' title='bbox 974 1818 1069 1865; x_wconf 90' lang='lat' dir='ltr'>spiri-</span> 
     </span>
     <span class='ocr_line' id='line_1_40' title="bbox 321 1868 1068 1919; baseline -0.009 -11"><span class='ocrx_word' id='word_1_187' title='bbox 321 1873 446 1908; x_wconf 86' lang='lat' dir='ltr'>tualiter</span> <span class='ocrx_word' id='word_1_188' title='bbox 477 1879 507 1906; x_wconf 89' lang='lat' dir='ltr'>et</span> <span class='ocrx_word' id='word_1_189' title='bbox 528 1871 749 1919; x_wconf 79' lang='lat' dir='ltr'>temporaliter,</span> <span class='ocrx_word' id='word_1_190' title='bbox 771 1877 863 1916; x_wconf 85' lang='lat' dir='ltr'>prout</span> <span class='ocrx_word' id='word_1_191' title='bbox 890 1868 1068 1902; x_wconf 83' lang='lat' dir='ltr'>videremus</span> 
     </span>
     <span class='ocr_line' id='line_1_41' title="bbox 320 1920 920 1970; baseline -0.008 -14"><span class='ocrx_word' id='word_1_192' title='bbox 320 1922 502 1970; x_wconf 82' lang='lat' dir='ltr'>expediens,</span> <span class='ocrx_word' id='word_1_193' title='bbox 532 1920 702 1967; x_wconf 81' lang='lat' dir='ltr'>procedere</span> <span class='ocrx_word' id='word_1_194' title='bbox 724 1930 920 1953; x_wconf 83' lang='lat' dir='ltr'>curaremus.</span> 
     </span>
    </p>

    <p class='ocr_par' dir='ltr' id='par_1_6' title="bbox 320 1966 1072 2654">
     <span class='ocr_line' id='line_1_42' title="bbox 369 1966 1067 2015; baseline -0.009 -9"><span class='ocrx_word' id='word_1_195' title='bbox 369 1975 385 2015; x_wconf 71' lang='lat'>5</span> <span class='ocrx_word' id='word_1_196' title='bbox 415 1973 448 2006; x_wconf 78' lang='lat'>2.</span> <span class='ocrx_word' id='word_1_197' title='bbox 485 1969 548 2005; x_wconf 83' lang='lat' dir='ltr'>Sed</span> <span class='ocrx_word' id='word_1_198' title='bbox 584 1969 658 2004; x_wconf 90' lang='lat' dir='ltr'>dicti</span> <span class='ocrx_word' id='word_1_199' title='bbox 697 1968 781 2003; x_wconf 81' lang='lat' dir='ltr'>cives</span> <span class='ocrx_word' id='word_1_200' title='bbox 815 1966 1067 2010; x_wconf 84' lang='lat' dir='ltr'>Recanatenses,</span> 
     </span>
     <span class='ocr_line' id='line_1_43' title="bbox 320 2014 1069 2067; baseline -0.009 -12"><span class='ocrx_word' id='word_1_201' title='bbox 320 2021 392 2067; x_wconf 86' lang='lat' dir='ltr'>quia</span> <span class='ocrx_word' id='word_1_202' title='bbox 415 2032 525 2055; x_wconf 88' lang='lat' dir='ltr'>eorum</span> <span class='ocrx_word' id='word_1_203' title='bbox 548 2027 670 2054; x_wconf 86' lang='lat' dir='ltr'>mentes</span> <span class='ocrx_word' id='word_1_204' title='bbox 691 2018 769 2052; x_wconf 83' lang='lat' dir='ltr'>adeo</span> <span class='ocrx_word' id='word_1_205' title='bbox 796 2024 871 2051; x_wconf 89' lang='lat' dir='ltr'>sunt</span> <span class='ocrx_word' id='word_1_206' title='bbox 891 2016 930 2050; x_wconf 87' lang='lat' dir='ltr'>ad</span> <span class='ocrx_word' id='word_1_207' title='bbox 958 2014 1069 2049; x_wconf 91' lang='lat' dir='ltr'>rebel—</span> 
     </span>
     <span class='ocr_line' id='line_1_44' title="bbox 321 2064 1068 2117; baseline -0.009 -13"><span class='ocrx_word' id='word_1_208' title='bbox 321 2069 414 2104; x_wconf 84' lang='lat' dir='ltr'>lionis</span> <span class='ocrx_word' id='word_1_209' title='bbox 434 2069 636 2117; x_wconf 87' lang='lat' dir='ltr'>pertinaciam</span> <span class='ocrx_word' id='word_1_210' title='bbox 658 2068 832 2107; x_wconf 80' lang='lat' dir='ltr'>induratae,</span> <span class='ocrx_word' id='word_1_211' title='bbox 849 2065 933 2112; x_wconf 88' lang='lat' dir='ltr'>quod</span> <span class='ocrx_word' id='word_1_212' title='bbox 951 2064 1068 2098; x_wconf 90' lang='lat' dir='ltr'>nullius</span> 
     </span>
     <span class='ocr_line' id='line_1_45' title="bbox 323 2113 1068 2165; baseline -0.008 -12"><span class='ocrx_word' id='word_1_213' title='bbox 323 2127 455 2165; x_wconf 80' lang='lat' dir='ltr'>possunt</span> <span class='ocrx_word' id='word_1_214' title='bbox 476 2116 732 2165; x_wconf 80' lang='lat' dir='ltr'>superinfusione</span> <span class='ocrx_word' id='word_1_215' title='bbox 747 2115 807 2150; x_wconf 90' lang='lat' dir='ltr'>olei</span> <span class='ocrx_word' id='word_1_216' title='bbox 830 2113 1068 2161; x_wconf 86' lang='lat' dir='ltr'>quomodolibet</span> 
     </span>
     <span class='ocr_line' id='line_1_46' title="bbox 321 2163 1070 2211; baseline -0.008 -9"><span class='ocrx_word' id='word_1_217' title='bbox 321 2168 472 2211; x_wconf 82' lang='lat' dir='ltr'>emolliri,</span> <span class='ocrx_word' id='word_1_218' title='bbox 501 2166 682 2201; x_wconf 86' lang='lat' dir='ltr'>huiusmodi</span> <span class='ocrx_word' id='word_1_219' title='bbox 718 2164 845 2199; x_wconf 80' lang='lat' dir='ltr'>monitis</span> <span class='ocrx_word' id='word_1_220' title='bbox 872 2173 901 2198; x_wconf 90' lang='lat' dir='ltr'>et</span> <span class='ocrx_word' id='word_1_221' title='bbox 934 2163 1070 2198; x_wconf 86' lang='lat' dir='ltr'>commi-</span> 
     </span>
     <span class='ocr_line' id='line_1_47' title="bbox 322 2212 1067 2262; baseline -0.008 -11"><span class='ocrx_word' id='word_1_222' title='bbox 322 2216 501 2252; x_wconf 88' lang='lat' dir='ltr'>nationibus</span> <span class='ocrx_word' id='word_1_223' title='bbox 546 2215 730 2262; x_wconf 81' lang='lat' dir='ltr'>vilipensis,</span> <span class='ocrx_word' id='word_1_224' title='bbox 766 2213 843 2248; x_wconf 80' lang='lat' dir='ltr'>infra</span> <span class='ocrx_word' id='word_1_225' title='bbox 873 2212 1067 2259; x_wconf 85' lang='lat' dir='ltr'>praedictum</span> 
     </span>
     <span class='ocr_line' id='line_1_48' title="bbox 323 2262 1068 2309; baseline -0.008 -9"><span class='ocrx_word' id='word_1_226' title='bbox 323 2267 504 2305; x_wconf 78' lang='lat' dir='ltr'>terminum,</span> <span class='ocrx_word' id='word_1_227' title='bbox 527 2274 557 2300; x_wconf 91' lang='lat' dir='ltr'>et</span> <span class='ocrx_word' id='word_1_228' title='bbox 574 2266 667 2299; x_wconf 82' lang='lat' dir='ltr'>etiam</span> <span class='ocrx_word' id='word_1_229' title='bbox 682 2263 932 2309; x_wconf 84' lang='lat' dir='ltr'>posttcrmiuum</span> <span class='ocrx_word' id='word_1_230' title='bbox 953 2262 1068 2307; x_wconf 83' lang='lat' dir='ltr'>ipsum,</span> 
     </span>
     <span class='ocr_line' id='line_1_49' title="bbox 322 2310 1069 2361; baseline -0.008 -12"><span class='ocrx_word' id='word_1_231' title='bbox 322 2327 377 2361; x_wconf 81' lang='lat' dir='ltr'>per</span> <span class='ocrx_word' id='word_1_232' title='bbox 398 2323 532 2361; x_wconf 88' lang='lat' dir='ltr'>quatuor</span> <span class='ocrx_word' id='word_1_233' title='bbox 558 2315 714 2348; x_wconf 82' lang='lat' dir='ltr'>mensium</span> <span class='ocrx_word' id='word_1_234' title='bbox 743 2313 881 2359; x_wconf 90' lang='lat' dir='ltr'>spatium</span> <span class='ocrx_word' id='word_1_235' title='bbox 903 2310 1069 2358; x_wconf 86' lang='lat' dir='ltr'>expectati,</span> 
     </span>
     <span class='ocr_line' id='line_1_50' title="bbox 323 2359 1068 2406; baseline -0.007 -9"><span class='ocrx_word' id='word_1_236' title='bbox 323 2364 424 2398; x_wconf 80' lang='lat' dir='ltr'>redire</span> <span class='ocrx_word' id='word_1_237' title='bbox 447 2364 484 2398; x_wconf 89' lang='lat' dir='ltr'>ad</span> <span class='ocrx_word' id='word_1_238' title='bbox 516 2363 697 2397; x_wconf 86' lang='lat' dir='ltr'>mandatum</span> <span class='ocrx_word' id='word_1_239' title='bbox 731 2370 873 2396; x_wconf 85' lang='lat' dir='ltr'>nostrum</span> <span class='ocrx_word' id='word_1_240' title='bbox 903 2368 933 2394; x_wconf 84' lang='lat' dir='ltr'>et</span> <span class='ocrx_word' id='word_1_241' title='bbox 968 2359 1068 2406; x_wconf 83' lang='lat' dir='ltr'>ipsius</span> 
     </span>
     <span class='ocr_line' id='line_1_51' title="bbox 323 2409 1068 2450; baseline -0.005 -4"><span class='ocrx_word' id='word_1_242' title='bbox 323 2412 483 2447; x_wconf 78' lang='lat' dir='ltr'>Ecclesiae</span> <span class='ocrx_word' id='word_1_243' title='bbox 511 2425 571 2447; x_wconf 86' lang='lat' dir='ltr'>non</span> <span class='ocrx_word' id='word_1_244' title='bbox 605 2419 766 2450; x_wconf 67' lang='lat' dir='ltr'>curarunt,</span> <span class='ocrx_word' id='word_1_245' title='bbox 802 2411 866 2444; x_wconf 88' lang='lat' dir='ltr'>imo</span> <span class='ocrx_word' id='word_1_246' title='bbox 898 2409 1068 2444; x_wconf 84' lang='lat' dir='ltr'>Ecclesiam</span> 
     </span>
     <span class='ocr_line' id='line_1_52' title="bbox 324 2458 1069 2507; baseline -0.003 -14"><span class='ocrx_word' id='word_1_247' title='bbox 324 2462 422 2507; x_wconf 60' lang='lat' dir='ltr'>ipsam</span> <span class='ocrx_word' id='word_1_248' title='bbox 460 2463 489 2496; x_wconf 91' lang='lat' dir='ltr'>in</span> <span class='ocrx_word' id='word_1_249' title='bbox 526 2464 592 2496; x_wconf 82' lang='lat' dir='ltr'>suis</span> <span class='ocrx_word' id='word_1_250' title='bbox 634 2460 779 2495; x_wconf 87' lang='lat' dir='ltr'>lidclibus</span> <span class='ocrx_word' id='word_1_251' title='bbox 812 2458 922 2493; x_wconf 88' lang='lat' dir='ltr'>durius</span> <span class='ocrx_word' id='word_1_252' title='bbox 959 2469 1069 2492; x_wconf 81' lang='lat' dir='ltr'>vexare</span> 
     </span>
     <span class='ocr_line' id='line_1_53' title="bbox 325 2507 1069 2556; baseline -0.004 -13"><span class='ocrx_word' id='word_1_253' title='bbox 325 2512 524 2556; x_wconf 81' lang='lat' dir='ltr'>postmodum</span> <span class='ocrx_word' id='word_1_254' title='bbox 541 2516 830 2556; x_wconf 80' lang='lat' dir='ltr'>praesumpserunt.</span> <span class='ocrx_word' id='word_1_255' title='bbox 845 2507 976 2554; x_wconf 86' lang='lat' dir='ltr'>Propter</span> <span class='ocrx_word' id='word_1_256' title='bbox 986 2507 1069 2553; x_wconf 83' lang='lat' dir='ltr'>qnod</span> 
     </span>
     <span class='ocr_line' id='line_1_54' title="bbox 325 2556 1069 2604; baseline -0.005 -11"><span class='ocrx_word' id='word_1_257' title='bbox 325 2571 382 2592; x_wconf 85' lang='lat' dir='ltr'>nos</span> <span class='ocrx_word' id='word_1_258' title='bbox 409 2572 469 2593; x_wconf 86' lang='lat' dir='ltr'>non</span> <span class='ocrx_word' id='word_1_259' title='bbox 505 2561 642 2594; x_wconf 71' lang='lat' dir='ltr'>valentes</span> <span class='ocrx_word' id='word_1_260' title='bbox 669 2559 800 2594; x_wconf 87' lang='lat' dir='ltr'>ulterius</span> <span class='ocrx_word' id='word_1_261' title='bbox 833 2556 952 2604; x_wconf 87' lang='lat' dir='ltr'>absque</span> <span class='ocrx_word' id='word_1_262' title='bbox 985 2556 1069 2602; x_wconf 79' lang='lat' dir='ltr'>gravi</span> 
     </span>
     <span class='ocr_line' id='line_1_55' title="bbox 323 2604 1072 2654; baseline -0.005 -12"><span class='ocrx_word' id='word_1_263' title='bbox 323 2606 440 2642; x_wconf 75' lang='lat' dir='ltr'>Christi</span> <span class='ocrx_word' id='word_1_264' title='bbox 468 2608 586 2643; x_wconf 80' lang='lat' dir='ltr'>offensa</span> <span class='ocrx_word' id='word_1_265' title='bbox 608 2620 716 2644; x_wconf 87' lang='lat' dir='ltr'>eorum</span> <span class='ocrx_word' id='word_1_266' title='bbox 736 2607 918 2654; x_wconf 82' lang='lat' dir='ltr'>iniquitates</span> <span class='ocrx_word' id='word_1_267' title='bbox 943 2613 973 2641; x_wconf 89' lang='lat' dir='ltr'>et</span> <span class='ocrx_word' id='word_1_268' title='bbox 999 2604 1072 2639; x_wconf 85' lang='lat' dir='ltr'>infi-</span> 
     </span>
    </p>
   </div>
   <div class='ocr_carea' id='block_1_6' title="bbox 914 238 1291 264">
    <p class='ocr_par' dir='ltr' id='par_1_7' title="bbox 914 238 1291 264">
     <span class='ocr_line' id='line_1_56' title="bbox 914 238 1291 264; baseline -0.003 0"><span class='ocrx_word' id='word_1_269' title='bbox 914 238 1102 264; x_wconf 70' lang='lat' dir='ltr'>BULLARIOE</span> <span class='ocrx_word' id='word_1_270' title='bbox 1127 239 1291 264; x_wconf 69' lang='lat' dir='ltr'>ROMANUM</span> 
     </span>
    </p>
   </div>
   <div class='ocr_carea' id='block_1_7' title="bbox 1112 293 1870 969">
    <p class='ocr_par' dir='ltr' id='par_1_8' title="bbox 1115 293 1870 784">
     <span class='ocr_line' id='line_1_57' title="bbox 1122 293 1870 341; baseline 0.004 -14"><span class='ocrx_word' id='word_1_271' title='bbox 1122 293 1266 328; x_wconf 87' lang='lat' dir='ltr'>delitates</span> <span class='ocrx_word' id='word_1_272' title='bbox 1287 293 1422 341; x_wconf 89' lang='lat' dir='ltr'>amplius</span> <span class='ocrx_word' id='word_1_273' title='bbox 1444 294 1586 334; x_wconf 79' lang='lat' dir='ltr'>tolerare,</span> <span class='ocrx_word' id='word_1_274' title='bbox 1608 306 1643 329; x_wconf 89' lang='lat' dir='ltr'>ac</span> <span class='ocrx_word' id='word_1_275' title='bbox 1666 294 1870 330; x_wconf 90' lang='lat' dir='ltr'>consideran-</span> 
     </span>
     <span class='ocr_line' id='line_1_58' title="bbox 1122 343 1868 391; baseline 0.001 -14"><span class='ocrx_word' id='word_1_276' title='bbox 1122 351 1178 383; x_wconf 89' lang='lat' dir='ltr'>tes,</span> <span class='ocrx_word' id='word_1_277' title='bbox 1201 343 1285 391; x_wconf 90' lang='lat' dir='ltr'>quod</span> <span class='ocrx_word' id='word_1_278' title='bbox 1318 343 1400 378; x_wconf 85' lang='lat' dir='ltr'>ferro</span> <span class='ocrx_word' id='word_1_279' title='bbox 1431 343 1603 379; x_wconf 87' lang='lat' dir='ltr'>scindenda</span> <span class='ocrx_word' id='word_1_280' title='bbox 1629 352 1701 378; x_wconf 86' lang='lat' dir='ltr'>sunt</span> <span class='ocrx_word' id='word_1_281' title='bbox 1730 345 1868 389; x_wconf 81' lang='lat' dir='ltr'>vulnera,</span> 
     </span>
     <span class='ocr_line' id='line_1_59' title="bbox 1120 392 1869 439; baseline 0.003 -13"><span class='ocrx_word' id='word_1_282' title='bbox 1120 404 1201 439; x_wconf 87' lang='lat' dir='ltr'>quae</span> <span class='ocrx_word' id='word_1_283' title='bbox 1221 392 1431 427; x_wconf 77' lang='lat' dir='ltr'>fomentorum</span> <span class='ocrx_word' id='word_1_284' title='bbox 1459 405 1521 428; x_wconf 94' lang='lat' dir='ltr'>non</span> <span class='ocrx_word' id='word_1_285' title='bbox 1552 393 1707 439; x_wconf 81' lang='lat' dir='ltr'>recipiunt</span> <span class='ocrx_word' id='word_1_286' title='bbox 1737 393 1869 428; x_wconf 77' lang='lat' dir='ltr'>medici-</span> 
     </span>
     <span class='ocr_line' id='line_1_60' title="bbox 1120 441 1867 488; baseline 0.003 -13"><span class='ocrx_word' id='word_1_287' title='bbox 1120 453 1205 484; x_wconf 84' lang='lat' dir='ltr'>nam,</span> <span class='ocrx_word' id='word_1_288' title='bbox 1221 441 1411 488; x_wconf 86' lang='lat' dir='ltr'>praedictam</span> <span class='ocrx_word' id='word_1_289' title='bbox 1427 442 1581 477; x_wconf 72' lang='lat' dir='ltr'>civitatem</span> <span class='ocrx_word' id='word_1_290' title='bbox 1605 442 1867 487; x_wconf 86' lang='lat' dir='ltr'>Recanatensem,</span> 
     </span>
     <span class='ocr_line' id='line_1_61' title="bbox 1119 490 1867 539; baseline 0.001 -14"><span class='ocrx_word' id='word_1_291' title='bbox 1119 490 1158 526; x_wconf 87' lang='lat' dir='ltr'>de</span> <span class='ocrx_word' id='word_1_292' title='bbox 1182 491 1310 526; x_wconf 80' lang='lat' dir='ltr'>fratrum</span> <span class='ocrx_word' id='word_1_293' title='bbox 1334 499 1512 526; x_wconf 91' lang='lat' dir='ltr'>nostrorum</span> <span class='ocrx_word' id='word_1_294' title='bbox 1528 492 1670 533; x_wconf 78' lang='lat' dir='ltr'>consilio,</span> <span class='ocrx_word' id='word_1_295' title='bbox 1698 492 1867 539; x_wconf 84' lang='lat' dir='ltr'>episcopali</span> 
     </span>
     <span class='ocr_line' id='line_1_62' title="bbox 1118 539 1867 588; baseline 0.004 -15"><span class='ocrx_word' id='word_1_296' title='bbox 1118 539 1269 586; x_wconf 78' lang='lat' dir='ltr'>dignitate</span> <span class='ocrx_word' id='word_1_297' title='bbox 1298 549 1449 588; x_wconf 83' lang='lat' dir='ltr'>perpetuo</span> <span class='ocrx_word' id='word_1_298' title='bbox 1470 541 1537 575; x_wconf 90' lang='lat' dir='ltr'>sine</span> <span class='ocrx_word' id='word_1_299' title='bbox 1564 540 1665 588; x_wconf 87' lang='lat' dir='ltr'>aliqua</span> <span class='ocrx_word' id='word_1_300' title='bbox 1692 553 1748 588; x_wconf 84' lang='lat' dir='ltr'>spe</span> <span class='ocrx_word' id='word_1_301' title='bbox 1777 543 1867 576; x_wconf 87' lang='lat' dir='ltr'>resti-</span> 
     </span>
     <span class='ocr_line' id='line_1_63' title="bbox 1119 590 1864 637; baseline 0.004 -14"><span class='ocrx_word' id='word_1_302' title='bbox 1119 590 1247 624; x_wconf 87' lang='lat' dir='ltr'>tutionis</span> <span class='ocrx_word' id='word_1_303' title='bbox 1275 591 1446 637; x_wconf 84' lang='lat' dir='ltr'>apostolica</span> <span class='ocrx_word' id='word_1_304' title='bbox 1478 590 1663 625; x_wconf 89' lang='lat' dir='ltr'>auctoritate</span> <span class='ocrx_word' id='word_1_305' title='bbox 1691 591 1864 637; x_wconf 84' lang='lat' dir='ltr'>privamus:</span> 
     </span>
     <span class='ocr_line' id='line_1_64' title="bbox 1117 639 1866 686; baseline 0.003 -13"><span class='ocrx_word' id='word_1_306' title='bbox 1117 647 1302 679; x_wconf 74' lang='lat' dir='ltr'>statuentes,</span> <span class='ocrx_word' id='word_1_307' title='bbox 1324 648 1359 674; x_wconf 87' lang='lat' dir='ltr'>ut</span> <span class='ocrx_word' id='word_1_308' title='bbox 1382 639 1475 674; x_wconf 88' lang='lat' dir='ltr'>nullis</span> <span class='ocrx_word' id='word_1_309' title='bbox 1499 651 1637 686; x_wconf 88' lang='lat' dir='ltr'>unquam</span> <span class='ocrx_word' id='word_1_310' title='bbox 1660 639 1773 675; x_wconf 82' lang='lat' dir='ltr'>suturis</span> <span class='ocrx_word' id='word_1_311' title='bbox 1792 648 1866 675; x_wconf 83' lang='lat' dir='ltr'>tein-</span> 
     </span>
     <span class='ocr_line' id='line_1_65' title="bbox 1118 688 1866 736; baseline 0.003 -14"><span class='ocrx_word' id='word_1_312' title='bbox 1118 688 1246 735; x_wconf 89' lang='lat' dir='ltr'>poribus</span> <span class='ocrx_word' id='word_1_313' title='bbox 1265 688 1373 723; x_wconf 85' lang='lat' dir='ltr'>civitas</span> <span class='ocrx_word' id='word_1_314' title='bbox 1391 688 1500 723; x_wconf 86' lang='lat' dir='ltr'>eadem</span> <span class='ocrx_word' id='word_1_315' title='bbox 1526 689 1563 723; x_wconf 92' lang='lat' dir='ltr'>ad</span> <span class='ocrx_word' id='word_1_316' title='bbox 1595 689 1775 723; x_wconf 84' lang='lat' dir='ltr'>huiusmodi</span> <span class='ocrx_word' id='word_1_317' title='bbox 1796 690 1866 736; x_wconf 89' lang='lat' dir='ltr'>cpi-</span> 
     </span>
     <span class='ocr_line' id='line_1_66' title="bbox 1115 737 1794 784; baseline 0 -12"><span class='ocrx_word' id='word_1_318' title='bbox 1115 737 1273 783; x_wconf 88' lang='lat' dir='ltr'>scopalem</span> <span class='ocrx_word' id='word_1_319' title='bbox 1301 737 1483 784; x_wconf 83' lang='lat' dir='ltr'>dignitatem</span> <span class='ocrx_word' id='word_1_320' title='bbox 1511 737 1610 772; x_wconf 76' lang='lat' dir='ltr'>valeat</span> <span class='ocrx_word' id='word_1_321' title='bbox 1632 738 1794 773; x_wconf 87' lang='lat' dir='ltr'>reassumi.</span> 
     </span>
    </p>

    <p class='ocr_par' dir='ltr' id='par_1_9' title="bbox 1165 786 1763 833">
     <span class='ocr_line' id='line_1_67' title="bbox 1165 786 1763 833; baseline 0.002 -13"><span class='ocrx_word' id='word_1_322' title='bbox 1165 786 1249 822; x_wconf 80' lang='lat' dir='ltr'>Nulli</span> <span class='ocrx_word' id='word_1_323' title='bbox 1269 799 1344 833; x_wconf 82' lang='lat' dir='ltr'>ergo</span> <span class='ocrx_word' id='word_1_324' title='bbox 1372 787 1501 821; x_wconf 86' lang='lat' dir='ltr'>omnino</span> <span class='ocrx_word' id='word_1_325' title='bbox 1524 787 1687 822; x_wconf 82' lang='lat' dir='ltr'>bominum</span> <span class='ocrx_word' id='word_1_326' title='bbox 1711 794 1763 821; x_wconf 82' lang='lat' dir='ltr'>etc.</span> 
     </span>
    </p>

    <p class='ocr_par' dir='ltr' id='par_1_10' title="bbox 1112 835 1864 969">
     <span class='ocr_line' id='line_1_68' title="bbox 1163 835 1864 883; baseline 0.001 -13"><span class='ocrx_word' id='word_1_327' title='bbox 1163 835 1277 871; x_wconf 80' lang='lat' dir='ltr'>Datum</span> <span class='ocrx_word' id='word_1_328' title='bbox 1307 836 1391 883; x_wconf 87' lang='lat' dir='ltr'>apud</span> <span class='ocrx_word' id='word_1_329' title='bbox 1418 835 1677 871; x_wconf 79' lang='lat' dir='ltr'>Urbemveterem</span> <span class='ocrx_word' id='word_1_330' title='bbox 1700 844 1786 872; x_wconf 82' lang='lat' dir='ltr'>sexto</span> <span class='ocrx_word' id='word_1_331' title='bbox 1809 835 1864 871; x_wconf 81' lang='lat' dir='ltr'>ka-</span> 
     </span>
     <span class='ocr_line' id='line_1_69' title="bbox 1114 884 1864 933; baseline 0.001 -14"><span class='ocrx_word' id='word_1_332' title='bbox 1114 884 1223 920; x_wconf 90' lang='lat' dir='ltr'>lendas</span> <span class='ocrx_word' id='word_1_333' title='bbox 1254 885 1397 933; x_wconf 83' lang='lat' dir='ltr'>augusti,</span> <span class='ocrx_word' id='word_1_334' title='bbox 1429 885 1629 933; x_wconf 86' lang='lat' dir='ltr'>pontificatus</span> <span class='ocrx_word' id='word_1_335' title='bbox 1657 886 1753 920; x_wconf 88' lang='lat' dir='ltr'>nostri</span> <span class='ocrx_word' id='word_1_336' title='bbox 1780 897 1864 920; x_wconf 90' lang='lat' dir='ltr'>anno</span> 
     </span>
     <span class='ocr_line' id='line_1_70' title="bbox 1112 934 1264 969; baseline 0 0"><span class='ocrx_word' id='word_1_337' title='bbox 1112 934 1264 969; x_wconf 89' lang='lat' dir='ltr'>secundo.</span> 
     </span>
    </p>
   </div>
   <div class='ocr_carea' id='block_1_8' title="bbox 1171 991 1810 1032">
    <p class='ocr_par' dir='ltr' id='par_1_11' title="bbox 1171 991 1810 1032">
     <span class='ocr_line' id='line_1_71' title="bbox 1171 991 1810 1032; baseline 0.002 -10"><span class='ocrx_word' id='word_1_338' title='bbox 1171 991 1233 1022; x_wconf 85' lang='lat' dir='ltr'>Dat.</span> <span class='ocrx_word' id='word_1_339' title='bbox 1254 992 1301 1022; x_wconf 86' lang='lat' dir='ltr'>die</span> <span class='ocrx_word' id='word_1_340' title='bbox 1319 991 1355 1022; x_wconf 69' lang='lat'>27</span> <span class='ocrx_word' id='word_1_341' title='bbox 1376 991 1440 1022; x_wconf 86' lang='lat' dir='ltr'>iulii</span> <span class='ocrx_word' id='word_1_342' title='bbox 1458 991 1543 1027; x_wconf 70' lang='lat'>1263,</span> <span class='ocrx_word' id='word_1_343' title='bbox 1565 991 1666 1032; x_wconf 80' lang='lat' dir='ltr'>pontif.</span> <span class='ocrx_word' id='word_1_344' title='bbox 1685 1001 1762 1022; x_wconf 91' lang='lat' dir='ltr'>anno</span> <span class='ocrx_word' id='word_1_345' title='bbox 1779 1001 1810 1023; x_wconf 90' lang='lat'>11.</span> 
     </span>
    </p>
   </div>
   <div class='ocr_carea' id='block_1_9' title="bbox 1402 1055 1567 1064">
    <p class='ocr_par' dir='ltr' id='par_1_12' title="bbox 1402 1055 1567 1064">
     <span class='ocr_line' id='line_1_72' title="bbox 1402 1055 1567 1064; baseline 0 0"><span class='ocrx_word' id='word_1_346' title='bbox 1402 1055 1567 1064; x_wconf 95' lang='lat' dir='ltr'> </span> 
     </span>
    </p>
   </div>
   <div class='ocr_carea' id='block_1_10' title="bbox 1441 1114 1524 1149">
    <p class='ocr_par' dir='ltr' id='par_1_13' title="bbox 1441 1114 1524 1149">
     <span class='ocr_line' id='line_1_73' title="bbox 1441 1114 1524 1149; baseline -0.024 1"><span class='ocrx_word' id='word_1_347' title='bbox 1441 1114 1524 1149; x_wconf 88' lang='lat' dir='ltr'>XIII.</span> 
     </span>
    </p>
   </div>
   <div class='ocr_carea' id='block_1_11' title="bbox 1111 1181 1862 1374">
    <p class='ocr_par' dir='ltr' id='par_1_14' title="bbox 1111 1181 1862 1374">
     <span class='ocr_line' id='line_1_74' title="bbox 1111 1181 1862 1226; baseline 0.003 -13"><span class='ocrx_word' id='word_1_348' title='bbox 1111 1181 1270 1226; x_wconf 77' lang='lat' dir='ltr'>Diffinicio</span> <span class='ocrx_word' id='word_1_349' title='bbox 1281 1182 1501 1215; x_wconf 79' lang='lat' dir='ltr'>controversiae</span> <span class='ocrx_word' id='word_1_350' title='bbox 1518 1182 1595 1215; x_wconf 78' lang='lat' dir='ltr'>inter</span> <span class='ocrx_word' id='word_1_351' title='bbox 1610 1182 1791 1216; x_wconf 79' lang='lat' dir='ltr'>Riccardum</span> <span class='ocrx_word' id='word_1_352' title='bbox 1805 1194 1862 1216; x_wconf 84' lang='lat' dir='ltr'>co-</span> 
     </span>
     <span class='ocr_line' id='line_1_75' title="bbox 1160 1231 1860 1273; baseline 0.001 -9"><span class='ocrx_word' id='word_1_353' title='bbox 1160 1231 1260 1264; x_wconf 79' lang='lat' dir='ltr'>mitem</span> <span class='ocrx_word' id='word_1_354' title='bbox 1280 1231 1447 1264; x_wconf 72' lang='lat' dir='ltr'>Coi-rubiae</span> <span class='ocrx_word' id='word_1_355' title='bbox 1471 1233 1532 1273; x_wconf 74' lang='lat' dir='ltr'>(l),</span> <span class='ocrx_word' id='word_1_356' title='bbox 1552 1237 1579 1264; x_wconf 86' lang='lat' dir='ltr'>et</span> <span class='ocrx_word' id='word_1_357' title='bbox 1594 1231 1742 1264; x_wconf 79' lang='lat' dir='ltr'>Castellae</span> <span class='ocrx_word' id='word_1_358' title='bbox 1755 1243 1791 1265; x_wconf 83' lang='lat' dir='ltr'>ac</span> <span class='ocrx_word' id='word_1_359' title='bbox 1804 1232 1860 1265; x_wconf 82' lang='lat' dir='ltr'>Le-</span> 
     </span>
     <span class='ocr_line' id='line_1_76' title="bbox 1157 1281 1862 1325; baseline 0.001 -12"><span class='ocrx_word' id='word_1_360' title='bbox 1157 1281 1258 1324; x_wconf 76' lang='lat' dir='ltr'>91&#39;onis</span> <span class='ocrx_word' id='word_1_361' title='bbox 1278 1291 1388 1324; x_wconf 66' lang='lat' dir='ltr'>regem,</span> <span class='ocrx_word' id='word_1_362' title='bbox 1409 1288 1439 1314; x_wconf 80' lang='lat' dir='ltr'>u!</span> <span class='ocrx_word' id='word_1_363' title='bbox 1460 1288 1582 1325; x_wconf 80' lang='lat' dir='ltr'>uterque</span> <span class='ocrx_word' id='word_1_364' title='bbox 1598 1281 1809 1314; x_wconf 77' lang='lat' dir='ltr'>denominetur</span> <span class='ocrx_word' id='word_1_365' title='bbox 1828 1282 1862 1314; x_wconf 74' lang='lat' dir='ltr'>in</span> 
     </span>
     <span class='ocr_line' id='line_1_77' title="bbox 1160 1329 1712 1374; baseline 0.002 -12"><span class='ocrx_word' id='word_1_366' title='bbox 1160 1329 1371 1363; x_wconf 80' lang='lat' dir='ltr'>Romanorum</span> <span class='ocrx_word' id='word_1_367' title='bbox 1396 1341 1495 1374; x_wconf 75' lang='lat' dir='ltr'>reqem</span> <span class='ocrx_word' id='word_1_368' title='bbox 1521 1330 1628 1363; x_wconf 77' lang='lat' dir='ltr'>electus</span> <span class='ocrx_word' id='word_1_369' title='bbox 1651 1330 1712 1372; x_wconf 75' lang='lat'>(2).</span> 
     </span>
    </p>
   </div>
   <div class='ocr_carea' id='block_1_12' title="bbox 1377 1398 1593 1429">
    <p class='ocr_par' dir='ltr' id='par_1_15' title="bbox 1377 1398 1593 1429">
     <span class='ocr_line' id='line_1_78' title="bbox 1377 1398 1593 1429; baseline -0.005 0"><span class='ocrx_word' id='word_1_370' title='bbox 1377 1398 1593 1429; x_wconf 77' lang='lat' dir='ltr'>SUMMARIUM</span> 
     </span>
    </p>
   </div>
   <div class='ocr_carea' id='block_1_13' title="bbox 1110 1455 1861 1757">
    <p class='ocr_par' dir='ltr' id='par_1_16' title="bbox 1110 1455 1861 1757">
     <span class='ocr_line' id='line_1_79' title="bbox 1110 1455 1860 1494; baseline 0.001 -10"><span class='ocrx_word' id='word_1_371' title='bbox 1110 1455 1136 1485; x_wconf 88' lang='lat'>1.</span> <span class='ocrx_word' id='word_1_372' title='bbox 1168 1455 1280 1486; x_wconf 85' lang='lat' dir='ltr'>Causae</span> <span class='ocrx_word' id='word_1_373' title='bbox 1309 1456 1447 1486; x_wconf 86' lang='lat' dir='ltr'>ferendae</span> <span class='ocrx_word' id='word_1_374' title='bbox 1479 1455 1669 1486; x_wconf 88' lang='lat' dir='ltr'>definitionis.</span> <span class='ocrx_word' id='word_1_375' title='bbox 1697 1472 1736 1478; x_wconf 93' lang='lat'>—</span> <span class='ocrx_word' id='word_1_376' title='bbox 1763 1456 1860 1494; x_wconf 82' lang='lat' dir='ltr'>Argu-</span> 
     </span>
     <span class='ocr_line' id='line_1_80' title="bbox 1149 1499 1860 1540; baseline 0 -11"><span class='ocrx_word' id='word_1_377' title='bbox 1149 1504 1245 1529; x_wconf 84' lang='lat' dir='ltr'>menta</span> <span class='ocrx_word' id='word_1_378' title='bbox 1265 1509 1316 1540; x_wconf 89' lang='lat' dir='ltr'>pro</span> <span class='ocrx_word' id='word_1_379' title='bbox 1334 1500 1478 1530; x_wconf 85' lang='lat' dir='ltr'>Riccardo</span> <span class='ocrx_word' id='word_1_380' title='bbox 1502 1500 1606 1538; x_wconf 78' lang='lat' dir='ltr'>Anglo‚</span> <span class='ocrx_word' id='word_1_381' title='bbox 1627 1505 1656 1530; x_wconf 85' lang='lat' dir='ltr'>ut</span> <span class='ocrx_word' id='word_1_382' title='bbox 1678 1500 1788 1529; x_wconf 86' lang='lat' dir='ltr'>electus</span> <span class='ocrx_word' id='word_1_383' title='bbox 1803 1499 1860 1530; x_wconf 88' lang='lat' dir='ltr'>Ro-</span> 
     </span>
     <span class='ocr_line' id='line_1_81' title="bbox 1149 1542 1859 1583; baseline -0.001 -10"><span class='ocrx_word' id='word_1_384' title='bbox 1149 1553 1301 1574; x_wconf 90' lang='lat' dir='ltr'>manorum</span> <span class='ocrx_word' id='word_1_385' title='bbox 1320 1554 1371 1575; x_wconf 84' lang='lat' dir='ltr'>rex</span> <span class='ocrx_word' id='word_1_386' title='bbox 1388 1549 1583 1583; x_wconf 89' lang='lat' dir='ltr'>nuncupetur.</span> <span class='ocrx_word' id='word_1_387' title='bbox 1601 1560 1640 1566; x_wconf 91' lang='lat'>—</span> <span class='ocrx_word' id='word_1_388' title='bbox 1661 1543 1688 1573; x_wconf 68' lang='lat'>2.</span> <span class='ocrx_word' id='word_1_389' title='bbox 1710 1542 1787 1578; x_wconf 87' lang='lat' dir='ltr'>Quid</span> <span class='ocrx_word' id='word_1_390' title='bbox 1807 1542 1859 1573; x_wconf 84' lang='lat' dir='ltr'>Al-</span> 
     </span>
     <span class='ocr_line' id='line_1_82' title="bbox 1149 1587 1860 1627; baseline -0.001 -9"><span class='ocrx_word' id='word_1_391' title='bbox 1149 1590 1262 1627; x_wconf 84' lang='lat' dir='ltr'>plionso</span> <span class='ocrx_word' id='word_1_392' title='bbox 1281 1589 1342 1627; x_wconf 80' lang='lat' dir='ltr'>regi</span> <span class='ocrx_word' id='word_1_393' title='bbox 1362 1588 1522 1618; x_wconf 83' lang='lat' dir='ltr'>obiectum.</span> <span class='ocrx_word' id='word_1_394' title='bbox 1541 1604 1580 1610; x_wconf 93' lang='lat'><em>-</em></span> <span class='ocrx_word' id='word_1_395' title='bbox 1597 1587 1624 1617; x_wconf 87' lang='lat'>3.</span> <span class='ocrx_word' id='word_1_396' title='bbox 1644 1587 1792 1617; x_wconf 86' lang='lat' dir='ltr'>Contraria</span> <span class='ocrx_word' id='word_1_397' title='bbox 1808 1596 1860 1626; x_wconf 89' lang='lat' dir='ltr'>pro</span> 
     </span>
     <span class='ocr_line' id='line_1_83' title="bbox 1148 1631 1858 1672; baseline -0.001 -10"><span class='ocrx_word' id='word_1_398' title='bbox 1148 1632 1298 1672; x_wconf 80' lang='lat' dir='ltr'>Alphonso</span> <span class='ocrx_word' id='word_1_399' title='bbox 1326 1637 1508 1671; x_wconf 84' lang='lat' dir='ltr'>argumenta.</span> <span class='ocrx_word' id='word_1_400' title='bbox 1535 1649 1575 1654; x_wconf 94' lang='lat'><strong>—</strong></span> <span class='ocrx_word' id='word_1_401' title='bbox 1603 1631 1708 1661; x_wconf 86' lang='lat' dir='ltr'>Comiti</span> <span class='ocrx_word' id='word_1_402' title='bbox 1736 1631 1858 1661; x_wconf 87' lang='lat' dir='ltr'>obiecta.</span> 
     </span>
     <span class='ocr_line' id='line_1_84' title="bbox 1147 1675 1861 1714; baseline -0.001 -9"><span class='ocrx_word' id='word_1_403' title='bbox 1147 1693 1184 1698; x_wconf 93' lang='lat'><strong>—</strong></span> <span class='ocrx_word' id='word_1_404' title='bbox 1206 1677 1233 1705; x_wconf 82' lang='lat'>5.</span> <span class='ocrx_word' id='word_1_405' title='bbox 1249 1676 1355 1706; x_wconf 86' lang='lat' dir='ltr'>Definit</span> <span class='ocrx_word' id='word_1_406' title='bbox 1374 1676 1505 1705; x_wconf 71' lang='lat' dir='ltr'>Pontifex</span> <span class='ocrx_word' id='word_1_407' title='bbox 1523 1681 1681 1714; x_wconf 85' lang='lat' dir='ltr'>utrumque</span> <span class='ocrx_word' id='word_1_408' title='bbox 1699 1676 1783 1705; x_wconf 89' lang='lat' dir='ltr'>electi</span> <span class='ocrx_word' id='word_1_409' title='bbox 1802 1675 1861 1704; x_wconf 84' lang='lat' dir='ltr'>Ro-</span> 
     </span>
     <span class='ocr_line' id='line_1_85' title="bbox 1148 1720 1734 1757; baseline 0 -8"><span class='ocrx_word' id='word_1_410' title='bbox 1148 1729 1300 1750; x_wconf 87' lang='lat' dir='ltr'>manorum</span> <span class='ocrx_word' id='word_1_411' title='bbox 1320 1720 1397 1757; x_wconf 84' lang='lat' dir='ltr'>regis</span> <span class='ocrx_word' id='word_1_412' title='bbox 1421 1720 1503 1749; x_wconf 89' lang='lat' dir='ltr'>titulo</span> <span class='ocrx_word' id='word_1_413' title='bbox 1526 1720 1734 1749; x_wconf 88' lang='lat' dir='ltr'>decorandum.</span> 
     </span>
    </p>
   </div>
   <div class='ocr_carea' id='block_1_14' title="bbox 1168 1785 1799 1822">
    <p class='ocr_par' dir='ltr' id='par_1_17' title="bbox 1168 1785 1799 1822">
     <span class='ocr_line' id='line_1_86' title="bbox 1168 1785 1799 1822; baseline -0.003 -7"><span class='ocrx_word' id='word_1_414' title='bbox 1168 1786 1293 1815; x_wconf 76' lang='lat' dir='ltr'>Urbanus</span> <span class='ocrx_word' id='word_1_415' title='bbox 1313 1786 1455 1822; x_wconf 79' lang='lat' dir='ltr'>episcopus</span> <span class='ocrx_word' id='word_1_416' title='bbox 1474 1793 1569 1815; x_wconf 78' lang='lat' dir='ltr'>servus</span> <span class='ocrx_word' id='word_1_417' title='bbox 1587 1792 1726 1815; x_wconf 75' lang='lat' dir='ltr'>servorum</span> <span class='ocrx_word' id='word_1_418' title='bbox 1743 1785 1799 1815; x_wconf 78' lang='lat' dir='ltr'>Bai.</span> 
     </span>
    </p>
   </div>
   <div class='ocr_carea' id='block_1_15' title="bbox 1107 1850 1860 1949">
    <p class='ocr_par' dir='ltr' id='par_1_18' title="bbox 1107 1850 1860 1949">
     <span class='ocr_line' id='line_1_87' title="bbox 1107 1850 1860 1896; baseline -0.001 -12"><span class='ocrx_word' id='word_1_419' title='bbox 1107 1851 1265 1896; x_wconf 77' lang='lat' dir='ltr'>Dt&#39;sfinicio</span> <span class='ocrx_word' id='word_1_420' title='bbox 1290 1851 1370 1884; x_wconf 79' lang='lat' dir='ltr'>inter</span> <span class='ocrx_word' id='word_1_421' title='bbox 1387 1850 1507 1893; x_wconf 76' lang='lat' dir='ltr'>‘fratres</span> <span class='ocrx_word' id='word_1_422' title='bbox 1535 1861 1625 1894; x_wconf 81' lang='lat' dir='ltr'>super</span> <span class='ocrx_word' id='word_1_423' title='bbox 1650 1850 1860 1883; x_wconf 78' lang='lat' dir='ltr'>nominatione</span> 
     </span>
     <span class='ocr_line' id='line_1_88' title="bbox 1253 1905 1710 1949; baseline -0.004 -11"><span class='ocrx_word' id='word_1_424' title='bbox 1253 1905 1416 1938; x_wconf 84' lang='lat' dir='ltr'>electorum</span> <span class='ocrx_word' id='word_1_425' title='bbox 1437 1905 1469 1937; x_wconf 76' lang='lat' dir='ltr'>in</span> <span class='ocrx_word' id='word_1_426' title='bbox 1487 1905 1710 1949; x_wconf 80' lang='lat' dir='ltr'>imperatorem.</span> 
     </span>
    </p>
   </div>
   <div class='ocr_carea' id='block_1_16' title="bbox 1107 1968 1859 2559">
    <p class='ocr_par' dir='ltr' id='par_1_19' title="bbox 1107 1968 1859 2559">
     <span class='ocr_line' id='line_1_89' title="bbox 1156 1968 1858 2017; baseline -0.003 -13"><span class='ocrx_word' id='word_1_427' title='bbox 1156 1974 1172 2014; x_wconf 67' lang='grc' dir='ltr'>ξ</span> <span class='ocrx_word' id='word_1_428' title='bbox 1200 1972 1231 2004; x_wconf 89' lang='grc'>1.</span> <span class='ocrx_word' id='word_1_429' title='bbox 1254 1968 1410 2004; x_wconf 90' lang='lat' dir='ltr'>Ordinato</span> <span class='ocrx_word' id='word_1_430' title='bbox 1432 1981 1534 2016; x_wconf 91' lang='lat' dir='ltr'>nuper</span> <span class='ocrx_word' id='word_1_431' title='bbox 1562 1969 1686 2017; x_wconf 88' lang='lat' dir='ltr'>imperii</span> <span class='ocrx_word' id='word_1_432' title='bbox 1720 1968 1858 2015; x_wconf 82' lang='lat' dir='ltr'>negotio,</span> 
     </span>
     <span class='ocr_line' id='line_1_90' title="bbox 1109 2017 1858 2066; baseline -0.001 -12"><span class='ocrx_word' id='word_1_433' title='bbox 1109 2028 1212 2066; x_wconf 89' lang='lat' dir='ltr'>prout,</span> <span class='ocrx_word' id='word_1_434' title='bbox 1234 2018 1444 2054; x_wconf 86' lang='lat' dir='ltr'>consideratis</span> <span class='ocrx_word' id='word_1_435' title='bbox 1460 2019 1627 2066; x_wconf 83' lang='lat' dir='ltr'>diligenter</span> <span class='ocrx_word' id='word_1_436' title='bbox 1652 2017 1858 2066; x_wconf 87' lang='lat' dir='ltr'>petitionibus</span> 
     </span>
     <span class='ocr_line' id='line_1_91' title="bbox 1109 2067 1858 2116; baseline -0.001 -14"><span class='ocrx_word' id='word_1_437' title='bbox 1109 2069 1242 2116; x_wconf 86' lang='lat' dir='ltr'>partium</span> <span class='ocrx_word' id='word_1_438' title='bbox 1281 2068 1456 2115; x_wconf 85' lang='lat' dir='ltr'>vestrisque</span> <span class='ocrx_word' id='word_1_439' title='bbox 1479 2068 1632 2113; x_wconf 89' lang='lat' dir='ltr'>consiliis,</span> <span class='ocrx_word' id='word_1_440' title='bbox 1664 2067 1858 2103; x_wconf 83' lang='lat' dir='ltr'>credidimus</span> 
     </span>
     <span class='ocr_line' id='line_1_92' title="bbox 1107 2116 1856 2164; baseline -0.003 -12"><span class='ocrx_word' id='word_1_441' title='bbox 1107 2117 1274 2164; x_wconf 85' lang='lat' dir='ltr'>expedire,</span> <span class='ocrx_word' id='word_1_442' title='bbox 1311 2117 1466 2153; x_wconf 86' lang='lat' dir='ltr'>dubitatio</span> <span class='ocrx_word' id='word_1_443' title='bbox 1500 2118 1630 2162; x_wconf 84' lang='lat' dir='ltr'>incidit,</span> <span class='ocrx_word' id='word_1_444' title='bbox 1668 2128 1732 2164; x_wconf 93' lang='lat' dir='ltr'>quo</span> <span class='ocrx_word' id='word_1_445' title='bbox 1766 2116 1856 2150; x_wconf 88' lang='lat' dir='ltr'>titulo</span> 
     </span>
     <span class='ocr_line' id='line_1_93' title="bbox 1110 2165 1855 2214; baseline -0.004 -13"><span class='ocrx_word' id='word_1_446' title='bbox 1110 2176 1243 2214; x_wconf 87' lang='lat' dir='ltr'>uterque</span> <span class='ocrx_word' id='word_1_447' title='bbox 1269 2167 1306 2201; x_wconf 92' lang='lat' dir='ltr'>ad</span> <span class='ocrx_word' id='word_1_448' title='bbox 1329 2166 1412 2201; x_wconf 90' lang='lat' dir='ltr'>idem</span> <span class='ocrx_word' id='word_1_449' title='bbox 1441 2167 1606 2214; x_wconf 86' lang='lat' dir='ltr'>imperium</span> <span class='ocrx_word' id='word_1_450' title='bbox 1630 2166 1801 2201; x_wconf 90' lang='lat' dir='ltr'>electorum</span> <span class='ocrx_word' id='word_1_451' title='bbox 1824 2165 1855 2199; x_wconf 91' lang='lat' dir='ltr'>in</span> 
     </span>
     <span class='ocr_line' id='line_1_94' title="bbox 1110 2215 1857 2260; baseline -0.004 -10"><span class='ocrx_word' id='word_1_452' title='bbox 1110 2218 1225 2251; x_wconf 88' lang='lat' dir='ltr'>nostris</span> <span class='ocrx_word' id='word_1_453' title='bbox 1259 2216 1369 2250; x_wconf 90' lang='lat' dir='ltr'>litteris</span> <span class='ocrx_word' id='word_1_454' title='bbox 1397 2216 1434 2250; x_wconf 91' lang='lat' dir='ltr'>sit</span> <span class='ocrx_word' id='word_1_455' title='bbox 1466 2217 1656 2251; x_wconf 87' lang='lat' dir='ltr'>censendus.</span> <span class='ocrx_word' id='word_1_456' title='bbox 1686 2215 1748 2249; x_wconf 88' lang='lat' dir='ltr'>Pro</span> <span class='ocrx_word' id='word_1_457' title='bbox 1770 2222 1857 2260; x_wconf 87' lang='lat' dir='ltr'>parte</span> 
     </span>
     <span class='ocr_line' id='line_1_95' title="bbox 1108 2262 1857 2312; baseline -0.005 -12"><span class='ocrx_word' id='word_1_458' title='bbox 1108 2266 1267 2312; x_wconf 88' lang='lat' dir='ltr'>siquidem</span> <span class='ocrx_word' id='word_1_459' title='bbox 1295 2265 1402 2299; x_wconf 85' lang='lat' dir='ltr'>dilecti</span> <span class='ocrx_word' id='word_1_460' title='bbox 1430 2265 1483 2300; x_wconf 88' lang='lat' dir='ltr'>lilii</span> <span class='ocrx_word' id='word_1_461' title='bbox 1515 2264 1673 2312; x_wconf 78' lang='lat' dir='ltr'>magnifici</span> <span class='ocrx_word' id='word_1_462' title='bbox 1703 2263 1758 2298; x_wconf 82' lang='lat' dir='ltr'>viri</span> <span class='ocrx_word' id='word_1_463' title='bbox 1782 2262 1857 2297; x_wconf 83' lang='lat' dir='ltr'>Ric-</span> 
     </span>
     <span class='ocr_line' id='line_1_96' title="bbox 1109 2312 1856 2358; baseline -0.005 -9"><span class='ocrx_word' id='word_1_464' title='bbox 1109 2316 1192 2349; x_wconf 77' lang='lat' dir='ltr'>cardi</span> <span class='ocrx_word' id='word_1_465' title='bbox 1220 2314 1344 2349; x_wconf 86' lang='lat' dir='ltr'>comitis</span> <span class='ocrx_word' id='word_1_466' title='bbox 1370 2314 1542 2349; x_wconf 83' lang='lat' dir='ltr'>Corrubiae</span> <span class='ocrx_word' id='word_1_467' title='bbox 1568 2314 1730 2349; x_wconf 87' lang='lat' dir='ltr'>dicebatur</span> <span class='ocrx_word' id='word_1_468' title='bbox 1753 2312 1856 2358; x_wconf 88' lang='lat' dir='ltr'>ipsum</span> 
     </span>
     <span class='ocr_line' id='line_1_97' title="bbox 1110 2363 1854 2406; baseline -0.007 -8"><span class='ocrx_word' id='word_1_469' title='bbox 1110 2365 1140 2398; x_wconf 94' lang='lat' dir='ltr'>in</span> <span class='ocrx_word' id='word_1_470' title='bbox 1168 2364 1288 2398; x_wconf 88' lang='lat' dir='ltr'>eisdem</span> <span class='ocrx_word' id='word_1_471' title='bbox 1315 2364 1427 2398; x_wconf 89' lang='lat' dir='ltr'>litteris</span> <span class='ocrx_word' id='word_1_472' title='bbox 1452 2365 1485 2398; x_wconf 88' lang='lat' dir='ltr'>in</span> <span class='ocrx_word' id='word_1_473' title='bbox 1513 2363 1728 2398; x_wconf 84' lang='lat' dir='ltr'>Romanorum</span> <span class='ocrx_word' id='word_1_474' title='bbox 1751 2372 1854 2406; x_wconf 82' lang='lat' dir='ltr'>regem</span> 
     </span>
     <span class='ocr_line' id='line_1_98' title="bbox 1109 2409 1857 2450; baseline -0.003 -3"><span class='ocrx_word' id='word_1_475' title='bbox 1109 2413 1244 2447; x_wconf 86' lang='lat' dir='ltr'>electum</span> <span class='ocrx_word' id='word_1_476' title='bbox 1271 2421 1301 2447; x_wconf 84' lang='lat' dir='ltr'>et</span> <span class='ocrx_word' id='word_1_477' title='bbox 1333 2421 1517 2448; x_wconf 84' lang='lat' dir='ltr'>coronatum</span> <span class='ocrx_word' id='word_1_478' title='bbox 1546 2411 1696 2447; x_wconf 88' lang='lat' dir='ltr'>nominari</span> <span class='ocrx_word' id='word_1_479' title='bbox 1731 2409 1857 2450; x_wconf 77' lang='lat' dir='ltr'>debere,</span> 
     </span>
     <span class='ocr_line' id='line_1_99' title="bbox 1110 2459 1858 2509; baseline -0.003 -13"><span class='ocrx_word' id='word_1_480' title='bbox 1110 2475 1181 2496; x_wconf 86' lang='lat' dir='ltr'>curu</span> <span class='ocrx_word' id='word_1_481' title='bbox 1201 2475 1256 2509; x_wconf 91' lang='lat' dir='ltr'>per</span> <span class='ocrx_word' id='word_1_482' title='bbox 1277 2462 1377 2497; x_wconf 84' lang='lat' dir='ltr'>felicis</span> <span class='ocrx_word' id='word_1_483' title='bbox 1399 2462 1627 2497; x_wconf 87' lang='lat' dir='ltr'>recordatiouis</span> <span class='ocrx_word' id='word_1_484' title='bbox 1644 2459 1858 2495; x_wconf 77' lang='lat' dir='ltr'>Alexandrum</span> 
     </span>
     <span class='ocr_line' id='line_1_100' title="bbox 1109 2508 1859 2559; baseline -0.005 -13"><span class='ocrx_word' id='word_1_485' title='bbox 1109 2511 1227 2559; x_wconf 88' lang='lat' dir='ltr'>Papam</span> <span class='ocrx_word' id='word_1_486' title='bbox 1251 2511 1539 2559; x_wconf 85' lang='lat' dir='ltr'>praedecessorem,</span> <span class='ocrx_word' id='word_1_487' title='bbox 1566 2518 1598 2545; x_wconf 86' lang='lat' dir='ltr'>et</span> <span class='ocrx_word' id='word_1_488' title='bbox 1623 2521 1638 2544; x_wconf 88' lang='lat' dir='ltr'>a</span> <span class='ocrx_word' id='word_1_489' title='bbox 1657 2508 1750 2543; x_wconf 90' lang='lat' dir='ltr'>nobis</span> <span class='ocrx_word' id='word_1_490' title='bbox 1764 2509 1859 2543; x_wconf 87' lang='lat' dir='ltr'>etiam</span> 
     </span>
    </p>
   </div>
   <div class='ocr_carea' id='block_1_17' title="bbox 1145 2574 1799 2653">
    <p class='ocr_par' dir='ltr' id='par_1_20' title="bbox 1145 2574 1799 2653">
     <span class='ocr_line' id='line_1_101' title="bbox 1145 2574 1799 2612; baseline -0.005 -8"><span class='ocrx_word' id='word_1_491' title='bbox 1145 2577 1185 2611; x_wconf 83' lang='lat' dir='ltr'>(t)</span> <span class='ocrx_word' id='word_1_492' title='bbox 1206 2577 1267 2612; x_wconf 80' lang='lat' dir='ltr'>Leg.</span> <span class='ocrx_word' id='word_1_493' title='bbox 1288 2577 1439 2604; x_wconf 80' lang='lat' dir='ltr'>Cornubiae</span> <span class='ocrx_word' id='word_1_494' title='bbox 1457 2575 1499 2603; x_wconf 88' lang='lat' dir='ltr'>hic</span> <span class='ocrx_word' id='word_1_495' title='bbox 1514 2578 1539 2602; x_wconf 89' lang='lat' dir='ltr'>et</span> <span class='ocrx_word' id='word_1_496' title='bbox 1560 2574 1657 2610; x_wconf 85' lang='lat' dir='ltr'>passim</span> <span class='ocrx_word' id='word_1_497' title='bbox 1673 2574 1698 2600; x_wconf 89' lang='lat' dir='ltr'>in</span> <span class='ocrx_word' id='word_1_498' title='bbox 1716 2574 1799 2601; x_wconf 88' lang='lat' dir='ltr'>Butta.</span> 
     </span>
     <span class='ocr_line' id='line_1_102' title="bbox 1157 2616 1467 2653; baseline 0.003 -11"><span class='ocrx_word' id='word_1_499' title='bbox 1157 2616 1185 2650; x_wconf 70' lang='grc' dir='ltr'>Ξ)</span> <span class='ocrx_word' id='word_1_500' title='bbox 1202 2617 1241 2643; x_wconf 84' lang='lat' dir='ltr'>Ex</span> <span class='ocrx_word' id='word_1_501' title='bbox 1262 2616 1366 2653; x_wconf 74' lang='lat' dir='ltr'>Regest.</span> <span class='ocrx_word' id='word_1_502' title='bbox 1384 2616 1467 2643; x_wconf 80' lang='lat' dir='ltr'>Vatic.</span> 
     </span>
    </p>
   </div>
   <div class='ocr_carea' id='block_1_18' title="bbox 1888 236 2126 270">
    <p class='ocr_par' dir='ltr' id='par_1_21' title="bbox 1888 236 2126 270">
     <span class='ocr_line' id='line_1_103' title="bbox 1888 236 2126 270; baseline 0.008 -2"><span class='ocrx_word' id='word_1_503' title='bbox 1888 241 1941 269; x_wconf 78' lang='lat' dir='ltr'>Au.</span> <span class='ocrx_word' id='word_1_504' title='bbox 1958 241 1989 269; x_wconf 90' lang='lat' dir='ltr'>c.</span> <span class='ocrx_word' id='word_1_505' title='bbox 2001 240 2070 270; x_wconf 60' lang='grc' dir='ltr'>ιω</span> <span class='ocrx_word' id='word_1_506' title='bbox 2119 236 2126 243; x_wconf 79' lang='grc'>”</span> 
     </span>
    </p>
   </div>
   <div class='ocr_carea' id='block_1_19' title="bbox 1883 301 2068 382">
    <p class='ocr_par' dir='ltr' id='par_1_22' title="bbox 1883 301 2068 382">
     <span class='ocr_line' id='line_1_104' title="bbox 1898 301 2068 330; baseline 0.012 -8"><span class='ocrx_word' id='word_1_507' title='bbox 1898 301 2003 328; x_wconf 64' lang='lat' dir='ltr'>nignitate</span> <span class='ocrx_word' id='word_1_508' title='bbox 2019 304 2068 330; x_wconf 66' lang='lat' dir='ltr'>apl-</span> 
     </span>
     <span class='ocr_line' id='line_1_105' title="bbox 1884 331 2067 360; baseline 0.016 -9"><span class='ocrx_word' id='word_1_509' title='bbox 1884 331 1964 359; x_wconf 82' lang='lat' dir='ltr'>scopali</span> <span class='ocrx_word' id='word_1_510' title='bbox 1979 333 2067 360; x_wconf 74' lang='lat' dir='ltr'>prin--</span> 
     </span>
     <span class='ocr_line' id='line_1_106' title="bbox 1883 366 1924 382; baseline 0 0"><span class='ocrx_word' id='word_1_511' title='bbox 1883 366 1924 382; x_wconf 60' lang='lat' dir='ltr'>[ur.</span> 
     </span>
    </p>
   </div>
   <div class='ocr_carea' id='block_1_20' title="bbox 1884 1979 2102 2007">
    <p class='ocr_par' dir='ltr' id='par_1_23' title="bbox 1884 1979 2102 2007">
     <span class='ocr_line' id='line_1_107' title="bbox 1884 1979 2102 2007; baseline 0 -1"><span class='ocrx_word' id='word_1_512' title='bbox 1884 1984 1963 2007; x_wconf 75' lang='lat' dir='ltr'>Causae</span> <span class='ocrx_word' id='word_1_513' title='bbox 1980 1984 2055 2007; x_wconf 70' lang='lat' dir='ltr'>teren—</span> <span class='ocrx_word' id='word_1_514' title='bbox 2099 1979 2102 1989; x_wconf 76' lang='lat'><strong>²</strong></span> 
     </span>
    </p>
   </div>
   <div class='ocr_carea' id='block_1_21' title="bbox 1871 2016 2054 2037">
    <p class='ocr_par' dir='ltr' id='par_1_24' title="bbox 1871 2016 2054 2037">
     <span class='ocr_line' id='line_1_108' title="bbox 1871 2016 2054 2037; baseline -0.011 0"><span class='ocrx_word' id='word_1_515' title='bbox 1871 2017 1910 2037; x_wconf 66' lang='lat' dir='ltr'>dae</span> <span class='ocrx_word' id='word_1_516' title='bbox 1917 2016 2054 2037; x_wconf 67' lang='lat' dir='ltr'>definitionis.</span> 
     </span>
    </p>
   </div>
   <div class='ocr_carea' id='block_1_22' title="bbox 1871 2280 2055 2331">
    <p class='ocr_par' dir='ltr' id='par_1_25' title="bbox 1871 2280 2055 2331">
     <span class='ocr_line' id='line_1_109' title="bbox 1879 2280 2054 2305; baseline -0.006 -4"><span class='ocrx_word' id='word_1_517' title='bbox 1879 2280 2007 2304; x_wconf 72' lang='lat' dir='ltr'>Argumenta</span> <span class='ocrx_word' id='word_1_518' title='bbox 2016 2283 2054 2305; x_wconf 75' lang='lat' dir='ltr'>pro</span> 
     </span>
     <span class='ocr_line' id='line_1_110' title="bbox 1871 2308 2055 2331; baseline 0 -1"><span class='ocrx_word' id='word_1_519' title='bbox 1871 2308 1972 2331; x_wconf 68' lang='lat' dir='ltr'>nicenae</span> <span class='ocrx_word' id='word_1_520' title='bbox 2009 2309 2055 2330; x_wconf 78' lang='lat' dir='ltr'>An·</span> 
     </span>
    </p>
   </div>
   <div class='ocr_carea' id='block_1_23' title="bbox 1871 2339 2086 2366">
    <p class='ocr_par' dir='ltr' id='par_1_26' title="bbox 1871 2339 2086 2366">
     <span class='ocr_line' id='line_1_111' title="bbox 1871 2339 2086 2366; baseline 0.005 -6"><span class='ocrx_word' id='word_1_521' title='bbox 1871 2339 1912 2366; x_wconf 65' lang='lat' dir='ltr'>plo,</span> <span class='ocrx_word' id='word_1_522' title='bbox 1927 2342 1950 2361; x_wconf 88' lang='lat' dir='ltr'>ut.</span> <span class='ocrx_word' id='word_1_523' title='bbox 1971 2339 2054 2361; x_wconf 72' lang='lat' dir='ltr'>electu</span> <span class='ocrx_word' id='word_1_524' title='bbox 2084 2346 2086 2350; x_wconf 67' lang='grc'>’</span> 
     </span>
    </p>
   </div>
   <div class='ocr_carea' id='block_1_24' title="bbox 1870 2370 2055 2428">
    <p class='ocr_par' dir='ltr' id='par_1_27' title="bbox 1870 2370 2055 2428">
     <span class='ocr_line' id='line_1_112' title="bbox 1871 2370 2055 2392; baseline 0 0"><span class='ocrx_word' id='word_1_525' title='bbox 1871 2370 2009 2392; x_wconf 68' lang='lat' dir='ltr'>Romanorum</span> <span class='ocrx_word' id='word_1_526' title='bbox 2016 2374 2055 2392; x_wconf 78' lang='lat' dir='ltr'>m</span> 
     </span>
     <span class='ocr_line' id='line_1_113' title="bbox 1870 2404 2011 2428; baseline -0.007 -6"><span class='ocrx_word' id='word_1_527' title='bbox 1870 2404 2011 2428; x_wconf 77' lang='lat' dir='ltr'>nuncupetur.</span> 
     </span>
    </p>
   </div>
   <div class='ocr_carea' id='block_1_25' title="bbox 2096 1186 2129 3223">
    <p class='ocr_par' dir='ltr' id='par_1_28' title="bbox 2096 1186 2129 3223">
     <span class='ocr_line' id='line_1_114' title="bbox 2096 1186 2129 3223; baseline 0 0"><span class='ocrx_word' id='word_1_528' title='bbox 2096 1186 2129 3223; x_wconf 95' lang='lat' dir='ltr'> </span> 
     </span>
    </p>
   </div>
  </div>
 </body>
</html>
