2129 3223
14 283 74 320 ῥυ.
90 281 120 310 C.
136 281 204 309 ¹25⁶

49 876 165 898 mutulae.

826 281 844 304 Λ
850 279 1022 304 [ΙΞΧΛΝΒΕΒ
1046 279 1079 301 lv
1101 278 1148 301 PP.

220 345 252 372 ut
286 337 316 371 in
356 345 530 372 conventus
567 336 661 371 vestri
697 336 841 383 praelatis
876 336 968 371 insti-

218 386 344 422 tuendis
370 395 399 421 et
421 385 617 423 amovendis,
642 385 720 420 sicut
744 385 896 420 hactenus
923 386 968 421 di-

218 437 310 477 citur,
325 435 364 471 ab
381 434 637 470 antecessoribus
656 436 767 469 vestris
789 435 967 478 obtentum,

219 485 309 521 liceat
323 492 353 519 et
368 484 466 524 vobis,
480 484 802 519 sinecontradictione
817 485 967 532 qualibet,

217 534 391 570 observare.
415 533 592 569 Libertates
615 542 772 581 praeterea
799 543 829 568 et
853 535 968 569 immu-

217 584 342 624 nitates,
378 595 499 618 necnon
527 583 671 630 antiquas
704 591 734 617 et
765 584 967 618 rationabiles

216 632 464 668 consuetudines
487 633 686 667 monasteriis
709 633 819 667 vestris
842 644 969 667 conces-

216 694 266 718 sas
283 690 313 717 et
335 682 488 717 hactenus
505 682 685 717 observatas
702 692 782 717 ratas
801 682 967 722 habemus,

215 740 246 766 et
260 743 314 768 eas
335 731 449 766 futuris
471 731 668 779 temporibus
685 731 819 766 illibatas
841 743 967 766 manere

216 781 384 816 sancimus.

266 830 477 865 Decernimus
515 842 607 876 ergo7
649 838 682 864 ut
721 830 798 865 nulli
838 830 968 865 omnino

217 879 380 914 hominum
421 879 513 914 liceat
539 879 674 926 praefata
697 880 883 915 monasteria
912 891 966 914 seu

215 928 375 964 Ecclesias
403 936 522 964 temere
545 929 738 976 perturbare,
773 938 827 964 aut
860 941 966 963 earum

216 983 433 1030 possessiones
459 982 581 1018 auferre
604 982 650 1016 vel
675 982 793 1018 ablatas
821 982 967 1026 retinere,

215 1037 370 1076 minuere,
391 1045 445 1071 ant
467 1035 661 1083 quibuslibet
683 1036 901 1071 vexationibus
923 1036 968 1071 sa-

216 1090 325 1137 tigare,
353 1090 408 1125 sed
441 1091 546 1125 omnia
584 1090 705 1136 integre
739 1098 967 1125 conserventur

214 1156 339 1183 eorum,
363 1157 417 1191 pro
439 1156 574 1191 quorum
596 1144 826 1191 gubernatione
846 1152 875 1179 et
897 1144 969 1178 sub-

214 1197 404 1233 stentatione
431 1209 579 1233 concessa
607 1206 679 1232 sunt
716 1198 826 1232 usibus
861 1198 968 1232 omni-

195 1251 317 1287 'modis
345 1251 518 1298 profutura,
541 1251 625 1286 salva
652 1251 746 1286 Sedis
768 1251 968 1298 Apostolicae

214 1306 410 1341 auctoritate.
433 1304 467 1340 Si
491 1317 551 1352 qua
579 1305 675 1351 igitur
698 1306 728 1339 in
753 1305 891 1340 futurum
915 1316 968 1338 ec-

215 1359 400 1399 clesiastica,
419 1358 626 1394 saecularisve
650 1370 785 1405 persona
808 1358 890 1393 banc
918 1370 967 1392 no-

216 1422 298 1448 strae
316 1413 552 1448 constitutionis
567 1412 711 1459 paginam
728 1412 844 1453 sciens,
860 1420 967 1446 contra

215 1478 284 1502 eam
316 1474 434 1502 temere
469 1466 576 1501 venire
610 1466 784 1509 tentaverit,
813 1465 968 1506 secundo,

216 1520 347 1556 tertiove
382 1519 587 1561 commonita,
620 1520 681 1554 nisi
716 1528 836 1554 reatum
873 1531 967 1554 suum

215 1585 356 1620 congrua
378 1573 592 1609 satisfactione
619 1573 800 1617 correxerit⁷
831 1581 969 1620 potesta-

215 1628 268 1669 tis,
288 1627 478 1676 honorisque
490 1628 538 1663 sui
561 1627 711 1674 dignitate
733 1636 849 1668 careat,
866 1639 970 1662 ream-

216 1693 280 1728 que
300 1693 334 1717 se
355 1681 462 1716 divino
484 1681 599 1716 iudicio
627 1682 760 1716 existere
782 1682 821 1717 de
849 1694 970 1729 perpe-

217 1743 294 1770 trata
310 1734 475 1782 iniquitate
491 1743 672 1782 cognoscat,
688 1744 716 1770 et
736 1748 751 1770 a
771 1736 970 1771 sacratissmo

217 1787 359 1836 Corpore
389 1797 419 1823 et
439 1789 602 1835 Sanguine
624 1789 680 1823 Dei
705 1802 740 1824 ac
762 1789 890 1823 Domini
909 1789 972 1823 Re—

218 1842 391 1889 demptoris
421 1842 525 1876 Nostri
548 1842 618 1876 lesu
641 1842 756 1876 Christi
777 1843 876 1877 aliena
907 1842 971 1886 fiat,
991 1871 993 1878 ,

219 1903 314 1943 atque
359 1895 391 1929 in
437 1904 577 1930 extremo
624 1896 766 1930 examine
813 1895 972 1930 districtae

220 1948 379 1984 subiaceat
406 1949 529 1984 ultioni.
563 1949 694 1985 Cunctis
727 1957 832 1984 autem
870 1949 971 1984 eidem

221 2003 291 2038 loco
312 2015 368 2038 Sua
390 2002 456 2038 iura
480 2003 679 2038 servantibus
701 2003 741 2038 sit
764 2016 821 2050 pax
845 2003 971 2038 Domini
992 2019 995 2054 3:
1014 2020 1089 2043 suae
1124 2018 1152 2043 [e
1187 2009 1349 2044 molestiae
1382 2011 1514 2045 minime
1545 2012 1763 2058 praeterirent,

993 2057 1069 2099 ⁴¹sed
1108 2058 1198 2092 simul
1236 2070 1306 2093 cum
1346 2059 1413 2106 ipsa
1453 2068 1595 2106 gustares
1636 2073 1763 2096 suarum

221 2056 327 2092 Nostri
348 2055 417 2092 Iesu
445 2056 576 2100 Christi,
599 2067 756 2104 quatenus
778 2065 807 2092 et
834 2058 884 2092 liic
913 2058 974 2091 fru-

223 2119 309 2146 ctum
337 2110 438 2146 bonae
464 2111 596 2146 actionis
618 2111 802 2158 percipiant,
830 2120 860 2145 et
889 2111 972 2158 apud

224 2164 401 2200 districtum
416 2164 553 2199 Iudicem
574 2165 709 2210 praemia
725 2173 869 2199 aeternae
889 2166 975 2212 pacis

226 2217 396 2253 inveniant.
424 2218 538 2252 Amen.
564 2218 677 2253 Amen.
702 2219 815 2253 Amen.

228 2379 310 2423 tatii,
333 2378 458 2414 decimo
480 2380 616 2426 septimo
638 2379 785 2414 kalendas
799 2381 878 2423 iulii,
899 2380 979 2414 iudi-

229 2433 332 2468 ctione
353 2432 602 2479 decimaquarta,
631 2433 853 2468 incarnationis
874 2434 978 2469 domi-

231 2486 321 2520 nicae
341 2498 425 2521 anno
447 2486 616 2522 millesimo
643 2487 861 2522 ducentesimo
885 2488 979 2534 quin-

231 2540 414 2587 quagesimo
455 2548 555 2582 sexto,
592 2541 792 2588 pontificatus
827 2553 900 2576 vero
939 2541 978 2575 D.

232 2592 400 2628 Alexandri
424 2594 527 2641 Papae
549 2595 650 2641 quarti
678 2606 761 2629 anno
787 2594 939 2630 secundo.

282 2653 343 2685 Dat.
361 2655 408 2686 die
428 2656 464 2686 15
478 2657 554 2686 iunii
580 2655 664 2692 1256,
683 2656 784 2695 pontis.
808 2665 884 2686 anno
899 2665 929 2686 ιι.

1638 270 1708 303 659

1309 333 1454 369 XXXIII.

1010 405 1180 439 Prohibin'o
1206 406 1340 450 eli‘yendi
1366 408 1410 440 uel
1436 409 1619 441 nominandi
1641 408 1761 443 Conra-

1056 456 1130 488 dum
1174 462 1281 489 natum
1327 458 1484 500 quondam
1527 457 1665 491 Conradt'
1702 459 1763 504 filii

1057 504 1210 538 Friderici
1241 506 1315 538 olim
1353 507 1560 550 imperatoris,
1597 507 1629 539 in
1662 519 1760 552 reqem

1059 554 1279 588 Romanorum.

1276 623 1493 654 st'MMARtUM

1009 688 1164 719 Exordium
1189 699 1202 718 a
1223 691 1431 720 communione
1454 690 1523 720 boni
1546 691 1676 730 malique
1703 692 1759 722 Ec-

1047 733 1155 763 clesiae
1183 733 1369 772 Moguntinae
1388 743 1455 764 cum
1479 734 1608 765 Romana
1627 737 1759 775 petitum.

1047 794 1086 800 —-
1102 778 1127 807 1.
1146 777 1260 813 Quanto
1283 778 1450 808 adhibenda
1471 779 1623 817 diligentia
1648 781 1676 810 iu
1700 781 1761 810 ele-

1048 822 1144 852 ctione
1163 823 1242 861 regis
1265 822 1475 853 Romanorum.
1497 840 1535 845 —
1557 823 1612 859 Qui
1632 825 1670 855 sit
1689 834 1760 855 cae-

1048 867 1118 896 teris
1142 867 1365 905 praeserendus.
1380 884 1420 890 -
1437 867 1464 897 -2.
1482 867 1591 898 Damna
1610 868 1760 899 Ecclesiae

1047 919 1061 939 a
1080 909 1241 948 Friderico,
1264 912 1389 950 eiusque
1415 911 1553 942 affinibus
1572 912 1652 943 illata
1676 922 1760 943 com-

1048 960 1200 985 memorat.
1222 971 1262 978 —
1283 956 1310 985 3.
1339 956 1435 991 Quare
1462 956 1665 988 excludendus
1688 956 1762 988 Con-

1047 999 1136 1028 radus
1169 1000 1234 1029 eius
1258 1009 1360 1039 nepos.
1387 1017 1426 1023 —
1452 1001 1480 1030 4.
1509 1000 1579 1038 Imo,
1602 1002 1761 1041 quominus

1048 1044 1182 1082 eligatur,
1202 1044 1385 1083 prohibetur.
1409 1062 1447 1067 —
1468 1046 1494 1074 5.
1523 1045 1638 1076 Poenae
1661 1051 1761 1076 contra

1048 1088 1183 1118 mandato
1203 1089 1271 1118 huic
1290 1089 1440 1128 pontificio
1459 1090 1674 1121 inobedientes.

1008 1159 1158 1188 Alexander
1177 1159 1320 1196 episcopus
1340 1167 1436 1189 servus
1466 1168 1608 1191 servorum
1626 1161 1682 1195 nei,
1702 1169 1760 1192 ven.

1053 1208 1137 1237 fratri
1156 1209 1356 1245 archiepiscopo
1386 1210 1556 1245 moguntino.
1577 1211 1698 1240 salntem
1732 1214 1762 1241 et

1052 1258 1232 1293 apostolicam
1251 1259 1473 1288 benedictionem.

1057 1320 1161 1355 Firma
1192 1320 1330 1368 profecto
1357 1322 1501 1357 consistit
1532 1323 1656 1364 domus,
1679 1336 1760 1371 quae

1008 1370 1120 1405 solidis
1148 1379 1195 1404 est
1229 1370 1334 1405 fulcita
1363 1371 1531 1417 columnis,
1563 1380 1593 1407 et
1618 1372 1758 1409 Ecclesia

1009 1428 1083 1454 tunc
1110 1420 1208 1454 multo
1235 1420 1391 1454 stabilitur
1408 1420 1531 1461 robore,
1559 1434 1631 1456 cum
1661 1434 1759 1469 prae—

1009 1468 1143 1503 latorum
1158 1469 1271 1503 virtute
1295 1481 1330 1504 ac
1350 1470 1522 1505 constantia
1535 1472 1760 1512 communitur;

1010 1518 1090 1552 inter
1103 1530 1183 1564 quos
1194 1518 1267 1565 quia
1285 1517 1406 1553 honore
1421 1531 1457 1554 ac
1473 1520 1609 1566 potentia
1620 1521 1760 1556 eminere

1009 1567 1217 1613 dignosceris,
1251 1568 1444 1603 conveniens
1475 1577 1520 1603 est
1550 1577 1580 1604 et
1606 1569 1760 1611 debitum,

1011 1624 1043 1650 ut
1070 1616 1270 1651 favorabilius
1296 1624 1327 1651 et
1354 1618 1570 1653 vehementius
1591 1618 1694 1654 eidem
1718 1632 1761 1655 as-

1010 1666 1104 1700 sistas
1130 1665 1301 1706 Ecclesiae.v
1329 1678 1364 1700 ac
1394 1679 1409 1701 a
1439 1675 1467 1701 te
1495 1667 1559 1714 ipsa
1588 1667 1619 1702 in
1642 1681 1763 1716 oppor-

1012 1714 1199 1749 tunitatibus
1220 1715 1370 1760 praesidia
1393 1715 1507 1750 sentiat
1528 1717 1658 1763 potiora.
1680 1717 1762 1760 Quia

1012 1764 1036 1797 si
1064 1764 1133 1797 eius
1163 1771 1295 1809 augetur
1322 1772 1422 1798 status
1444 1772 1473 1799 et
1499 1766 1613 1812 optatis
1640 1767 1763 1813 proficit

1014 1820 1235 1855 incrementis,
1274 1825 1335 1847 una
1374 1820 1405 1847 tu
1445 1825 1515 1847 cum
1554 1827 1589 1849 ea
1632 1827 1761 1850 suorum

1013 1861 1210 1907 profectuum
1241 1862 1475 1909 participatione
1507 1865 1697 1899 concrescis.
1723 1864 1763 1899 Et

1013 1910 1056 1951 si,
1094 1910 1177 1957 quod
1216 1911 1313 1948 absit.
1351 1911 1507 1958 aliquibus
1546 1913 1764 1949 molestaretur

1013 1959 1163 2004 adversis⁷
1179 1954 1209 1994 et
1221 1960 1356 1995 sinistris
1379 1970 1572 2007 pungeretur
1586 1962 1762 2004 eventibus,

1014 2107 1255 2142 amaritudinem
1280 2117 1499 2155 punctionum.
1525 2109 1592 2144 lmo
1613 2111 1693 2146 sicut
1715 2111 1765 2145 lo-

1016 2169 1086 2190 cum
1115 2157 1146 2191 in
1174 2168 1208 2191 ea
1237 2157 1361 2192 obtines
1383 2159 1483 2204 magis
1506 2160 1712 2206 conspicuum
1734 2167 1764 2193 et

1016 2205 1190 2249 excelsum,
1212 2207 1256 2240 sic
1280 2207 1349 2252 plus
1375 2215 1403 2241 te
1428 2207 1605 2242 laetificaret
1635 2221 1765 2255 prospe-

274 2271 390 2306 Datum
419 2272 579 2317 Anagniae
602 2284 657 2318 per
684 2284 812 2307 manum
839 2272 974 2318 magislri
1017 2256 1101 2293 ritas,
1129 2264 1157 2289 et
1191 2255 1348 2289 tribulatio
1370 2256 1589 2298 conturbaretg
1615 2270 1672 2292 nec
1698 2269 1765 2304 ipsa

227 2324 353 2360 lordani
375 2325 495 2359 domini
523 2325 628 2372 Papae
655 2326 839 2361 subdiaconi
867 2334 897 2361 et
925 2339 977 2361 no-
996 2330 998 2364 ζ
1017 2315 1096 2349 quae
1124 2304 1292 2350 plurmum
1322 2317 1350 2338 ¹¹¹
1380 2313 1442 2339 ¹⁰¹⁸
1473 2307 1648 2351 congaudet
1683 2318 1766 2341 com‘

996 2365 998 2375 ·
1019 2352 1131 2396 modis,
1154 2353 1192 2387 de
1216 2354 1277 2387 tuis
1305 2362 1411 2400 posset
1434 2354 1674 2390 adversitatibus
1694 2367 1766 2401 gra-

1020 2402 1095 2436 viter
1122 2413 1183 2436 non
1219 2401 1335 2437 dolere.
1371 2403 1495 2444 Quanto
1521 2411 1624 2438 autem
1652 2404 1765 2439 affectu

1019 2458 1048 2484 te
1075 2450 1111 2484 ad
1139 2451 1216 2485 alios
1238 2451 1418 2486 Alemaniae
1443 2451 1596 2498 praelatos
1622 2453 1766 2489 Romana

1019 2511 1144 2546 semper
1167 2508 1331 2546 prosecuta
1363 2501 1455 2535 suerit
1484 2500 1638 2547 Ecclesia,
1665 2515 1767 2551 quan-

1020 2549 1120 2594 tisque
1143 2549 1224 2583 circa
1257 2561 1311 2583 vos
1344 2557 1375 2584 et
1402 2551 1484 2597 ipsas
1510 2550 1666 2587 Ecclesias
1697 2559 1767 2587 stu·

1020 2597 1123 2632 ducrit
1145 2597 1270 2632 assidue
1292 2599 1491 2645 magnificare
1513 2612 1548 2634 ac
1570 2612 1767 2648 praeservare

1021 2646 1191 2691 favoribus,
1214 2647 1295 2682 clare
1318 2648 1431 2695 liquet:
1449 2661 1520 2683 cum
1540 2661 1712 2698 numquam
1734 2650 1768 2686 in

1775 281 1826 307 An.
1843 281 1873 309 C.
1887 282 1955 310 1236

1803 1336 1911 1356 Exordium
1950 1342 1960 1355 3

1795 1368 1941 1387 communion„

1775 1400 1823 1419 boni
1869 1398 1959 1424 malique

1775 1429 1883 1450 Ecclesiae
1915 1427 1959 1449 Mu<

1776 1461 1875 1484 guntin-ie
1913 1465 1959 1479 cum

1777 1490 1867 1511 Romana
1903 1490 1958 1516 pati-

1776 1526 1817 1542 tum
