2129 3223
366 266 435 298 748

356 330 610 366 Commissori'ales
634 327 788 361 Clementis
811 326 875 359 PP.
900 324 1024 358 litterae.
1077 322 1082 348 ¹

121 279 171 304 An.
189 277 218 304 C.
234 277 301 304 ¹263

316 410 422 439 Clemens
443 408 562 447 episcopus
581 414 659 435 servus
680 412 797 434 servorum
817 403 869 432 Dei.
891 402 986 431 Dilectis
1007 387 1083 441 filiisl

356 452 468 483 Anibaldo
478 451 585 481 basilicae
602 448 727 479 Duodecim
740 447 902 487 Apostolorum
919 445 1062 485 presbytero,
1082 450 1084 465 ⁴1

356 496 467 527 Riecardo
483 495 559 525 Sancti
581 494 674 533 Angeli,
691 492 770 522 loanni
784 491 860 522 Sancti
874 491 962 521 Nicolai
974 490 997 519 in
1011 488 1064 518 Car·
1081 482 1084 499 ⁴

356 550 407 572 cere
419 541 539 577 Tulliano,
550 543 572 569 et
586 538 668 568 lacobo
680 538 702 568 S.
719 537 804 567 itariae
816 537 838 566 in
854 534 975 565 Cosmedin
988 534 1064 563 diaco·
1083 507 1086 559 l

356 586 391 616 nis
401 583 555 615 cardinalibus
563 583 661 613 salutem
673 586 696 612 et
706 581 855 620 apostolicam
870 579 1064 610 benedictionem.

369 648 466 683 Plene
494 658 547 681 vos
573 645 654 680 scire
682 644 845 680 credimus
871 641 1067 677 conditiones

319 707 349 733 et
370 698 501 732 sormam
520 695 634 730 dilecto
657 694 721 729 lilio
739 701 846 728 nostro
865 691 979 727 Carolo
1001 690 1069 724 Au-

319 746 499 793 degavensi,
520 752 552 780 et
569 744 754 779 Provinciae
776 742 881 777 comiti
907 753 960 787 per
982 751 1071 773 vene-

321 796 449 832 rabilem
479 795 602 829 fratrem
626 802 767 828 nostrum
797 792 835 826 B.
856 790 1071 836 archiepisco-

322 859 397 894 pum
410 853 441 880 et
455 844 604 879 dilectum
621 842 719 877 filium
741 842 924 888 magistrum
940 839 1070 874 Petrum

322 896 479 931 notarium
511 901 654 928 nostrum
690 903 786 938 super
823 890 948 936 negotio
986 887 1073 934 regni

322 944 446 981 Siciliae
475 955 513 978 ex
537 950 623 990 parte
651 950 754 976 nostra
787 939 956 975 novissime
985 949 1075 984 prae·

323 1002 475 1035 semmae,
509 1004 580 1027 cum
614 999 643 1026 et
677 1002 735 1025 nos
768 989 849 1028 illas,
884 1000 1005 1023 necnon
1046 994 1076 1021 et

325 1052 462 1079 nostram
501 1053 597 1088 super
643 1040 768 1086 negotio
817 1039 886 1085 ipso
923 1036 1077 1071 definitio-

326 1106 412 1137 nem,
446 1100 476 1127 et
511 1090 568 1125 alia
603 1089 705 1125 eidem
742 1096 920 1135 opportuna
950 1086 1099 1132 negotio.

328 1154 429 1190 nuper
450 1140 538 1176 vobis
565 1139 625 1174 sub
653 1138 738 1173 bulla
765 1145 870 1172 nostra
892 1136 1078 1171 duxerimus

328 1190 526 1227 destinanda.
559 1189 715 1223 Volumus
749 1187 855 1234 igitur,
889 1185 985 1220 etde
1017 1185 1079 1219 fra-

329 1250 410 1276 trum
434 1249 612 1275 nostrorum
635 1237 766 1273 consilio
786 1244 817 1271 et
838 1247 969 1271 assensu
992 1234 1081 1269 vobis

331 1303 386 1338 per
413 1288 583 1336 apostolica
605 1287 720 1334 scripta
746 1285 946 1329 mandamus,
968 1292 1082 1332 quate-

332 1352 391 1375 nus
403 1340 441 1374 ad
455 1338 624 1386 plenariam
647 1335 954 1371 consummationem
983 1334 1082 1380 ipsius

332 1389 463 1436 negotii,
490 1395 520 1422 et
538 1386 575 1422 ad
595 1386 793 1421 collationem
817 1393 847 1420 et
865 1383 1082 1418 investituram

332 1439 371 1473 de
393 1437 553 1485 praedicto
574 1447 672 1482 regno
694 1435 753 1482 ipsi
771 1433 878 1469 comiti
896 1431 1083 1470 faciendam,

333 1487 516 1523 auctoritate
538 1493 643 1520 nostra
671 1484 755 1518 iuxta
777 1483 904 1518 easdem
926 1481 1084 1516 conditio·

335 1549 390 1572 nes
412 1544 443 1572 et
461 1535 604 1575 formam,
626 1533 792 1568 efficaciter
809 1531 997 1579 procedatis.
1021 1530 1086 1565 Nos

334 1586 418 1621 enim
436 1582 673 1633 procedendiad
686 1581 1005 1623 consummationem,
1026 1579 1087 1614 col-

334 1636 482 1671 lationem
511 1642 541 1668 et
567 1632 784 1667 investituram
812 1629 995 1664 huiusmodi
1020 1629 1088 1677 ple-

336 1696 409 1720 nam
449 1691 479 1718 et
518 1682 663 1724 liberam,
704 1681 743 1716 de
777 1681 919 1727 ipsorum
956 1679 1086 1713 fratrum

337 1732 469 1770 consilio
512 1741 542 1767 et
578 1742 721 1774 assensu,
752 1729 842 1764 vobis
881 1727 1089 1763 concedimus

338 1783 568 1822 auctoritatem
591 1779 684 1815 nobis
706 1788 809 1814 tamen
834 1778 1014 1825 receptione
1037 1777 1111 1812 lio-⁴

339 1833 446 1879 magii,
468 1831 552 1879 qnod
575 1842 630 1877 per
651 1830 755 1876 ipsum
779 1828 927 1863 comitem
955 1827 1024 1862 sine
1047 1827 1092 1860 in-

341 1881 565 1928 terpretatione
587 1879 720 1914 ministri
744 1878 890 1912 volumus
918 1876 1006 1911 vobis
1031 1886 1113 1923 oli-i

343 1939 477 1979 portuno
500 1938 641 1976 tempore
667 1927 914 1974 praesentialiter
938 1925 1091 1964 exbiberi,

343 1980 522 2028 specialiter
550 1986 714 2018 reservata3
741 1989 804 2012 non
831 1976 974 2011 obstante
1008 1975 1114 2022 quod*

344 2031 448 2066 dictus
478 2041 586 2064 comes
617 2040 656 2063 ex
683 2028 780 2062 forma
809 2024 1008 2061 diffinitionis
1032 2025 1094 2058 liu-

346 2079 483 2115 iusmodi
510 2077 677 2113 tenebatur
697 2076 773 2111 iufra
797 2075 910 2110 festum
931 2075 1093 2109 beatorum
1113 2068 1116 2105 l

904 264 1092 290 BULLARIUM
1118 261 1282 286 ROMANUM

346 2129 559 2177 apostolorum
588 2127 671 2162 Petri
706 2135 735 2160 et
770 2125 858 2159 Pauli
892 2124 930 2158 ad
958 2134 1116 2170 nostram}

348 2180 452 2214 venire
479 2178 698 2224 praesentiam,
725 2175 925 2210 collationem
956 2182 985 2208 et
1009 2173 1116 2207 inve-i

347 2228 492 2264 stituram
527 2226 671 2264 easdem,
707 2233 738 2260 et
770 2224 863 2258 etiam
892 2223 992 2270 ipsius
1018 2234 1118 2267 con-¹

348 2278 590 2314 summationem
614 2274 730 2322 negotii
753 2273 791 2308 de
814 2274 929 2307 nostris
952 2271 1098 2306 manibus
1117 2278 1118 2297 Ξ

351 2335 549 2374 recepturus.
577 2324 693 2360 Datum
719 2323 837 2358 l‘erusii
860 2322 1030 2357 undecimo
1049 2322 1099 2356 ka-

350 2377 461 2412 lendas
506 2375 591 2416 iulii,
638 2374 838 2422 pontificatus
882 2371 979 2406 nostri
1018 2370 1121 2416 anno}

355 2438 465 2473 primo.

403 2496 467 2531 Nos
493 2496 597 2542 itaque
619 2493 854 2529 considerantes
881 2492 1099 2526 diffinitionem

162 2546 395 2584 mesanum-ab
418 2546 487 2593 ipso
517 2545 652 2580 Summo
678 2543 831 2578 Pontifice
864 2542 978 2576 editam
1007 2552 1102 2588 super

175 2589 332 2649 ’ζᾟζζζὶζξξω
359 2595 432 2629 dicti
464 2594 551 2640 regni
583 2593 719 2640 negotio,
746 2601 777 2627 et
803 2591 946 2627 eiusdem
983 2590 1102 2626 domiui

360 2642 463 2691 Papae
490 2651 519 2678 et
545 2642 672 2678 fratrum
703 2653 832 2677 suorum
860 2639 1103 2688 subscriptioni-

1859 250 1910 277 An.
1926 247 1955 275 C.
1971 246 2038 275 ¹255

1101 318 1172 359 bus,
1190 317 1322 362 eiusque
1339 313 1441 358 Bulla,
1459 321 1490 348 et
1510 310 1694 348 eorumdem
1716 310 1844 345 fratrum

1101 366 1211 413 sigillis
1241 365 1279 401 ad
1303 372 1484 412 perpetuam
1507 361 1690 398 memoriam
1718 358 1848 395 robora-

1105 425 1178 456 tam,
1211 427 1246 450 ac
1282 414 1413 449 formam
1441 421 1472 448 et
1498 411 1706 451 conditiones,
1735 417 1767 444 et
1794 420 1848 455 per

1104 464 1315 500 venerabilem
1351 470 1469 510 patrem
1500 461 1539 496 B.
1574 460 1847 507 archiepiscopum

1105 514 1317 551 Cusentinum
1356 521 1386 548 et
1419 511 1590 547 discretum
1624 509 1723 544 virum
1749 508 1848 555 magi-

1106 573 1206 600 strum
1238 563 1368 599 Petrum
1403 561 1559 596 notarium
1594 559 1694 606 ipsius
1727 557 1850 594 Summi

1107 613 1271 649 Pontificis
1303 623 1398 657 super
1433 611 1500 658 ipso
1536 608 1660 655 negotio
1691 607 1782 643 nobis
1814 619 1851 642 ex

1109 671 1196 711 parte
1222 662 1320 709 ipsius
1342 660 1467 696 Summi
1494 658 1659 694 Pontificis
1685 656 1854 692 novissime

1111 720 1315 761 presentatas,
1336 723 1373 745 ac
1389 709 1572 755 diligentius
1590 706 1787 742 attendentes
1807 718 1855 742 ea.

1111 774 1191 810 quae
1212 768 1283 796 ante
1300 758 1604 795 consummationem
1627 756 1777 803 praedicti
1800 768 1857 790 ue-

1112 812 1187 858 gotii
1209 810 1298 845 vobis
1330 808 1471 844 facienda
1497 817 1527 842 et
1548 805 1708 854 implenda
1735 806 1858 840 incum-

1114 861 1292 901 bebant,ex
1318 858 1416 893 forma
1440 857 1595 905 praedicta
1621 867 1676 903 per
1706 867 1760 890 vos
1780 854 1859 890 facta

1115 918 1189 946 sunt
1232 917 1263 944 et
1289 908 1382 943 etiam
1409 906 1590 952 adimpleta,
1616 905 1653 940 ad
1691 904 1881 952 plenariam'

1115 958 1419 996 consummationem
1456 955 1599 991 eiusdem
1626 954 1742 1001 negotii
1768 961 1798 988 et
1823 953 1861 987 ad

1116 1008 1316 1045 collationem
1357 1014 1388 1042 et
1429 1005 1642 1040 investituram
1686 1003 1862 1038 faciendam

1119 1058 1206 1094 vobis
1227 1057 1267 1093 de
1293 1068 1392 1103 regno
1421 1063 1452 1090 et
1479 1062 1559 1089 terra
1586 1052 1754 1101 praedictis
1779 1052 1864 1087 iuxta

1120 1107 1296 1156 praedictas
1332 1104 1531 1140 conditiones
1569 1111 1599 1139 et
1645 1103 1797 1146 formam,
1835 1110 1865 1136 et

1120 1156 1267 1193 mandato
1313 1155 1415 1203 ipsius
1452 1153 1577 1189 Summi
1617 1151 1798 1194 Pontificis,
1837 1158 1867 1185 et

1121 1214 1274 1255 potestate
1304 1204 1415 1240 tradita
1448 1203 1551 1243 nobis,
1586 1214 1641 1250 per
1671 1200 1868 1249 supradictas

1120 1258 1240 1293 litteras
1261 1255 1410 1290 duximus
1433 1251 1681 1300 procedendum.

1170 1305 1221 1341 Ad
1248 1305 1400 1340 honorem
1427 1303 1524 1348 igitur
1554 1301 1612 1336 Dei
1644 1299 1870 1348 omnipotentis
1895 1302 2066 1336 C³r⁰¹⁰¹²²⁶⁰ffffi

1125 1356 1236 1400 Patris,
1269 1363 1300 1389 et
1332 1352 1418 1393 Filii,
1457 1359 1486 1386 et
1520 1350 1658 1397 Spiritus
1690 1348 1810 1390 Sancti,
1839 1356 1870 1383 et
1883 1335 1989 1384 adili*
2005 1334 2071 1383 ⁵322?

1124 1406 1232 1440 beatae
1266 1411 1297 1438 et
1330 1402 1485 1449 gloriosae
1519 1411 1707 1447 semperque
1732 1397 1873 1445 Virginis
1884 1396 1956 1420 ⁵‘³¹¹¹'‘=
1977 1396 2068 1422 -⁸¹⁰⁶¹'¹³

1124 1455 1258 1495 Mariae,
1292 1453 1453 1487 beatorum
1492 1461 1620 1497 quoque
1657 1447 1872 1496 apostolorum
1885 1426 2067 1480 emmeant-m-

1125 1503 1210 1538 Petri
1233 1510 1262 1537 et
1292 1501 1396 1541 Pauli,
1423 1511 1544 1534 necnon
1576 1498 1728 1547 praedicti
1754 1496 1872 1532 domini

1127 1551 1301 1588 Clementis
1326 1550 1431 1596 Papae
1463 1548 1576 1595 quarti,
1603 1555 1632 1583 et
1658 1553 1875 1582 sacrosanctae

1127 1601 1289 1636 Romanae
1309 1598 1483 1638 Ecclesiae,
1507 1606 1607 1632 totum
1634 1608 1768 1643 regnum
1791 1595 1875 1631 Sici-

1128 1651 1187 1685 liae
1222 1658 1252 1684 et
1292 1658 1385 1684 totam
1421 1656 1555 1690 terram,
1595 1658 1676 1693 quae
1715 1653 1763 1680 est
1799 1644 1877 1679 citra

1130 1700 1267 1735 Pharum
1290 1709 1392 1745 usque
1418 1696 1456 1734 ad
1484 1695 1621 1731 confinia
1643 1703 1796 1731 terrarum
1818 1693 1876 1729 Ro-

1132 1760 1242 1784 manae
1272 1747 1447 1789 Ecclesiae,
1468 1753 1600 1792 excepta
1624 1744 1746 1779 civitate
1775 1743 1878 1779 Bene-

1132 1807 1265 1833 ventana
1300 1808 1372 1832 cum
1406 1803 1471 1830 toto
1496 1794 1655 1829 territorio
1675 1801 1706 1828 et
1731 1792 1880 1829 omuibus

1110 1846 1328 1883 idistrictibus
1365 1852 1396 1879 et
1434 1843 1630 1891 pertinentiis
1663 1843 1747 1884 suis,
1786 1854 1878 1890 quam

1112 1909 1113 1914 ¹
1135 1897 1274 1932 Romana
1295 1894 1438 1930 Ecclesia
1460 1894 1612 1928 hactenus
1645 1893 1704 1928 sibi
1733 1899 1879 1936 reservat,

1135 1948 1164 1981 in
1197 1946 1325 1981 seudum
1354 1944 1442 1978 vobis
1488 1943 1663 1989 vestrisque
1691 1942 1881 1977 haeredibus

1134 2009 1171 2031 ex
1199 1995 1287 2030 vobis
1308 1993 1458 2041 legitime,
1476 1994 1559 2027 sicut
1580 1992 1659 2027 infra
1679 1991 1806 2031 dicitur,
1825 1991 1882 2026 de-

1135 2043 1372 2084 scendentibus,
1386 2043 1446 2077 sub
1460 2042 1667 2090 infrascriptis
1688 2040 1883 2077 conditioni-

1135 2095 1207 2139 bus,
1228 2094 1414 2129 auctoritate
1430 2100 1461 2127 et
1474 2099 1625 2139 potestate
1647 2091 1739 2126 nobis
1766 2091 1798 2126 in
1825 2090 1883 2125 hac

1138 2152 1224 2192 parte
1259 2154 1426 2183 concessa,
1459 2141 1577 2177 dictum
1617 2140 1758 2176 eiusdem
1797 2141 1882 2187 regni

1138 2193 1299 2241 negotium
1322 2191 1583 2236 consummando,
1611 2189 1815 2226 concedimus
1840 2197 1886 2224 at-

1138 2255 1199 2291 que
1226 2241 1432 2282 conserimus3
1466 2252 1585 2288 vosque
1611 2239 1650 2275 de
1685 2239 1761 2287 ipsis
1788 2250 1885 2286 reguo

1138 2301 1168 2328 et
1195 2300 1275 2327 terra
1298 2303 1355 2338 per
1382 2290 1528 2325 vexillum
1556 2289 1717 2325 Ecclesiae
1737 2300 1886 2336 praesen—

1140 2342 1252 2376 tialiter
1273 2340 1471 2384 investimus,
1499 2351 1560 2374 non
1584 2339 1725 2374 obstante
1746 2338 1830 2385 quod
1849 2350 1885 2372 ex

1140 2391 1238 2426 forma
1261 2390 1362 2425 dictae
1383 2389 1579 2424 diffinitionis
1598 2387 1787 2423 tenebamini
1809 2386 1886 2422 inl'ra

1117 2417 1262 2485 linstans
1294 2439 1459 2475 beatorum
1490 2438 1702 2486 apostolorum
1734 2436 1818 2472 Petri
1858 2445 1888 2471 et

1119 2496 1122 2536 ζ
1141 2489 1230 2525 Pauli
1257 2489 1294 2524 ad
1318 2489 1420 2537 ipsius
1445 2488 1571 2524 Summi
1593 2486 1756 2522 pontilicis
1778 2497 1888 2533 perso-

1121 2537 1253 2587 }naliter
1275 2538 1497 2586 praesentiam,
1523 2536 1723 2573 collationem
1750 2543 1780 2570 et
1807 2536 1891 2570 inve-

1121 2588 1284 2624 *stituram
1306 2588 1444 2633 easdem,
1470 2594 1500 2623 et
1527 2594 1620 2622 totam
1648 2585 1749 2633 ipsius
1774 2585 1888 2632 negotii

1122 2612 1446 2689 lconsummationem
1474 2636 1512 2671 de
1538 2635 1604 2671 suis
1630 2634 1777 2670 manibus
1804 2646 1890 2670 rece-
