<?xml version="1.0" encoding="UTF-8"?>
<!DOCTYPE html PUBLIC "-//W3C//DTD XHTML 1.0 Transitional//EN"
    "http://www.w3.org/TR/xhtml1/DTD/xhtml1-transitional.dtd">
<html xmlns="http://www.w3.org/1999/xhtml" xml:lang="en" lang="en">
 <head>
  <title>
</title>
<meta http-equiv="Content-Type" content="text/html;charset=utf-8" />
  <meta name='ocr-system' content='tesseract 3.04.00' />
  <meta name='ocr-capabilities' content='ocr_page ocr_carea ocr_par ocr_line ocrx_word'/>
</head>
<body>
  <div class='ocr_page' id='page_1' title='image "./bullarumdiplomat03cath_0075.png"; bbox 0 0 2129 3223; ppageno 0'>
   <div class='ocr_carea' id='block_1_1' title="bbox 24 286 959 426">
    <p class='ocr_par' dir='ltr' id='par_1_1' title="bbox 24 286 959 426">
     <span class='ocr_line' id='line_1_1' title="bbox 24 286 204 314; baseline 0.006 -1"><span class='ocrx_word' id='word_1_1' title='bbox 24 286 74 313; x_wconf 69' lang='lat' dir='ltr'>An.</span> <span class='ocrx_word' id='word_1_2' title='bbox 92 286 120 313; x_wconf 88' lang='lat' dir='ltr'>c.</span> <span class='ocrx_word' id='word_1_3' title='bbox 137 287 204 314; x_wconf 72' lang='lat'><strong>1¹⁹0</strong></span> 
     </span>
     <span class='ocr_line' id='line_1_2' title="bbox 216 326 959 376; baseline -0.008 -9"><span class='ocrx_word' id='word_1_4' title='bbox 216 332 301 367; x_wconf 87' lang='lat' dir='ltr'>dom.</span> <span class='ocrx_word' id='word_1_5' title='bbox 344 342 443 368; x_wconf 73' lang='lat' dir='ltr'>arcxc.</span> <span class='ocrx_word' id='word_1_6' title='bbox 481 328 680 376; x_wconf 88' lang='lat' dir='ltr'>pontificatus</span> <span class='ocrx_word' id='word_1_7' title='bbox 716 340 788 363; x_wconf 85' lang='lat' dir='ltr'>vero</span> <span class='ocrx_word' id='word_1_8' title='bbox 839 326 959 362; x_wconf 89' lang='lat' dir='ltr'>domini</span> 
     </span>
     <span class='ocr_line' id='line_1_3' title="bbox 216 376 815 426; baseline -0.008 -10"><span class='ocrx_word' id='word_1_9' title='bbox 216 379 390 416; x_wconf 84' lang='lat' dir='ltr'>Clementis</span> <span class='ocrx_word' id='word_1_10' title='bbox 410 379 515 426; x_wconf 84' lang='lat' dir='ltr'>Papae</span> <span class='ocrx_word' id='word_1_11' title='bbox 535 376 579 412; x_wconf 83' lang='lat' dir='ltr'>ltt</span> <span class='ocrx_word' id='word_1_12' title='bbox 604 389 688 412; x_wconf 87' lang='lat' dir='ltr'>anno</span> <span class='ocrx_word' id='word_1_13' title='bbox 715 378 815 412; x_wconf 87' lang='lat' dir='ltr'>tertio.</span> 
     </span>
    </p>
   </div>
   <div class='ocr_carea' id='block_1_2' title="bbox 295 433 885 519">
    <p class='ocr_par' dir='ltr' id='par_1_2' title="bbox 295 433 885 519">
     <span class='ocr_line' id='line_1_4' title="bbox 295 433 885 467; baseline -0.007 0"><span class='ocrx_word' id='word_1_14' title='bbox 295 435 354 467; x_wconf 86' lang='lat' dir='ltr'>Dat.</span> <span class='ocrx_word' id='word_1_15' title='bbox 372 435 420 466; x_wconf 79' lang='lat' dir='ltr'>die</span> <span class='ocrx_word' id='word_1_16' title='bbox 437 435 456 466; x_wconf 76' lang='lat'>6</span> <span class='ocrx_word' id='word_1_17' title='bbox 472 435 545 466; x_wconf 90' lang='lat' dir='ltr'>iunii</span> <span class='ocrx_word' id='word_1_18' title='bbox 567 443 644 465; x_wconf 89' lang='lat' dir='ltr'>anno</span> <span class='ocrx_word' id='word_1_19' title='bbox 662 433 775 464; x_wconf 82' lang='lat' dir='ltr'>Domini</span> <span class='ocrx_word' id='word_1_20' title='bbox 801 433 885 467; x_wconf 80' lang='lat'>1190.</span> 
     </span>
     <span class='ocr_line' id='line_1_5' title="bbox 461 478 715 519; baseline -0.016 -8"><span class='ocrx_word' id='word_1_21' title='bbox 461 478 562 519; x_wconf 79' lang='lat' dir='ltr'>pontis.</span> <span class='ocrx_word' id='word_1_22' title='bbox 580 487 656 509; x_wconf 87' lang='lat' dir='ltr'>anno</span> <span class='ocrx_word' id='word_1_23' title='bbox 674 486 715 508; x_wconf 88' lang='lat' dir='ltr'>tu.</span> 
     </span>
    </p>
   </div>
   <div class='ocr_carea' id='block_1_3' title="bbox 532 542 635 550">
    <p class='ocr_par' dir='ltr' id='par_1_3' title="bbox 532 542 635 550">
     <span class='ocr_line' id='line_1_6' title="bbox 532 542 635 550; baseline 0 0"><span class='ocrx_word' id='word_1_24' title='bbox 532 542 635 550; x_wconf 95' lang='lat' dir='ltr'> </span> 
     </span>
    </p>
   </div>
   <div class='ocr_carea' id='block_1_4' title="bbox 546 620 983 697">
    <p class='ocr_par' dir='ltr' id='par_1_4' title="bbox 546 620 983 697">
     <span class='ocr_line' id='line_1_7' title="bbox 546 620 983 697; baseline -0.005 -41"><span class='ocrx_word' id='word_1_25' title='bbox 546 620 629 656; x_wconf 79' lang='lat' dir='ltr'>xlv.</span> <span class='ocrx_word' id='word_1_26' title='bbox 979 669 983 697; x_wconf 41' lang='lat'><em>³</em></span> 
     </span>
    </p>
   </div>
   <div class='ocr_carea' id='block_1_5' title="bbox 217 695 984 992">
    <p class='ocr_par' dir='ltr' id='par_1_5' title="bbox 217 695 984 992">
     <span class='ocr_line' id='line_1_8' title="bbox 217 695 962 741; baseline -0.008 -11"><span class='ocrx_word' id='word_1_27' title='bbox 217 697 415 741; x_wconf 73' lang='lat' dir='ltr'>Confirmatio</span> <span class='ocrx_word' id='word_1_28' title='bbox 438 697 585 728; x_wconf 80' lang='lat' dir='ltr'>bonorum</span> <span class='ocrx_word' id='word_1_29' title='bbox 618 695 751 727; x_wconf 76' lang='lat' dir='ltr'>omnium</span> <span class='ocrx_word' id='word_1_30' title='bbox 787 700 962 725; x_wconf 78' lang='lat' dir='ltr'>monasterti</span> 
     </span>
     <span class='ocr_line' id='line_1_9' title="bbox 262 741 962 779; baseline -0.009 0"><span class='ocrx_word' id='word_1_31' title='bbox 262 746 444 779; x_wconf 78' lang='lat' dir='ltr'>monialium</span> <span class='ocrx_word' id='word_1_32' title='bbox 473 746 506 778; x_wconf 78' lang='lat' dir='ltr'>S.</span> <span class='ocrx_word' id='word_1_33' title='bbox 545 743 670 777; x_wconf 81' lang='lat' dir='ltr'>Cosmae</span> <span class='ocrx_word' id='word_1_34' title='bbox 705 744 740 775; x_wconf 74' lang='lat' dir='ltr'>dt·</span> <span class='ocrx_word' id='word_1_35' title='bbox 779 741 962 774; x_wconf 79' lang='lat' dir='ltr'>Talli’acotio</span> 
     </span>
     <span class='ocr_line' id='line_1_10' title="bbox 265 791 962 837; baseline -0.009 -9"><span class='ocrx_word' id='word_1_36' title='bbox 265 795 460 828; x_wconf 68' lang='lat' dir='ltr'>Mai-sicaniae</span> <span class='ocrx_word' id='word_1_37' title='bbox 484 794 636 831; x_wconf 76' lang='lat' dir='ltr'>dioecesis,-</span> <span class='ocrx_word' id='word_1_38' title='bbox 659 792 741 837; x_wconf 84' lang='lat' dir='ltr'>quod</span> <span class='ocrx_word' id='word_1_39' title='bbox 758 792 796 824; x_wconf 81' lang='lat' dir='ltr'>ab</span> <span class='ocrx_word' id='word_1_40' title='bbox 807 791 962 823; x_wconf 79' lang='lat' dir='ltr'>ordinarii</span> 
     </span>
     <span class='ocr_line' id='line_1_11' title="bbox 264 842 960 887; baseline -0.007 -11"><span class='ocrx_word' id='word_1_41' title='bbox 264 844 470 878; x_wconf 63' lang='lat' dir='ltr'>iurisdictione</span> <span class='ocrx_word' id='word_1_42' title='bbox 508 844 597 876; x_wconf 74' lang='lat' dir='ltr'>ctiam</span> <span class='ocrx_word' id='word_1_43' title='bbox 644 842 748 887; x_wconf 75' lang='lat' dir='ltr'>quoad</span> <span class='ocrx_word' id='word_1_44' title='bbox 784 851 960 873; x_wconf 79' lang='lat' dir='ltr'>sacramen-</span> 
     </span>
     <span class='ocr_line' id='line_1_12' title="bbox 264 889 962 934; baseline -0.009 -7"><span class='ocrx_word' id='word_1_45' title='bbox 264 900 365 927; x_wconf 76' lang='lat' dir='ltr'>torum</span> <span class='ocrx_word' id='word_1_46' title='bbox 385 893 682 926; x_wconf 74' lang='lat' dir='ltr'><strong><em>administrationem</em></strong></span> <span class='ocrx_word' id='word_1_47' title='bbox 703 897 876 934; x_wconf 75' lang='lat' dir='ltr'>exemptum</span> <span class='ocrx_word' id='word_1_48' title='bbox 910 889 962 922; x_wconf 83' lang='lat' dir='ltr'>de·</span> 
     </span>
     <span class='ocr_line' id='line_1_13' title="bbox 263 943 984 992; baseline -0.008 -16"><span class='ocrx_word' id='word_1_49' title='bbox 263 944 402 976; x_wconf 69' lang='lat' dir='ltr'>claretur</span> <span class='ocrx_word' id='word_1_50' title='bbox 427 943 482 984; x_wconf 75' lang='lat' dir='ltr'>(tt.</span> <span class='ocrx_word' id='word_1_51' title='bbox 980 976 984 992; x_wconf 48' lang='grc' dir='ltr'>Ι</span> 
     </span>
    </p>
   </div>
   <div class='ocr_carea' id='block_1_6' title="bbox 481 1009 983 1041">
    <p class='ocr_par' dir='ltr' id='par_1_6' title="bbox 481 1009 983 1041">
     <span class='ocr_line' id='line_1_14' title="bbox 481 1009 983 1041; baseline -0.004 -2"><span class='ocrx_word' id='word_1_52' title='bbox 481 1009 695 1041; x_wconf 62' lang='grc' dir='ltr'>’ὃΐΜΜᾹΙῖΙΐΜ</span> <span class='ocrx_word' id='word_1_53' title='bbox 982 1023 983 1029; x_wconf 31' lang='grc' dir='ltr'><strong>κ</strong></span> 
     </span>
    </p>
   </div>
   <div class='ocr_carea' id='block_1_7' title="bbox 213 1071 985 1771">
    <p class='ocr_par' dir='ltr' id='par_1_7' title="bbox 213 1071 985 1771">
     <span class='ocr_line' id='line_1_15' title="bbox 213 1071 983 1111; baseline -0.006 -7"><span class='ocrx_word' id='word_1_54' title='bbox 213 1073 379 1104; x_wconf 81' lang='lat' dir='ltr'>Exordium.</span> <span class='ocrx_word' id='word_1_55' title='bbox 403 1090 441 1095; x_wconf 90' lang='lat'>—-</span> <span class='ocrx_word' id='word_1_56' title='bbox 458 1073 580 1102; x_wconf 76' lang='lat' dir='ltr'>Monast.</span> <span class='ocrx_word' id='word_1_57' title='bbox 600 1071 655 1101; x_wconf 89' lang='lat' dir='ltr'>sub</span> <span class='ocrx_word' id='word_1_58' title='bbox 679 1072 857 1109; x_wconf 77' lang='lat' dir='ltr'>protectione</span> <span class='ocrx_word' id='word_1_59' title='bbox 878 1071 961 1101; x_wconf 73' lang='lat' dir='ltr'>Sedis</span> <span class='ocrx_word' id='word_1_60' title='bbox 982 1093 983 1111; x_wconf 23' lang='grc' dir='ltr'>ἦ</span> 
     </span>
     <span class='ocr_line' id='line_1_16' title="bbox 253 1113 983 1158; baseline -0.005 -10"><span class='ocrx_word' id='word_1_61' title='bbox 253 1117 436 1158; x_wconf 79' lang='lat' dir='ltr'>Apostolicae</span> <span class='ocrx_word' id='word_1_62' title='bbox 455 1117 577 1156; x_wconf 83' lang='lat' dir='ltr'>recipit:</span> <span class='ocrx_word' id='word_1_63' title='bbox 600 1133 638 1138; x_wconf 92' lang='lat'>—</span> <span class='ocrx_word' id='word_1_64' title='bbox 656 1115 748 1154; x_wconf 83' lang='lat' dir='ltr'>Eique</span> <span class='ocrx_word' id='word_1_65' title='bbox 766 1115 840 1145; x_wconf 85' lang='lat' dir='ltr'>bona</span> <span class='ocrx_word' id='word_1_66' title='bbox 865 1116 962 1145; x_wconf 88' lang='lat' dir='ltr'>omnia</span> <span class='ocrx_word' id='word_1_67' title='bbox 982 1113 983 1117; x_wconf 76' lang='grc'>’</span> 
     </span>
     <span class='ocr_line' id='line_1_17' title="bbox 253 1159 962 1199; baseline -0.004 -7"><span class='ocrx_word' id='word_1_68' title='bbox 253 1161 423 1192; x_wconf 74' lang='lat' dir='ltr'>confirmat:</span> <span class='ocrx_word' id='word_1_69' title='bbox 444 1160 529 1190; x_wconf 83' lang='lat' dir='ltr'>-ln</span> <span class='ocrx_word' id='word_1_70' title='bbox 547 1160 656 1199; x_wconf 84' lang='lat' dir='ltr'>quibus</span> <span class='ocrx_word' id='word_1_71' title='bbox 675 1160 816 1190; x_wconf 87' lang='lat' dir='ltr'>nonnulla</span> <span class='ocrx_word' id='word_1_72' title='bbox 836 1159 962 1198; x_wconf 89' lang='lat' dir='ltr'>propriis</span> 
     </span>
     <span class='ocr_line' id='line_1_18' title="bbox 254 1203 963 1235; baseline 0 -2"><span class='ocrx_word' id='word_1_73' title='bbox 254 1205 404 1235; x_wconf 84' lang='lat' dir='ltr'>vocabulis</span> <span class='ocrx_word' id='word_1_74' title='bbox 432 1205 536 1235; x_wconf 85' lang='lat' dir='ltr'>innuit.</span> <span class='ocrx_word' id='word_1_75' title='bbox 555 1221 593 1227; x_wconf 90' lang='lat'>-—</span> <span class='ocrx_word' id='word_1_76' title='bbox 615 1204 657 1233; x_wconf 70' lang='lat' dir='ltr'>Ab</span> <span class='ocrx_word' id='word_1_77' title='bbox 679 1204 820 1234; x_wconf 88' lang='lat' dir='ltr'>ordinarii</span> <span class='ocrx_word' id='word_1_78' title='bbox 844 1203 963 1233; x_wconf 91' lang='lat' dir='ltr'>iurisdi-</span> 
     </span>
     <span class='ocr_line' id='line_1_19' title="bbox 255 1237 985 1287; baseline 0 -10"><span class='ocrx_word' id='word_1_79' title='bbox 255 1249 362 1285; x_wconf 84' lang='lat' dir='ltr'>ctione,</span> <span class='ocrx_word' id='word_1_80' title='bbox 380 1249 490 1278; x_wconf 77' lang='lat' dir='ltr'>aliusve</span> <span class='ocrx_word' id='word_1_81' title='bbox 507 1249 725 1278; x_wconf 85' lang='lat' dir='ltr'>ecclesiasticae</span> <span class='ocrx_word' id='word_1_82' title='bbox 744 1257 887 1287; x_wconf 82' lang='lat' dir='ltr'>personae</span> <span class='ocrx_word' id='word_1_83' title='bbox 906 1248 964 1277; x_wconf 76' lang='lat' dir='ltr'>exi·</span> <span class='ocrx_word' id='word_1_84' title='bbox 982 1237 985 1277; x_wconf 71' lang='lat' dir='ltr'>i</span> 
     </span>
     <span class='ocr_line' id='line_1_20' title="bbox 257 1292 985 1331; baseline -0.001 -9"><span class='ocrx_word' id='word_1_85' title='bbox 257 1292 318 1322; x_wconf 88' lang='lat' dir='ltr'>mit.</span> <span class='ocrx_word' id='word_1_86' title='bbox 341 1309 380 1315; x_wconf 92' lang='lat'>—</span> <span class='ocrx_word' id='word_1_87' title='bbox 407 1292 575 1327; x_wconf 80' lang='lat' dir='ltr'><strong>Quamlibet</strong></span> <span class='ocrx_word' id='word_1_88' title='bbox 593 1293 786 1324; x_wconf 71' lang='lat' dir='ltr'>exactionem,</span> <span class='ocrx_word' id='word_1_89' title='bbox 814 1296 863 1321; x_wconf 85' lang='lat' dir='ltr'>aut</span> <span class='ocrx_word' id='word_1_90' title='bbox 885 1292 963 1322; x_wconf 88' lang='lat' dir='ltr'>deci·</span> <span class='ocrx_word' id='word_1_91' title='bbox 982 1310 985 1331; x_wconf 67' lang='lat' dir='ltr'>t</span> 
     </span>
     <span class='ocr_line' id='line_1_21' title="bbox 256 1336 963 1376; baseline 0 -10"><span class='ocrx_word' id='word_1_92' title='bbox 256 1346 333 1367; x_wconf 88' lang='lat' dir='ltr'>mam</span> <span class='ocrx_word' id='word_1_93' title='bbox 366 1337 460 1367; x_wconf 88' lang='lat' dir='ltr'>eidem</span> <span class='ocrx_word' id='word_1_94' title='bbox 493 1338 602 1376; x_wconf 86' lang='lat' dir='ltr'>imponi</span> <span class='ocrx_word' id='word_1_95' title='bbox 636 1342 725 1367; x_wconf 77' lang='lat' dir='ltr'>vetat:</span> <span class='ocrx_word' id='word_1_96' title='bbox 757 1354 795 1359; x_wconf 99' lang='lat'><strong>—</strong></span> <span class='ocrx_word' id='word_1_97' title='bbox 827 1336 963 1366; x_wconf 87' lang='lat' dir='ltr'>Prohibet</span> 
     </span>
     <span class='ocr_line' id='line_1_22' title="bbox 257 1381 964 1420; baseline 0.001 -10"><span class='ocrx_word' id='word_1_98' title='bbox 257 1389 392 1420; x_wconf 76' lang='lat' dir='ltr'>quoque,</span> <span class='ocrx_word' id='word_1_99' title='bbox 413 1390 450 1410; x_wconf 78' lang='lat' dir='ltr'>ne</span> <span class='ocrx_word' id='word_1_100' title='bbox 479 1381 552 1411; x_wconf 88' lang='lat' dir='ltr'>intra</span> <span class='ocrx_word' id='word_1_101' title='bbox 586 1382 659 1411; x_wconf 81' lang='lat' dir='ltr'>fines</span> <span class='ocrx_word' id='word_1_102' title='bbox 688 1381 806 1420; x_wconf 77' lang='lat' dir='ltr'>paroch.</span> <span class='ocrx_word' id='word_1_103' title='bbox 829 1381 865 1410; x_wconf 92' lang='lat' dir='ltr'>ad</span> <span class='ocrx_word' id='word_1_104' title='bbox 891 1381 964 1411; x_wconf 85' lang='lat' dir='ltr'>illud</span> 
     </span>
     <span class='ocr_line' id='line_1_23' title="bbox 257 1425 963 1464; baseline 0.001 -11"><span class='ocrx_word' id='word_1_105' title='bbox 257 1425 452 1464; x_wconf 75' lang='lat' dir='ltr'><strong>spectantium</strong></span> <span class='ocrx_word' id='word_1_106' title='bbox 484 1425 596 1463; x_wconf 87' lang='lat' dir='ltr'>capella</span> <span class='ocrx_word' id='word_1_107' title='bbox 624 1425 683 1454; x_wconf 90' lang='lat' dir='ltr'>ulla</span> <span class='ocrx_word' id='word_1_108' title='bbox 722 1425 765 1454; x_wconf 76' lang='lat' dir='ltr'>vel</span> <span class='ocrx_word' id='word_1_109' title='bbox 804 1426 963 1454; x_wconf 88' lang='lat' dir='ltr'>oratorium</span> 
     </span>
     <span class='ocr_line' id='line_1_24' title="bbox 254 1469 963 1499; baseline -0.001 0"><span class='ocrx_word' id='word_1_110' title='bbox 254 1473 454 1499; x_wconf 77' lang='lat' dir='ltr'>construatur:</span> <span class='ocrx_word' id='word_1_111' title='bbox 477 1486 516 1492; x_wconf 92' lang='lat'>—</span> <span class='ocrx_word' id='word_1_112' title='bbox 540 1469 611 1499; x_wconf 90' lang='lat' dir='ltr'>ltem</span> <span class='ocrx_word' id='word_1_113' title='bbox 630 1479 666 1499; x_wconf 90' lang='lat' dir='ltr'>ne</span> <span class='ocrx_word' id='word_1_114' title='bbox 684 1469 771 1499; x_wconf 75' lang='lat' dir='ltr'>alicui</span> <span class='ocrx_word' id='word_1_115' title='bbox 790 1469 963 1499; x_wconf 87' lang='lat' dir='ltr'>monialium</span> 
     </span>
     <span class='ocr_line' id='line_1_25' title="bbox 254 1513 963 1544; baseline -0.001 -1"><span class='ocrx_word' id='word_1_116' title='bbox 254 1513 342 1544; x_wconf 82' lang='lat' dir='ltr'>liceat</span> <span class='ocrx_word' id='word_1_117' title='bbox 374 1523 389 1542; x_wconf 88' lang='lat' dir='ltr'>a</span> <span class='ocrx_word' id='word_1_118' title='bbox 421 1519 545 1544; x_wconf 81' lang='lat' dir='ltr'>monast.</span> <span class='ocrx_word' id='word_1_119' title='bbox 578 1513 743 1543; x_wconf 81' lang='lat' dir='ltr'><strong>discedere:</strong></span> <span class='ocrx_word' id='word_1_120' title='bbox 776 1513 963 1543; x_wconf 85' lang='lat' dir='ltr'>concedendo</span> 
     </span>
     <span class='ocr_line' id='line_1_26' title="bbox 254 1555 963 1587; baseline -0.001 0"><span class='ocrx_word' id='word_1_121' title='bbox 254 1555 420 1587; x_wconf 73' lang='lat' dir='ltr'>abbatissae</span> <span class='ocrx_word' id='word_1_122' title='bbox 448 1561 548 1586; x_wconf 89' lang='lat' dir='ltr'>contra</span> <span class='ocrx_word' id='word_1_123' title='bbox 580 1556 785 1587; x_wconf 80' lang='lat' dir='ltr'>inobedientes</span> <span class='ocrx_word' id='word_1_124' title='bbox 810 1557 878 1586; x_wconf 87' lang='lat' dir='ltr'>huic</span> <span class='ocrx_word' id='word_1_125' title='bbox 909 1557 963 1587; x_wconf 88' lang='lat' dir='ltr'>de-</span> 
     </span>
     <span class='ocr_line' id='line_1_27' title="bbox 254 1600 965 1632; baseline 0.001 -2"><span class='ocrx_word' id='word_1_126' title='bbox 254 1605 333 1632; x_wconf 84' lang='lat' dir='ltr'>creto</span> <span class='ocrx_word' id='word_1_127' title='bbox 354 1601 552 1632; x_wconf 83' lang='lat' dir='ltr'>omnimodam</span> <span class='ocrx_word' id='word_1_128' title='bbox 582 1601 797 1630; x_wconf 87' lang='lat' dir='ltr'>auctoritatem.</span> <span class='ocrx_word' id='word_1_129' title='bbox 827 1600 965 1631; x_wconf 70' lang='lat' dir='ltr'>—Non-</span> 
     </span>
     <span class='ocr_line' id='line_1_28' title="bbox 254 1644 965 1676; baseline 0.003 -2"><span class='ocrx_word' id='word_1_130' title='bbox 254 1644 335 1674; x_wconf 87' lang='lat' dir='ltr'>nulla</span> <span class='ocrx_word' id='word_1_131' title='bbox 354 1644 409 1674; x_wconf 89' lang='lat' dir='ltr'>alia</span> <span class='ocrx_word' id='word_1_132' title='bbox 433 1644 507 1674; x_wconf 88' lang='lat' dir='ltr'>bona</span> <span class='ocrx_word' id='word_1_133' title='bbox 527 1644 622 1674; x_wconf 88' lang='lat' dir='ltr'>eidem</span> <span class='ocrx_word' id='word_1_134' title='bbox 647 1644 800 1674; x_wconf 82' lang='lat' dir='ltr'>confirmat</span> <span class='ocrx_word' id='word_1_135' title='bbox 817 1654 883 1674; x_wconf 90' lang='lat' dir='ltr'>cum</span> <span class='ocrx_word' id='word_1_136' title='bbox 903 1646 965 1676; x_wconf 90' lang='lat' dir='ltr'>suis</span> 
     </span>
     <span class='ocr_line' id='line_1_29' title="bbox 253 1688 963 1728; baseline 0.003 -10"><span class='ocrx_word' id='word_1_137' title='bbox 253 1688 424 1728; x_wconf 83' lang='lat' dir='ltr'>privilegiis.</span> <span class='ocrx_word' id='word_1_138' title='bbox 442 1705 481 1710; x_wconf 90' lang='lat'>—</span> <span class='ocrx_word' id='word_1_139' title='bbox 503 1688 531 1717; x_wconf 89' lang='lat' dir='ltr'>ln</span> <span class='ocrx_word' id='word_1_140' title='bbox 556 1688 686 1726; x_wconf 79' lang='lat' dir='ltr'>generali</span> <span class='ocrx_word' id='word_1_141' title='bbox 710 1688 864 1718; x_wconf 89' lang='lat' dir='ltr'>interdicto</span> <span class='ocrx_word' id='word_1_142' title='bbox 883 1699 963 1720; x_wconf 81' lang='lat' dir='ltr'>sacra</span> 
     </span>
     <span class='ocr_line' id='line_1_30' title="bbox 254 1732 966 1771; baseline 0.003 -9"><span class='ocrx_word' id='word_1_143' title='bbox 254 1733 380 1763; x_wconf 72' lang='lat' dir='ltr'>faciendi</span> <span class='ocrx_word' id='word_1_144' title='bbox 412 1733 560 1763; x_wconf 71' lang='lat' dir='ltr'>licentiam</span> <span class='ocrx_word' id='word_1_145' title='bbox 594 1732 770 1771; x_wconf 77' lang='lat' dir='ltr'>impertitur.</span> <span class='ocrx_word' id='word_1_146' title='bbox 802 1749 840 1755; x_wconf 93' lang='lat'>—</span> <span class='ocrx_word' id='word_1_147' title='bbox 870 1733 966 1764; x_wconf 67' lang='lat' dir='ltr'>Abba-</span> 
     </span>
    </p>
   </div>
   <div class='ocr_carea' id='block_1_8' title="bbox 254 1776 988 1883">
    <p class='ocr_par' dir='ltr' id='par_1_8' title="bbox 254 1776 988 1883">
     <span class='ocr_line' id='line_1_31' title="bbox 254 1776 987 1809; baseline 0.003 -2"><span class='ocrx_word' id='word_1_148' title='bbox 254 1777 336 1807; x_wconf 88' lang='lat' dir='ltr'>tissis</span> <span class='ocrx_word' id='word_1_149' title='bbox 355 1777 525 1807; x_wconf 87' lang='lat' dir='ltr'>monasterii</span> <span class='ocrx_word' id='word_1_150' title='bbox 553 1777 628 1806; x_wconf 90' lang='lat' dir='ltr'>bona</span> <span class='ocrx_word' id='word_1_151' title='bbox 648 1776 778 1806; x_wconf 87' lang='lat' dir='ltr'>alienare</span> <span class='ocrx_word' id='word_1_152' title='bbox 795 1787 853 1807; x_wconf 88' lang='lat' dir='ltr'>non</span> <span class='ocrx_word' id='word_1_153' title='bbox 877 1779 965 1809; x_wconf 87' lang='lat' dir='ltr'>licere</span> <span class='ocrx_word' id='word_1_154' title='bbox 985 1795 987 1809; x_wconf 84' lang='lat' dir='ltr'>t</span> 
     </span>
     <span class='ocr_line' id='line_1_32' title="bbox 254 1811 988 1883; baseline 0.001 -31"><span class='ocrx_word' id='word_1_155' title='bbox 254 1821 401 1852; x_wconf 79' lang='lat' dir='ltr'>declarat:</span> <span class='ocrx_word' id='word_1_156' title='bbox 417 1838 457 1844; x_wconf 97' lang='lat'><strong>—</strong></span> <span class='ocrx_word' id='word_1_157' title='bbox 473 1821 532 1851; x_wconf 75' lang='lat' dir='ltr'>Nec</span> <span class='ocrx_word' id='word_1_158' title='bbox 555 1820 725 1851; x_wconf 86' lang='lat' dir='ltr'>fideiubere:</span> <span class='ocrx_word' id='word_1_159' title='bbox 756 1822 834 1860; x_wconf 90' lang='lat' dir='ltr'>quod</span> <span class='ocrx_word' id='word_1_160' title='bbox 853 1823 967 1853; x_wconf 89' lang='lat' dir='ltr'>monia·</span> <span class='ocrx_word' id='word_1_161' title='bbox 985 1811 988 1883; x_wconf 66' lang='grc' dir='ltr'><strong>ι</strong></span> 
     </span>
    </p>
   </div>
   <div class='ocr_carea' id='block_1_9' title="bbox 255 1864 967 1951">
    <p class='ocr_par' dir='ltr' id='par_1_9' title="bbox 255 1864 967 1951">
     <span class='ocr_line' id='line_1_33' title="bbox 255 1864 966 1906; baseline 0.003 -11"><span class='ocrx_word' id='word_1_162' title='bbox 255 1865 334 1896; x_wconf 85' lang='lat' dir='ltr'>libus</span> <span class='ocrx_word' id='word_1_163' title='bbox 349 1874 467 1905; x_wconf 87' lang='lat' dir='ltr'>quoque</span> <span class='ocrx_word' id='word_1_164' title='bbox 483 1865 641 1896; x_wconf 86' lang='lat' dir='ltr'>interdicit.</span> <span class='ocrx_word' id='word_1_165' title='bbox 658 1881 698 1888; x_wconf 91' lang='lat'><strong>—</strong></span> <span class='ocrx_word' id='word_1_166' title='bbox 715 1864 834 1896; x_wconf 77' lang='lat' dir='ltr'>Ordinis</span> <span class='ocrx_word' id='word_1_167' title='bbox 849 1876 966 1906; x_wconf 89' lang='lat' dir='ltr'>quoque</span> 
     </span>
     <span class='ocr_line' id='line_1_34' title="bbox 255 1908 967 1951; baseline 0.003 -12"><span class='ocrx_word' id='word_1_168' title='bbox 255 1917 308 1948; x_wconf 81' lang='lat' dir='ltr'>pro</span> <span class='ocrx_word' id='word_1_169' title='bbox 336 1909 474 1946; x_wconf 79' lang='lat' dir='ltr'>clericis,</span> <span class='ocrx_word' id='word_1_170' title='bbox 501 1919 535 1939; x_wconf 82' lang='lat' dir='ltr'>ac</span> <span class='ocrx_word' id='word_1_171' title='bbox 561 1908 624 1939; x_wconf 87' lang='lat' dir='ltr'>Olei</span> <span class='ocrx_word' id='word_1_172' title='bbox 646 1915 843 1947; x_wconf 84' lang='lat' dir='ltr'>sacramenta,</span> <span class='ocrx_word' id='word_1_173' title='bbox 865 1921 879 1940; x_wconf 93' lang='lat' dir='ltr'>a</span> <span class='ocrx_word' id='word_1_174' title='bbox 910 1921 967 1951; x_wconf 87' lang='lat' dir='ltr'>quo</span> 
     </span>
    </p>
   </div>
   <div class='ocr_carea' id='block_1_10' title="bbox 862 280 1134 304">
    <p class='ocr_par' dir='ltr' id='par_1_10' title="bbox 862 280 1134 304">
     <span class='ocr_line' id='line_1_35' title="bbox 862 280 1134 304; baseline -0.007 0"><span class='ocrx_word' id='word_1_175' title='bbox 862 280 1005 304; x_wconf 57' lang='lat' dir='ltr'>cmntxs</span> <span class='ocrx_word' id='word_1_176' title='bbox 1026 280 1062 303; x_wconf 78' lang='lat' dir='ltr'>itt</span> <span class='ocrx_word' id='word_1_177' title='bbox 1086 280 1134 303; x_wconf 81' lang='grc' dir='ltr'>ΡΡ.</span> 
     </span>
    </p>
   </div>
   <div class='ocr_carea' id='block_1_11' title="bbox 1651 270 1694 301">
    <p class='ocr_par' dir='ltr' id='par_1_11' title="bbox 1651 270 1694 301">
     <span class='ocr_line' id='line_1_36' title="bbox 1651 270 1694 301; baseline 0.093 -4"><span class='ocrx_word' id='word_1_178' title='bbox 1651 270 1694 301; x_wconf 63' lang='lat'>«39</span> 
     </span>
    </p>
   </div>
   <div class='ocr_carea' id='block_1_12' title="bbox 1000 326 1750 1310">
    <p class='ocr_par' dir='ltr' id='par_1_12' title="bbox 1000 326 1744 471">
     <span class='ocr_line' id='line_1_37' title="bbox 1000 326 1743 369; baseline 0.001 -9"><span class='ocrx_word' id='word_1_179' title='bbox 1000 326 1106 361; x_wconf 89' lang='lat' dir='ltr'>animo</span> <span class='ocrx_word' id='word_1_180' title='bbox 1133 337 1190 361; x_wconf 83' lang='lat' dir='ltr'>nos</span> <span class='ocrx_word' id='word_1_181' title='bbox 1234 326 1321 361; x_wconf 86' lang='lat' dir='ltr'>decet</span> <span class='ocrx_word' id='word_1_182' title='bbox 1354 327 1463 361; x_wconf 75' lang='lat' dir='ltr'>libenti</span> <span class='ocrx_word' id='word_1_183' title='bbox 1497 326 1683 369; x_wconf 62' lang='lat' dir='ltr'>concedere,</span> <span class='ocrx_word' id='word_1_184' title='bbox 1715 337 1743 361; x_wconf 82' lang='lat' dir='ltr'>et</span> 
     </span>
     <span class='ocr_line' id='line_1_38' title="bbox 1001 375 1744 422; baseline 0 -12"><span class='ocrx_word' id='word_1_185' title='bbox 1001 375 1172 422; x_wconf 87' lang='lat' dir='ltr'>petentium</span> <span class='ocrx_word' id='word_1_186' title='bbox 1196 375 1360 410; x_wconf 77' lang='lat' dir='ltr'>desideriis</span> <span class='ocrx_word' id='word_1_187' title='bbox 1373 388 1546 421; x_wconf 81' lang='lat' dir='ltr'>congruum</span> <span class='ocrx_word' id='word_1_188' title='bbox 1562 376 1744 422; x_wconf 80' lang='lat' dir='ltr'>suffragium</span> 
     </span>
     <span class='ocr_line' id='line_1_39' title="bbox 1001 433 1167 471; baseline -0.006 -12"><span class='ocrx_word' id='word_1_189' title='bbox 1001 433 1167 471; x_wconf 86' lang='lat' dir='ltr'>impertiri.</span> 
     </span>
    </p>

    <p class='ocr_par' dir='ltr' id='par_1_13' title="bbox 1001 472 1750 1310">
     <span class='ocr_line' id='line_1_40' title="bbox 1049 472 1745 520; baseline -0.001 -12"><span class='ocrx_word' id='word_1_190' title='bbox 1049 473 1093 509; x_wconf 89' lang='lat' dir='ltr'>Ea</span> <span class='ocrx_word' id='word_1_191' title='bbox 1122 481 1258 520; x_wconf 86' lang='lat' dir='ltr'>propter,</span> <span class='ocrx_word' id='word_1_192' title='bbox 1279 472 1411 508; x_wconf 87' lang='lat' dir='ltr'>dilectae</span> <span class='ocrx_word' id='word_1_193' title='bbox 1439 474 1468 508; x_wconf 92' lang='lat' dir='ltr'>in</span> <span class='ocrx_word' id='word_1_194' title='bbox 1491 474 1628 509; x_wconf 86' lang='lat' dir='ltr'>Domino</span> <span class='ocrx_word' id='word_1_195' title='bbox 1656 474 1745 513; x_wconf 71' lang='lat' dir='ltr'>filiae,</span> 
     </span>
     <span class='ocr_line' id='line_1_41' title="bbox 1001 523 1748 569; baseline 0.001 -13"><span class='ocrx_word' id='word_1_196' title='bbox 1001 524 1112 558; x_wconf 81' lang='lat' dir='ltr'>vestris</span> <span class='ocrx_word' id='word_1_197' title='bbox 1152 523 1243 558; x_wconf 83' lang='lat' dir='ltr'>iustis</span> <span class='ocrx_word' id='word_1_198' title='bbox 1275 523 1542 569; x_wconf 88' lang='lat' dir='ltr'>postulationibus</span> <span class='ocrx_word' id='word_1_199' title='bbox 1577 524 1748 559; x_wconf 74' lang='lat' dir='ltr'>clementer</span> 
     </span>
     <span class='ocr_line' id='line_1_42' title="bbox 1001 571 1744 618; baseline -0.001 -11"><span class='ocrx_word' id='word_1_200' title='bbox 1001 573 1183 611; x_wconf 77' lang='lat' dir='ltr'>annuimus,</span> <span class='ocrx_word' id='word_1_201' title='bbox 1205 580 1233 607; x_wconf 90' lang='lat' dir='ltr'>et</span> <span class='ocrx_word' id='word_1_202' title='bbox 1258 571 1429 618; x_wconf 78' lang='lat' dir='ltr'>praefatum</span> <span class='ocrx_word' id='word_1_203' title='bbox 1454 574 1692 616; x_wconf 80' lang='lat' dir='ltr'>monasterium,</span> <span class='ocrx_word' id='word_1_204' title='bbox 1715 573 1744 606; x_wconf 83' lang='lat' dir='ltr'>in</span> 
     </span>
     <span class='ocr_line' id='line_1_43' title="bbox 1001 621 1744 669; baseline -0.001 -13"><span class='ocrx_word' id='word_1_205' title='bbox 1001 634 1063 669; x_wconf 87' lang='lat' dir='ltr'>quo</span> <span class='ocrx_word' id='word_1_206' title='bbox 1076 621 1182 657; x_wconf 89' lang='lat' dir='ltr'>divino</span> <span class='ocrx_word' id='word_1_207' title='bbox 1203 621 1396 667; x_wconf 75' lang='lat' dir='ltr'>mancipatae</span> <span class='ocrx_word' id='word_1_208' title='bbox 1417 622 1493 656; x_wconf 79' lang='lat' dir='ltr'>estis</span> <span class='ocrx_word' id='word_1_209' title='bbox 1518 621 1686 669; x_wconf 75' lang='lat' dir='ltr'>obsequio.</span> <span class='ocrx_word' id='word_1_210' title='bbox 1707 623 1744 657; x_wconf 83' lang='lat' dir='ltr'>a=l</span> 
     </span>
     <span class='ocr_line' id='line_1_44' title="bbox 1001 670 1746 718; baseline 0.001 -12"><span class='ocrx_word' id='word_1_211' title='bbox 1001 671 1159 718; x_wconf 72' lang='lat' dir='ltr'>exemplar</span> <span class='ocrx_word' id='word_1_212' title='bbox 1182 671 1232 705; x_wconf 83' lang='lat' dir='ltr'>sel.</span> <span class='ocrx_word' id='word_1_213' title='bbox 1257 683 1317 704; x_wconf 80' lang='lat' dir='ltr'>rec.</span> <span class='ocrx_word' id='word_1_214' title='bbox 1343 670 1511 705; x_wconf 64' lang='lat' dir='ltr'>Mox-andri</span> <span class='ocrx_word' id='word_1_215' title='bbox 1534 671 1639 718; x_wconf 82' lang='lat' dir='ltr'>Papae</span> <span class='ocrx_word' id='word_1_216' title='bbox 1662 684 1746 718; x_wconf 81' lang='lat' dir='ltr'>prac-</span> 
     </span>
     <span class='ocr_line' id='line_1_45' title="bbox 1001 720 1745 755; baseline -0.003 -1"><span class='ocrx_word' id='word_1_217' title='bbox 1001 720 1175 755; x_wconf 79' lang='lat' dir='ltr'>decessoris</span> <span class='ocrx_word' id='word_1_218' title='bbox 1199 720 1294 753; x_wconf 72' lang='lat' dir='ltr'>nostri</span> <span class='ocrx_word' id='word_1_219' title='bbox 1316 720 1375 754; x_wconf 69' lang='lat' dir='ltr'>sut&gt;</span> <span class='ocrx_word' id='word_1_220' title='bbox 1397 720 1477 754; x_wconf 84' lang='lat' dir='ltr'>beati</span> <span class='ocrx_word' id='word_1_221' title='bbox 1501 720 1584 754; x_wconf 84' lang='lat' dir='ltr'>Petri</span> <span class='ocrx_word' id='word_1_222' title='bbox 1600 729 1630 755; x_wconf 89' lang='lat' dir='ltr'>et</span> <span class='ocrx_word' id='word_1_223' title='bbox 1644 729 1745 755; x_wconf 64' lang='lat' dir='ltr'>nostr..</span> 
     </span>
     <span class='ocr_line' id='line_1_46' title="bbox 1002 769 1748 816; baseline 0.003 -14"><span class='ocrx_word' id='word_1_224' title='bbox 1002 770 1196 816; x_wconf 83' lang='lat' dir='ltr'>protectione</span> <span class='ocrx_word' id='word_1_225' title='bbox 1247 769 1459 815; x_wconf 67' lang='lat' dir='ltr'>suscipimus,</span> <span class='ocrx_word' id='word_1_226' title='bbox 1505 778 1536 804; x_wconf 86' lang='lat' dir='ltr'>et</span> <span class='ocrx_word' id='word_1_227' title='bbox 1575 771 1748 816; x_wconf 81' lang='lat' dir='ltr'>praesentis</span> 
     </span>
     <span class='ocr_line' id='line_1_47' title="bbox 1001 818 1747 866; baseline 0 -12"><span class='ocrx_word' id='word_1_228' title='bbox 1001 820 1108 866; x_wconf 80' lang='lat' dir='ltr'>scripti</span> <span class='ocrx_word' id='word_1_229' title='bbox 1126 818 1287 865; x_wconf 76' lang='lat' dir='ltr'>privilegio</span> <span class='ocrx_word' id='word_1_230' title='bbox 1298 819 1541 853; x_wconf 81' lang='lat' dir='ltr'>communimus.</span> <span class='ocrx_word' id='word_1_231' title='bbox 1559 818 1747 863; x_wconf 68' lang='lat' dir='ltr'>statuentes,</span> 
     </span>
     <span class='ocr_line' id='line_1_48' title="bbox 1002 877 1747 916; baseline 0.001 -14"><span class='ocrx_word' id='word_1_232' title='bbox 1002 877 1035 903; x_wconf 87' lang='lat' dir='ltr'>ut</span> <span class='ocrx_word' id='word_1_233' title='bbox 1055 880 1272 916; x_wconf 86' lang='lat' dir='ltr'>quascumque</span> <span class='ocrx_word' id='word_1_234' title='bbox 1287 880 1512 913; x_wconf 71' lang='lat' dir='ltr'>possessiones,</span> <span class='ocrx_word' id='word_1_235' title='bbox 1530 881 1747 916; x_wconf 80' lang='lat' dir='ltr'>quaecumque</span> 
     </span>
     <span class='ocr_line' id='line_1_49' title="bbox 1003 916 1746 964; baseline 0.001 -12"><span class='ocrx_word' id='word_1_236' title='bbox 1003 918 1081 953; x_wconf 88' lang='lat' dir='ltr'>bona</span> <span class='ocrx_word' id='word_1_237' title='bbox 1110 917 1218 952; x_wconf 90' lang='lat' dir='ltr'>eadem</span> <span class='ocrx_word' id='word_1_238' title='bbox 1253 916 1395 952; x_wconf 72' lang='lat' dir='ltr'>Ecclesia</span> <span class='ocrx_word' id='word_1_239' title='bbox 1428 918 1457 951; x_wconf 85' lang='lat' dir='ltr'>in</span> <span class='ocrx_word' id='word_1_240' title='bbox 1501 919 1746 964; x_wconf 74' lang='lat' dir='ltr'>praesentiarum</span> 
     </span>
     <span class='ocr_line' id='line_1_50' title="bbox 1003 967 1749 1012; baseline 0.001 -10"><span class='ocrx_word' id='word_1_241' title='bbox 1003 968 1083 1002; x_wconf 89' lang='lat' dir='ltr'>iuste</span> <span class='ocrx_word' id='word_1_242' title='bbox 1105 976 1133 1002; x_wconf 84' lang='lat' dir='ltr'>et</span> <span class='ocrx_word' id='word_1_243' title='bbox 1161 967 1313 1002; x_wconf 88' lang='lat' dir='ltr'>canonice</span> <span class='ocrx_word' id='word_1_244' title='bbox 1336 967 1488 1012; x_wconf 79' lang='lat' dir='ltr'>possidet,</span> <span class='ocrx_word' id='word_1_245' title='bbox 1515 976 1569 1002; x_wconf 87' lang='lat' dir='ltr'>ant</span> <span class='ocrx_word' id='word_1_246' title='bbox 1597 967 1627 1002; x_wconf 89' lang='lat' dir='ltr'>in</span> <span class='ocrx_word' id='word_1_247' title='bbox 1663 968 1749 1003; x_wconf 79' lang='lat' dir='ltr'>sutu-</span> 
     </span>
     <span class='ocr_line' id='line_1_51' title="bbox 1003 1016 1746 1064; baseline 0 -13"><span class='ocrx_word' id='word_1_248' title='bbox 1003 1029 1072 1052; x_wconf 90' lang='lat' dir='ltr'>rum</span> <span class='ocrx_word' id='word_1_249' title='bbox 1099 1017 1306 1052; x_wconf 84' lang='lat' dir='ltr'>concessione</span> <span class='ocrx_word' id='word_1_250' title='bbox 1342 1016 1544 1053; x_wconf 81' lang='lat' dir='ltr'>Pontificum.</span> <span class='ocrx_word' id='word_1_251' title='bbox 1581 1016 1746 1064; x_wconf 81' lang='lat' dir='ltr'>largitione</span> 
     </span>
     <span class='ocr_line' id='line_1_52' title="bbox 1004 1066 1749 1112; baseline 0 -11"><span class='ocrx_word' id='word_1_252' title='bbox 1004 1078 1112 1112; x_wconf 85' lang='lat' dir='ltr'>regum</span> <span class='ocrx_word' id='word_1_253' title='bbox 1133 1066 1179 1100; x_wconf 82' lang='lat' dir='ltr'>vel</span> <span class='ocrx_word' id='word_1_254' title='bbox 1204 1066 1396 1112; x_wconf 72' lang='lat' dir='ltr'>principum.</span> <span class='ocrx_word' id='word_1_255' title='bbox 1417 1066 1575 1101; x_wconf 89' lang='lat' dir='ltr'>oblatione</span> <span class='ocrx_word' id='word_1_256' title='bbox 1599 1067 1749 1108; x_wconf 73' lang='lat' dir='ltr'>fidelium.</span> 
     </span>
     <span class='ocr_line' id='line_1_53' title="bbox 1002 1114 1750 1161; baseline 0.003 -11"><span class='ocrx_word' id='word_1_257' title='bbox 1002 1127 1057 1150; x_wconf 92' lang='lat' dir='ltr'>seu</span> <span class='ocrx_word' id='word_1_258' title='bbox 1076 1116 1144 1150; x_wconf 82' lang='lat' dir='ltr'>aliis</span> <span class='ocrx_word' id='word_1_259' title='bbox 1159 1115 1252 1150; x_wconf 87' lang='lat' dir='ltr'>iustis</span> <span class='ocrx_word' id='word_1_260' title='bbox 1270 1114 1384 1151; x_wconf 77' lang='lat' dir='ltr'>modis,</span> <span class='ocrx_word' id='word_1_261' title='bbox 1404 1124 1581 1161; x_wconf 81' lang='lat' dir='ltr'>praestante</span> <span class='ocrx_word' id='word_1_262' title='bbox 1603 1115 1750 1153; x_wconf 77' lang='lat' dir='ltr'>Domino,</span> 
     </span>
     <span class='ocr_line' id='line_1_54' title="bbox 1003 1164 1749 1212; baseline 0.001 -13"><span class='ocrx_word' id='word_1_263' title='bbox 1003 1165 1119 1212; x_wconf 90' lang='lat' dir='ltr'>poterit</span> <span class='ocrx_word' id='word_1_264' title='bbox 1132 1164 1276 1210; x_wconf 77' lang='lat' dir='ltr'>adipisci,</span> <span class='ocrx_word' id='word_1_265' title='bbox 1299 1164 1386 1198; x_wconf 81' lang='lat' dir='ltr'>firma</span> <span class='ocrx_word' id='word_1_266' title='bbox 1408 1164 1496 1198; x_wconf 80' lang='lat' dir='ltr'>vobis</span> <span class='ocrx_word' id='word_1_267' title='bbox 1522 1172 1553 1199; x_wconf 90' lang='lat' dir='ltr'>et</span> <span class='ocrx_word' id='word_1_268' title='bbox 1575 1164 1639 1207; x_wconf 71' lang='lat' dir='ltr'>his,</span> <span class='ocrx_word' id='word_1_269' title='bbox 1669 1178 1749 1212; x_wconf 83' lang='lat' dir='ltr'>quae</span> 
     </span>
     <span class='ocr_line' id='line_1_55' title="bbox 1004 1213 1749 1261; baseline 0.001 -13"><span class='ocrx_word' id='word_1_270' title='bbox 1004 1222 1074 1261; x_wconf 88' lang='lat' dir='ltr'>post</span> <span class='ocrx_word' id='word_1_271' title='bbox 1098 1226 1152 1249; x_wconf 78' lang='lat' dir='ltr'>vos</span> <span class='ocrx_word' id='word_1_272' title='bbox 1191 1214 1415 1251; x_wconf 79' lang='lat' dir='ltr'>successerint.</span> <span class='ocrx_word' id='word_1_273' title='bbox 1450 1222 1478 1247; x_wconf 87' lang='lat' dir='ltr'>et</span> <span class='ocrx_word' id='word_1_274' title='bbox 1517 1213 1633 1249; x_wconf 84' lang='lat' dir='ltr'>illibata</span> <span class='ocrx_word' id='word_1_275' title='bbox 1674 1227 1749 1261; x_wconf 86' lang='lat' dir='ltr'>per-</span> 
     </span>
     <span class='ocr_line' id='line_1_56' title="bbox 1004 1262 1749 1310; baseline 0.001 -13"><span class='ocrx_word' id='word_1_276' title='bbox 1004 1273 1160 1301; x_wconf 78' lang='lat' dir='ltr'>maneant,</span> <span class='ocrx_word' id='word_1_277' title='bbox 1189 1263 1217 1296; x_wconf 91' lang='lat' dir='ltr'>in</span> <span class='ocrx_word' id='word_1_278' title='bbox 1259 1262 1374 1309; x_wconf 87' lang='lat' dir='ltr'>quibus</span> <span class='ocrx_word' id='word_1_279' title='bbox 1401 1262 1478 1297; x_wconf 83' lang='lat' dir='ltr'>haec</span> <span class='ocrx_word' id='word_1_280' title='bbox 1513 1264 1648 1310; x_wconf 87' lang='lat' dir='ltr'>propriis</span> <span class='ocrx_word' id='word_1_281' title='bbox 1687 1264 1749 1298; x_wconf 89' lang='lat' dir='ltr'>du-</span> 
     </span>
    </p>
   </div>
   <div class='ocr_carea' id='block_1_13' title="bbox 983 1311 1748 1357">
    <p class='ocr_par' dir='ltr' id='par_1_14' title="bbox 983 1311 1748 1357">
     <span class='ocr_line' id='line_1_57' title="bbox 983 1311 1748 1357; baseline 0.003 -11"><span class='ocrx_word' id='word_1_282' title='bbox 983 1312 1107 1347; x_wconf 78' lang='lat' dir='ltr'>lximus</span> <span class='ocrx_word' id='word_1_283' title='bbox 1127 1311 1332 1357; x_wconf 78' lang='lat' dir='ltr'>exprimenda</span> <span class='ocrx_word' id='word_1_284' title='bbox 1363 1311 1533 1347; x_wconf 85' lang='lat' dir='ltr'>vocabulis.</span> <span class='ocrx_word' id='word_1_285' title='bbox 1575 1312 1748 1348; x_wconf 86' lang='lat' dir='ltr'>Ecclesiam</span> 
     </span>
    </p>
   </div>
   <div class='ocr_carea' id='block_1_14' title="bbox 1004 1360 1750 1448">
    <p class='ocr_par' dir='ltr' id='par_1_15' title="bbox 1004 1360 1750 1448">
     <span class='ocr_line' id='line_1_58' title="bbox 1004 1360 1749 1408; baseline 0.001 -13"><span class='ocrx_word' id='word_1_286' title='bbox 1004 1361 1109 1396; x_wconf 78' lang='lat' dir='ltr'>Sancti</span> <span class='ocrx_word' id='word_1_287' title='bbox 1155 1360 1215 1394; x_wconf 76' lang='lat' dir='ltr'>Viti</span> <span class='ocrx_word' id='word_1_288' title='bbox 1256 1373 1328 1395; x_wconf 90' lang='lat' dir='ltr'>cum</span> <span class='ocrx_word' id='word_1_289' title='bbox 1369 1361 1519 1396; x_wconf 89' lang='lat' dir='ltr'>omnibus</span> <span class='ocrx_word' id='word_1_290' title='bbox 1555 1362 1749 1408; x_wconf 87' lang='lat' dir='ltr'>pertinentiis</span> 
     </span>
     <span class='ocr_line' id='line_1_59' title="bbox 1004 1409 1750 1448; baseline 0.004 -5"><span class='ocrx_word' id='word_1_291' title='bbox 1004 1410 1081 1448; x_wconf 76' lang='lat' dir='ltr'>suis„</span> <span class='ocrx_word' id='word_1_292' title='bbox 1115 1409 1278 1444; x_wconf 87' lang='lat' dir='ltr'>ecclesiam</span> <span class='ocrx_word' id='word_1_293' title='bbox 1305 1410 1338 1444; x_wconf 87' lang='lat' dir='ltr'>S.</span> <span class='ocrx_word' id='word_1_294' title='bbox 1367 1409 1494 1445; x_wconf 85' lang='lat' dir='ltr'>loannis</span> <span class='ocrx_word' id='word_1_295' title='bbox 1515 1410 1554 1444; x_wconf 85' lang='lat' dir='ltr'>de</span> <span class='ocrx_word' id='word_1_296' title='bbox 1588 1411 1750 1447; x_wconf 78' lang='lat' dir='ltr'>Camerata</span> 
     </span>
    </p>
   </div>
   <div class='ocr_carea' id='block_1_15' title="bbox 1004 1458 1800 1506">
    <p class='ocr_par' dir='ltr' id='par_1_16' title="bbox 1004 1458 1800 1506">
     <span class='ocr_line' id='line_1_60' title="bbox 1004 1458 1800 1506; baseline 0.004 -13"><span class='ocrx_word' id='word_1_297' title='bbox 1004 1471 1076 1493; x_wconf 87' lang='lat' dir='ltr'>cum</span> <span class='ocrx_word' id='word_1_298' title='bbox 1099 1458 1299 1505; x_wconf 84' lang='lat' dir='ltr'>pertinentiis</span> <span class='ocrx_word' id='word_1_299' title='bbox 1325 1459 1403 1499; x_wconf 80' lang='lat' dir='ltr'>suis,</span> <span class='ocrx_word' id='word_1_300' title='bbox 1426 1460 1476 1494; x_wconf 90' lang='lat' dir='ltr'>ius</span> <span class='ocrx_word' id='word_1_301' title='bbox 1501 1459 1585 1506; x_wconf 90' lang='lat' dir='ltr'>quod</span> <span class='ocrx_word' id='word_1_302' title='bbox 1631 1460 1752 1496; x_wconf 86' lang='lat' dir='ltr'>habetis</span> <span class='ocrx_word' id='word_1_303' title='bbox 1767 1469 1800 1483; x_wconf 82' lang='lat'>⁰¹¹¹</span> 
     </span>
    </p>
   </div>
   <div class='ocr_carea' id='block_1_16' title="bbox 986 1507 1755 1951">
    <p class='ocr_par' dir='ltr' id='par_1_17' title="bbox 986 1507 1755 1951">
     <span class='ocr_line' id='line_1_61' title="bbox 1005 1507 1752 1556; baseline 0.004 -14"><span class='ocrx_word' id='word_1_304' title='bbox 1005 1507 1034 1542; x_wconf 89' lang='lat' dir='ltr'>in</span> <span class='ocrx_word' id='word_1_305' title='bbox 1061 1507 1194 1543; x_wconf 85' lang='lat' dir='ltr'>ecclesia</span> <span class='ocrx_word' id='word_1_306' title='bbox 1221 1508 1255 1542; x_wconf 84' lang='lat' dir='ltr'>S.</span> <span class='ocrx_word' id='word_1_307' title='bbox 1279 1508 1424 1544; x_wconf 58' lang='lat' dir='ltr'>Andr-eze.</span> <span class='ocrx_word' id='word_1_308' title='bbox 1451 1522 1532 1556; x_wconf 83' lang='lat' dir='ltr'>quae</span> <span class='ocrx_word' id='word_1_309' title='bbox 1555 1518 1600 1543; x_wconf 79' lang='lat' dir='ltr'>est</span> <span class='ocrx_word' id='word_1_310' title='bbox 1624 1511 1654 1544; x_wconf 84' lang='lat' dir='ltr'>in</span> <span class='ocrx_word' id='word_1_311' title='bbox 1682 1510 1752 1545; x_wconf 88' lang='lat' dir='ltr'>Cle-</span> 
     </span>
     <span class='ocr_line' id='line_1_62' title="bbox 1006 1557 1750 1605; baseline 0.004 -14"><span class='ocrx_word' id='word_1_312' title='bbox 1006 1567 1082 1597; x_wconf 77' lang='lat' dir='ltr'>re10,</span> <span class='ocrx_word' id='word_1_313' title='bbox 1109 1557 1311 1592; x_wconf 86' lang='lat' dir='ltr'>medietatem</span> <span class='ocrx_word' id='word_1_314' title='bbox 1349 1557 1565 1595; x_wconf 78' lang='lat' dir='ltr'>oblationum.</span> <span class='ocrx_word' id='word_1_315' title='bbox 1603 1572 1685 1605; x_wconf 83' lang='lat' dir='ltr'>quae</span> <span class='ocrx_word' id='word_1_316' title='bbox 1721 1561 1750 1594; x_wconf 88' lang='lat' dir='ltr'>in</span> 
     </span>
     <span class='ocr_line' id='line_1_63' title="bbox 1005 1606 1752 1644; baseline 0.005 -4"><span class='ocrx_word' id='word_1_317' title='bbox 1005 1606 1149 1641; x_wconf 88' lang='lat' dir='ltr'>ecclesiis</span> <span class='ocrx_word' id='word_1_318' title='bbox 1171 1607 1262 1641; x_wconf 83' lang='lat' dir='ltr'>castri</span> <span class='ocrx_word' id='word_1_319' title='bbox 1292 1606 1331 1641; x_wconf 88' lang='lat' dir='ltr'>de</span> <span class='ocrx_word' id='word_1_320' title='bbox 1365 1607 1549 1642; x_wconf 89' lang='lat' dir='ltr'>Talliacotio</span> <span class='ocrx_word' id='word_1_321' title='bbox 1584 1609 1613 1643; x_wconf 88' lang='lat' dir='ltr'>iu</span> <span class='ocrx_word' id='word_1_322' title='bbox 1635 1609 1752 1644; x_wconf 87' lang='lat' dir='ltr'>solem-</span> 
     </span>
     <span class='ocr_line' id='line_1_64' title="bbox 1007 1655 1751 1703; baseline 0.004 -13"><span class='ocrx_word' id='word_1_323' title='bbox 1007 1655 1157 1691; x_wconf 87' lang='lat' dir='ltr'>nitatibus</span> <span class='ocrx_word' id='word_1_324' title='bbox 1178 1656 1321 1703; x_wconf 88' lang='lat' dir='ltr'>Pasquae</span> <span class='ocrx_word' id='word_1_325' title='bbox 1355 1664 1383 1691; x_wconf 88' lang='lat' dir='ltr'>et</span> <span class='ocrx_word' id='word_1_326' title='bbox 1416 1657 1534 1692; x_wconf 79' lang='lat' dir='ltr'>Natalis</span> <span class='ocrx_word' id='word_1_327' title='bbox 1560 1657 1700 1699; x_wconf 81' lang='lat' dir='ltr'>Domini,</span> <span class='ocrx_word' id='word_1_328' title='bbox 1721 1667 1751 1693; x_wconf 85' lang='lat' dir='ltr'>et</span> 
     </span>
     <span class='ocr_line' id='line_1_65' title="bbox 1012 1705 1751 1749; baseline 0.004 -10"><span class='ocrx_word' id='word_1_329' title='bbox 1012 1705 1212 1740; x_wconf 86' lang='lat' dir='ltr'>medietatem</span> <span class='ocrx_word' id='word_1_330' title='bbox 1235 1706 1274 1740; x_wconf 89' lang='lat' dir='ltr'>de</span> <span class='ocrx_word' id='word_1_331' title='bbox 1301 1706 1515 1741; x_wconf 84' lang='lat' dir='ltr'>oblationibus</span> <span class='ocrx_word' id='word_1_332' title='bbox 1543 1717 1751 1749; x_wconf 73' lang='lat' dir='ltr'>mortuorum,</span> 
     </span>
     <span class='ocr_line' id='line_1_66' title="bbox 1007 1754 1750 1802; baseline 0.004 -14"><span class='ocrx_word' id='word_1_333' title='bbox 1007 1754 1201 1801; x_wconf 78' lang='lat' dir='ltr'>sepulturam</span> <span class='ocrx_word' id='word_1_334' title='bbox 1230 1755 1385 1790; x_wconf 85' lang='lat' dir='ltr'>maiorum</span> <span class='ocrx_word' id='word_1_335' title='bbox 1424 1755 1589 1790; x_wconf 84' lang='lat' dir='ltr'>hominum</span> <span class='ocrx_word' id='word_1_336' title='bbox 1625 1757 1750 1802; x_wconf 87' lang='lat' dir='ltr'>praefati</span> 
     </span>
     <span class='ocr_line' id='line_1_67' title="bbox 1006 1803 1751 1851; baseline 0.004 -13"><span class='ocrx_word' id='word_1_337' title='bbox 1006 1804 1114 1844; x_wconf 77' lang='lat' dir='ltr'>castri,</span> <span class='ocrx_word' id='word_1_338' title='bbox 1158 1803 1350 1851; x_wconf 83' lang='lat' dir='ltr'>sepulturam</span> <span class='ocrx_word' id='word_1_339' title='bbox 1386 1803 1476 1840; x_wconf 90' lang='lat' dir='ltr'>Podii</span> <span class='ocrx_word' id='word_1_340' title='bbox 1511 1805 1642 1840; x_wconf 81' lang='lat' dir='ltr'>Bul&#39;arae</span> <span class='ocrx_word' id='word_1_341' title='bbox 1680 1818 1751 1841; x_wconf 89' lang='lat' dir='ltr'>cum</span> 
     </span>
     <span class='ocr_line' id='line_1_68' title="bbox 1008 1852 1755 1898; baseline 0.004 -11"><span class='ocrx_word' id='word_1_342' title='bbox 1008 1853 1175 1888; x_wconf 83' lang='lat' dir='ltr'>medietate</span> <span class='ocrx_word' id='word_1_343' title='bbox 1218 1852 1412 1889; x_wconf 82' lang='lat' dir='ltr'>oblationum</span> <span class='ocrx_word' id='word_1_344' title='bbox 1446 1863 1656 1898; x_wconf 81' lang='lat' dir='ltr'>mortuorum,</span> <span class='ocrx_word' id='word_1_345' title='bbox 1697 1855 1755 1891; x_wconf 88' lang='lat' dir='ltr'>de-</span> 
     </span>
     <span class='ocr_line' id='line_1_69' title="bbox 986 1902 1755 1951; baseline 0.005 -15"><span class='ocrx_word' id='word_1_346' title='bbox 986 1903 1104 1946; x_wconf 51' lang='lat' dir='ltr'>&amp;cimas</span> <span class='ocrx_word' id='word_1_347' title='bbox 1119 1902 1391 1948; x_wconf 74' lang='lat' dir='ltr'>molendinorum,</span> <span class='ocrx_word' id='word_1_348' title='bbox 1413 1916 1494 1951; x_wconf 90' lang='lat' dir='ltr'>quae</span> <span class='ocrx_word' id='word_1_349' title='bbox 1519 1913 1594 1939; x_wconf 88' lang='lat' dir='ltr'>sunt</span> <span class='ocrx_word' id='word_1_350' title='bbox 1620 1905 1649 1939; x_wconf 91' lang='lat' dir='ltr'>in</span> <span class='ocrx_word' id='word_1_351' title='bbox 1677 1905 1755 1941; x_wconf 70' lang='lat' dir='ltr'>valle</span> 
     </span>
    </p>
   </div>
   <div class='ocr_carea' id='block_1_17' title="bbox 255 1947 1753 1998">
    <p class='ocr_par' dir='ltr' id='par_1_18' title="bbox 255 1947 1753 1998">
     <span class='ocr_line' id='line_1_70' title="bbox 255 1947 1753 1998; baseline 0.003 -13"><span class='ocrx_word' id='word_1_352' title='bbox 255 1953 415 1985; x_wconf 82' lang='lat' dir='ltr'>maluerint</span> <span class='ocrx_word' id='word_1_353' title='bbox 438 1954 586 1994; x_wconf 84' lang='lat' dir='ltr'>episeopo,</span> <span class='ocrx_word' id='word_1_354' title='bbox 615 1953 777 1992; x_wconf 85' lang='lat' dir='ltr'>recipiendi</span> <span class='ocrx_word' id='word_1_355' title='bbox 800 1954 966 1986; x_wconf 84' lang='lat' dir='ltr'>facultatem</span> <span class='ocrx_word' id='word_1_356' title='bbox 985 1947 988 1988; x_wconf 61' lang='lat' dir='ltr'>l,</span> <span class='ocrx_word' id='word_1_357' title='bbox 1007 1952 1192 1987; x_wconf 88' lang='lat' dir='ltr'>Sanctorum</span> <span class='ocrx_word' id='word_1_358' title='bbox 1233 1951 1368 1988; x_wconf 89' lang='lat' dir='ltr'>Cosmae</span> <span class='ocrx_word' id='word_1_359' title='bbox 1399 1961 1429 1987; x_wconf 90' lang='lat' dir='ltr'>et</span> <span class='ocrx_word' id='word_1_360' title='bbox 1463 1952 1625 1998; x_wconf 77' lang='lat' dir='ltr'>Damiani,</span> <span class='ocrx_word' id='word_1_361' title='bbox 1659 1962 1689 1988; x_wconf 89' lang='lat' dir='ltr'>et</span> <span class='ocrx_word' id='word_1_362' title='bbox 1723 1955 1753 1989; x_wconf 88' lang='lat' dir='ltr'>in</span> 
     </span>
    </p>
   </div>
   <div class='ocr_carea' id='block_1_18' title="bbox 255 1997 967 2128">
    <p class='ocr_par' dir='ltr' id='par_1_19' title="bbox 255 1997 967 2128">
     <span class='ocr_line' id='line_1_71' title="bbox 256 1997 965 2039; baseline 0.001 -11"><span class='ocrx_word' id='word_1_363' title='bbox 256 1998 396 2038; x_wconf 78' lang='lat' dir='ltr'>indulget.</span> <span class='ocrx_word' id='word_1_364' title='bbox 417 2015 455 2021; x_wconf 90' lang='lat'><strong>—</strong></span> <span class='ocrx_word' id='word_1_365' title='bbox 480 1997 590 2037; x_wconf 78' lang='lat' dir='ltr'>Decret.</span> <span class='ocrx_word' id='word_1_366' title='bbox 622 1998 817 2030; x_wconf 89' lang='lat' dir='ltr'>immunitatis</span> <span class='ocrx_word' id='word_1_367' title='bbox 846 2009 860 2029; x_wconf 88' lang='lat' dir='ltr'>a</span> <span class='ocrx_word' id='word_1_368' title='bbox 890 2010 965 2039; x_wconf 83' lang='lat' dir='ltr'>qua-</span> 
     </span>
     <span class='ocr_line' id='line_1_72' title="bbox 255 2042 967 2083; baseline 0.001 -10"><span class='ocrx_word' id='word_1_369' title='bbox 255 2051 382 2083; x_wconf 79' lang='lat' dir='ltr'>cumque</span> <span class='ocrx_word' id='word_1_370' title='bbox 399 2042 544 2079; x_wconf 88' lang='lat' dir='ltr'>molestia,</span> <span class='ocrx_word' id='word_1_371' title='bbox 562 2042 598 2078; x_wconf 82' lang='lat' dir='ltr'>vi,</span> <span class='ocrx_word' id='word_1_372' title='bbox 621 2046 670 2072; x_wconf 77' lang='lat' dir='ltr'>etc.</span> <span class='ocrx_word' id='word_1_373' title='bbox 688 2059 727 2065; x_wconf 95' lang='lat'><strong>—</strong></span> <span class='ocrx_word' id='word_1_374' title='bbox 751 2042 893 2073; x_wconf 82' lang='lat' dir='ltr'>Clement.</span> <span class='ocrx_word' id='word_1_375' title='bbox 914 2044 967 2074; x_wconf 73' lang='grc' dir='ltr'>ΙΨ.</span> 
     </span>
     <span class='ocr_line' id='line_1_73' title="bbox 257 2086 966 2128; baseline 0.001 -11"><span class='ocrx_word' id='word_1_376' title='bbox 257 2086 398 2126; x_wconf 77' lang='lat' dir='ltr'>sigillum,</span> <span class='ocrx_word' id='word_1_377' title='bbox 411 2091 439 2116; x_wconf 84' lang='lat' dir='ltr'>ct</span> <span class='ocrx_word' id='word_1_378' title='bbox 449 2086 478 2116; x_wconf 88' lang='lat' dir='ltr'>S.</span> <span class='ocrx_word' id='word_1_379' title='bbox 493 2086 525 2116; x_wconf 88' lang='lat' dir='ltr'>R.</span> <span class='ocrx_word' id='word_1_380' title='bbox 536 2086 613 2117; x_wconf 86' lang='lat' dir='ltr'>Eccl.</span> <span class='ocrx_word' id='word_1_381' title='bbox 626 2088 704 2117; x_wconf 91' lang='lat' dir='ltr'>card.</span> <span class='ocrx_word' id='word_1_382' title='bbox 721 2088 966 2128; x_wconf 79' lang='lat' dir='ltr'>subscriptiones.</span> 
     </span>
    </p>
   </div>
   <div class='ocr_carea' id='block_1_19' title="bbox 217 2153 970 2389">
    <p class='ocr_par' dir='ltr' id='par_1_20' title="bbox 217 2153 970 2389">
     <span class='ocr_line' id='line_1_74' title="bbox 217 2153 970 2193; baseline 0.001 -9"><span class='ocrx_word' id='word_1_383' title='bbox 217 2153 340 2193; x_wconf 68' lang='lat' dir='ltr'>Glemona</span> <span class='ocrx_word' id='word_1_384' title='bbox 361 2153 502 2191; x_wconf 72' lang='lat' dir='ltr'>episeopus</span> <span class='ocrx_word' id='word_1_385' title='bbox 519 2161 614 2184; x_wconf 77' lang='lat' dir='ltr'>servus</span> <span class='ocrx_word' id='word_1_386' title='bbox 633 2161 774 2184; x_wconf 76' lang='lat' dir='ltr'>sorvorum</span> <span class='ocrx_word' id='word_1_387' title='bbox 790 2154 846 2187; x_wconf 81' lang='lat' dir='ltr'>Dei,</span> <span class='ocrx_word' id='word_1_388' title='bbox 861 2155 970 2185; x_wconf 81' lang='lat' dir='ltr'>dilectis</span> 
     </span>
     <span class='ocr_line' id='line_1_75' title="bbox 261 2202 968 2234; baseline 0 -1"><span class='ocrx_word' id='word_1_389' title='bbox 261 2204 290 2233; x_wconf 84' lang='lat' dir='ltr'>iii</span> <span class='ocrx_word' id='word_1_390' title='bbox 308 2203 418 2233; x_wconf 73' lang='lat' dir='ltr'>christo</span> <span class='ocrx_word' id='word_1_391' title='bbox 444 2202 552 2232; x_wconf 68' lang='lat' dir='ltr'>titianus</span> <span class='ocrx_word' id='word_1_392' title='bbox 577 2203 706 2233; x_wconf 62' lang='lat' dir='ltr'>audoisae</span> <span class='ocrx_word' id='word_1_393' title='bbox 724 2203 879 2233; x_wconf 76' lang='lat' dir='ltr'>abbatissae</span> <span class='ocrx_word' id='word_1_394' title='bbox 913 2211 968 2234; x_wconf 81' lang='lat' dir='ltr'>mo·</span> 
     </span>
     <span class='ocr_line' id='line_1_76' title="bbox 261 2251 969 2290; baseline 0 -8"><span class='ocrx_word' id='word_1_395' title='bbox 261 2252 382 2283; x_wconf 67' lang='lat' dir='ltr'>sumti</span> <span class='ocrx_word' id='word_1_396' title='bbox 398 2252 423 2281; x_wconf 80' lang='lat' dir='ltr'>s.</span> <span class='ocrx_word' id='word_1_397' title='bbox 449 2251 560 2281; x_wconf 73' lang='lat' dir='ltr'>cosmae</span> <span class='ocrx_word' id='word_1_398' title='bbox 589 2253 622 2281; x_wconf 78' lang='lat' dir='ltr'>de</span> <span class='ocrx_word' id='word_1_399' title='bbox 651 2252 824 2285; x_wconf 69' lang='lat' dir='ltr'>talliacotio.</span> <span class='ocrx_word' id='word_1_400' title='bbox 859 2253 969 2290; x_wconf 78' lang='lat' dir='ltr'>eiusque</span> 
     </span>
     <span class='ocr_line' id='line_1_77' title="bbox 262 2301 969 2338; baseline -0.001 -5"><span class='ocrx_word' id='word_1_401' title='bbox 262 2302 404 2333; x_wconf 73' lang='lat' dir='ltr'>sororibus</span> <span class='ocrx_word' id='word_1_402' title='bbox 422 2303 481 2331; x_wconf 75' lang='lat' dir='ltr'>tun</span> <span class='ocrx_word' id='word_1_403' title='bbox 499 2301 690 2338; x_wconf 74' lang='lat' dir='ltr'>praesentibus</span> <span class='ocrx_word' id='word_1_404' title='bbox 708 2309 788 2338; x_wconf 78' lang='lat' dir='ltr'>quam</span> <span class='ocrx_word' id='word_1_405' title='bbox 806 2302 912 2331; x_wconf 79' lang='lat' dir='ltr'>suturis</span> <span class='ocrx_word' id='word_1_406' title='bbox 927 2311 969 2332; x_wconf 78' lang='lat' dir='ltr'>re-</span> 
     </span>
     <span class='ocr_line' id='line_1_78' title="bbox 264 2350 892 2389; baseline -0.002 -7"><span class='ocrx_word' id='word_1_407' title='bbox 264 2351 390 2388; x_wconf 62' lang='lat' dir='ltr'>gulum</span> <span class='ocrx_word' id='word_1_408' title='bbox 407 2351 496 2381; x_wconf 82' lang='lat' dir='ltr'>vitam</span> <span class='ocrx_word' id='word_1_409' title='bbox 513 2350 659 2388; x_wconf 77' lang='lat' dir='ltr'>professis.</span> <span class='ocrx_word' id='word_1_410' title='bbox 677 2351 706 2380; x_wconf 85' lang='lat' dir='ltr'>tn</span> <span class='ocrx_word' id='word_1_411' title='bbox 721 2353 892 2389; x_wconf 78' lang='lat' dir='ltr'>perpetuum.</span> 
     </span>
    </p>
   </div>
   <div class='ocr_carea' id='block_1_20' title="bbox 270 2413 971 2470">
    <p class='ocr_par' dir='ltr' id='par_1_21' title="bbox 270 2413 971 2470">
     <span class='ocr_line' id='line_1_79' title="bbox 270 2413 971 2470; baseline 0.001 -20"><span class='ocrx_word' id='word_1_412' title='bbox 270 2414 426 2457; x_wconf 79' lang='lat' dir='ltr'>Quotiens</span> <span class='ocrx_word' id='word_1_413' title='bbox 450 2427 468 2449; x_wconf 90' lang='lat' dir='ltr'>a</span> <span class='ocrx_word' id='word_1_414' title='bbox 490 2413 583 2450; x_wconf 89' lang='lat' dir='ltr'>nobis</span> <span class='ocrx_word' id='word_1_415' title='bbox 604 2414 719 2461; x_wconf 89' lang='lat' dir='ltr'>petitur</span> <span class='ocrx_word' id='word_1_416' title='bbox 741 2414 826 2462; x_wconf 91' lang='lat' dir='ltr'>quod</span> <span class='ocrx_word' id='word_1_417' title='bbox 849 2415 971 2470; x_wconf 80' lang='lat' dir='ltr'>religio-</span> 
     </span>
    </p>
   </div>
   <div class='ocr_carea' id='block_1_21' title="bbox 57 2463 968 2511">
    <p class='ocr_par' dir='ltr' id='par_1_22' title="bbox 57 2463 968 2511">
     <span class='ocr_line' id='line_1_80' title="bbox 57 2463 968 2511; baseline 0.001 -12"><span class='ocrx_word' id='word_1_418' title='bbox 57 2467 174 2490; x_wconf 78' lang='lat'><strong>¹¹⁰¹⁴¹¹=··</strong></span> <span class='ocrx_word' id='word_1_419' title='bbox 224 2465 255 2499; x_wconf 92' lang='lat' dir='ltr'>ni</span> <span class='ocrx_word' id='word_1_420' title='bbox 285 2472 318 2500; x_wconf 82' lang='lat' dir='ltr'>et</span> <span class='ocrx_word' id='word_1_421' title='bbox 354 2465 507 2501; x_wconf 69' lang='lat' dir='ltr'>honestati</span> <span class='ocrx_word' id='word_1_422' title='bbox 547 2463 716 2499; x_wconf 79' lang='lat' dir='ltr'>convenire</span> <span class='ocrx_word' id='word_1_423' title='bbox 763 2464 968 2511; x_wconf 82' lang='lat' dir='ltr'>dignoscitur,</span> 
     </span>
    </p>
   </div>
   <div class='ocr_carea' id='block_1_22' title="bbox 223 2533 970 2690">
    <p class='ocr_par' dir='ltr' id='par_1_23' title="bbox 223 2533 970 2690">
     <span class='ocr_line' id='line_1_81' title="bbox 258 2533 968 2571; baseline 0 -8"><span class='ocrx_word' id='word_1_424' title='bbox 258 2535 299 2570; x_wconf 83' lang='lat'>(1)</span> <span class='ocrx_word' id='word_1_425' title='bbox 314 2534 353 2562; x_wconf 80' lang='lat' dir='ltr'>Ex</span> <span class='ocrx_word' id='word_1_426' title='bbox 373 2535 490 2571; x_wconf 81' lang='lat' dir='ltr'>originali</span> <span class='ocrx_word' id='word_1_427' title='bbox 506 2536 531 2561; x_wconf 91' lang='lat' dir='ltr'>in</span> <span class='ocrx_word' id='word_1_428' title='bbox 547 2534 649 2561; x_wconf 85' lang='lat' dir='ltr'>archiv.</span> <span class='ocrx_word' id='word_1_429' title='bbox 669 2533 752 2561; x_wconf 84' lang='lat' dir='ltr'>edidit</span> <span class='ocrx_word' id='word_1_430' title='bbox 767 2535 884 2568; x_wconf 81' lang='lat' dir='ltr'>Gattula‚</span> <span class='ocrx_word' id='word_1_431' title='bbox 902 2536 968 2563; x_wconf 86' lang='lat' dir='ltr'>Hist.</span> 
     </span>
     <span class='ocr_line' id='line_1_82' title="bbox 223 2574 970 2611; baseline 0 -8"><span class='ocrx_word' id='word_1_432' title='bbox 223 2574 372 2607; x_wconf 67' lang='lat' dir='ltr'>cassinen„</span> <span class='ocrx_word' id='word_1_433' title='bbox 391 2583 460 2603; x_wconf 86' lang='lat' dir='ltr'>saec.</span> <span class='ocrx_word' id='word_1_434' title='bbox 478 2583 523 2602; x_wconf 85' lang='lat' dir='ltr'>xii.</span> <span class='ocrx_word' id='word_1_435' title='bbox 544 2591 575 2595; x_wconf 98' lang='lat'><strong>—</strong></span> <span class='ocrx_word' id='word_1_436' title='bbox 594 2575 652 2602; x_wconf 81' lang='lat' dir='ltr'>Non</span> <span class='ocrx_word' id='word_1_437' title='bbox 671 2575 788 2603; x_wconf 82' lang='lat' dir='ltr'>absimile</span> <span class='ocrx_word' id='word_1_438' title='bbox 803 2576 970 2611; x_wconf 81' lang='lat' dir='ltr'>privilegium</span> 
     </span>
     <span class='ocr_line' id='line_1_83' title="bbox 225 2615 969 2648; baseline 0.001 -6"><span class='ocrx_word' id='word_1_439' title='bbox 225 2615 286 2646; x_wconf 75' lang='lat' dir='ltr'>buit:</span> <span class='ocrx_word' id='word_1_440' title='bbox 314 2616 473 2644; x_wconf 80' lang='lat' dir='ltr'>monasterio</span> <span class='ocrx_word' id='word_1_441' title='bbox 497 2615 625 2643; x_wconf 58' lang='lat' dir='ltr'>conceffiit</span> <span class='ocrx_word' id='word_1_442' title='bbox 652 2615 800 2642; x_wconf 77' lang='lat' dir='ltr'>Alexander</span> <span class='ocrx_word' id='word_1_443' title='bbox 831 2616 880 2643; x_wconf 78' lang='lat' dir='ltr'>Pr.</span> <span class='ocrx_word' id='word_1_444' title='bbox 914 2617 969 2648; x_wconf 83' lang='grc' dir='ltr'>ΙΙΙ,</span> 
     </span>
     <span class='ocr_line' id='line_1_84' title="bbox 225 2654 934 2690; baseline 0 -8"><span class='ocrx_word' id='word_1_445' title='bbox 225 2663 294 2682; x_wconf 80' lang='lat' dir='ltr'>anno</span> <span class='ocrx_word' id='word_1_446' title='bbox 309 2655 382 2687; x_wconf 76' lang='lat' dir='ltr'>tt7t.</span> <span class='ocrx_word' id='word_1_447' title='bbox 401 2657 425 2682; x_wconf 78' lang='lat' dir='ltr'>in</span> <span class='ocrx_word' id='word_1_448' title='bbox 443 2659 533 2683; x_wconf 89' lang='lat' dir='ltr'>nostro</span> <span class='ocrx_word' id='word_1_449' title='bbox 550 2654 658 2686; x_wconf 81' lang='lat' dir='ltr'>Bullar.,</span> <span class='ocrx_word' id='word_1_450' title='bbox 673 2658 736 2681; x_wconf 89' lang='lat' dir='ltr'>tom.</span> <span class='ocrx_word' id='word_1_451' title='bbox 755 2662 783 2686; x_wconf 69' lang='lat' dir='ltr'>tt.</span> <span class='ocrx_word' id='word_1_452' title='bbox 802 2663 857 2690; x_wconf 82' lang='lat' dir='ltr'>pag.</span> <span class='ocrx_word' id='word_1_453' title='bbox 873 2656 934 2683; x_wconf 73' lang='lat' dir='ltr'>7t17.</span> 
     </span>
    </p>
   </div>
   <div class='ocr_carea' id='block_1_23' title="bbox 986 1990 1756 2048">
    <p class='ocr_par' dir='ltr' id='par_1_24' title="bbox 986 1990 1756 2048">
     <span class='ocr_line' id='line_1_85' title="bbox 986 1990 1756 2048; baseline 0.004 -12"><span class='ocrx_word' id='word_1_454' title='bbox 986 1990 1094 2044; x_wconf 63' lang='lat' dir='ltr'>{alveo</span> <span class='ocrx_word' id='word_1_455' title='bbox 1121 2014 1178 2036; x_wconf 89' lang='lat' dir='ltr'>suo</span> <span class='ocrx_word' id='word_1_456' title='bbox 1201 2002 1325 2048; x_wconf 80' lang='lat' dir='ltr'>triginta</span> <span class='ocrx_word' id='word_1_457' title='bbox 1352 2002 1474 2038; x_wconf 89' lang='lat' dir='ltr'>modios</span> <span class='ocrx_word' id='word_1_458' title='bbox 1508 2004 1756 2044; x_wconf 84' lang='lat' dir='ltr'>sementariotios</span> 
     </span>
    </p>
   </div>
   <div class='ocr_carea' id='block_1_24' title="bbox 985 2051 1756 2103">
    <p class='ocr_par' dir='ltr' id='par_1_25' title="bbox 985 2051 1756 2103">
     <span class='ocr_line' id='line_1_86' title="bbox 985 2051 1756 2103; baseline 0.005 -18"><span class='ocrx_word' id='word_1_459' title='bbox 985 2051 989 2103; x_wconf 57' lang='lat' dir='ltr'>l</span> <span class='ocrx_word' id='word_1_460' title='bbox 1009 2059 1118 2095; x_wconf 71' lang='lat' dir='ltr'>terrae,</span> <span class='ocrx_word' id='word_1_461' title='bbox 1142 2051 1260 2089; x_wconf 80' lang='lat' dir='ltr'>vineas,</span> <span class='ocrx_word' id='word_1_462' title='bbox 1282 2059 1394 2096; x_wconf 78' lang='lat' dir='ltr'>terras,</span> <span class='ocrx_word' id='word_1_463' title='bbox 1415 2052 1520 2094; x_wconf 86' lang='lat' dir='ltr'>silvas,</span> <span class='ocrx_word' id='word_1_464' title='bbox 1542 2052 1666 2097; x_wconf 81' lang='lat' dir='ltr'>domos,</span> <span class='ocrx_word' id='word_1_465' title='bbox 1697 2065 1756 2088; x_wconf 90' lang='lat' dir='ltr'>ca-</span> 
     </span>
    </p>
   </div>
   <div class='ocr_carea' id='block_1_25' title="bbox 988 2100 1756 2690">
    <p class='ocr_par' dir='ltr' id='par_1_26' title="bbox 988 2100 1756 2690">
     <span class='ocr_line' id='line_1_87' title="bbox 1008 2100 1755 2148; baseline 0.004 -14"><span class='ocrx_word' id='word_1_466' title='bbox 1008 2100 1133 2139; x_wconf 81' lang='lat' dir='ltr'>sularia,</span> <span class='ocrx_word' id='word_1_467' title='bbox 1155 2113 1236 2147; x_wconf 83' lang='lat' dir='ltr'>quae</span> <span class='ocrx_word' id='word_1_468' title='bbox 1258 2101 1288 2135; x_wconf 91' lang='lat' dir='ltr'>in</span> <span class='ocrx_word' id='word_1_469' title='bbox 1313 2101 1473 2148; x_wconf 83' lang='lat' dir='ltr'>praedicto</span> <span class='ocrx_word' id='word_1_470' title='bbox 1499 2110 1602 2137; x_wconf 89' lang='lat' dir='ltr'>castro</span> <span class='ocrx_word' id='word_1_471' title='bbox 1623 2102 1755 2143; x_wconf 79' lang='lat' dir='ltr'>habetis,</span> 
     </span>
     <span class='ocr_line' id='line_1_88' title="bbox 1008 2149 1756 2198; baseline 0.004 -14"><span class='ocrx_word' id='word_1_472' title='bbox 1008 2149 1070 2185; x_wconf 92' lang='lat' dir='ltr'>duo</span> <span class='ocrx_word' id='word_1_473' title='bbox 1095 2150 1285 2191; x_wconf 79' lang='lat' dir='ltr'>molendina,</span> <span class='ocrx_word' id='word_1_474' title='bbox 1308 2151 1417 2196; x_wconf 81' lang='lat' dir='ltr'>viginti</span> <span class='ocrx_word' id='word_1_475' title='bbox 1445 2151 1527 2186; x_wconf 85' lang='lat' dir='ltr'>duos</span> <span class='ocrx_word' id='word_1_476' title='bbox 1554 2151 1651 2198; x_wconf 89' lang='lat' dir='ltr'>pedes</span> <span class='ocrx_word' id='word_1_477' title='bbox 1691 2160 1756 2187; x_wconf 87' lang='lat' dir='ltr'>ter—</span> 
     </span>
     <span class='ocr_line' id='line_1_89' title="bbox 1009 2199 1755 2247; baseline 0.003 -13"><span class='ocrx_word' id='word_1_478' title='bbox 1009 2211 1124 2239; x_wconf 75' lang='lat' dir='ltr'>rarum.</span> <span class='ocrx_word' id='word_1_479' title='bbox 1149 2199 1187 2234; x_wconf 89' lang='lat' dir='ltr'>de</span> <span class='ocrx_word' id='word_1_480' title='bbox 1211 2199 1329 2247; x_wconf 89' lang='lat' dir='ltr'>quibus</span> <span class='ocrx_word' id='word_1_481' title='bbox 1351 2200 1496 2235; x_wconf 85' lang='lat' dir='ltr'>homines</span> <span class='ocrx_word' id='word_1_482' title='bbox 1518 2202 1609 2236; x_wconf 68' lang='lat' dir='ltr'>vestri</span> <span class='ocrx_word' id='word_1_483' title='bbox 1644 2213 1755 2236; x_wconf 91' lang='lat' dir='ltr'>mona-</span> 
     </span>
     <span class='ocr_line' id='line_1_90' title="bbox 1008 2249 1754 2294; baseline 0.003 -11"><span class='ocrx_word' id='word_1_484' title='bbox 1008 2249 1093 2284; x_wconf 82' lang='lat' dir='ltr'>sterii</span> <span class='ocrx_word' id='word_1_485' title='bbox 1129 2256 1201 2283; x_wconf 87' lang='lat' dir='ltr'>sunt</span> <span class='ocrx_word' id='word_1_486' title='bbox 1236 2249 1397 2294; x_wconf 80' lang='lat' dir='ltr'>infeodati7</span> <span class='ocrx_word' id='word_1_487' title='bbox 1430 2249 1593 2285; x_wconf 83' lang='lat' dir='ltr'>ecclesiam</span> <span class='ocrx_word' id='word_1_488' title='bbox 1622 2250 1754 2285; x_wconf 82' lang='lat' dir='ltr'>Sanctae</span> 
     </span>
     <span class='ocr_line' id='line_1_91' title="bbox 1009 2298 1754 2346; baseline 0.001 -13"><span class='ocrx_word' id='word_1_489' title='bbox 1009 2298 1124 2333; x_wconf 81' lang='lat' dir='ltr'>Mariae</span> <span class='ocrx_word' id='word_1_490' title='bbox 1157 2298 1196 2333; x_wconf 90' lang='lat' dir='ltr'>de</span> <span class='ocrx_word' id='word_1_491' title='bbox 1228 2298 1330 2332; x_wconf 88' lang='lat' dir='ltr'>Sorbo</span> <span class='ocrx_word' id='word_1_492' title='bbox 1360 2311 1431 2333; x_wconf 82' lang='lat' dir='ltr'>cum</span> <span class='ocrx_word' id='word_1_493' title='bbox 1465 2299 1612 2334; x_wconf 80' lang='lat' dir='ltr'>omnibus</span> <span class='ocrx_word' id='word_1_494' title='bbox 1657 2301 1754 2346; x_wconf 84' lang='lat' dir='ltr'>perti-</span> 
     </span>
     <span class='ocr_line' id='line_1_92' title="bbox 1010 2347 1752 2390; baseline 0.004 -9"><span class='ocrx_word' id='word_1_495' title='bbox 1010 2349 1124 2382; x_wconf 89' lang='lat' dir='ltr'>nentiis</span> <span class='ocrx_word' id='word_1_496' title='bbox 1145 2348 1224 2390; x_wconf 75' lang='lat' dir='ltr'>suis,</span> <span class='ocrx_word' id='word_1_497' title='bbox 1246 2347 1410 2382; x_wconf 79' lang='lat' dir='ltr'>ecclesiam</span> <span class='ocrx_word' id='word_1_498' title='bbox 1433 2348 1466 2383; x_wconf 89' lang='lat' dir='ltr'>S.</span> <span class='ocrx_word' id='word_1_499' title='bbox 1509 2348 1643 2384; x_wconf 85' lang='lat' dir='ltr'>Ceciliae</span> <span class='ocrx_word' id='word_1_500' title='bbox 1681 2362 1752 2384; x_wconf 87' lang='lat' dir='ltr'>cum</span> 
     </span>
     <span class='ocr_line' id='line_1_93' title="bbox 1010 2396 1753 2444; baseline 0.003 -13"><span class='ocrx_word' id='word_1_501' title='bbox 1010 2398 1208 2444; x_wconf 86' lang='lat' dir='ltr'>pertinentiis</span> <span class='ocrx_word' id='word_1_502' title='bbox 1236 2396 1314 2440; x_wconf 74' lang='lat' dir='ltr'>suis,</span> <span class='ocrx_word' id='word_1_503' title='bbox 1358 2396 1521 2432; x_wconf 86' lang='lat' dir='ltr'>ecclesiam</span> <span class='ocrx_word' id='word_1_504' title='bbox 1560 2397 1594 2432; x_wconf 95' lang='lat' dir='ltr'>S.</span> <span class='ocrx_word' id='word_1_505' title='bbox 1636 2397 1753 2433; x_wconf 82' lang='lat' dir='ltr'>Nicolai</span> 
     </span>
     <span class='ocr_line' id='line_1_94' title="bbox 1011 2446 1752 2493; baseline 0.001 -13"><span class='ocrx_word' id='word_1_506' title='bbox 1011 2459 1082 2480; x_wconf 79' lang='lat' dir='ltr'>cum</span> <span class='ocrx_word' id='word_1_507' title='bbox 1104 2446 1301 2493; x_wconf 88' lang='lat' dir='ltr'>pertinentiis</span> <span class='ocrx_word' id='word_1_508' title='bbox 1322 2446 1400 2488; x_wconf 73' lang='lat' dir='ltr'>suis,</span> <span class='ocrx_word' id='word_1_509' title='bbox 1419 2446 1582 2482; x_wconf 84' lang='lat' dir='ltr'>ecclesiam</span> <span class='ocrx_word' id='word_1_510' title='bbox 1614 2448 1647 2482; x_wconf 84' lang='lat' dir='ltr'>S.</span> <span class='ocrx_word' id='word_1_511' title='bbox 1670 2447 1752 2483; x_wconf 86' lang='lat' dir='ltr'>Petri</span> 
     </span>
     <span class='ocr_line' id='line_1_95' title="bbox 1009 2495 1754 2543; baseline 0.001 -13"><span class='ocrx_word' id='word_1_512' title='bbox 1009 2508 1081 2530; x_wconf 82' lang='lat' dir='ltr'>cum</span> <span class='ocrx_word' id='word_1_513' title='bbox 1109 2495 1307 2542; x_wconf 87' lang='lat' dir='ltr'>pertinentiis</span> <span class='ocrx_word' id='word_1_514' title='bbox 1342 2496 1420 2533; x_wconf 73' lang='lat' dir='ltr'>suis,</span> <span class='ocrx_word' id='word_1_515' title='bbox 1460 2503 1546 2530; x_wconf 77' lang='lat' dir='ltr'>extra</span> <span class='ocrx_word' id='word_1_516' title='bbox 1583 2496 1754 2543; x_wconf 77' lang='lat' dir='ltr'>praefatum</span> 
     </span>
     <span class='ocr_line' id='line_1_96' title="bbox 1009 2543 1756 2588; baseline 0.001 -8"><span class='ocrx_word' id='word_1_517' title='bbox 1009 2552 1157 2588; x_wconf 80' lang='lat' dir='ltr'>castrum,</span> <span class='ocrx_word' id='word_1_518' title='bbox 1193 2543 1358 2580; x_wconf 89' lang='lat' dir='ltr'>ecclesiam</span> <span class='ocrx_word' id='word_1_519' title='bbox 1386 2545 1419 2579; x_wconf 79' lang='lat' dir='ltr'>S.</span> <span class='ocrx_word' id='word_1_520' title='bbox 1456 2544 1582 2580; x_wconf 77' lang='lat' dir='ltr'>Ioannis</span> <span class='ocrx_word' id='word_1_521' title='bbox 1617 2545 1655 2580; x_wconf 92' lang='lat' dir='ltr'>de</span> <span class='ocrx_word' id='word_1_522' title='bbox 1692 2547 1756 2581; x_wconf 82' lang='lat' dir='ltr'>Ca-</span> 
     </span>
     <span class='ocr_line' id='line_1_97' title="bbox 1011 2593 1754 2642; baseline 0.001 -14"><span class='ocrx_word' id='word_1_523' title='bbox 1011 2601 1125 2628; x_wconf 81' lang='lat' dir='ltr'>merata</span> <span class='ocrx_word' id='word_1_524' title='bbox 1171 2594 1202 2628; x_wconf 88' lang='lat' dir='ltr'>iu</span> <span class='ocrx_word' id='word_1_525' title='bbox 1238 2594 1316 2629; x_wconf 89' lang='lat' dir='ltr'>colle</span> <span class='ocrx_word' id='word_1_526' title='bbox 1351 2593 1390 2628; x_wconf 89' lang='lat' dir='ltr'>dc</span> <span class='ocrx_word' id='word_1_527' title='bbox 1424 2594 1570 2641; x_wconf 69' lang='lat' dir='ltr'>palanga,</span> <span class='ocrx_word' id='word_1_528' title='bbox 1604 2596 1754 2642; x_wconf 86' lang='lat' dir='ltr'>quicquid</span> 
     </span>
     <span class='ocr_line' id='line_1_98' title="bbox 988 2643 1754 2690; baseline 0.003 -13"><span class='ocrx_word' id='word_1_529' title='bbox 988 2654 992 2690; x_wconf 67' lang='lat' dir='ltr'>t</span> <span class='ocrx_word' id='word_1_530' title='bbox 1010 2643 1132 2678; x_wconf 81' lang='lat' dir='ltr'>habetis</span> <span class='ocrx_word' id='word_1_531' title='bbox 1154 2643 1183 2678; x_wconf 88' lang='lat' dir='ltr'>in</span> <span class='ocrx_word' id='word_1_532' title='bbox 1207 2643 1337 2678; x_wconf 84' lang='lat' dir='ltr'>ecclesia</span> <span class='ocrx_word' id='word_1_533' title='bbox 1359 2643 1392 2678; x_wconf 88' lang='lat' dir='ltr'>S.</span> <span class='ocrx_word' id='word_1_534' title='bbox 1418 2644 1561 2679; x_wconf 70' lang='lat' dir='ltr'>Andreae.</span> <span class='ocrx_word' id='word_1_535' title='bbox 1592 2644 1754 2680; x_wconf 82' lang='lat' dir='ltr'>Praeterea</span> 
     </span>
    </p>
   </div>
   <div class='ocr_carea' id='block_1_26' title="bbox 1763 281 1941 307">
    <p class='ocr_par' dir='ltr' id='par_1_27' title="bbox 1763 281 1941 307">
     <span class='ocr_line' id='line_1_99' title="bbox 1763 281 1941 307; baseline -0.011 -2"><span class='ocrx_word' id='word_1_536' title='bbox 1763 282 1811 306; x_wconf 60' lang='lat' dir='ltr'>An.</span> <span class='ocrx_word' id='word_1_537' title='bbox 1827 281 1843 307; x_wconf 66' lang='lat' dir='ltr'>&#39;T</span> <span class='ocrx_word' id='word_1_538' title='bbox 1873 281 1941 306; x_wconf 71' lang='grc' dir='ltr'>11Ἷο</span> 
     </span>
    </p>
   </div>
   <div class='ocr_carea' id='block_1_27' title="bbox 1761 482 1941 601">
    <p class='ocr_par' dir='ltr' id='par_1_28' title="bbox 1761 482 1941 601">
     <span class='ocr_line' id='line_1_100' title="bbox 1775 482 1921 503; baseline 0.007 -1"><span class='ocrx_word' id='word_1_539' title='bbox 1775 482 1921 503; x_wconf 54' lang='lat' dir='ltr'>*bvias&#39;eiiuffi</span> 
     </span>
     <span class='ocr_line' id='line_1_101' title="bbox 1762 514 1941 540; baseline 0 -6"><span class='ocrx_word' id='word_1_540' title='bbox 1762 514 1798 534; x_wconf 53' lang='lat' dir='ltr'>‘ub</span> <span class='ocrx_word' id='word_1_541' title='bbox 1810 515 1941 540; x_wconf 60' lang='lat' dir='ltr'>protectlw‘</span> 
     </span>
     <span class='ocr_line' id='line_1_102' title="bbox 1761 543 1929 571; baseline 0.006 -7"><span class='ocrx_word' id='word_1_542' title='bbox 1761 543 1821 564; x_wconf 65' lang='lat' dir='ltr'>Sedis</span> <span class='ocrx_word' id='word_1_543' title='bbox 1852 545 1929 571; x_wconf 52' lang='lat' dir='ltr'>Apriss*</span> 
     </span>
     <span class='ocr_line' id='line_1_103' title="bbox 1761 575 1903 601; baseline -0.007 -7"><span class='ocrx_word' id='word_1_544' title='bbox 1761 575 1813 595; x_wconf 62' lang='lat' dir='ltr'>lirae</span> <span class='ocrx_word' id='word_1_545' title='bbox 1831 575 1903 601; x_wconf 70' lang='lat' dir='ltr'>recipit</span> 
     </span>
    </p>
   </div>
   <div class='ocr_carea' id='block_1_28' title="bbox 1763 824 1943 907">
    <p class='ocr_par' dir='ltr' id='par_1_29' title="bbox 1763 824 1943 907">
     <span class='ocr_line' id='line_1_104' title="bbox 1776 824 1943 851; baseline 0 -6"><span class='ocrx_word' id='word_1_546' title='bbox 1776 824 1838 851; x_wconf 65' lang='lat' dir='ltr'>Eique</span> <span class='ocrx_word' id='word_1_547' title='bbox 1890 825 1943 845; x_wconf 62' lang='lat' dir='ltr'>lirn-</span> 
     </span>
     <span class='ocr_line' id='line_1_105' title="bbox 1763 857 1943 876; baseline 0.006 -1"><span class='ocrx_word' id='word_1_548' title='bbox 1763 861 1773 873; x_wconf 85' lang='lat' dir='ltr'>n</span> <span class='ocrx_word' id='word_1_549' title='bbox 1798 857 1830 876; x_wconf 80' lang='lat' dir='ltr'>nia</span> <span class='ocrx_word' id='word_1_550' title='bbox 1865 859 1943 876; x_wconf 70' lang='lat' dir='ltr'>conni-</span> 
     </span>
     <span class='ocr_line' id='line_1_106' title="bbox 1763 890 1817 907; baseline 0 0"><span class='ocrx_word' id='word_1_551' title='bbox 1763 890 1817 907; x_wconf 68' lang='lat' dir='ltr'>mal:</span> 
     </span>
    </p>
   </div>
   <div class='ocr_carea' id='block_1_29' title="bbox 1765 1370 1947 1452">
    <p class='ocr_par' dir='ltr' id='par_1_30' title="bbox 1765 1370 1947 1452">
     <span class='ocr_line' id='line_1_107' title="bbox 1778 1370 1932 1397; baseline -0.006 -7"><span class='ocrx_word' id='word_1_552' title='bbox 1778 1370 1799 1390; x_wconf 85' lang='lat' dir='ltr'>ln</span> <span class='ocrx_word' id='word_1_553' title='bbox 1810 1371 1932 1397; x_wconf 71' lang='lat' dir='ltr'>quibusnna</span> 
     </span>
     <span class='ocr_line' id='line_1_108' title="bbox 1765 1401 1947 1427; baseline -0.016 -5"><span class='ocrx_word' id='word_1_554' title='bbox 1765 1401 1820 1422; x_wconf 70' lang='lat' dir='ltr'>uuita</span> <span class='ocrx_word' id='word_1_555' title='bbox 1857 1401 1947 1427; x_wconf 68' lang='lat' dir='ltr'>propriis</span> 
     </span>
     <span class='ocr_line' id='line_1_109' title="bbox 1765 1431 1933 1452; baseline 0 -2"><span class='ocrx_word' id='word_1_556' title='bbox 1765 1431 1872 1452; x_wconf 69' lang='lat' dir='ltr'>‹ombulis</span> <span class='ocrx_word' id='word_1_557' title='bbox 1914 1437 1933 1450; x_wconf 85' lang='lat' dir='ltr'>in</span> 
     </span>
    </p>
   </div>
  </div>
 </body>
</html>
