2129 3223
388 248 457 282 84ss

427 314 485 346 sub
524 311 719 355 protectione
762 309 850 341 Sedis
889 307 1109 353 Apostolicacg

426 361 657 404 suscipiuntur,
667 359 775 401 cisque
783 355 1088 398 confirmaturquinsl-
1107 354 1109 400 j

934 251 1120 275 BELLAMUM
1148 249 1309 272 nmmum!

1216 303 1351 336 tectione
1372 301 1669 346 SedisApostolicae
1690 300 1874 344 suscipitur,

1218 352 1290 386 ⁴283.

426 410 501 453 quid
523 409 560 442 do
577 409 811 441 Saracenorum
827 407 974 440 manibus
994 406 1086 438 suerit
1130 402 1226 435 XCVI.
1251 400 1402 434 Validatio
1424 399 1510 443 pacis
1538 399 1618 432 inter
1652 409 1759 441 regem
1787 398 1877 431 Ioan-

429 470 485 503 per
500 458 585 501 ipsos
609 456 792 501 acquisitos,
814 455 888 489 ²262.

1218 460 1290 482 nem
1312 454 1339 481 ct
1358 448 1562 491 Anglicanam
1592 447 1779 487 Ecclesiam,
1801 446 1874 480 284.

339 508 491 541 LXXXIV.
514 506 722 540 Confirmatio
750 505 909 538 bonorum
943 506 1087 538 omniunt
1131 498 1241 531 XCVII.
1270 497 1400 539 Aug-liae
1431 507 1565 539 regnum
1591 496 1683 528 beato
1710 496 1802 529 Petro
1823 496 1879 529 ob-

430 556 642 600 Philippensis
676 555 847 592 Ecclesiae,
888 566 969 598 quae
998 556 1090 588 variis

428 610 521 639 aucta
542 604 714 649 privilegiis
733 604 791 637 suli
814 604 1013 648 Apostolicae
1034 607 1089 639 Sc-

429 654 476 687 dis
500 653 696 698 protectione
716 652 880 697 recipitur,
908 652 981 686 ⁹263.

343 703 480 737 LXXXV.
504 702 659 745 Delegatis
686 701 868 745 apostolicis
895 703 1034 739 mandat,
1058 707 1093 735 ut

431 751 689 785 constitutionem
700 751 861 794 quandam
871 751 895 783 Η
900 751 997 783 enrici
1015 752 1093 785 Con-

431 801 703 845 stantinopolitani
738 801 951 844 imperatoris,
982 806 1092 834 contra

433 852 609 884 libertatem
635 849 883 883 ecclesiasticam
909 850 1037 890 editam,
1060 862 1093 883 e-

433 899 679 943 largitionesque
713 910 787 941 erga
811 898 967 932 Ecclesias
991 899 1093 943 impe-

431 949 570 982 dientem
592 948 681 981 irrita
700 948 876 987 declarent,
899 947 973 981 0264.

344 999 496 1032 Lxxxvl.
519 997 726 1031 Confirmatio
745 997 906 1029 bonorum
923 1001 952 1029 et
972 997 1095 1040 privile-

431 1047 558 1090 giorum
592 1046 755 1079 concessio
790 1045 949 1078 Ecclesiae
982 1045 1095 1078 Corin-

434 1095 561 1135 thiensi,
588 1095 662 1129 265.

346 1145 511 1179 LXXXVII.
534 1144 679 1177 Castrum
695 1143 851 1187 Ninipliae
866 1143 904 1176 ad
920 1143 1095 1175 Romanam

434 1192 607 1226 Ecclesiam
648 1192 810 1236 pertinens
847 1191 960 1224 Iacobo
995 1191 1097 1235 Papae

436 1241 641 1277 consobrino.
677 1241 811 1284 eiusque·
837 1240 1031 1273 marescalco
1065 1240 1098 1272 in

440 1292 571 1325 seudum
592 1291 791 1327 conceditur,
814 1289 888 1323 266.

346 1341 525 1376 LXXXVIII.
549 1339 755 1373 Confirmatio
790 1339 948 1372 bonorum
976 1349 1012 1370 ac
1034 1337 1098 1381 pri-

436 1389 623 1432 vilegiorum
650 1388 814 1421 concessio
842 1386 1035 1420 monasterio
1065 1387 1096 1419 S.

434 1439 566 1472 Cosmae
586 1438 623 1471 (Ie
647 1437 821 1473 Vicovario,
835 1436 922 1480 quod
941 1436 999 1468 sub
1015 1436 1099 1478 Apo-

437 1487 547 1521 stolica
567 1487 722 1530 recipitur
742 1484 951 1530 protectione,
978 1484 1052 1517 ⁹267.

349 1537 504 1571 LXXXIX.
523 1536 729 1569 Confirmatio
739 1534 913 1568 sententiae
923 1545 940 1566 a
950 1533 1101 1576 delegatis

437 1585 619 1629 apostolicis
639 1586 719 1618 latae
739 1588 850 1617 contra
870 1582 1010 1626 priorem
1031 1592 1100 1614 mo-

438 1633 567 1667 nasterii
583 1634 621 1667 de
641 1633 799 1667 Cliaritatc
821 1630 1102 1664 Autissiodorensis

439 1683 605 1720 dioecesis,
628 1683 702 1717 ⁹268.

438 1733 665 1767 Conceduntur
686 1731 849 1776 privilegia
870 1730 1025 1762 nonnulla
1046 1729 1103 1761 do-

439 1781 533 1815 minis
562 1781 656 1814 castri
683 1780 827 1816 Scuriae,
855 1779 940 1822 tapiod
966 1778 1004 1811 de
1032 1789 1103 1821 spc-

439 1831 510 1865 ciali
531 1831 620 1864 Sedis
639 1829 838 1874 Apostolicae
865 1827 934 1860 iure
961 1838 1028 1860 esse
1049 1827 1104 1859 de-

441 1881 592 1918 claratur,
614 1879 689 1913 272.

449 1929 608 1963 Universis
626 1928 810 1963 Cluniacen.
839 1926 961 1960 ordinis
985 1925 1105 1958 abbati-

442 1979 501 2012 bus
510 1983 541 2012 et
560 1978 721 2022 prioribus
736 1983 772 2010 ut
784 1975 977 2010 monasteria
994 1986 1105 2008 eorum

441 2028 681 2072 gubernationis
727 2026 894 2061 commissa
934 2027 1107 2058 reformare

443 2079 602 2120 studeant,
624 2079 698 2112 273.

358 2130 444 2163 XCII.
467 2129 512 2161 Ad
533 2129 698 2162 universos
717 2126 945 2161 Christitideles
970 2135 1027 2168 per
1045 2125 1108 2158 Ma-

447 2177 615 2221 guntinam
649 2176 844 2221 provinciam
865 2174 1052 2208 constitutos
1072 2174 1109 2206 de

448 2227 581 2270 negocio
597 2228 712 2260 Terrae
733 2226 878 2263 Sanctae,
900 2224 975 2258 274.

362 2277 460 2311 XCIII.
484 2275 617 2309 Indictio
638 2274 719 2308 sacri
744 2279 771 2307 et
807 2272 1007 2307 oecumenici
1034 2282 1110 2304 con-

352 1735 410 1768 XC.

353 1931 426 1965 XCI.

450 2325 514 2359 cilii
538 2323 758 2359 Lateranensis
779 2333 836 2366 pro
859 2322 963 2365 prima
986 2321 1035 2353 die
1059 2331 1116 2352 no:

450 2373 600 2414 verubus,
627 2372 700 2407 ⁶278.

364 2425 460 2458 XCIV.
492 2422 698 2457 Confirmatio
737 2420 976 2465 privilegiorum
1004 2418 1043 2451 ab
1072 2419 1112 2451 A·

452 2472 576 2512 drian0‚
594 2472 711 2505 Ioanne
730 2471 770 2503 IX
790 2475 820 2503 et
839 2468 959 2502 Marino
979 2467 1114 2501 summis

452 2515 658 2550 Pontificibus
676 2514 900 2548 Nonantulano
922 2511 1113 2545 monasterio

454 2570 693 2600 concessorum,
715 2558 790 2593 ⁶280.

370 2606 452 2639 XCV.
479 2604 685 2639 Confirmatio
705 2603 887 2647 diplomatis
915 2601 1034 2636 Urbani
1054 2600 1110 2633 PP.

456 2649 492 2689 11,
514 2660 579 2692 quo
598 2658 734 2692 regnum
755 2649 938 2691 Aragonum
959 2645 1018 2679 sub
1038 2655 1114 2690 pro-

1219 548 1319 580 latum
1340 546 1404 590 regi
1435 545 1581 578 concedit
1600 545 1658 577 sub
1683 555 1789 578 annuo
1811 556 1881 578 cen-

1220 608 1255 629 su
1276 596 1363 629 mille
1383 596 1588 627 marcharum
1613 593 1682 626 auri
1709 594 1798 626 Rom.
1823 595 1880 626 Ec-

1225 645 1339 678 clesiae
1360 644 1581 688 persolvendo,
1604 642 1677 676 285.

1133 694 1258 726 XCVIII.
1282 693 1488 727 Confirmatio
1508 692 1668 724 bonorum
1689 692 1832 724 omnium
1846 704 1881 725 ac

1224 742 1460 786 privilegiorum
1495 740 1656 773 concessio
1692 741 1882 773 monasterio

1223 791 1454 830 Cemblaccnsi,
1478 790 1550 824 287.

1135 840 1234 873 XCIX.
1258 840 1464 873 Confirmatio
1485 839 1674 872 concordiae
1688 839 1781 872 initae
1803 839 1885 872 inter

1225 889 1454 922 monasterium
1482 888 1723 924 Virziliacense,
1749 892 1779 921 et
1806 888 1883 921 Her-

1224 949 1316 971 veum
1343 938 1492 971 comitem
1526 948 1561 970 ac
1581 937 1761 970 Mathildem
1784 937 1883 970 comi—

1224 988 1331 1020 tissam
1352 987 1571 1023 Nivernenses,
1593 985 1668 1020 ί289.

1137 1036 1168 1069 C.
1193 1037 1399 1069 Confirmatio
1421 1037 1580 1068 bonorum
1601 1035 1758 1073 omnium,
1790 1035 1884 1068 Iiber-

1225 1090 1338 1122 tatum,
1361 1085 1613 1124 immunitatum,
1642 1095 1678 1116 ac
1706 1083 1886 1127 privilegio-

1227 1145 1298 1167 rum
1320 1135 1553 1167 monachorum
1570 1133 1682 1166 Montis
1696 1133 1814 1173 Sancti,
1832 1133 1886 1176 qui

1226 1183 1284 1216 suh
1305 1184 1478 1227 apostolica
1503 1182 1699 1225 protectione
1725 1181 1887 1225 recipiun-

1227 1237 1291 1271 tur,
1314 1232 1387 1266 ⁹291.

1139 1282 1185 1314 CI.
1209 1282 1415 1314 Confirmatio
1436 1281 1594 1314 bonorum
1615 1279 1760 1312 omnium
1776 1290 1811 1312 ac
1829 1280 1889 1322 pri-

1227 1330 1415 1373 vilegiorum
1432 1329 1595 1363 concessio
1608 1328 1800 1361 monasterio
1812 1328 1888 1362 Bea-

1229 1384 1278 1412 tae
1303 1379 1418 1412 Mariae
1452 1378 1587 1421 Virginis
1612 1377 1650 1410 de
1684 1377 1888 1419 Alderspack,

1230 1428 1303 1462 292).

1141 1478 1201 1510 CII.
1224 1477 1411 1510 Commissio
1434 1477 1633 1520 Apostolicae
1653 1475 1742 1509 Sedis
1764 1475 1890 1518 delega-

1230 1525 1280 1565 tis,
1299 1531 1333 1558 111
1341 1525 1472 1568 Angliae
1489 1525 1578 1568 regni
1594 1525 1730 1557 barones
1751 1524 1817 1567 regi
1833 1535 1889 1557 suo

1232 1574 1366 1607 rebelles
1381 1573 1673 1607 excommunicatos
1683 1573 1888 1612 denuncient,

1231 1623 1304 1656 294.

1240 1672 1456 1705 Confirmatur
1475 1671 1617 1714 diploma
1641 1682 1659 1703 a
1691 1671 1809 1704 Ioanne
1827 1671 1891 1703 An-

1233 1720 1315 1763 gliae
1336 1731 1410 1763 rege
1431 1721 1540 1753 datum
1562 1730 1619 1763 pro
1641 1719 1785 1752 libertate
1812 1719 1894 1752 elec-

1233 1770 1357 1803 tionum
1378 1770 1527 1803 Ecclesiis
1542 1769 1590 1802 sui
1612 1769 1713 1811 regni,
1735 1769 1809 1803 295,

1199 1820 1217 1852 ’.
1240 1820 1416 1853 lnfeudatio
1445 1819 1614 1853 comitatus
1647 1817 1804 1861 Melgorii,
1839 1829 1894 1852 seu

1235 1868 1468 1902 Montisferrant
1505 1869 1609 1901 favore
1634 1867 1794 1901 Guillelmi
1827 1868 1895 1911 epi-

1235 1918 1322 1962 scopi
1349 1919 1545 1962 Magalonen.
1581 1917 1640 1950 sub
1671 1927 1778 1949 annuo
1799 1927 1896 1950 censu

1236 1967 1278 2001 20
1298 1968 1503 2000 marcharum
1523 1976 1589 2009 arg.
1608 1964 1681 1999 Sedi
1697 1964 1896 2008 Apostolicae

1239 2015 1457 2059 persolvendo,
1468 2014 1542 2048 ⁶297.

1149 2066 1207 2099 CV.
1230 2066 1272 2098 De
1288 2065 1413 2098 vitanda
1431 2063 1565 2098 simonia
1581 2063 1613 2096 in
1630 2058 1813 2106 receptione
1829 2073 1898 2095 mo-

1240 2116 1417 2147 nachorum
1434 2118 1489 2147 aut
1503 2111 1805 2151 sanctimonialium,
1821 2109 1895 2144 298.

1151 2164 1222 2198 CVI.
1242 2164 1376 2196 Irritatio
1413 2162 1657 2196 concessionum
1687 2160 1830 2193 omniurn
1860 2159 1898 2192 ab

1239 2213 1369 2256 Angliae
1394 2223 1468 2255 rege
1493 2211 1694 2254 magnatibus
1718 2210 1751 2242 in
1775 2210 1900 2253 praeiit<

1241 2261 1361 2294 dicium
1386 2261 1476 2303 regni
1502 2261 1670 2299 factarum,
1696 2257 1770 2292 ⁹298.

1152 2315 1236 2349 CVII.
1260 2315 1392 2348 Indictio
1409 2314 1481 2347 belli
1503 2319 1534 2347 et
1548 2312 1708 2347 cruciatae
1724 2316 1834 2345 contra
1848 2311 1900 2344 Sa-

1222 2378 1373 2402 ‘racenos
1407 2379 1464 2412 pro
1503 2365 1746 2410 recuperatione
1785 2365 1900 2397 Terrae

1241 2422 1374 2456 Sanctae
1394 2422 1605 2460 Hierusalem,
1632 2429 1705 2453 cum
1731 2417 1899 2460 indulgen-

1241 2477 1357 2510 tiarum
1384 2481 1413 2509 et
1432 2474 1672 2520 privilegiorum
1696 2471 1901 2505 concessione

1244 2542 1300 2575 pro
1329 2529 1557 2573 crucesignatis
1589 2527 1628 2561 ad
1659 2526 1738 2559 illud
1771 2524 1900 2568 prosici—

1243 2585 1415 2626 scentstms,
1437 2590 1492 2618 aut
1511 2584 1603 2617 aliter
1616 2581 1793 2616 subsidium
1814 2590 1902 2624 prae-

1243 2640 1409 2680 stantibus,
1435 2637 1509 2672 300.
