2129 3223
135 258 184 283 An.
206 255 235 283 C.
250 255 317 282 ¹2l0

147 316 206 343 Quae
253 322 316 343 peta—

135 348 203 372 fenda
219 348 260 367 rint
276 353 317 367 rna-

134 381 175 403 μιῑ
200 382 287 399 vacante

136 1107 311 1131 Oviactrztttnda

129 1139 216 1162 ‘tr-:iilia
251 1144 311 1159 annis

128 1175 147 1188 iii
165 1169 256 1195 rapituto
276 1175 309 1189 511⁷

128 1201 222 1225 pridiem

149 1998 176 2019 De
207 2000 314 2021 strictione

132 2031 262 2052 venatorum

146 2296 172 2317 De
182 2301 266 2318 mvi-mn
277 2297 316 2318 μη.

136 2333 232 2348 unorum.

380 241 450 274 244

332 319 388 354 pro
412 314 553 354 tempore
570 305 661 341 fuerit
684 306 879 353 perniciosus
894 306 1078 342 autinutilis

331 357 523 404 apparuerit,
563 368 636 391 cum
671 355 803 392 consilio
842 356 954 404 prioris
986 355 1078 391 cleri-

331 418 439 441 corum
467 413 498 441 et
520 406 654 447 sanioris
672 406 770 453 partis
795 406 923 454 capituli
952 405 1078 441 maioris

330 455 456 496 domus,
478 455 656 503 corrigendi
684 464 734 490 aut
765 456 857 491 etiam
885 455 1076 490 admonendi

329 517 402 540 eum
426 505 562 540 habeant
584 513 781 553 potestatem.
801 505 839 540 Et
862 505 886 539 si
906 506 987 540 inter
1003 517 1076 540 eum

329 565 360 590 et
392 555 562 603 capitulum
602 556 718 602 aliquid
763 555 928 591 emerserit
970 567 1076 602 quae-

329 605 450 648 stionis,
477 605 620 640 debitum
650 606 677 640 ei
708 606 801 641 linem
830 606 1075 652 imponant;ne

331 666 386 701 per
425 654 525 690 aliena
565 655 679 690 indicia
713 656 758 690 vel
799 654 953 690 dilabatur
985 654 1075 696 ordo,

329 705 375 739 vel
398 705 579 752 temporalis
619 705 791 740 substantia
827 704 1008 751 dissipetur.
1039 703 1073 738 In

331 753 447 789 nullam
470 762 572 789 antem
597 767 633 789 ex
658 755 717 790 boc
736 755 846 790 fraires
884 753 926 788 illi
961 765 1074 801 super-

329 803 411 840 biam
434 804 609 844 eleventur,
629 805 684 839 sed
712 805 861 849 magistro
887 816 944 838 suo
970 803 1073 838 devoti

328 862 360 888 et
387 853 573 890 obedientes
595 855 740 889 existam.
768 853 860 895 Quod
884 853 983 901 siquis
1019 865 1074 888 eo-

330 916 397 938 rum
425 916 463 939 ex
487 904 545 939 hac
572 905 631 938 vita
653 903 824 947 transierit,
847 902 894 937 vel
911 915 967 950 pro
982 903 1073 950 culpa

327 965 384 988 seu
431 954 488 988 alia
527 965 724 1001 quacumque
763 952 854 987 suerit
907 953 1074 987 occasione

328 1002 510 1043 mutandus,
545 1004 692 1049 magister
726 1015 797 1037 cum
839 1002 971 1036 consilio
1000 1001 1073 1036 reli-

327 1065 463 1100 quorum
499 1061 550 1087 aut
587 1052 711 1087 maioris
749 1052 844 1099 partis
876 1050 971 1086 alium
1005 1051 1073 1086 loco

328 1103 398 1137 eius
424 1102 601 1137 substituat.
632 1101 664 1136 In
688 1101 825 1149 capitulo
847 1108 965 1141 autem,
987 1101 1071 1148 quod

327 1152 416 1186 annis
438 1152 572 1198 singulis
599 1151 736 1186 diximus
758 1150 993 1189 celebrandum,
1017 1159 1072 1185 tre·

326 1202 428 1236 decim
452 1202 500 1236 isti
525 1202 632 1236 fratres
655 1210 686 1236 et
713 1201 987 1236 commendatores
1015 1200 1073 1234 do-

328 1263 448 1286 morum
472 1252 529 1285 nisi
553 1251 686 1287 evidens
713 1260 741 1286 et
776 1262 888 1296 magna
923 1262 978 1285 eos
1018 1261 1073 1284 ne-

326 1301 455 1336 cessitas
485 1300 667 1345 detinuerit,
707 1301 743 1335 ad
778 1307 927 1335 statutum
968 1300 1071 1334 locum

327 1352 547 1385 incunctanter
582 1360 759 1390 occurrant,
800 1358 829 1384 et
862 1349 1073 1384 communiter

327 1408 471 1443 tractent,
518 1411 598 1447 quae
631 1400 669 1434 ad
712 1400 887 1446 profectum
927 1398 1071 1441 ordinis,

327 1450 503 1484 animarum
546 1449 691 1488 salutem,
739 1457 769 1483 et
810 1448 1071 1483 sustentationem

327 1511 494 1546 corporum
529 1499 647 1533 suerint
677 1498 855 1536 statuenda,
896 1497 948 1532 ubi
974 1509 1072 1544 prae—

328 1549 420 1596 cipue
446 1547 483 1582 ad
507 1547 723 1583 defensionem
755 1547 997 1582 christianorum
1022 1548 1071 1581 in-

329 1598 458 1634 tendere
488 1605 683 1638 moneantur,
715 1605 742 1631 et
782 1597 919 1631 districte
958 1596 1071 1643 praeci-

330 1649 444 1693 piatur,
468 1656 500 1682 ut
528 1647 558 1681 in
581 1647 785 1690 Sarracenos,
808 1658 868 1680 non
893 1645 1072 1680 mundanae
1093 1660 1095 1694 ξ

328 1697 429 1732 laudis
462 1709 596 1736 amore,⁴
622 1708 684 1731 non
718 1695 876 1730 desiderio
909 1695 1074 1741 sanguinis

327 1745 521 1783 effundendi,
545 1758 605 1781 non
646 1754 840 1781 terrenarum
876 1757 980 1779 rerum
1021 1757 1074 1779 cu-

329 1797 458 1842 piditate
485 1803 675 1836 crassentur,
710 1795 765 1830 sed
806 1795 833 1829 id
881 1801 1003 1829 tanturn
1041 1794 1073 1828 in

329 1858 431 1892 pugna
459 1858 513 1880 sua
536 1845 711 1889 intendant,
732 1853 767 1880 ut
800 1844 847 1879 vel
885 1843 1076 1878 christianos

328 1895 366 1929 ab
399 1907 508 1930 eorum
544 1902 693 1930 tueantur
729 1895 869 1937 incursu,
905 1893 949 1928 vel
991 1894 1077 1940 ipsos

328 1944 365 1980 ad
405 1944 557 1980 culturam
602 1945 722 1991 possint
768 1943 956 1978 christianae
1003 1942 1074 1978 fidei

331 2006 508 2041 provocare.
531 1993 693 2040 Eligantur
719 2001 750 2028 et
785 2001 860 2028 tunc
899 1992 1077 2028 visitatores

331 2043 447 2085 idonei,
469 2043 523 2090 qui
545 2043 657 2078 domos
678 2042 806 2078 fratrum
843 2054 899 2089 per
923 2043 997 2077 anni
1024 2043 1077 2077 cir-

330 2093 437 2129 culum
460 2092 593 2128 fideliter
615 2093 751 2136 visitent,
772 2101 801 2127 et
822 2104 903 2139 quae
921 2091 962 2126 ibi
985 2091 1077 2138 digna

331 2143 524 2178 correctione
547 2143 735 2182 invenerint,
755 2149 807 2176 aut
828 2142 885 2188 ipsi
908 2142 1078 2187 corrigant,

332 2202 383 2227 aut
406 2193 442 2228 ad
460 2193 607 2240 generale
628 2191 800 2239 capitulum
820 2190 963 2226 differant
980 2192 1079 2225 corri-

333 2243 445 2288 genda.
476 2241 591 2278 Clerici
633 2249 789 2289 praeterea
825 2241 915 2275 vestri
949 2239 1079 2283 ordinis,

335 2305 389 2340 per
410 2292 498 2327 villas
520 2300 549 2327 et
575 2291 689 2339 oppida
723 2290 817 2326 simul
850 2297 1016 2333 maneant,
1049 2297 1081 2323 et

335 2341 426 2389 priori
453 2342 505 2389 qui
529 2353 623 2388 super
645 2353 699 2375 eos
722 2340 814 2375 fuerit
832 2340 995 2374 ordinatus
1007 2339 1082 2374 obe-

333 2392 457 2426 dientes
488 2392 632 2428 existant,
673 2398 704 2423 et
744 2389 823 2424 lilios
861 2389 989 2424 fratrum
1027 2389 1080 2436 qui

333 2443 378 2475 eis
399 2453 416 2476 a
431 2442 581 2486 magistro
604 2440 762 2475 commissi
786 2439 913 2479 suerint,
929 2438 1083 2473 instruant

334 2492 461 2525 scientia
484 2490 670 2533 litterarum,
703 2497 734 2523 et
766 2487 913 2524 tratribus
948 2497 1008 2523 tam
1051 2487 1080 2522 in

336 2541 406 2580 rita,
429 2552 521 2587 quam
550 2540 581 2573 in
613 2546 713 2574 morte
745 2538 920 2586 spiritualia
959 2537 1082 2573 submi-

336 2589 476 2623 nistrent.
500 2588 680 2624 Induentur
700 2596 805 2623 autem
839 2587 1082 2634 superpelliciis,
1101 2626 1105 2632 Δ

336 2647 366 2673 et
389 2647 578 2673 conventum
599 2646 630 2673 et
645 2638 815 2673 claustrum
833 2636 894 2672 sub
910 2639 1011 2677 priore
1026 2648 1083 2672 suo
1101 2635 1106 2669 l

926 252 1111 274 nutantem
1134 251 1297 274 Romanum

1119 304 1281 347 tenebunt,
1308 313 1338 340 et
1364 304 1524 340 humiliter
1558 302 1674 340 facient
1706 302 1792 351 quod
1825 301 1864 338 ab

1120 355 1189 402 ipso
1211 354 1274 390 illis
1295 354 1472 390 secundum
1503 353 1607 390 Deum
1642 352 1736 389 fuerit
1762 352 1864 399 impe-

1119 412 1231 440 ratum.
1244 403 1305 440 Ubi
1320 404 1430 439 fratres
1445 415 1573 452 quoque
1586 403 1626 440 de
1639 402 1755 451 quibus
1768 402 1866 448 magi-

1118 462 1182 489 stro
1197 453 1298 490 visum
1316 454 1410 489 fuerit
1424 460 1664 497 conversentur,
1678 460 1709 489 et
1722 464 1784 488 non
1801 452 1864 487 sint

1117 504 1222 546 otiosi,
1249 503 1305 540 sed
1326 511 1436 540 vacent
1461 503 1595 540 orationi
1627 511 1658 539 et
1678 502 1748 538 aliis
1786 514 1863 548 ope-

1118 553 1205 589 ribus
1227 554 1360 601 pietatis.
1388 552 1519 589 Clericis
1545 565 1632 594 vero,
1649 552 1688 587 de
1704 551 1864 587 laboribus

1116 613 1147 639 et
1164 603 1233 638 aliis
1255 603 1348 639 b‘onis
1378 616 1395 638 a
1432 603 1500 638 Deo
1536 602 1692 651 praestitis
1723 601 1864 637 decimae

1117 653 1288 688 reddantur
1319 667 1336 689 a
1383 652 1540 696 fratribus,
1578 652 1662 687 unde
1692 651 1800 692 libros,
1833 659 1865 686 et

1116 715 1251 750 congrua
1284 702 1488 738 ecclesiarum
1518 702 1630 737 faciant
1668 709 1863 743 ornamenta,

1115 761 1145 787 et
1167 753 1198 788 in
1221 752 1460 788 necessitatibus
1482 751 1623 799 corporis
1640 751 1865 787 convenienter

1115 802 1173 837 sibi
1196 802 1393 850 provideant,
1415 811 1445 837 et
1471 802 1496 837 si
1523 800 1642 849 aliquid
1663 800 1864 847 superfuerit.

1114 852 1291 887 secundum
1321 851 1545 899 providentiam
1569 850 1707 897 magistri
1735 850 1767 885 in
1790 862 1866 885 usus

1116 913 1290 949 pauperum
1313 909 1469 948 erogetur.
1492 900 1535 936 Ut
1560 908 1665 936 autem
1697 899 1863 944 concordia

1116 952 1199 986 inter
1225 963 1280 986 vos
1303 951 1501 999 charitasque
1525 959 1679 991 servetur,
1700 957 1731 985 et
1751 962 1768 985 a
1783 961 1864 997 pec-

1114 1009 1183 1036 cato
1218 1000 1421 1036 detractionis
1479 1009 1510 1035 et
1550 1000 1721 1035 murmuris
1757 999 1863 1044 ‘cuncti

1114 1050 1251 1085 debeant
1278 1050 1455 1090 abstinere;
1481 1050 1534 1098 qui
1563 1049 1800 1085 commendator
1831 1049 1862 1083 in

1114 1100 1256 1148 quolibet
1289 1100 1358 1135 loco
1396 1100 1491 1135 suerit
1524 1099 1708 1144 institutus,
1731 1111 1786 1146 pro
1818 1098 1864 1133 fa-

1114 1150 1229 1185 cultate
1249 1150 1363 1185 domus
1381 1157 1411 1185 et
1439 1150 1572 1185 sanitate
1597 1157 1628 1184 et
1654 1147 1862 1196 aegritudine,

1113 1199 1198 1246 quod
1221 1200 1335 1247 cuique
1361 1212 1443 1247 opus
1470 1198 1564 1234 fuerit
1585 1211 1656 1234 cum
1696 1210 1731 1234 ea
1769 1197 1861 1233 solli-

1114 1248 1254 1284 citudine
1293 1262 1329 1284 ac
1365 1249 1585 1284 benevolentia
1617 1247 1861 1288 subministret,

1115 1307 1148 1333 ut
1171 1311 1274 1347 neque
1310 1298 1340 1333 in
1370 1298 1544 1334 substantia
1578 1298 1770 1344 parcitatem,
1802 1309 1862 1332 nec

1115 1349 1144 1383 in
1173 1348 1267 1384 verbo
1294 1348 1537 1384 amaritudinem
1567 1359 1675 1394 gerere
1708 1346 1859 1382 videatur.

1113 1398 1161 1434 Sit
1188 1398 1275 1433 vobis
1312 1398 1480 1446 praecipua
1519 1409 1592 1432 cura
1632 1397 1793 1444 hospitum
1832 1404 1861 1432 et

1114 1447 1340 1494 indigentium,
1367 1455 1398 1483 et
1420 1446 1596 1483 necessaria
1626 1445 1686 1481 illis
1725 1458 1781 1494 pro
1817 1446 1862 1481 fa-

1113 1497 1226 1531 cultate
1240 1497 1355 1531 domus
1368 1496 1535 1532 liberaliter
1545 1495 1756 1532 conferantur.
1767 1494 1863 1530 Exhi-

1115 1546 1223 1581 beatur
1250 1546 1396 1593 praelatis
1431 1546 1643 1582 Ecclesiarum
1679 1545 1802 1588 honor,
1832 1553 1864 1580 et

1115 1596 1304 1636 reverentia3
1326 1595 1583 1631 subministretur
1604 1596 1726 1630 cunctis
1737 1594 1864 1630 christi-

1115 1644 1272 1685 fidelibus,
1295 1644 1466 1686 canonicis,
1488 1645 1650 1680 monachis
1679 1643 1864 1691 templariis,

1116 1694 1339 1741 hospitalariis,
1365 1694 1497 1742 aliisque
1524 1695 1556 1729 in
1579 1701 1686 1730 sancta
1705 1694 1865 1740 religionis

1115 1743 1310 1779 observantia
1327 1744 1435 1791 positis
1453 1744 1619 1779 consilium
1647 1750 1678 1778 et
1699 1743 1863 1784 auxilium;

1115 1793 1327 1840 quorumlibet
1369 1794 1464 1828 etiam
1507 1793 1682 1839 indigentia
1698 1820 1706 1832 ,
1743 1792 1768 1827 si
1816 1792 1864 1827 l'a-

1115 1843 1216 1878 cultas
1250 1842 1354 1886 suerit,
1393 1843 1585 1886 sublevetur,
1608 1850 1641 1877 ut
1667 1849 1699 1877 et
1726 1841 1812 1877 Deus
1833 1842 1863 1877 in

1118 1893 1230 1927 vestris
1246 1892 1440 1938 glorificetur
1461 1892 1624 1940 operibus,
1659 1900 1690 1926 et
1727 1891 1776 1926 alii
1811 1892 1864 1939 qui

1117 1942 1262 1981 viderint,
1290 1941 1479 1977 humilitatis
1504 1950 1535 1977 et
1552 1941 1711 1977 charitatis
1745 1949 1866 1977 vestrae

1119 2000 1330 2039 provocentur
1351 1992 1458 2027 odore.
1482 1991 1530 2026 Ad
1553 1991 1630 2026 haec
1653 1990 1864 2026 adiiciendum

1118 2041 1329 2086 decrevimus,
1358 2048 1392 2076 ut
1417 2041 1442 2076 si
1472 2041 1560 2076 locus
1592 2040 1768 2088 aliquisfin
1802 2053 1866 2088 quo

1119 2092 1288 2138 episcopus
1314 2102 1384 2126 esse
1405 2090 1520 2126 debeat
1540 2090 1570 2125 in
1598 2098 1730 2127 vestram
1746 2091 1866 2126 venerit

1120 2148 1317 2187 potestatem,
1335 2140 1375 2176 sit
1393 2140 1435 2176 ibi
1461 2141 1631 2188 episcopus
1657 2140 1796 2188 quicum
1809 2139 1867 2174 Ec·

1120 2190 1224 2224 clesiis
1258 2198 1289 2225 et
1311 2190 1395 2225 clero
1416 2202 1475 2226 suo
1497 2189 1679 2237 designatos
1706 2189 1763 2225 sibi
1794 2188 1866 2224 red-

1120 2239 1213 2280 ditus,
1236 2247 1266 2274 et
1292 2240 1519 2288 possessiones,
1542 2247 1572 2275 et
1593 2238 1785 2287 episcopalia
1800 2239 1866 2274 iura

1122 2289 1286 2336 percipiat;
1316 2289 1433 2337 reliqua
1473 2300 1545 2324 vero
1578 2288 1690 2324 cedant
1721 2288 1751 2323 in
1791 2301 1867 2323 usus

1122 2346 1251 2382 vestros,
1280 2345 1311 2373 et
1348 2339 1377 2373 in
1418 2347 1516 2375 vestra
1555 2337 1761 2386 dispositione
1799 2338 1867 2373 sine

1121 2388 1307 2436 cuiusquam
1330 2388 1575 2424 contradictione
1593 2389 1771 2435 persistant.
1788 2386 1867 2422 Pro-

1123 2437 1201 2472 fecto
1218 2439 1247 2472 in
1265 2437 1514 2485 parrochialibus
1534 2436 1676 2473 ecclesiis
1698 2449 1776 2484 quas
1808 2436 1867 2472 lia-

1123 2487 1214 2531 betis,
1238 2488 1387 2523 nolumus
1407 2488 1573 2535 episcopos
1594 2498 1652 2521 suo
1680 2485 1746 2521 iure
1777 2487 1867 2522 frau-

1122 2536 1198 2572 dari.
1223 2536 1256 2573 Si
1278 2545 1383 2573 autem
1406 2541 1439 2573 in
1460 2537 1538 2573 locis
1558 2535 1702 2576 desertis,
1720 2543 1774 2571 aut
1790 2536 1868 2583 ipsis

1123 2588 1211 2621 terris
1242 2587 1495 2628 Saracenorum,
1517 2585 1557 2621 de
1589 2597 1671 2621 novo
1710 2585 1868 2621 Ecclesiae

1123 2637 1372 2678 construxeritis,
1395 2636 1552 2672 Ecclesiae
1574 2634 1644 2671 illae
1665 2634 1756 2684 plena
1781 2647 1867 2684 gau—

1879 244 1926 273 An.
1943 242 1970 270 C.
1990 242 2058 270 tato

1888 1405 1916 1426 ns

1875 1441 1925 1457 rats.

1945 1405 2057 1432 hospitate·

1891 1999 1973 2022 statuta
1987 1999 2036 2022 stt·-
