2129 3223
113 283 162 309 An.
182 281 210 308 C.
227 283 295 310 ¹256

141 1177 203 1198 nzmn
209 1180 266 1197 atur:

134 1967 223 1995 Eiusque
233 1966 303 1988 deien-

122 2004 180 2020 snre!
217 2003 303 2018 exrom-

121 2030 259 2049 muniuntur,

359 272 429 306 646

311 345 413 372 autem
440 344 547 371 contra
579 335 745 370 salutarem
782 346 969 381 pauperum,
1003 346 1058 369 seu

311 385 556 422 mendicantium
571 384 790 430 religiosorum
823 391 951 423 statum,
978 378 1080 418 sicut

310 442 383 470 sunt
403 433 508 469 dilecti
535 432 590 467 filii
614 433 724 467 fratres
761 432 997 468 Praedicatores
1030 442 1059 467 et

310 485 459 523 Minores,
482 482 536 529 qui
559 482 664 528 vigore
680 482 821 529 spiritus,
843 481 968 516 saeculo
987 493 1058 516 cum

311 534 377 568 suis
395 531 512 567 divitiis
533 530 695 575 derelicto,
708 530 747 565 ad
769 530 866 566 solam
891 530 1058 566 coelestem

311 581 441 629 patriam
459 588 522 615 tota
537 588 712 616 intentione
738 580 910 635 suspirant3
937 591 1059 614 necnon

311 640 339 666 et
366 629 425 665 alia
447 629 535 676 plura
557 629 819 670 inconvenientia,
835 629 928 675 digna
953 628 1060 675 utique

310 679 524 715 confutatione
550 691 586 713 ac
607 678 793 713 confusione
816 685 978 732 perpetua,
1002 689 1059 711 ma-

311 729 423 764 nifeste
445 728 659 775 comperimus
698 727 862 762 contineti.
904 726 1061 773 Quodque

311 778 403 813 etiam
424 777 506 812 idem
535 777 658 812 libellus
687 776 791 823 magni
813 775 951 810 scandali
989 775 1060 810 foe—

311 827 493 871 minarum,
528 834 558 861 et
606 826 723 860 multae
767 825 953 860 turbationis
996 837 1062 859 ma—

312 877 388 912 teria
407 875 572 920 existebat,
588 883 618 910 et
633 874 802 909 inducebat
822 875 917 908 etiam
937 874 1063 920 dispen-

311 926 398 960 dium
421 925 608 965 animarum,
630 936 702 958 cum
726 923 898 958 retraheret
920 935 935 957 a
964 922 1060 957 (levo-

312 976 396 1010 tione
423 973 524 1014 solita‚
547 981 578 1008 et
604 980 753 1008 consueta
792 972 1060 1019 eleemosynarum

312 1023 489 1070 largitione,
516 1035 551 1057 ac
569 1034 586 1057 a
612 1022 848 1057 conversatione
875 1030 905 1055 et
937 1020 1063 1067 religio-

312 1074 361 1107 nis
383 1072 528 1117 ingressu
550 1070 670 1106 fideles.

362 1122 479 1169 §tit
468 1121 533 1155 Nos
556 1119 698 1154 libellum
737 1119 883 1154 eumdem
924 1119 977 1166 qui
1019 1119 1064 1153 sic

314 1170 434 1218 incipit:
473 1171 548 1204 Ecce
583 1170 713 1203 videntes
751 1170 926 1203 clamabunt
963 1170 1060 1212 foris,

313 1219 432 1268 quique
451 1218 627 1253 secundum
663 1218 763 1274 ipsius
802 1217 939 1255 titulum,
985 1218 1064 1250 Tra-

312 1277 408 1304 cratus
446 1269 542 1302 breves
580 1269 616 1301 de
646 1268 788 1312 periculis
832 1268 1064 1300 novi'sszmornm

313 1327 482 1364 temporum
496 1323 710 1363 nuncupatur,
728 1324 885 1362 tamquam
906 1315 1064 1369 iniquum,

313 1367 484 1403 scelestum
507 1373 538 1401 et
559 1364 779 1405 execrabilem,
801 1372 831 1398 et
852 1364 1064 1398 institutiones

314 1429 350 1452 ac
370 1414 580 1451 documenta
574 1426 605 1448 in
624 1425 662 1448 eo
684 1414 805 1453 tradita,
828 1421 935 1460 utpote
953 1425 1065 1459 piata,

315 1466 389 1500 salsa
415 1471 447 1499 et
468 1463 608 1502 nefaria.
638 1462 677 1497 de
720 1462 848 1496 fratrum
887 1470 1064 1497 nostrorum

314 1513 458 1553 consilio,
490 1512 674 1547 auctoritate
707 1511 887 1558 apostolica,
918 1511 1066 1545 duximus

315 1561 521 1611 reprobanda,
543 1569 573 1596 et
595 1561 626 1595 in
649 1568 836 1615 perpetuum
850 1560 1065 1595 condemnan-

315 1613 367 1657 da,
393 1611 532 1646 districte
554 1610 793 1657 praecipientes,
808 1617 843 1643 ut
870 1610 1065 1656 quicumque

315 1660 484 1696 libellum
478 1672 582 1707 ipsum
609 1658 767 1699 habuerit,
794 1670 867 1692 eum
892 1658 969 1692 infra
996 1666 1066 1692 octo

315 1711 394 1750 dies,
420 1721 458 1744 ex
479 1720 543 1756 quo
569 1707 752 1742 huiusmodi
782 1716 919 1742 nostiam
955 1718 1067 1761 repro-

316 1760 487 1795 bationem
514 1765 544 1792 et
577 1756 873 1792 condemnationem
917 1755 1066 1796 sciierit,

317 1820 444 1855 prorsus
465 1807 496 1842 in
524 1814 588 1842 toto
622 1814 653 1841 et
679 1806 711 1840 in
737 1805 877 1852 qualibet
903 1806 951 1839 sui
981 1812 1067 1850 parte

316 1857 514 1897 comburere,
541 1864 571 1891 et
597 1856 728 1890 omnino
755 1854 880 1889 abolere
910 1862 1066 1901 procuret.

366 1907 386 1954 g
409 1909 439 1940 7
463 1905 531 1941 Et
524 1917 556 1940 in
579 1905 659 1948 illos,
682 1904 734 1951 qui
762 1904 944 1938 huiusmodi
968 1904 1065 1937 nostri

319 1955 478 2010 praecepti
505 1954 623 1989 fuerint
655 1961 900 2000 contemptores,
939 1964 1068 1987 excom—

319 2003 542 2040 municationis
579 2003 768 2037 sententiam

320 2054 349 2089 in
389 2054 502 2088 virtute
539 2051 736 2087 obedientiae
776 2050 993 2098 prohibendo,
1029 2062 1068 2084 ne

318 2104 484 2156 quisquam
507 2100 703 2149 praedictum
727 2100 868 2135 libellum
902 2111 956 2134 ore
991 2110 1070 2146 apo-

319 2152 431 2188 stolico
467 2163 526 2186 iam
562 2150 758 2189 damnatum,
797 2148 971 2196 approbare
1021 2148 1068 2182 vel

319 2199 560 2256 quomodolibet
594 2199 757 2234 defensare
791 2206 981 2245 pimaesumat
1032 2196 1069 2232 Et

319 2263 343 2285 si
359 2262 429 2298 quis
444 2248 699 2297 praesumpserit,
713 2255 873 2294 tamquam
889 2254 1068 2287 contumax,

320 2299 506 2334 mobediens
528 2306 558 2332 et
580 2296 706 2332 rebellis
731 2296 892 2331 Romanae
910 2295 1070 2331 Ecclesiae

321 2348 359 2383 ab
381 2347 530 2382 omnibus
552 2346 698 2381 fidelibus
734 2345 894 2380 habeatur
933 2344 972 2379 Et
1012 2356 1070 2379 nos

322 2396 527 2431 nihilominus
561 2396 637 2430 alias
660 2403 767 2430 contra
793 2407 865 2429 eum
886 2394 986 2429 taliter
1001 2405 1072 2440 pro-

321 2446 483 2486 cedemus,
505 2444 590 2492 quod
619 2456 718 2491 poena
745 2443 901 2490 condigna
934 2451 1070 2478 temera-

324 2496 402 2528 rium
432 2494 533 2534 feriet,
560 2493 661 2528 etalii
683 2505 716 2528 ea
746 2493 911 2540 perterriti,
933 2505 949 2527 a
975 2492 1071 2527 simi-

324 2543 406 2576 libus
434 2542 679 2578 sraenabuntun'

373 2591 455 2625 Nulli
478 2603 551 2638 ergo
586 2590 715 2626 omnino
751 2591 914 2626 hominum
946 2598 1000 2624 etc.
1035 2588 1069 2624 Si

323 2651 395 2686 quis
416 2646 518 2674 autem
545 2639 603 2674 hoo
627 2649 775 2676 attentare
799 2648 852 2674 etc.

900 279 1087 304 BULLAMUM
1113 279 1276 302 nonnum

806 2002 1043 2049 promulgamus
1059 2028 1068 2045 ,
1088 2010 1089 2015 ¹

1860 278 1910 306 An.
1928 277 1958 304 C.
1977 277 2041 305 tau?

1150 333 1264 368 Datum
1288 334 1449 381 Anagniae
1471 335 1562 370 tertio
1584 347 1684 370 nonas
1697 334 1846 376 octobris,

1079 383 1301 430 pontificatus
1323 385 1419 419 nostri
1441 397 1523 419 anno
1546 384 1695 419 secundo

1142 444 1201 474 Dat.
1219 444 1265 474 die
1282 445 1299 474 5
1317 445 1444 475 octobris
1461 445 1545 483 1256,
1563 445 1666 486 pontif.
1682 455 1758 475 anno
1776 454 1806 476 ιι.

1405 603 1550 638 xxxvi.

1104 671 1324 720 lnqm'sitorum
1346 676 1510 710 haereticae
1528 678 1691 731 prauitatis
1719 677 1850 721 facultas

1149 726 1343 770 procedendi,
1359 726 1450 759 ctiam
1465 726 1644 770 irrequisitis
1658 727 1850 770 dioecesanis,

1152 782 1259 808 contra
1272 775 1437 808 haereticos
1451 775 1635 808 iudicialiter
1659 775 1808 819 confessos
1825 782 1852 809 et

1152 825 1328 857 obstinatos

1373 892 1586 922 SUMMARIUM

1104 949 1248 980 statutum
1282 954 1365 979 antea
1394 953 1426 979 ut
1458 948 1650 988 inquisitores
1682 951 1711 979 in
1742 950 1853 981 iudicio

1146 994 1359 1024 baereticorum
1388 994 1544 1023 consulere
1573 993 1714 1024 deberent
1738 995 1855 1025 ordina-

1144 1040 1213 1068 rios.
1236 1055 1273 1060 —
1294 1039 1318 1068 1.
1337 1037 1485 1078 Excipitur
1507 1047 1594 1068 casus
1612 1037 1724 1078 publici
1746 1039 1853 1069 haere·-

1146 1083 1203 1113 tici.

1103 1149 1253 1178 Alexander
1265 1149 1408 1185 episcopus
1418 1156 1514 1178 servus
1527 1156 1668 1179 servorum
1679 1149 1736 1183 Dei,
1745 1150 1856 1180 ducetis

1148 1197 1213 1226 tiliis
1231 1197 1367 1227 fratribus
1391 1198 1494 1227 ordinis
1511 1198 1732 1228 Praedicatorum
1742 1199 1853 1236 inquisi-

1149 1247 1256 1276 toribus
1280 1247 1433 1276 haereticae
1470 1246 1623 1283 pravitatis
1654 1248 1684 1276 in
1718 1248 1857 1285 provincia

1149 1295 1330 1329 Lombardiae.
1348 1296 1377 1324 et
1396 1296 1530 1325 marchiae
1548 1296 1679 1330 lennensi,
1691 1297 1810 1326 salutem
1827 1298 1858 1326 et

1151 1345 1326 1381 apostolicam
1343 1345 1566 1374 benedictionem.

1156 1409 1203 1443 Ad
1233 1408 1422 1456 capiendum
1460 1408 1651 1455 vulpeculas,
1683 1421 1764 1456 quae
1803 1410 1856 1444 vi—
1878 1422 2054 1443 statuminum

1108 1471 1196 1493 neam
1238 1457 1363 1492 Domini
1405 1466 1550 1504 satagunt
1584 1458 1746 1500 demoliri,
1781 1460 1856 1494 totis
1869 1450 2054 1504 }¹„²,f,¹},⁴,³,‡¹,¹g¹‘‚?{2⁵

1107 1507 1268 1542 affectibus
1309 1507 1520 1548 intendentes,
1550 1508 1764 1554 inquisitionis
1800 1515 2054 1543 „estensi-:meon

1107 1557 1226 1603 gotium
1251 1563 1357 1590 contra
1386 1567 1544 1603 respersos
1567 1557 1720 1592 haeretica
1753 1557 1856 1604 pravi-
1870 1545 2054 1598 ζῖᾎῖζζξῖῗῗωω

1108 1614 1168 1640 tate
1191 1606 1220 1639 in
1245 1605 1402 1652 provincia
1418 1604 1626 1641 Lombardiae
1648 1614 1678 1641 et
1699 1605 1856 1642 Marcliiae

1109 1654 1264 1695 lanuensi,
1289 1654 1375 1688 vobis
1408 1654 1468 1688 sub
1505 1667 1540 1689 ea
1574 1655 1672 1690 forma
1706 1655 1857 1692 duximus

1107 1703 1383 1743 committendum,
1407 1710 1526 1738 utcum
1550 1704 1644 1751 aliqui
1659 1705 1698 1740 de
1716 1705 1858 1753 partibus

1109 1753 1170 1788 illis
1203 1753 1319 1787 fuerint
1341 1753 1502 1787 haeretici
1518 1753 1689 1798 iudicandi,
1705 1755 1742 1789 ad
1764 1755 1794 1790 id
1818 1755 1858 1790 de

1108 1802 1239 1837 consilio
1267 1802 1525 1837 dioecesanorum
1555 1802 1696 1838 locorum
1732 1803 1780 1839 vel
1814 1806 1859 1838 vi-

1109 1853 1265 1886 cariorum
1294 1863 1437 1892 suorum,
1464 1851 1490 1886 si
1515 1852 1593 1887 forte
1621 1852 1716 1888 iidem
1738 1853 1857 1894 vicarii,

1109 1901 1307 1936 dioecesanis
1341 1902 1419 1948 ipsis
1453 1901 1646 1947 absentibus,
1679 1910 1859 1950 praesentes

1109 1951 1237 1995 suerint,
1261 1950 1446 1996 procedatis

1156 2000 1177 2054 g
1202 2004 1230 2033 1.
1260 1999 1301 2034 Ut
1322 2008 1425 2034 autem
1450 1999 1480 2034 in
1507 2001 1676 2036 commisso
1702 2001 1815 2036 vobis
1809 2014 1857 2036 in-
1883 2010 1990 2039 Excipitur
2015 2017 2053 2033 ca-

1110 2049 1289 2096 quisitionis
1328 2048 1508 2084 huiusmodi
1554 2050 1680 2097 negotio
1726 2041 2054 2095 liberiusssgssgssfflffifflw

1111 2097 1280 2145 procedere
1303 2098 1438 2138 valeatis,
1462 2098 1651 2145 procedendi
1674 2100 1757 2135 iuxta
1793 2108 1857 2136 tra-

1111 2147 1205 2182 ditam
1232 2147 1320 2182 vobis
1343 2147 1500 2192 formam,
1534 2148 1730 2184 dioecesanis
1764 2150 1856 2185 etiam

1110 2204 1140 2231 et
1168 2196 1290 2231 vicariis
1328 2196 1495 2243 praedictis
1524 2197 1722 2253 iUrrcquisitiS,
1750 2207 1855 2235 contra

1112 2246 1191 2289 illos,
1218 2245 1271 2292 qui
1295 2245 1420 2292 publice
1455 2247 1635 2293 pravitatem
1674 2247 1856 2283 huiusmodi

1111 2294 1246 2329 confessi
1269 2295 1386 2330 fuerint
1413 2296 1443 2329 in
1481 2295 1599 2331 iudicio
1630 2308 1735 2331 coram
1757 2297 1856 2338 vobis,

1111 2352 1141 2378 et
1162 2355 1216 2378 sua
1242 2343 1396 2379 obstinata
1423 2344 1537 2379 malitia
1574 2345 1613 2380 ab
1650 2357 1756 2381 errore
1794 2358 1857 2381 non

1113 2400 1258 2440 poterunt
1280 2393 1431 2438 revocari,
1453 2394 1540 2429 vobis
1571 2401 1601 2428 et
1639 2394 1771 2441 singulis
1803 2406 1857 2430 ve-

1111 2450 1208 2477 strum
1249 2442 1371 2489 plenam
1414 2452 1445 2477 et
1485 2443 1615 2478 liberam
1654 2443 1857 2479 concedimus

1111 2498 1293 2526 auctoritaie
1315 2499 1523 2538 praesentium
1551 2500 1746 2546 poteslate'm.

1160 2539 1275 2575 Datum
1303 2540 1447 2575 Lateran
1474 2541 1564 2576 tertio
1598 2541 1668 2576 idus
1701 2542 1857 2583 ianuarii,

1113 2589 1313 2636 pontificatus
1334 2590 1432 2625 nostri
1452 2601 1535 2625 anno
1558 2591 1660 2625 tertio.

1125 2650 1184 2680 Dat.
1202 2651 1248 2681 (iic
1269 2652 1300 2680 11
1319 2652 1446 2682 ianuarii
1464 2651 1550 2689 1257,
1566 2650 1785 2691 pontificalium
1802 2661 1844 2683 iii,
