2129 3223
32 296 86 324 'Am
104 297 133 325 C.
154 297 219 324 ¹258

63 446 98 485 a

48 645 103 668 Nihil
112 647 138 668 de
149 652 220 668 mona-

37 678 107 698 nertin
122 677 219 698 atton-n-

49 1084 94 1107 aon
105 1085 220 1108 nectaban-

37 1117 92 1141 dum.
107 1119 142 1137 ant
159 1117 219 1138 aeet-

37 1147 133 1172 piendum
140 1149 218 1168 mutuo.

63 1665 188 1688 snt-mtto

39 1699 115 1719 oontn
126 1701 165 1718 eoa
185 1698 222 1718 iu-

40 1728 95 1749 tnsto
112 1726 168 1749 latae
189 1728 221 1748 ir·-

39 1758 100 1778 ritae.

61 2397 173 2425 Privitegtn
181 2399 229 2420 alia.

828 297 846 319 Α
852 295 1023 319 t-ExAlmssn
1048 295 1083 317 lv
1105 295 1156 318 PP.

233 350 257 385 si
280 351 352 398 quis
370 350 448 386 forte
470 350 603 385 retinere
619 351 875 397 praesumpserit,
889 350 981 385 liceat

231 398 316 434 dicto
336 398 443 446 priori,
458 399 488 433 in
511 399 597 445 ipsos
611 406 672 433 tam
696 400 861 445 praelatos,
884 411 978 446 quam

231 448 376 483 subditos
396 447 569 483 monachos
591 455 621 482 et
642 459 822 492 conversos,
849 447 981 482 abbatis-

231 509 293 538 sas,
315 496 478 537 moniales,
504 508 673 531 conversas
704 497 877 542 regularem
905 510 979 531 sen-

231 545 360 580 tentiam
384 545 596 593 promulgare.

279 594 300 642 S
331 596 386 628 12.
416 594 496 628 lllud
526 593 702 629 districtius
728 593 907 628 inhibentes
943 606 980 628 ne

230 642 322 678 alicui
342 643 478 689 praelato
496 651 526 678 et
544 642 712 678 conventui
735 643 832 689 ipsius
851 642 979 684 ordinis,

232 699 341 732 terras,
375 692 421 726 vel
450 691 636 727 beneficium
671 691 795 738 aliquod
830 691 981 726 Ecclesiis

231 741 344 776 vestris
377 740 545 781 collatum,
583 740 675 775 liceat
709 741 800 784 dare,
833 739 979 778 vendere.

229 789 388 836 obligare,
418 789 553 824 alienare
578 789 646 824 sine
677 789 828 836 praedicti
867 789 981 835 prioris

231 837 355 873 licentia
378 837 516 885 speciali.
540 838 573 873 Si
597 849 677 884 quae
701 849 773 872 vero
794 837 981 872 donationes

231 886 279 921 vel
316 886 533 930 alienationes,
559 885 648 921 aliter
674 899 767 933 quam
798 894 829 921 ut
861 886 979 921 dictum

231 942 290 979 est,
311 935 410 970 factae
434 935 562 974 fuerint,
598 947 650 970 eas
678 935 781 970 irritas
806 946 875 970 esse
902 947 980 969 cen-

231 995 351 1019 semus.

279 1033 300 1080 S
322 1035 378 1067 15.
402 1031 451 1066 Ad
471 1032 561 1072 haec,
584 1032 788 1080 prohibemus
811 1044 850 1067 ne
869 1032 981 1079 aliquis

232 1081 407 1116 monachus
427 1081 478 1116 vel
505 1094 676 1117 conversus
697 1081 756 1115 sub
786 1081 981 1127 professione

231 1130 365 1165 alicuius
385 1129 499 1165 domus
520 1130 640 1165 ordinis
662 1129 803 1165 eiusdem
824 1130 980 1170 astrictus,

232 1178 301 1214 sine
321 1190 479 1214 consensu
510 1187 539 1214 et
570 1179 694 1214 licentia
717 1178 767 1213 sui
795 1178 923 1224 praelati
946 1190 982 1212 ac

231 1227 359 1263 maioris
385 1228 483 1274 partis
516 1228 644 1274 capituli
679 1227 820 1262 eiusdem
855 1226 981 1266 domus,

232 1287 289 1322 pro
312 1276 420 1323 aliquo
441 1276 625 1320 fideiubeat,
653 1276 702 1312 vel
729 1275 768 1310 ab
795 1275 900 1322 aliquo
927 1287 982 1321 pe-

232 1324 358 1360 cuniam
390 1332 502 1360 mutuo
524 1325 656 1372 accipiat
678 1325 759 1359 ultra
782 1336 938 1358 summam
965 1335 981 1358 a

231 1373 370 1420 capitulo
396 1381 501 1408 vestro
533 1374 748 1412 constitutam,
771 1372 831 1406 nisi
857 1380 983 1418 propter

232 1421 430 1457 manifestam
447 1422 561 1456 domus
575 1422 677 1468 ipsius
696 1421 872 1456 utilitatem.
889 1420 982 1462 Quod

231 1470 258 1505 si
292 1470 362 1517 quis
393 1470 496 1505 facere
525 1471 603 1505 forte
631 1470 891 1517 praesumpserit,
919 1481 981 1503 non

233 1526 375 1554 teneatur
408 1526 584 1554 conventus
615 1531 672 1566 pro
710 1519 759 1552 his
785 1518 983 1564 aliquatenus

234 1567 435 1613 respondere.

280 1616 301 1664 g
324 1618 381 1650 14.
414 1615 583 1651 Caeterum
611 1616 638 1650 si
669 1614 909 1661 archiepiscopi,
937 1614 1000 1649 vel*

232 1664 383 1712 episcopi,
401 1671 456 1699 aut
471 1665 601 1699 aliarum
617 1664 829 1699 Ecclesiarum
849 1671 985 1698 rectores

233 1713 265 1748 in
302 1712 530 1753 mercenarios,
569 1713 619 1747 vel
651 1713 801 1747 familiam
837 1720 984 1752 vestram,

234 1773 291 1809 pro
317 1773 356 1797 eo
388 1761 474 1810 quod
504 1762 609 1808 aliqua
632 1761 721 1796 vobis
756 1761 907 1807 obsequia
948 1773 985 1794 ex

234 1810 384 1845 charitate
406 1810 629 1857 praestiterint,
651 1810 698 1844 vel
718 1809 755 1844 ad
778 1808 984 1843 laborandum

234 1858 422 1895 adiuverint,
450 1858 482 1892 in
505 1858 566 1892 illis
588 1857 713 1897 diebus,
738 1858 768 1890 in
792 1856 911 1903 quibus
933 1868 987 1891 vos

235 1906 385 1942 laboratis
411 1914 441 1941 et
466 1906 518 1940 alii
544 1906 708 1950 feriantur,
729 1906 988 1940 excommunica-

235 1956 345 2000 tionis,
371 1955 602 2002 suspensionis,
637 1955 682 1989 vel
719 1954 877 1988 interdicti
914 1966 987 1988 sen-

237 2004 366 2039 tentiam
406 2003 653 2050 promulgarint,
688 2003 799 2049 ipsam,
828 2010 986 2050 tamquam

237 2061 345 2088 contra
360 2052 563 2099 Apostolicae
580 2051 672 2086 Sedis
688 2051 806 2086 indulta
824 2052 988 2098 prolatam,

238 2102 438 2137 decernimus
466 2101 591 2148 penitus
612 2113 676 2135 non
703 2108 822 2145 tenere,
852 2113 908 2135 uec
930 2101 989 2134 lit-

238 2160 322 2186 terae
336 2150 419 2194 ⁴,illae
453 2149 630 2183 firmitatem
659 2149 803 2190 babeant,
837 2162 916 2196 quas
943 2157 990 2184 ta-

238 2200 302 2235 cito
338 2199 466 2234 nomine
499 2197 752 2233 Camaldulensis
785 2197 922 2239 ordinis,
959 2207 989 2233 et

238 2255 346 2293 contra
378 2247 499 2282 indulta
535 2247 769 2293 privilegiorum
805 2247 991 2293 apostolico-

240 2294 313 2332 rum
332 2296 499 2341 contigerit
524 2296 694 2342 impetrari.

289 2345 310 2393 S
337 2346 393 2380 15.
421 2343 631 2379 Prohibemus
659 2344 807 2390 insuper,
842 2351 872 2378 ut
911 2344 989 2377 intra

241 2394 321 2437 fines
346 2393 564 2441 parochiarum
588 2400 758 2427 vestrarum
792 2393 898 2426 nullus
924 2392 991 2426 siue

241 2454 373 2479 assensu
422 2441 600 2477 dioecesani
641 2441 782 2488 episcopi
821 2449 851 2475 et
891 2448 991 2475 vestro

243 2490 416 2539 cappellam
450 2491 498 2526 vel
525 2490 698 2526 oratorium
734 2490 773 2524 de
799 2501 880 2524 novo
912 2501 992 2524 con—

243 2548 364 2577 struere
383 2539 509 2582 audeat.

273 2589 315 2636 S
341 2590 397 2624 16.
419 2588 622 2635 Sepulturam
653 2586 747 2622 etiam
770 2586 910 2621 locorum
941 2599 994 2621 te-

245 2646 382 2672 strorum
404 2637 534 2672 liberam
557 2647 626 2672 esse
652 2635 861 2675 decernimus,
883 2643 917 2670 ut
944 2647 995 2670 eo-

1649 284 1712 318 66¹

1021 361 1088 383 rum
1111 348 1270 384 devotioni
1290 357 1321 383 et
1343 357 1500 384 extremae
1522 347 1692 390 voluntati,
1715 348 1769 396 qui

1020 409 1054 433 se
1077 396 1140 432 illic
1164 398 1288 444 sepeliri
1318 398 1572 443 deliberaverint,
1600 397 1660 434 nisi
1691 397 1769 434 forte

1020 447 1285 482 excommunicati
1324 447 1370 481 vel
1408 447 1565 482 interdicti
1605 447 1684 492 sint,
1717 454 1770 481 aut

1020 496 1113 530 etiam
1142 495 1266 542 publice
1302 496 1454 539 usurarii,
1489 497 1593 531 nullus
1627 495 1768 531 obsistat.

1020 544 1111 580 Salva
1133 553 1239 579 tamen
1261 544 1376 579 iustitia
1399 544 1521 579 illarum
1544 544 1769 590 Ecclesiarum,

1021 605 1035 628 a
1056 593 1172 640 quibus
1189 601 1385 628 mortuorum
1405 605 1536 640 corpora
1555 601 1768 629 assumuntur.

1070 642 1090 690 S
1124 644 1179 676 17.
1213 642 1285 677 Paci
1328 654 1455 689 quoque
1490 651 1520 677 ct
1554 642 1768 690 tranquillitati

1023 698 1140 726 vestrae
1161 699 1289 738 paterna
1319 692 1349 725 in
1374 699 1532 737 posterum
1557 689 1769 726 sollicitudine

1023 739 1236 786 providentes,
1258 740 1443 775 auctoritate
1470 740 1641 786 apostolica
1669 741 1769 787 prohi-

1022 788 1143 830 bemus,
1172 798 1206 823 ut
1239 788 1316 823 infra
1348 789 1506 823 clausuras
1532 789 1686 829 locorum,
1714 801 1768 824 seu

1021 837 1217 882 granciarum
1253 846 1442 877 vestrarum,
1483 837 1589 872 nullus
1631 838 1770 885 rapinam

1021 898 1076 920 seu
1095 885 1212 920 furtum
1241 886 1352 927 facere,
1376 887 1480 933 ignem
1503 898 1676 933 apponere,
1697 899 1771 921 san-

1021 935 1147 980 guinem
1167 935 1312 976 fundere,
1336 935 1497 970 hominem
1520 943 1639 971 temere
1660 948 1772 983 capere

1022 983 1069 1017 vel
1110 983 1302 1025 interficere,
1343 985 1404 1019 seu'
1441 984 1620 1019 violentiam
1660 984 1773 1019 audeat

1022 1043 1178 1067 exercere.

1071 1081 1091 1127 g
1125 1083 1176 1115 18.
1204 1081 1369 1116 Praeterea
1405 1093 1515 1116 omnes
1549 1081 1709 1116 libertates
1742 1090 1772 1116 et

1023 1129 1236 1164 immunitates
1269 1141 1285 1164 a
1326 1130 1621 1176 praedecessoribus
1658 1130 1772 1165 nostris

1022 1178 1175 1212 Romanis
1199 1178 1408 1213 Pontificibus
1429 1187 1459 1213 et
1481 1179 1549 1214 aliis
1567 1179 1773 1226 arehiepisco-

1024 1227 1084 1273 pis,
1102 1226 1301 1262 monasteriis
1318 1235 1349 1262 et
1371 1227 1448 1262 locis
1468 1228 1579 1262 vestris
1595 1239 1774 1270 concessas,

1023 1287 1147 1309 necnon
1169 1275 1330 1310 libertates
1355 1283 1385 1311 et
1419 1276 1637 1322 exemptiones
1663 1289 1775 1312 saecu-

1023 1323 1137 1358 larium
1160 1324 1360 1358 exactionum
1388 1336 1404 1358 a
1438 1324 1566 1370 regibus
1599 1332 1629 1360 et
1656 1326 1775 1371 princi—

1023 1372 1133 1417 pibus,
1165 1372 1212 1406 vel
1239 1373 1308 1407 aliis
1329 1372 1446 1407 Christi
1465 1373 1612 1408 fidelibus
1639 1374 1776 1408 rationa-

1025 1421 1128 1457 biliter
1156 1421 1243 1454 vobis
1275 1421 1424 1461 indultas,
1459 1433 1495 1456 ac
1528 1423 1621 1456 etiam
1659 1429 1777 1458 vestras

1023 1469 1169 1516 antiquas
1208 1477 1238 1503 et
1278 1469 1479 1505 rationabiles
1516 1470 1776 1511 consuetudines,

1024 1518 1210 1552 auctoritate
1252 1518 1421 1565 apostolica
1459 1519 1703 1561 confirmamus,
1747 1529 1777 1555 et

1025 1567 1200 1613 praesentis
1217 1567 1325 1613 scripti
1349 1567 1511 1614 privilegio
1529 1569 1774 1604 communimus.

1074 1615 1094 1662 g
1112 1617 1165 1649 19.
1178 1614 1388 1650 Decernimus
1401 1628 1488 1662 ergo,
1504 1623 1538 1651 ut
1553 1617 1632 1652 nulli
1647 1618 1777 1653 omnino

1026 1663 1191 1697 hominum
1234 1663 1325 1698 liceat
1375 1676 1535 1709 eremum,
1576 1667 1776 1706 monasteria,

1026 1712 1175 1746 ecclesias
1197 1720 1227 1746 et
1249 1712 1316 1747 loca
1338 1713 1498 1759 praedicta
1517 1721 1635 1750 temere
1656 1722 1779 1761 pertur-

1026 1760 1117 1804 bare,
1154 1767 1207 1794 aut
1239 1771 1349 1795 eorum
1386 1762 1604 1807 possessiones
1642 1763 1777 1804 auferre,

1027 1809 1073 1843 vel
1107 1807 1227 1843 ablatas
1253 1809 1399 1853 retinere,
1434 1810 1590 1855 minuere,
1616 1822 1673 1846 seu
1706 1813 1779 1859 qui-

1027 1856 1166 1892 buslibet
1187 1857 1408 1893 vexationibus
1430 1858 1569 1905 fatigare.
1590 1860 1652 1895 Sed
1672 1862 1777 1896 omnia

1028 1906 1148 1951 integra
1170 1914 1396 1941 conserventur
1417 1919 1540 1948 eorum,
1567 1920 1625 1955 pro
1643 1921 1777 1956 quorum

1027 1954 1257 2001 gubernatione
1278 1963 1332 1990 aut
1353 1956 1606 1992 substentatione
1628 1970 1778 1993 concessa

1028 2012 1112 2044 suut,
1139 2003 1252 2038 usibus
1273 2005 1468 2040 omnimodis
1495 2005 1668 2052 profutura,
1696 2007 1778 2042 salva

1029 2052 1120 2087 Sedis
1133 2052 1331 2098 Apostolicae
1345 2055 1540 2089 auctoritate.
1556 2055 1590 2090 Si
1609 2068 1670 2102 qua
1686 2056 1781 2103 igitur

1031 2102 1060 2135 in
1078 2100 1220 2135 futurum
1242 2102 1464 2143 ecclesiastica,
1484 2105 1690 2140 saecularisve
1708 2117 1781 2152 per-

1029 2161 1106 2185 sona
1129 2150 1210 2184 hauc
1232 2158 1357 2186 nostrae
1378 2152 1612 2188 constitutionis
1635 2154 1780 2199 paginam

1030 2209 1145 2242 sciens,
1179 2207 1287 2234 contra
1314 2211 1381 2234 eam
1405 2208 1523 2236 temere
1550 2201 1656 2237 venire
1678 2210 1781 2237 tenta-

1030 2247 1120 2291 verit,
1137 2247 1288 2288 secundo,
1312 2249 1466 2296 tertioque
1492 2251 1695 2292 commonita,
1720 2251 1779 2286 nisi

1032 2303 1152 2331 reatum
1176 2308 1268 2330 suum
1296 2308 1435 2344 congrua
1461 2298 1674 2334 satisfactione
1708 2311 1782 2333 cor-

1031 2345 1158 2389 rexerit,
1187 2346 1361 2391 potestatis,
1387 2346 1577 2394 honorisque
1603 2348 1651 2382 sui
1678 2357 1781 2383 careat

1032 2393 1201 2439 dignitate,
1229 2404 1380 2441 reamque
1393 2406 1426 2430 se
1452 2395 1558 2431 divino
1579 2395 1695 2431 iudicio
1713 2398 1781 2432 exi-

1032 2450 1115 2476 stere
1141 2441 1181 2476 de
1208 2450 1382 2489 perpetrata
1409 2444 1574 2491 iniquitate
1599 2454 1780 2491 cognoscat,

1032 2498 1063 2526 et
1089 2502 1105 2525 a
1132 2490 1353 2526 sacratissimo
1384 2492 1527 2539 Corpore
1553 2501 1584 2528 et
1616 2493 1781 2542 Sanguine

1035 2539 1090 2574 Dei
1125 2547 1155 2573 et
1176 2539 1306 2575 Domini
1328 2542 1425 2576 nostri
1447 2541 1518 2577 Iesu
1540 2541 1659 2578 Christi
1681 2544 1781 2579 aliena

1034 2589 1097 2632 fiat,
1124 2596 1218 2635 atque
1240 2588 1272 2623 in
1300 2598 1441 2626 extremo
1459 2591 1602 2628 examine
1618 2591 1781 2629 districtae

1034 2637 1191 2672 subiaceat
1219 2637 1341 2673 ultioni.

1784 295 1835 321 An.
1855 293 1884 320 C.
1900 293 1967 320 ¹258

1800 1091 1917 1113 ubertates
1928 1098 1971 1113 orn-

1786 1127 1824 1143 nes
1840 1125 1861 1143 et
1876 1128 1969 1143 contuo-

1786 1154 1869 1174 tutttnes
1890 1154 1970 1174 ιεωήῐῐ4

1786 1186 1877 1205 mantur-

1825 1625 1942 1646 clausum,
