2129 3223
0 1145 21 1243 ³,f-qff‘.
0 1083 15 1110 Υ.-
0 1055 2 1061 “

19 1223 27 1228 ι
30 1152 33 1157 ¹
18 1115 25 1130 ιν

9 1570 14 1577 v
33 1611 37 1614 μ
70 1583 187 1607 Exordium,

61 237 112 268 An.
125 239 154 268 C.
175 241 242 269 lfltss

51 2367 117 2391 enus·
125 2371 221 2393 edendae

39 2399 100 2422 buius
113 2403 221 2423 constitn-

39 2431 110 2453 ttoni·-

887 243 1051 268 noxonits
1073 245 1111 269 ιιι
1134 246 1183 269 rr.
1677 246 1746 278 347

255 297 367 344 pserit‚
401 295 649 342 indignationem
680 297 906 345 omnipotentis
943 299 1002 335 Dei

253 354 284 381 et
308 345 471 381 beatorum
498 345 584 380 Petri
611 354 641 380 et
667 345 758 381 Pauli
789 348 1002 394 apostolorum

252 396 322 430 eius
341 406 376 430 se
394 395 516 430 noverit
541 396 756 430 incursurum.

299 443 416 479 Datum
439 444 583 479 Laterani
605 452 716 492 quarto
733 444 802 481 idus
815 445 1002 488 decembris,

251 492 450 540 pontificatus
472 494 569 529 nostri
591 505 674 529 anno
696 494 796 530 tertio.

249 553 312 584 Dat.
332 554 379 585 die
399 555 436 586 10
453 555 620 586 decembris
641 555 726 593 12¹8,
748 557 851 596 pontif.
868 567 944 588 anno
960 567 1000 589 ιιι.

572 727 673 762 XXX.

248 803 341 844 Quod
362 803 527 848 privilegia
549 811 575 836 et
593 804 714 838 indulta
737 805 926 839 cisterciensi
946 817 999 839 or-

292 854 361 886 dt'm'
373 853 516 886 hactenus
532 865 551 886 α
570 854 649 887 Sede
660 855 837 898 Apostolica
849 867 996 894 concessa,

291 903 378 936 salva
397 903 549 946 qeneralis
575 903 706 936 Conct'li'i
732 905 948 940 moderatione,
965 906 997 937 in

291 953 389 988 viridi
413 952 585 986 habeantur
609 953 802 986 observantia
829 955 890 995 (l).

512 1035 726 1066 Stititftfflmt

240 1099 406 1132 Exordium.
429 1118 468 1124 —
489 1101 582 1132 Causa
606 1102 739 1131 edendae
767 1100 857 1131 huius
886 1103 995 1132 consti-

279 1147 411 1176 tutionis.
434 1163 473 1169 —-
489 1145 528 1176 De
551 1145 745 1176 observandis
768 1146 931 1184 privilegiis
949 1146 994 1176 Ci-

280 1191 499 1221 sterciensibus
517 1200 532 1220 a
551 1190 627 1220 Sede
647 1190 814 1229 Apostolica
832 1191 992 1220 concessis.

237 1266 370 1296 Honorius
393 1265 534 1302 episcopus
557 1271 652 1294 servus
671 1271 812 1294 servorum
830 1265 885 1298 nei,
913 1273 993 1295 vene-

281 1314 414 1345 rabilibus
441 1314 580 1344 fratribus
599 1314 817 1351 archiepiscopis,
849 1315 991 1351 episcopis.

281 1366 311 1394 et
328 1364 437 1393 dilectis
454 1363 520 1392 filiis
547 1363 610 1392 aliis
643 1363 822 1392 aeclesiarum
845 1364 990 1399 praelatis,

280 1415 314 1443 ad
333 1420 402 1450 qnos
419 1413 521 1441 literae
540 1412 613 1441 istae
631 1412 816 1447 pervenerint,
831 1413 949 1441 salutem
964 1415 991 1442 et

278 1462 459 1499 apostoticam
477 1462 700 1490 benedictionem.

283 1533 490 1569 Benefaciens
510 1532 667 1567 Dominus
707 1532 797 1567 bonis
835 1542 865 1567 et
898 1535 990 1568 rectis

235 1582 331 1619 corde
348 1582 482 1618 dilectos
501 1582 582 1617 filios
604 1582 716 1617 fratres
736 1581 924 1617 Cistercien.
942 1595 990 1617 or-

235 1631 318 1668 dinis
339 1632 372 1667 in
394 1632 442 1668 via
467 1631 686 1667 mandatorum
710 1631 810 1678 ipsius
837 1631 988 1667 inoffense

234 1691 410 1726 currenteS,
437 1688 598 1728 tamquam
626 1681 776 1728 populum
806 1681 988 1727 acceptabi-

236 1732 297 1767 lem
319 1730 390 1766 sibi
429 1742 561 1765 numero
597 1738 628 1765 et
668 1731 779 1765 merito
811 1730 986 1777 ampliavit,

235 1780 347 1828 eisque
367 1779 407 1815 de
425 1791 494 1815 rore
516 1779 596 1814 coeli
614 1789 643 1814 et
667 1787 766 1814 terrae
795 1779 987 1825 pinguedine

235 1829 427 1865 benedicens
440 1829 577 1864 dilatavit
590 1829 693 1863 locum
704 1828 831 1863 tentorii
843 1828 984 1863 eiusdem

235 1878 373 1922 ordinis,
409 1885 440 1912 et
474 1877 574 1925 pelles
605 1877 881 1912 tabernaculorum
919 1879 987 1914 eius

236 1926 461 1963 extendit:sed
474 1927 559 1974 quod
577 1926 722 1962 dolentes
749 1926 927 1971 referimus,
954 1928 984 1962 in

238 1977 285 2012 via
306 1977 376 2021 hac,
397 1988 460 2024 qua
478 1975 638 2011 ambulant
657 1975 784 2023 superbi
804 1984 912 2011 contra
930 1988 986 2012 eos

237 2026 367 2074 laqueos
392 2025 608 2065 extendentes,
635 2026 700 2060 imo
726 2025 809 2061 velut
832 2034 986 2061 torrentes

237 2075 411 2124 iniquitatis
438 2075 595 2109 irruentes
628 2074 658 2108 in
688 2086 744 2110 eos
771 2076 868 2122 ipsos,
894 2075 986 2110 bonis

235 2124 314 2166 suis,
335 2136 418 2172 quae
439 2124 497 2159 soli
518 2123 587 2159 Deo
614 2132 687 2158 sunt
714 2124 826 2164 dicata,
854 2137 914 2158 non
931 2137 985 2159 so—

235 2174 301 2210 lum
328 2173 474 2221 nequiter
499 2173 695 2217 defraudare,
717 2185 789 2208 eum
812 2173 866 2207 filii
889 2173 985 2209 huius

235 2223 353 2258 saeculi
380 2222 600 2270 prudentiores
622 2222 696 2257 filiis
722 2222 802 2257 lucis
828 2223 859 2257 in
885 2235 984 2270 gene-

234 2273 355 2308 ratione
379 2283 437 2307 sua
464 2272 543 2310 sint:
570 2283 677 2306 verum
701 2272 792 2306 etiam
823 2273 984 2319 iniquitate

236 2329 380 2369 potentes
405 2321 558 2356 violenter
592 2320 728 2367 spoliare
763 2322 921 2360 nituntur,
955 2330 984 2356 et

234 2370 320 2418 quod
339 2371 467 2417 gravius
487 2378 545 2411 est,
568 2369 709 2404 nonnulli
731 2369 770 2404 de
791 2371 910 2417 iis,qui
930 2382 984 2405 eos

235 2419 408 2455 debuerant
433 2420 464 2454 in
496 2419 614 2454 Christi
652 2418 823 2454 visceribus
857 2419 983 2455 charius

234 2468 417 2517 amplexari,
433 2476 467 2504 et
482 2467 682 2504 favorabilius
699 2468 876 2513 confovere,
897 2470 983 2516 ipsos

235 2518 406 2553 immanius
427 2526 662 2566 persequentes,
697 2517 876 2565 privilegia,
902 2514 1006 2569 quael

1046 301 1166 336 meritis
1206 311 1279 337 sunt
1321 305 1457 351 indulta,
1491 308 1630 354 gestiunt
1670 311 1796 358 penitus

1045 362 1213 391 enervare,
1241 352 1374 389 diceudo
1402 355 1451 390 illa
1481 357 1578 393 fuisse
1606 361 1736 396 omniuo
1763 362 1793 397 iu

1044 399 1177 435 concilio
1203 403 1341 447 generali
1369 415 1521 449 revocata,
1549 407 1596 442 vel
1628 409 1705 445 alias
1743 411 1794 446 in-

1043 448 1201 484 tellectum
1231 451 1462 497 privilegiorum
1491 456 1630 502 ipsorum
1659 459 1698 494 ita
1727 472 1793 494 rna-

1044 497 1125 544 ligna
1158 499 1413 547 interpretatione
1437 504 1475 538 ad
1511 505 1632 542 libitum
1664 520 1794 554 perver-

1043 547 1154 588 tendo,
1188 549 1273 595 quod
1300 551 1360 586 nisi
1388 564 1423 586 os
1458 554 1565 601 iniqua
1597 556 1790 603 loquentium

1041 595 1233 638 obstruatur,
1256 599 1298 633 nil
1314 609 1409 635 restet
1423 602 1497 648 quin
1515 604 1662 649 praedicti
1683 606 1792 642 fratres

1043 645 1275 692 privilegiorum
1295 661 1423 684 suorum
1445 664 1524 697 pene
1543 654 1669 699 penitus
1688 655 1790 691 fructu

1041 693 1242 740 frustrentur,
1265 710 1320 744 per
1341 700 1425 746 qnod
1450 700 1492 734 illi
1511 714 1573 736 non
1592 711 1652 738 tam
1671 705 1790 740 eisdem

1042 743 1198 789 fratribus,
1220 757 1314 793 quam
1335 748 1425 783 nobis
1445 750 1585 785 iniuriari
1607 753 1789 799 probantur,

1039 792 1114 827 dum
1137 802 1243 829 contra
1266 796 1361 832 Sedis
1389 799 1588 844 Apostolicae
1615 802 1790 848 indulgen—

1040 842 1096 877 iias
1118 852 1306 880 memoratas
1327 845 1437 882 fratres
1465 857 1582 884 temere
1608 852 1791 897 perturbare

1038 901 1264 938 praesumunt,
1305 896 1473 932 molientes
1513 908 1620 934 contra
1667 910 1790 937 nostrae

1039 940 1269 987 plenitudinem
1292 947 1454 990 potestatis
1475 947 1550 982 dum
1585 948 1703 984 indulta
1737 963 1790 986 no-

1037 1000 1099 1025 stra
1140 991 1346 1028 irreverenter
1377 995 1572 1042 impugnant.
1595 997 1660 1033 Nos
1683 1000 1789 1046 igitur,

1036 1040 1089 1084 qui
1108 1041 1284 1085 praedictos
1307 1043 1417 1079 fratres
1429 1046 1556 1092 speciali
1573 1051 1789 1095 praerogativa

1036 1088 1215 1125 dilectionis
1236 1099 1265 1125 et
1286 1094 1405 1137 gratiae
1421 1094 1650 1141 amplexamur,
1679 1107 1789 1145 utpote

1035 1139 1087 1184 qni
1104 1139 1217 1185 iugiter
1237 1141 1404 1176 offerentes
1430 1142 1567 1179 Domino
1585 1157 1715 1181 suorum
1741 1150 1787 1182 vi-

1035 1186 1118 1222 tulos
1145 1188 1314 1230 labiorum,
1348 1204 1410 1226 non
1442 1193 1546 1228 solum
1581 1195 1689 1237 nobis,
1728 1197 1783 1232 sed

1034 1237 1126 1271 etiarn
1147 1238 1314 1273 universali
1330 1239 1491 1277 Ecclesiae
1509 1244 1567 1288 piis
1585 1243 1787 1281 intercessio-

1034 1285 1128 1319 nibus
1141 1286 1427 1334 incomparabiliter
1441 1291 1661 1337 suffragantur,
1681 1295 1787 1330 nolen-

1035 1342 1079 1368 tes
1095 1335 1276 1370 liuiusmodi
1295 1339 1512 1374 vexationibus
1522 1353 1628 1376 eorum
1639 1343 1783 1379 sabbathi

1032 1383 1193 1419 amaricari
1237 1387 1394 1432 quietem,
1416 1401 1496 1436 quos
1517 1390 1621 1435 potius
1640 1399 1787 1428 tenemur

1031 1433 1224 1469 omnimodis
1250 1437 1424 1478 consolari,
1461 1440 1694 1475 universitatem
1731 1454 1785 1478 re-

1031 1490 1125 1516 stram
1154 1495 1332 1530 monemus,
1359 1495 1389 1521 et
1411 1487 1574 1523 hortamur·
1594 1497 1722 1535 attente,
1749 1505 1783 1527 ac

1032 1533 1263 1578 perapostolica
1277 1536 1390 1583 scripta
1411 1538 1634 1584 praecipiendo
1652 1540 1784 1576 manda-

1031 1593 1113 1624 mus,
1148 1591 1305 1629 quatenus
1338 1586 1536 1631 supradictos
1574 1587 1708 1629 fratres,
1743 1591 1783 1625 ob

1031 1632 1234 1666 reverentiam
1253 1632 1392 1668 divinam
1414 1643 1444 1670 et
1463 1644 1613 1679 nostram,
1631 1638 1783 1675 habe-ntes

1030 1680 1059 1713 in
1088 1681 1260 1716 visceribus
1287 1682 1465 1727 charitatis,
1492 1686 1538 1720 eis
1567 1687 1725 1733 privilegia
1753 1697 1782 1723 et

1029 1728 1243 1775 indulgentias
1281 1732 1482 1778 Apostolicae
1522 1733 1618 1769 Sedis
1663 1737 1780 1772 eisdem

1028 1789 1200 1814 concessas
1226 1781 1448 1816 inviolabiliter
1474 1785 1669 1820 conservetis
1687 1796 1716 1822 et
1735 1787 1781 1822 fa—

1028 1827 1117 1863 ciatis
1143 1827 1182 1862 ab
1208 1829 1275 1864 aliis
1303 1832 1492 1866 conservari.
1520 1832 1611 1868 Salva
1634 1836 1782 1870 modera-

1029 1877 1112 1911 tione
1137 1878 1264 1913 concilii
1293 1880 1460 1925 generalis,
1491 1882 1644 1927 videlicet,
1672 1893 1705 1919 ut
1743 1885 1781 1920 de

1027 1926 1137 1962 alienis
1154 1929 1248 1963 terris
1268 1940 1286 1963 a
1308 1938 1450 1976 tempore
1477 1932 1627 1978 praedicti
1655 1934 1780 1969 concilii

1026 1976 1188 2022 acquisitis
1198 1987 1229 2012 et
1250 1978 1288 2013 de
1309 1987 1433 2015 caetero
1456 1981 1656 2028 acquirendis
1682 1984 1780 2018 exsol—

1026 2037 1099 2064 vant
1132 2030 1272 2067 decimas
1305 2032 1473 2078 Ecclesiis,
1509 2035 1627 2081 quibus
1659 2038 1779 2072 ratione

1027 2083 1225 2130 praediorum
1249 2093 1339 2120 antea
1361 2086 1575 2129 solvebantur,
1602 2090 1661 2124 nisi
1690 2091 1779 2126 aliter

1026 2149 1098 2171 cum
1138 2138 1183 2173 eis
1221 2139 1345 2174 duxerit
1385 2142 1653 2188 componendum.
1693 2144 1778 2179 Alias

1025 2203 1151 2239 quoque
1182 2192 1358 2239 praedictos
1384 2194 1494 2229 fratres
1525 2194 1564 2228 ab
1598 2196 1778 2232 incursibus

1026 2248 1234 2292 malignorum
1262 2246 1365 2282 taliter
1390 2247 1585 2290 defendatis,
1612 2250 1696 2297 quod
1718 2251 1777 2286 de-

1025 2300 1168 2335 fensores
1200 2301 1338 2335 iustitiae
1383 2313 1418 2335 ac
1447 2303 1571 2346 pietatis
1598 2303 1775 2350 probemini

1024 2363 1190 2393 amatores,
1217 2353 1386 2401 Deumque
1417 2354 1505 2390 vobis
1527 2358 1717 2403 propitium,
1744 2367 1775 2394 et

1025 2419 1082 2442 nos
1110 2406 1248 2442 reddatis
1269 2407 1383 2443 exinde
1412 2408 1596 2444 favorabiles
1623 2420 1653 2446 et
1681 2411 1774 2448 beni*

1046 2472 1113 2495 nos.

1023 2473 1043 2508 g
1071 2512 1188 2549 Datum
1216 2512 1376 2560 Laterani,
1403 2515 1543 2551 secundo
1559 2516 1709 2553 kalendas
1727 2518 1775 2554 ia·

235 2567 313 2614 ipsis
331 2579 347 2603 a
375 2566 458 2602 Sede
483 2567 665 2614 Apostolica
691 2568 758 2602 suis
785 2567 983 2614 exigentibus
1024 2569 1137 2608 nuarii,
1160 2568 1360 2615 pontificatus
1378 2571 1475 2605 nostri
1497 2582 1579 2606 anuo
1600 2572 1704 2608 tertio.

270 2636 310 2671 (¹)
325 2635 365 2662 Ex
380 2636 486 2671 Regest¹
509 2636 594 2663 Vatini

1023 2627 1083 2659 Dat.
1107 2629 1153 2659 die
1172 2629 1205 2659 31
1228 2628 1394 2660 decembris
1412 2630 1496 2669 1218,
1515 2632 1618 2671 pontis.
1638 2642 1714 2664 anno
1729 2643 1770 2666 ιιιἓ

1811 258 1865 284 An.
1882 257 1994 285 c.1218

1812 1451 1841 1472 De
1864 1452 1983 1472 observan—

1799 1482 1831 1502 dis
1866 1483 1981 1508 privilegiis

1798 1512 1977 1534 cisterciensibus

1799 1550 1809 1562 a
1824 1543 1878 1564 Sis-ie
1889 1545 1980 1569 Antisti)-

1798 1569 1838 1594 ltca
1864 1580 1972 1595 ECHAESYS
