2129 3223
64 224 115 252 Ari.
127 223 156 251 C.
175 225 241 252 ¹235

93 575 210 597 Ctnusutae.

85 1974 202 1996 Exordium.

865 233 1048 256 Giiizfloutt's
1070 234 1102 256 ΙΧ
1129 235 1175 259 ΡΡ.

259 289 378 316 certum
407 291 527 329 tenipus
549 292 632 317 certo
656 297 785 319 numero
829 288 999 331 magistro-

261 342 329 365 rum
356 331 486 373 exolvat;
508 334 683 377 statuimus,
707 342 739 368 iit
761 335 835 369 illud
859 336 928 370 sino
950 336 999 370 di-

260 380 431 416 minutione
469 382 603 428 qualibet
638 383 788 429 persolvat
830 397 927 431 usque
961 386 997 419 acl

259 429 426 464 terminum
450 431 666 473 constitutum,
709 441 738 466 et
773 433 910 481 plenarie
949 447 998 470 sa—

258 477 391 514 tisfaciat
416 479 454 514 de
475 480 651 515 subtractis.

305 526 388 563 Nulli
426 541 500 575 ergo
540 531 668 565 omuino
700 531 862 566 hominum
910 533 997 568 liceat

256 575 338 611 hanc
375 579 518 625 paginam
558 589 681 615 nostrae
715 582 929 616 concessionis
968 591 997 617 et

255 626 491 664 constitutionis
519 629 698 676 infringere,
722 630 766 664 rel
793 630 821 664 ei
843 643 920 666 ausu
951 640 998 666 te-

254 673 389 712 merario
419 678 584 713 contraire.
625 677 657 711 Si
696 680 767 726 quis
801 687 903 715 autem
939 681 997 716 hoc

253 732 405 761 attentare
451 728 709 774 praesumpserit.
752 728 995 775 indignationem

252 775 479 823 omnipotentis
501 776 558 811 Dei
581 788 617 811 ac
649 776 808 812 beatorum
847 777 929 813 Petri
968 788 997 813 et

252 821 342 859 Pauli
364 826 575 873 apostolorum
594 825 661 860 eius
688 839 722 861 se
745 827 864 861 noverit
891 828 995 864 incur-

252 884 372 909 surum.

299 925 416 960 Datum
444 923 586 959 Laterani
609 925 717 972 quinto
740 925 886 960 kalendas
909 926 995 967 maii,

251 972 452 1021 pontificatus
474 974 569 1009 nostri
597 986 679 1008 anno
704 974 846 1022 septimo.

290 1034 350 1066 Dat.
373 1035 420 1065 die
441 1034 477 1065 27
497 1035 599 1075 aprilis
616 1035 701 1073 1233,
724 1036 824 1075 pontif.
840 1045 885 1066 an.
908 1045 954 1066 vii.

539 1183 709 1219 XXXVIII.

251 1259 423 1294 Prohibitio
442 1260 603 1294 alienandi
625 1268 732 1297 terras,
757 1267 857 1293 castra
882 1267 907 1293 et
929 1261 994 1293 alia

300 1310 367 1343 loca
387 1309 477 1343 Sedis
507 1310 697 1353 Apostoli'cae
722 1309 833 1353 absque
852 1321 994 1343 consensu

299 1365 421 1392 sanctae
459 1359 616 1392 Romanae
656 1359 805 1392 Ecclesiae
848 1360 993 1392 cardina-

298 1408 375 1441 lium
392 1409 446 1450 (1).

516 1475 728 1506 SUMMARIUM

248 1536 415 1569 Exordium.
446 1554 485 1561 -
517 1539 543 1567 1.
566 1537 733 1578 Symmachi
762 1538 859 1568 simile
887 1539 990 1569 decre-

288 1587 349 1613 tum
372 1582 428 1622 (2).
448 1599 488 1605 —
505 1582 532 1612 ᾖ.
550 1581 710 1613 Prohibitio
731 1583 776 1622 (de
794 1592 844 1622 qua
860 1583 889 1612 in
905 1583 993 1612 rubri-

287 1627 342 1666 ca).
359 1643 399 1650 —-
414 1627 442 1657 3.
459 1626 603 1657 Nonnulla
623 1626 686 1656 loca
711 1626 739 1657 S.
755 1626 787 1656 R.
813 1626 843 1657 Ε.
875 1628 991 1666 specia-

289 1671 498 1706 iimmminai.
520 1688 558 1694 —
575 1671 731 1702 Clausulae
750 1672 897 1711 poenales.

247 1746 391 1783 Gregorius
408 1746 549 1783 opiscopus
566 1753 662 1776 serviis
684 1753 823 1776 sorvorum
841 1746 897 1780 Dei.
933 1747 993 1775 urii-

290 1796 379 1826 versis
390 1797 495 1832 scripta
512 1796 668 1832 praesentia
683 1797 858 1832 inspectui-is.
875 1797 993 1826 satutem

289 1846 320 1874 ot
338 1844 516 1881 apostolicam
531 1844 752 1874 benedictionem.

295 1914 364 1951 Rex
394 1915 536 1951 excelsus
556 1915 679 1951 Summi
711 1916 827 1963 Regis,
851 1917 936 1952 Deus
962 1927 990 1952 et

247 1964 351 2000 Homo
372 1964 518 2000 Christus
535 1964 633 2008 Iesus,
660 1978 752 2012 quem
780 1966 841 2013 legi
879 1979 992 2001 neces—

249 2015 324 2049 sitas
351 2026 412 2050 uon
440 2014 584 2055 subiecit,
619 2013 718 2049 factus
751 2025 796 2050 est
835 2016 990 2051 voluntate

249 2063 308 2099 sub
329 2063 410 2110 lege.
432 2063 562 2098 formam
586 2063 766 2111 relinquens
792 2064 927 2109 Vicario,
959 2073 991 2100 ut

249 2113 322 2148 licet
343 2125 415 2160 prae
447 2113 579 2148 caeteris
611 2113 783 2149 libertatem
819 2115 848 2148 iu
880 2114 991 2150 excel-

248 2162 344 2198 lentia
382 2162 543 2208 dignitatis
583 2163 749 2209 acceperit,
787 2172 991 2210 recognoscat

249 2219 352 2246 tamen
379 2224 450 2246 cum
478 2212 609 2246 caeteris
630 2212 797 2257 quamdam
834 2213 865 2247 in
898 2213 988 2248 officii

248 2260 356 2297 debito
382 2261 574 2300 servitutem,
591 2272 748 2296 sacrarum
776 2262 990 2298 observantiae

249 2310 461 2351 sanctionum,
488 2311 622 2357 gratuito
643 2311 772 2356 alligans
810 2319 990 2360 utrumque,

250 2359 466 2395 necessitatem
488 2359 688 2394 voluntariam
717 2368 746 2394 et
787 2365 989 2396 necessariam

250 2408 453 2450 voluntatem,
494 2418 526 2443 ut
568 2409 641 2443 dum
685 2410 903 2456 praelationem
946 2413 990 2446 sic

249 2458 388 2504 subiicit,
419 2458 517 2494 maior
555 2466 701 2505 appareat
732 2470 769 2493 ex
807 2459 989 2496 huiusmodi

283 2517 323 2563 (s)
338 2528 468 2556 Ecclesiae
479 2536 521 2555 res
531 2536 582 2555 non
593 2527 743 2555 alienandus
753 2528 873 2556 decrevit
889 2530 915 2558 S.
928 2531 990 2563 Leo,
1009 2523 1013 2568 Ι

248 2567 360 2595 Constit.
375 2568 424 2602 ix,
445 2573 509 2596 tom.
534 2577 553 2601 i,
574 2575 631 2603 pag.
660 2568 702 2595 65.
743 2568 783 2604 (9)
804 2569 867 2597 Vide
889 2576 952 2598 tom.
971 2579 990 2603 i,

249 2615 306 2643 pag.
325 2608 384 2634 150.

327 2651 400 2681 Bali.
418 2651 492 2681 Rom.
521 2651 572 2681 Vol,
593 2651 640 2680 ΙΙΙ.
836 2654 871 2683 61

1666 227 1728 259 481

1039 288 1230 323 subiectione
1279 289 1439 335 praelatus.
1495 291 1695 326 Auctoritatis
1737 301 1781 327 cst

1039 349 1162 384 quoque
1186 349 1276 384 possc
1305 346 1451 379 statuere,
1490 340 1543 374 sed
1576 340 1708 384 virtutis,
1751 350 1782 376 ut

1039 387 1109 432 quis
1132 399 1165 421 se
1191 386 1334 421 subiiciat
1356 400 1413 422 suo
1435 397 1558 429 statuto,
1576 402 1630 435 per
1649 391 1779 425 alterum

1040 444 1150 482 potens
1173 437 1202 470 in
1228 435 1374 475 subditis,
1403 449 1456 483 per
1489 439 1645 485 reliquum
1670 447 1782 486 poten-

1039 485 1096 519 tior
1118 485 1148 519 in
1175 497 1208 520 se
1231 485 1306 532 ipso.
1336 486 1518 521 Praesertim
1535 500 1606 523 cum
1625 488 1781 524 efficacius

1038 542 1160 573 statuat,
1184 534 1257 569 dum
1282 535 1408 581 exponit
1434 537 1574 583 apertius
1601 550 1676 572 suae
1706 551 1779 585 pro-

1037 584 1189 618 secutioni
1213 591 1376 627 statutum,
1391 597 1428 619 eo
1443 586 1527 632 quod
1547 587 1650 631 lingua
1671 600 1781 623 manus

1039 633 1191 679 interpres
1227 634 1314 680 quasi
1355 646 1468 680 praeco
1502 636 1643 670 semitam
1687 638 1780 672 verbo

1039 690 1133 729 parat.

1084 731 1105 778 g
1133 734 1162 765 1.
1193 731 1276 766 Sane
1314 732 1363 766 fel.
1411 733 1530 767 record.
1573 733 1780 780 Symmachus

1038 779 1120 827 Papa
1144 782 1248 815 volens
1275 781 1508 827 quodaminodo
1535 782 1593 828 legi
1624 784 1778 819 subiicere

1036 837 1234 875 potestatem,
1248 830 1275 863 in
1290 830 1450 865 Ecclesiae
1473 831 1608 877 praediis
1622 832 1778 868 alienandi

1036 877 1191 913 licentiam
1215 879 1385 919 interdixit,
1409 888 1441 914 ut
1469 880 1551 926 quod
1592 881 1686 917 licere
1715 895 1776 917 non

1035 927 1170 974 expedit,
1198 927 1315 962 licituui
1337 941 1397 962 non
1427 937 1562 976 putetur.

1083 977 1103 1023 S
1124 981 1157 1011 2.
1186 976 1249 1012 Nos
1270 986 1372 1012 autem
1400 990 1495 1024 super
1518 979 1575 1013 hoc
1599 980 1681 1014 illius
1726 994 1778 1015 ve-

1035 1025 1133 1070 stigiis
1155 1027 1362 1070 inhaerentes,
1387 1028 1523 1062 unaniiui
1556 1027 1685 1064 fratrum
1722 1030 1777 1063 de-

1034 1074 1148 1109 siderio
1192 1083 1221 1109 et
1257 1076 1403 1122 petitione
1443 1078 1615 1122 concordi,
1650 1080 1706 1113 hac
1747 1081 1774 1113 in

1037 1132 1221 1170 perpetuum
1249 1125 1375 1160 valitura
1410 1127 1633 1162 constitutione
1671 1129 1777 1163 sanci—

1035 1185 1115 1217 mus,
1129 1181 1161 1207 ut
1180 1173 1218 1208 de
1237 1175 1513 1219 patrimonialibus,
1531 1176 1598 1211 sine
1617 1179 1775 1212 communi

1035 1221 1162 1257 fratrum
1176 1224 1306 1258 consilio
1318 1231 1347 1258 et
1369 1236 1510 1263 assensu,
1532 1225 1677 1261 alienatio
1694 1227 1777 1261 nulla

1034 1271 1096 1315 fiat,
1123 1273 1223 1319 sitque
1251 1273 1302 1306 uni
1336 1272 1474 1318 facultas,
1507 1274 1591 1321 quod
1627 1288 1665 1311 ex
1686 1288 1777 1311 causa

1034 1321 1171 1366 legitima
1190 1321 1387 1356 obstaculum
1404 1322 1499 1356 libere
1521 1325 1776 1360 contradictionis

1033 1378 1179 1417 opponat.
1203 1370 1296 1412 Quod
1322 1372 1346 1405 si
1375 1371 1452 1406 forte
1477 1372 1567 1406 fuerit
1595 1374 1623 1407 in
1659 1374 1777 1409 aliena-

1033 1419 1115 1453 tione
1142 1431 1336 1467 processum,
1364 1420 1478 1455 factum
1508 1422 1576 1468 ipso
1610 1423 1675 1458 iure
1715 1436 1775 1458 non

1032 1475 1133 1504 teneat
1157 1480 1211 1515 per
1231 1481 1456 1510 successorem,
1480 1479 1633 1518 quatenus
1652 1473 1777 1519 praede-

1033 1529 1138 1552 cessor
1150 1518 1189 1552 de
1199 1517 1279 1552 facto
1294 1520 1491 1565 processerit,
1508 1529 1537 1555 et
1552 1533 1589 1555 eo
1604 1522 1672 1568 ipso
1694 1523 1775 1570 quod

1033 1579 1211 1613 processum
1234 1568 1279 1602 sic
1302 1568 1626 1613 fucritrevocaudum,
1642 1571 1680 1605 de
1702 1571 1776 1606 alie-

1033 1625 1134 1651 nantis
1163 1625 1234 1656 vita,
1263 1626 1526 1653 consentientium
1568 1632 1715 1660 numero,
1747 1631 1775 1655 et

1032 1665 1226 1700 solemnitate
1264 1668 1453 1714 scripturae,
1491 1668 1609 1703 nullum
1638 1669 1774 1705 admini-

1032 1715 1137 1750 culum
1160 1715 1209 1750 tali
1233 1716 1423 1763 suscipiente
1444 1726 1617 1753 contractu.

1078 1765 1098 1812 g
1125 1769 1157 1798 5.
1180 1764 1345 1800 Caeterum
1369 1766 1407 1800 ad
1429 1767 1602 1802 cauthelam
1620 1768 1772 1815 quaedam

1032 1813 1096 1848 loca
1118 1814 1311 1861 specialioris
1337 1815 1528 1850 inhibitionis
1566 1817 1689 1852 vinculo
1718 1819 1772 1852 ad-

1031 1863 1208 1910 stringenda
1237 1864 1361 1911 speciali
1384 1866 1585 1912 expressione
1608 1868 1772 1902 nominum

1033 1912 1185 1958 praesenti
1214 1914 1342 1959 paginae
1364 1913 1495 1950 fecimus
1516 1917 1670 1956 annotari,
1693 1916 1773 1952 vide-

1031 1961 1117 1996 licet:
1137 1961 1167 1996 in
1190 1961 1380 2009 Campania,
1394 1963 1689 2009 castrum'Fumon.,
1707 1966 1771 2002 Pn—

1032 2011 1115 2049 han..
1137 2010 1264 2046 Serron.
1305 2021 1333 2046 et
1374 2012 1497 2048 Larian.
1540 2013 1573 2048 ln
1600 2013 1770 2052 Maritima.

1031 2060 1151 2106 Aquam
1165 2061 1335 2102 putridam,
1357 2062 1771 2111 Ostiam,quamepiscopus

1030 2109 1151 2144 Ostien.
1174 2117 1257 2145 tenet
1279 2123 1293 2144 a
1318 2110 1455 2146 Romana
1479 2112 1629 2154 Ecclesia,
1657 2114 1687 2148 in
1709 2127 1772 2149 oni-

1032 2158 1124 2193 nil)us
1146 2159 1245 2205 ipsius
1263 2161 1399 2206 episcopi
1424 2161 1488 2195 iure
1504 2162 1598 2196 salvo.
1621 2163 1769 2205 Ariciam,

1031 2207 1203 2255 Nympham
1226 2209 1348 2252 Tolnn.,
1375 2209 1500 2254 Coram,
1527 2210 1720 2256 Cisternam,
1742 2222 1771 2247 et

1030 2257 1187 2292 Terracin.
1224 2257 1258 2291 In
1293 2258 1420 2299 Tuscia,
1442 2259 1578 2294 Montem
1612 2260 1770 2303 Flascon.,

1030 2306 1145 2348 Orlele,
1167 2306 1304 2341 Mentem
1336 2308 1455 2352 Altum,
1488 2308 1770 2356 Radicophannm,

1030 2355 1131 2396 Pien.,
1166 2355 1285 2402 Aquam
1332 2356 1535 2399 Pendentem,
1568 2367 1598 2393 et
1640 2358 1767 2395 Bulsen.

1031 2417 1101 2439 curn
1126 2412 1187 2438 tota
1211 2405 1295 2439 Valle
1312 2406 1392 2440 Laci.
1416 2407 1449 2440 In
1466 2406 1579 2442 ducatu
1590 2407 1770 2455 Spoletano‚

1031 2453 1164 2488 Roccam
1188 2454 1226 2488 de
1247 2455 1346 2494 Cesis,
1368 2466 1398 2490 et
1418 2455 1554 2491 Roccam
1575 2457 1614 2491 de
1636 2457 1770 2495 Gualdo.

1009 2498 1012 2518 ¹
1032 2503 1064 2536 in
1091 2505 1273 2550 episcopatu
1295 2505 1474 2551 spoletano,
1490 2505 1624 2541 Roccam
1640 2507 1772 2553 Sacrati,

1009 2570 1013 2594 l
1033 2552 1168 2592 Briis'in.‚
1192 2553 1310 2590 Low-in„
1333 2564 1362 2587 et
1384 2554 1519 2589 Roccam
1546 2555 1585 2590 de
1609 2555 1701 2591 Saxo.
1735 2558 1770 2592 ln

1009 2598 1208 2651 §episcopatu
1230 2602 1392 2647 Narnien,
1413 2614 1548 2639 castrum
1573 2605 1679 2641 Sancti
1706 2606 1772 2642 Ge-

1800 238 1846 263 Αη.
1865 238 1891 264 C.
1913 238 1976 263 1223'1

1807 751 1923 778 Symmachi
1945 753 1976 773 sl-

1794 781 1841 802 mite
1860 783 1974 803 dei-retum.

1805 997 1919 1018 Pratiihiiiu
1939 999 1972 1023 {ilii

1792 1029 1858 1055 quain
1872 1029 1972 1054 rubrica).

1800 1782 1904 1804 Nonuulla
1923 1784 1969 1805 loca

1787 1813 1806 1835 S.
1828 1814 1851 1835 R.
1875 1814 1896 1835 Ε,
1919 1821 1969 1842 spc-

1787 1846 1856 1866 eiatlm
1868 1847 1968 1867 nominat.
