2129 3223
29 247 79 276 An.
94 246 121 275 C.
142 245 209 274 ¹:⁶1⁸

840 244 984 268 causus
1028 244 1061 267 lv
1091 244 1138 266 ΡΡ.

1646 236 1713 269 705

224 302 341 338 tionem
379 300 560 337 huiusmodi
596 299 833 348 quomodolibet
868 299 972 335 venire
1013 302 1133 332 Urbanus
1151 304 1292 340 episcopus
1314 310 1408 333 servus
1441 311 1581 334 servorum
1603 304 1659 338 Dei,
1682 312 1762 334 vene-

223 355 499 402 praesumpserint,
520 366 536 390 a
559 353 609 389 tali
634 354 887 402 praesumptione
913 365 971 389 au-

222 408 365 443 ctoritate
391 416 517 448 nostra,
544 406 753 454 appellatione
776 408 945 455 postposita
961 435 968 448 ,

221 461 439 510 compescatis,
462 473 524 497 non
547 461 689 496 obstante
715 461 740 496 si
769 461 926 509 aliquibus
952 474 967 497 a

219 514 302 551 Sede
327 515 507 562 Apostolica
529 515 570 551 sit
593 515 761 556 indultum,
784 517 868 563 quod
906 529 968 552 ex-

219 569 476 614 communicari,
510 568 654 604 interdici
691 578 873 616 nequeant,
914 579 967 605 aut

217 622 381 669 suspendi,
420 631 449 658 et
486 622 679 669 indulgentia
721 623 821 657 dictae
851 623 965 671 Sedis,

217 687 278 722 qua
301 675 361 710 illis
389 675 429 711 de
462 687 559 722 regno
591 675 725 722 Angliae
759 676 875 712 dicitur
895 690 963 713 esse

215 740 415 770 concessum,
443 738 474 764 ut
497 738 580 765 extra
607 742 741 777 regnum
780 730 883 777 ipsum
917 734 962 769 vel

215 782 290 817 citra
314 795 399 818 mare
421 783 628 830 Anglicanum
664 784 695 818 in
723 796 849 820 causam
885 787 961 822 trahi

216 836 262 870 vel
283 836 321 871 ad
345 836 497 872 iudicium
520 837 642 873 evocari
666 849 727 872 non
757 840 887 886 possint,
908 854 963 888 per

214 888 331 925 litteras
355 890 544 937 apostolicas
564 903 624 926 non
653 890 802 928 facientes
836 893 959 940 plenam

214 950 244 975 et
278 954 471 990 expressam,
498 956 535 980 ac
560 945 599 980 de
627 945 720 981 verbo
747 946 784 981 ad
813 947 959 993 verbum,

212 995 252 1031 de
273 996 394 1033 indulto
416 998 598 1033 huiusmodi
616 999 821 1041 mentionem,
836 1009 866 1036 et
881 1014 959 1048 qua-

211 1050 287 1086 libet
308 1050 367 1087 alia
389 1051 582 1099 indulgentia
610 1052 711 1088 dictae
733 1053 826 1090 Sedis
848 1057 959 1091 cuius-

210 1116 346 1152 cumque
369 1106 486 1141 teuoris
507 1106 629 1146 existat,
652 1117 709 1154 per
735 1119 827 1154 quam
860 1121 958 1144 man-

209 1157 271 1194 dati
294 1159 391 1194 nostri
413 1159 558 1195 executio
594 1160 692 1206 possit
722 1162 957 1208 quomodolibet

208 1211 366 1258 impediri,
392 1220 423 1248 et
459 1212 498 1247 de
533 1225 594 1259 qua
626 1213 657 1248 in
692 1215 808 1249 nostris
846 1215 956 1252 litteris

208 1263 274 1299 fieri
315 1266 434 1301 mentio
467 1266 579 1301 debeat
612 1266 772 1313 specialis,
815 1276 845 1304 et
879 1282 957 1306 con—

208 1317 371 1355 stitutione
392 1319 431 1355 de
455 1320 578 1355 duabus
600 1320 690 1355 dietis
710 1320 792 1355 edita
819 1322 851 1357 in
879 1336 956 1359 con-

208 1370 280 1405 cilio
304 1374 455 1419 generali,
477 1382 507 1408 et
539 1374 600 1414 illa,
639 1386 732 1421 quam
768 1373 868 1410 felicis
906 1389 955 1412 re-

207 1425 398 1462 cordationis
418 1427 622 1463 innocentius
633 1427 716 1476 Papa
731 1429 956 1476 praedecessor

206 1487 313 1515 noster
333 1481 471 1516 edidisse
505 1481 701 1528 dignoscitur
727 1483 765 1517 de
797 1483 954 1531 aliquibus

206 1544 263 1589 per
299 1535 479 1581 generalem
513 1534 700 1575 clausulam,
740 1536 868 1583 quidam
901 1538 953 1574 alii

207 1588 286 1623 ultra
307 1597 444 1636 quatuor
464 1590 502 1625 ad
527 1589 678 1625 iudicium
696 1602 758 1625 non
779 1592 952 1629 trahendis.

254 1641 368 1678 Datum
407 1644 489 1691 apud
525 1643 642 1679 Urbem
683 1643 828 1679 Veterem
871 1659 953 1682 nono

204 1694 356 1731 kalendas
383 1698 500 1744 aprilis,
524 1697 724 1744 pontificatus
750 1699 846 1733 nostri
870 1711 953 1734 anno

205 1757 307 1785 tertio.

241 1807 307 1842 Dat.
323 1811 370 1841 die
387 1811 425 1841 24
441 1812 537 1842 martii
555 1811 640 1847 1264,
661 1811 762 1850 pontif.
783 1821 859 1841 anno
876 1821 916 1842 111.

546 2011 632 2047 XIX.

205 2097 361 2131 Institutio
381 2095 554 2140 festivitatis
581 2093 775 2128 Sanctissimi
810 2091 953 2137 Corporis

258 2150 371 2184 Christi
385 2160 446 2195 pro
466 2149 545 2193 feria
566 2147 674 2192 quinta
707 2153 776 2191 post
814 2153 952 2180 octavam

256 2204 439 2237 pentecostes
472 2201 637 2246 quotannis
667 2199 837 2233 solemniter
877 2199 952 2232 cele-

255 2257 399 2291 brandae.

472 2330 686 2363 SUMMARIUM

206 2400 408 2432 Eucharistiae
426 2401 650 2429 sacramentum.
673 2412 710 2418 —-
733 2396 759 2425 1.
780 2395 892 2425 Causae
910 2396 954 2425 in-

247 2444 411 2475 stituendae
433 2442 573 2472 solemnis
591 2439 767 2470 festivitatis.
789 2455 829 2462 —
849 2438 877 2469 2.
902 2438 952 2468 In-

247 2487 360 2519 stitutio
389 2487 554 2518 festivitatis
582 2485 708 2522 singulis
731 2484 816 2513 aunis
838 2483 910 2513 seria
938 2492 954 2511 v

248 2536 313 2571 post
326 2536 457 2563 octavam
477 2529 674 2560 Pentecostes.
689 2544 728 2550 —
742 2527 769 2557 3.
784 2527 954 2557 Adhortatio

249 2576 285 2606 ad
303 2584 366 2605 eam
389 2575 490 2605 devote
512 2572 729 2603 celebrandam.
749 2587 788 2593 —
809 2571 838 2601 4.
856 2570 955 2600 Indul-

248 2619 364 2658 gentiae
378 2627 441 2648 eam
461 2616 689 2647 celebrantibus.

287 2666 362 2697 Ball.
383 2665 462 2695 Rom.
485 2665 540 2695 Vol.
563 2664 613 2693 III.
801 2662 838 2691 89

1056 352 1190 381 rabilibus
1196 352 1344 386 fratribus,
1354 354 1529 389 patriarchis,
1543 354 1759 390 archiepiscopis.

1057 402 1199 438 episcopis,
1217 403 1247 431 et
1263 402 1325 430 aliis
1343 402 1522 432 ecelesiarum
1543 403 1688 439 praelatis.
1726 403 1760 432 sd

1054 457 1120 488 quos
1139 451 1255 481 litterae
1287 451 1360 480 istae
1390 452 1573 487 pervenerint,
1594 452 1712 481 salutem
1731 453 1759 481 et

1053 501 1232 537 apostolicam
1255 501 1477 530 benedictionem.

1056 563 1260 599 Transiturus
1287 563 1326 597 de
1349 563 1407 598 hoc
1427 562 1548 598 mundo
1569 563 1606 598 ad
1630 562 1755 598 Patrem

1008 612 1148 648 Salvator
1178 621 1284 648 noster
1304 612 1461 647 Dominus
1489 612 1576 647 lesus
1597 611 1754 656 Christus,

1006 675 1078 698 cum
1099 671 1223 709 tempus
1244 674 1319 697 suae
1332 661 1491 696 Passionis
1513 662 1652 702 instaret,
1667 674 1754 697 sum-

1007 720 1056 758 pta
1078 712 1183 747 Coena
1206 712 1235 745 in
1260 710 1441 746 memoriam
1465 711 1574 745 mortis
1600 723 1686 752 suae,
1709 711 1754 745 in-

1004 761 1103 796 stituit
1126 772 1285 796 summum
1308 768 1339 794 et
1361 759 1563 806 magnificum
1590 760 1637 794 sui
1677 758 1754 795 Cor-

1005 811 1088 857 poris
1114 818 1144 845 et
1165 809 1336 856 Sanguinis
1357 817 1600 849 sacramentum,
1627 807 1751 855 Corpus

1003 862 1034 894 in
1071 859 1189 904 cibum,
1227 866 1258 893 et
1295 858 1490 904 Sanguinem
1527 858 1556 891 in
1599 857 1748 904 poculum

1003 909 1178 944 tribuendo.
1220 906 1297 942 Nam
1338 907 1482 954 quotiens
1516 905 1600 941 hunc
1630 905 1747 941 Panem

1002 958 1230 993 manducamus
1256 964 1286 991 et
1307 954 1446 991 Calicem
1479 955 1628 996 bibimus,
1663 967 1748 989 mor-

1001 1015 1062 1042 tem
1084 1006 1212 1041 Domini
1232 1005 1471 1040 annunciamus.
1496 1004 1530 1038 ln
1550 1004 1747 1039 institutione

999 1056 1124 1103 quidem
1143 1055 1236 1089 huius
1261 1053 1450 1089 Sacramenti
1470 1054 1548 1087 dixit
1571 1052 1639 1099 lpse
1660 1053 1748 1100 Apo-

999 1105 1097 1139 stolis:
1121 1104 1188 1139 Hoc
1210 1103 1301 1138 facite
1325 1104 1353 1137 in
1383 1114 1484 1137 meam
1510 1114 1747 1137 commemora-

1000 1155 1127 1194 tionem3
1150 1161 1184 1188 ut
1206 1152 1409 1200 praecipuum
1433 1159 1463 1186 et
1485 1150 1607 1197 insigne
1630 1163 1747 1185 memo-

1000 1203 1074 1238 riale
1100 1203 1147 1237 sui
1175 1202 1290 1237 amoris
1316 1201 1434 1240 eximii,
1457 1212 1521 1246 quo
1548 1212 1605 1234 uos
1626 1200 1744 1241 dilexit,

997 1261 1079 1286 esset
1103 1251 1193 1286 nobis
1231 1250 1291 1285 hoc
1317 1249 1510 1296 praecelsum
1525 1257 1554 1283 et
1567 1248 1745 1283 venerabile

996 1300 1256 1340 Sacramentum
1280 1298 1476 1341 memoriale,
1511 1298 1657 1344 inquam,
1690 1298 1745 1332 mi-

997 1350 1092 1384 rabile
1120 1361 1155 1384 ac
1173 1348 1377 1396 stupendum,
1403 1346 1599 1390 delectabile,
1637 1359 1743 1387 suave,

997 1400 1200 1441 tutissimum,
1222 1409 1258 1432 ac
1279 1409 1375 1442 super
1397 1396 1501 1430 omnia
1541 1395 1718 1442 preciosum
1734 1423 1742 1439 ‚

996 1448 1025 1482 in
1053 1460 1117 1494 quo
1139 1448 1282 1481 innovata
1306 1454 1379 1479 sunt
1405 1446 1492 1490 signa
1523 1452 1553 1479 et
1588 1444 1742 1478 mirabilia

996 1497 1169 1536 immutata,
1198 1497 1228 1529 in
1251 1507 1314 1541 quo
1341 1493 1472 1528 habetur
1492 1505 1586 1528 omne
1607 1494 1744 1527 delecta·

996 1556 1147 1586 mentum,
1170 1553 1199 1579 et
1221 1544 1324 1578 omnis
1350 1543 1470 1589 saporis
1491 1543 1638 1581 suavitas,
1660 1542 1743 1588 ipsa-

995 1607 1056 1642 que
1075 1594 1210 1629 dulcedo
1236 1592 1364 1627 Domini
1392 1592 1585 1638 degustatur,
1613 1592 1643 1625 in
1679 1604 1742 1638 quo

997 1646 1105 1691 utique
1132 1644 1211 1677 vitae
1247 1641 1428 1687 suffragium
1459 1640 1683 1687 consequimur
1711 1648 1740 1674 et

994 1693 1113 1728 salutis.
1141 1691 1209 1726 Hoc
1236 1699 1281 1725 est
1309 1689 1488 1724 memoriale
1510 1690 1740 1729 dulcissimum,

994 1741 1175 1776 memoriale
1196 1740 1382 1782 salvificum,
1401 1738 1432 1772 in
1459 1750 1521 1785 quo
1543 1746 1660 1784 gratam
1682 1736 1742 1772 Re-

993 1790 1186 1837 ‹lemptionis
1212 1797 1336 1823 nostrae
1375 1799 1577 1821 recensemus
1618 1798 1740 1821 memo-

996 1840 1081 1879 riam,
1104 1839 1133 1873 in
1157 1850 1219 1884 quo
1249 1849 1265 1872 a
1288 1836 1368 1871 malo
1390 1836 1600 1879 retrahimur,
1639 1844 1668 1870 et
1707 1836 1738 1869 in

994 1888 1076 1923 bono
1102 1888 1326 1927 confortamur,
1348 1893 1379 1919 et
1399 1885 1437 1919 ad
1460 1885 1607 1919 virtutum
1630 1893 1739 1930 etgra-

995 1939 1107 1972 tiarum
1141 1935 1321 1983 proficimus
1353 1934 1570 1977 incrementa,
1603 1932 1635 1966 in
1671 1945 1737 1979 quo

995 1985 1132 2032 profecto
1161 1984 1342 2030 proficimus
1360 1983 1460 2029 ipsius
1480 1981 1632 2028 corporali
1652 1994 1737 2028 prac-

993 2035 1092 2070 sentia
1139 2032 1319 2068 Salvatoris.
1361 2032 1430 2066 Alia
1464 2042 1608 2077 namque,
1657 2042 1739 2076 quo-

994 2096 1061 2119 rum
1084 2083 1268 2118 memoriam
1308 2081 1431 2126 agimus
1447 2107 1454 2120 ,
1477 2080 1587 2126 spiritu
1624 2088 1738 2113 mente·

993 2146 1054 2180 que
1079 2131 1329 2179 complectimur:
1353 2129 1407 2164 sed
1445 2141 1504 2163 nou
1538 2136 1664 2174 propter
1680 2127 1738 2162 hoc

995 2181 1107 2218 realem
1130 2192 1239 2216 eorum
1264 2178 1470 2226 praesentiam
1493 2176 1681 2211 obtinemus.
1702 2175 1736 2210 In

994 2236 1051 2270 hac
1077 2246 1149 2269 vero
1176 2231 1390 2268 sacramentali
1412 2230 1527 2266 Christi
1551 2241 1737 2264 commemo-

995 2289 1123 2328 ratione,
1150 2287 1237 2322 Iesus
1263 2285 1409 2320 Christus
1434 2295 1592 2331 praesens,
1605 2282 1665 2317 sub
1679 2283 1738 2317 alia

995 2341 1119 2389 quidem
1144 2339 1254 2383 forma,
1278 2339 1307 2372 in
1333 2338 1454 2385 propria
1478 2348 1550 2371 vero
1563 2337 1738 2371 substantia

994 2403 1039 2430 est
1066 2394 1458 2428 nobiscumAsceusurus
1484 2391 1566 2425 enim
1599 2390 1628 2423 in
1665 2401 1739 2424 coe-

996 2450 1070 2488 lum,
1108 2446 1185 2481 dixit
1208 2445 1365 2491 Apostolis
1387 2453 1416 2478 et
1450 2455 1559 2478 eorum
1593 2442 1740 2490 sequaci-

997 2502 1068 2536 bus:
1094 2499 1176 2535 Ecce
1204 2512 1262 2546 ego
1291 2498 1451 2532 vobiscum
1487 2508 1557 2531 sum
1591 2496 1740 2531 omuibus

996 2554 1110 2589 diebus
1138 2566 1235 2600 usque
1257 2551 1295 2586 ad
1331 2551 1633 2586 consummationem
1664 2560 1741 2585 sae-

997 2609 1069 2649 culi3
1089 2607 1225 2653 benigna
1242 2601 1740 2652 ipsospromissioneconsonans,

1777 248 1823 272 An.
1844 246 1863 274 C
1892 247 1957 274 ¹265

1783 911 1927 935 Euctisrisua:

1775 947 1935 965 flerimefllssffl.
