2129 3223
144 255 193 281 An.
212 254 239 280 C.
261 255 326 280 ¹253

138 1680 230 1700 sin-tium
246 1679 310 1700 Tolo-

126 1717 198 1730 nnuin
214 1718 225 1730 n
241 1711 309 1736 legato

125 1742 138 1761 S
164 1743 178 1761 Α
206 1744 308 1761 erectum.

391 245 461 276 tao

339 307 562 356 disputationis
605 305 784 341 huiusmodi
820 305 849 339 in
889 305 1003 340 erroris
1042 304 1087 337 la-

340 370 468 405 queum,
489 355 575 403 quod
598 355 689 399 absit,
719 354 879 402 simplices
912 354 1086 396 elabantur,

340 408 481 442 invocato
503 405 540 440 ad
564 404 636 448 hoc,
657 405 682 439 si
710 417 792 451 opus
819 403 909 437 suerit
929 432 935 442 ,
970 403 1087 436 anxilio

339 455 456 490 brachii
478 454 658 489 saecularis:
679 453 925 489 contradictori-s
948 452 1087 486 christia—

338 517 395 539 nos
425 504 568 539 videlicet
610 515 664 550 per
700 514 863 538 censuram
896 501 1086 535 ecclesiasti-

336 566 416 593 cam,
439 553 573 588 ludaeos
595 565 668 587 vero
692 565 745 599 per
767 551 975 586 sublationem
1003 562 1086 584 com-

336 603 498 638 munionis
517 602 659 637 fidelium
682 601 890 649 appellatione
913 599 1084 647 postposita

335 651 578 699 compescendo.
1053 697 1068 702 ..

383 701 498 736 Datum
526 700 689 746 Anagniae
716 700 807 734 tertio
834 711 933 733 nonas
969 705 1083 740 martn,

333 750 537 797 pontificatus
559 750 657 784 nostri
680 762 763 784 anno
790 757 889 784 sexto.

372 811 432 841 Dat.
456 811 503 841 die
533 811 551 840 5
569 811 666 841 martii
695 810 781 847 1233,
805 809 907 849 pontis.
931 818 976 837 an.
1008 816 1042 837 Vl.

626 932 786 968 XXXVII.

328 996 451 1030 Erectio
476 997 582 1030 Stadii
600 997 751 1041 yeneralis
777 997 809 1029 in
832 996 951 1029 civitate
987 996 1080 1028 Tolo-

376 1058 452 1079 sana
480 1058 548 1080 cum
574 1046 815 1090 eaeemptionibus
837 1052 864 1078 et
892 1046 1081 1078 libertatibus

376 1096 486 1140 quibus
514 1096 700 1128 Parisienses
733 1095 884 1128 scholares
918 1096 1076 1138 fruuntur,

375 1152 402 1176 et
427 1145 562 1188 qaudent
584 1146 640 1188 (1).

593 1204 809 1234 SUMMAIUUM

325 1256 460 1287 Studium
479 1257 657 1287 Tolosanum
683 1267 697 1287 a
722 1257 816 1294 legato
839 1256 867 1286 S.
887 1257 918 1285 Α.
938 1260 1077 1285 erectum.

363 1314 403 1320 —
434 1297 589 1335 Privilegia
627 1297 775 1326 facultatis
808 1296 950 1326 parisien.
982 1297 1076 1326 eidem

364 1338 577 1406 copceduntur.
588 1353 627 1358 —
641 1336 786 1367 Nonnulla
801 1336 931 1375 ampliat.
944 1353 982 1358 —
994 1335 1078 1365 Clau-

365 1386 399 1406 su
416 1386 458 1406 ae.

323 1433 469 1470 Gregorius
479 1435 619 1471 opiscopus
631 1441 726 1463 servus
740 1440 881 1463 sorvorum
897 1433 952 1466 Dei.
969 1434 1078 1463 dilectis

367 1478 434 1509 filiis
452 1478 632 1508 universitati
650 1479 848 1514 magistrorum
864 1479 894 1507 et
913 1479 1077 1507 scholarium

368 1524 503 1557 Tolosan..
521 1523 640 1553 salutem
667 1524 697 1552 et
715 1523 893 1559 apostolicam
911 1523 1077 1568 benedictio-

368 1575 438 1597 nem.

373 1622 457 1658 Olim
480 1630 630 1670 operante
660 1622 726 1663 lllo,
761 1622 814 1668 qui
857 1622 918 1656 vult
965 1634 1074 1657 omnes

323 1672 467 1706 homines
489 1672 591 1707 salvos
622 1671 700 1716 fieri,
739 1679 769 1705 et
809 1671 969 1705 neminem
1012 1671 1075 1706 vult

326 1721 438 1767 perire,
455 1734 509 1768 per
531 1720 741 1755 ministerium
765 1720 868 1754 dilecti
893 1719 946 1753 filii
976 1720 1073 1754 nostri

322 1770 456 1805 Romani
484 1770 635 1804 Portuen.
655 1769 745 1804 electi
768 1777 842 1804 tunc
864 1769 894 1803 in
918 1768 980 1803 illis
1002 1781 1074 1816 par-

323 1819 409 1854 tibus
434 1819 636 1866 Apostolicae
656 1818 748 1854 Sedis
769 1818 874 1864 legati,
898 1818 978 1853 inter
1012 1818 1073 1852 Ec-

321 1870 462 1912 clesiam,
485 1876 515 1903 et
533 1867 673 1903 nobilem
698 1868 795 1902 virum
823 1868 971 1902 comitem
1008 1867 1074 1902 To-

321 1918 478 1961 losanurn,
492 1929 567 1964 pace
580 1925 740 1964 praeeunte
763 1917 866 1951 divina
891 1917 1000 1962 gratia,
1029 1928 1073 1950 re-

322 1967 466 2006 formaia;
488 1966 571 2000 idem
595 1965 717 2012 legatus
738 1973 799 2000 tam
819 1965 958 2012 provide,
978 1977 1070 2011 quam

322 2016 494 2063 prudenter
514 2014 680 2049 attendens
701 2014 786 2061 quod
809 2014 888 2049 fides
907 2014 1072 2057 catholica,

321 2077 401 2111 quae
430 2076 509 2111 pene
533 2064 656 2110 penitus
679 2063 840 2098 videbatur
863 2063 902 2098 de
925 2062 986 2097 illis
1008 2075 1073 2109 par-

323 2113 408 2148 tibus
430 2113 591 2160 profligata
616 2112 693 2147 inibi
723 2113 868 2147 reflorere
892 2111 1016 2151 valeret;
1046 2111 1070 2146 si

322 2162 384 2197 illic
405 2161 577 2197 litterarum
610 2161 750 2196 studium
792 2169 951 2196 crearetur
984 2160 1071 2195 duxit

323 2211 450 2258 provide
465 2210 665 2245 statuendum
689 2219 721 2244 ut
750 2211 779 2244 in
802 2209 957 2245 Tolosana
988 2210 1071 2244 civi-—

322 2268 384 2295 tate
413 2259 580 2295 cuiuslibet
620 2259 722 2294 licitae
768 2258 923 2294 facultatis
967 2258 1070 2293 studia

322 2310 549 2356 plantarentur,
571 2321 705 2356 quorum
735 2309 905 2355 magistris,
934 2315 967 2342 ut
990 2307 1072 2342 libe-

323 2358 388 2393 rius
411 2366 537 2406 possent
565 2370 672 2393 vacare
695 2358 810 2393 studiis
848 2365 877 2392 et
908 2356 1071 2401 doctrinis,

322 2419 338 2442 a
363 2408 421 2442 iam
450 2407 533 2443 dicto
559 2407 674 2442 comite
701 2407 757 2441 fuit
784 2406 972 2453 promissum
1001 2418 1071 2440 cer-

323 2465 388 2491 tum
416 2457 562 2491 salarium
602 2465 632 2491 et
667 2464 828 2491 statutum.
868 2455 932 2490 Nos
978 2455 1072 2501 igitur

323 2505 406 2551 quod
434 2518 530 2553 super
557 2506 738 2552 praemissis
767 2504 880 2539 factum
915 2512 963 2538 est
1000 2516 1072 2549 gra-

325 2562 387 2587 tum
423 2563 452 2588 et
479 2562 579 2589 ratum
608 2554 770 2593 babentes,
795 2562 826 2587 ut
850 2553 958 2587 eadem
985 2553 1070 2587 liber-

360 2623 399 2657 (t)
419 2623 458 2648 Ex
477 2623 582 2657 Regest.
601 2623 683 2650 Vatic.

945 250 1129 273 [trinutum
1159 249 1320 272 ROMANUM

1129 310 1191 337 tate
1215 315 1278 349 qua
1301 303 1439 350 gaudent
1477 303 1670 339 parisienses
1708 303 1876 340 scholares.

1129 365 1194 392 vos,
1216 361 1245 386 et
1267 364 1377 388 omnes
1410 356 1465 400 qui
1495 353 1580 389 vobis
1606 350 1817 389 successerint
1845 355 1875 388 in

1128 401 1184 435 hac
1210 410 1294 447 parte
1324 411 1474 449 perpetuo
1506 403 1679 449 gaudeatis,
1718 403 1874 449 devotioni

1129 458 1247 485 vestrae
1281 451 1430 486 duximus
1461 452 1713 487 concedendum.
1749 452 1876 487 Nihilo-

1128 500 1242 540 minus,
1266 509 1298 534 ut
1320 501 1403 535 cives
1429 500 1577 536 Tolosani
1603 501 1715 536 domos
1730 510 1875 537 vacantes

1125 549 1162 582 ad
1193 549 1429 584 inhabitandum
1457 550 1653 585 scholaribus
1675 550 1776 586 locare
1815 552 1874 586 sub

1125 600 1316 645 competenti
1340 598 1439 645 pretio
1465 599 1598 633 taxando
1619 611 1634 633 a
1657 599 1781 635 duobus
1808 600 1874 635 cle-

1125 647 1198 682 ricis
1231 655 1261 683 et
1284 648 1411 682 totidem
1436 648 1522 684 laicis
1543 648 1617 682 viris
1643 648 1785 684 discretis
1819 662 1873 684 ca-

1125 697 1262 736 tholicis,
1284 706 1313 732 et
1336 697 1455 736 iuratis,
1477 697 1688 732 communiter
1722 698 1830 733 electis
1856 712 1871 732 a

1124 745 1223 789 vobis,
1238 746 1339 780 locare
1357 749 1401 790 (1)
1423 754 1592 793 cogantur;
1614 754 1646 781 et
1667 755 1698 781 ut
1714 747 1872 782 scholares

1124 795 1298 840 theologiae
1324 795 1438 830 studiis
1459 796 1650 835 insistentes,
1672 807 1708 830 ac
1735 796 1869 832 universi

1124 845 1263 889 magistri
1286 845 1316 878 in
1339 845 1465 879 civitate
1486 853 1716 879 commorantes
1735 845 1870 892 praefata

1123 892 1347 927 beneficiorum
1387 901 1418 927 et
1452 893 1702 940 praebendarum
1740 906 1869 929 suarum

1123 950 1304 988 proventus,
1323 955 1359 977 ac
1380 942 1406 976 si
1429 943 1460 976 in
1483 942 1652 980 Ecclesiis,
1687 943 1717 977 in
1753 943 1871 990 quibus

1121 991 1230 1025 eadem
1274 991 1429 1036 obtinent,
1465 991 1650 1031 residerent,
1676 992 1869 1038 quotidianis

1121 1039 1409 1081 distributionibus,
1430 1052 1511 1087 quae
1553 1040 1625 1082 illis,
1660 1041 1713 1087 qui
1753 1041 1868 1076 divinis

1121 1088 1276 1124 intersunt
1290 1089 1400 1124 officiis
1413 1090 1624 1136 assignantur,
1647 1092 1692 1132 (⁶2)
1707 1089 1868 1126 dumtaxat

1120 1139 1272 1185 exceptis,
1300 1139 1514 1174 concedantur
1537 1139 1654 1185 integre
1681 1147 1865 1174 statuentes.

1120 1187 1288 1222 Sancimus
1310 1196 1481 1235 praeterea,
1503 1187 1588 1235 quod
1608 1188 1685 1222 nulli
1712 1189 1865 1235 magistri,

1119 1237 1290 1281 scholares,
1320 1238 1365 1272 vel
1392 1238 1509 1281 clerici,
1531 1249 1566 1271 ac
1593 1237 1766 1272 servientes
1811 1250 1867 1272 eo-

1120 1298 1201 1330 rum,
1224 1287 1262 1331 si,
1290 1286 1372 1333 qnod
1409 1286 1500 1326 absit,
1543 1286 1710 1332 contigerit
1751 1298 1806 1322 eos
1834 1287 1865 1322 in

1118 1347 1319 1383 quocumque
1353 1335 1507 1371 maleficio
1530 1335 1734 1383 deprehendi,
1755 1336 1794 1370 ab
1815 1336 1866 1370 ali-

1118 1396 1180 1431 quo
1207 1385 1285 1419 laico
1314 1385 1501 1425 iudicentur,
1524 1385 1570 1419 vel
1608 1385 1701 1419 etiam
1729 1385 1867 1432 punian-

1119 1441 1178 1475 tur,
1206 1434 1264 1468 nisi
1287 1434 1414 1468 forsitan
1438 1434 1555 1468 iudicio
1589 1434 1751 1468 Ecclesiae
1788 1446 1865 1469 con—

1117 1482 1256 1517 demnari
1290 1484 1440 1517 saeculari
1481 1483 1585 1518 curiae
1623 1483 1864 1529 relinquantur;

1116 1539 1146 1566 et
1173 1540 1206 1566 ut
1233 1532 1302 1567 laici
1329 1540 1494 1567 teneantur
1533 1533 1563 1566 in
1599 1544 1690 1566 causa
1725 1532 1865 1579 qnalibet

1115 1581 1315 1616 studentibus
1336 1593 1440 1616 coram
1463 1581 1675 1616 ecclesiastico
1699 1582 1801 1617 indice
1820 1593 1865 1617 re-

1115 1630 1271 1675 spondere
1299 1630 1473 1665 secundnm
1502 1629 1767 1665 consuetudinem
1799 1630 1864 1665 Ec-

1114 1678 1226 1713 clesiae
1247 1679 1440 1721 Gallicanae,
1464 1691 1521 1714 nec
1548 1691 1623 1719 non,
1645 1686 1675 1713 et
1703 1687 1734 1713 ut
1756 1692 1864 1714 comes

1098 1728 1173 1763 riam
1202 1728 1316 1773 dictus,
1331 1730 1413 1763 cives
1425 1727 1583 1769 Tolosani,
1608 1728 1697 1763 balivi
1721 1728 1861 1763 eiusdem

1114 1777 1240 1812 comitis
1275 1785 1304 1812 et
1337 1777 1471 1812 barones
1505 1785 1623 1822 terrae,
1652 1778 1795 1824 personis
1832 1786 1862 1813 et

1115 1826 1209 1861 rebus
1235 1826 1437 1866 scholarium,
1459 1838 1495 1861 ac
1516 1826 1609 1862 etiam
1646 1827 1772 1861 nunciis
1806 1838 1863 1862 eo-

1115 1875 1257 1910 rumdem
1281 1876 1480 1910 securitatem
1499 1883 1530 1910 et
1552 1876 1781 1911 immunitatem
1803 1876 1862 1910 sub

1114 1925 1314 1959 iureiurando
1342 1925 1522 1971 promittere
1545 1925 1797 1971 compellantur,
1831 1933 1861 1960 et

1113 1985 1129 2008 a
1151 1974 1216 2008 suis
1238 1973 1372 2008 subditis
1399 1973 1464 2008 fieri
1501 1973 1616 2008 faciant
1651 1973 1728 2008 illud
1764 1974 1858 2009 idem.

1112 2023 1151 2057 Et
1173 2023 1197 2057 si
1221 2025 1273 2069 qui
1289 2034 1354 2063 eos,
1377 2023 1422 2057 vel
1438 2034 1547 2057 eorum
1571 2023 1703 2057 nuncios
1720 2023 1749 2057 in
1768 2023 1860 2058 terris

1113 2072 1254 2118 ipsorum
1279 2072 1424 2118 pecunia,
1446 2072 1494 2106 vel
1517 2071 1610 2106 rebus
1636 2072 1704 2106 aliis
1743 2072 1860 2119 spolia-

1113 2122 1234 2161 verint,
1258 2121 1314 2167 ipsi
1333 2149 1340 2159 ,
1364 2122 1408 2155 vel
1432 2121 1591 2155 emendari
1637 2120 1773 2166 faciant,
1810 2120 1858 2155 vel

1112 2170 1290 2204 emendent.
1315 2170 1353 2204 Et
1377 2178 1408 2204 ut
1431 2170 1624 2216 quicumque
1647 2171 1795 2216 magister
1816 2169 1858 2203 ibi

1112 2219 1306 2253 examinatus
1334 2228 1363 2253 ct
1385 2219 1576 2265 approbatus
1604 2218 1693 2253 fuerit
1720 2219 1750 2253 in
1779 2230 1859 2264 qua-

1112 2268 1185 2302 libet
1213 2268 1367 2308 facultate,
1390 2268 1508 2314 ubique
1529 2268 1597 2302 sine
1618 2267 1673 2301 alia
1705 2267 1861 2302 examina-

1111 2317 1195 2351 tione
1229 2318 1348 2362 regredi
1381 2317 1508 2351 liberam
1534 2316 1644 2351 habeat
1660 2323 1855 2362 potestatem.

1111 2366 1159 2399 Ad
1190 2366 1263 2400 haec
1291 2379 1361 2400 cum
1385 2366 1561 2413 saepefatus
1593 2377 1699 2400 comes
1743 2366 1774 2399 in
1810 2377 1859 2400 re—

1113 2415 1297 2449 formatione
1322 2416 1406 2462 pacis
1427 2427 1461 2450 se
1487 2414 1687 2460 obligaverit,
1710 2415 1859 2460 praestito

1114 2464 1301 2508 iuramento,
1325 2472 1356 2498 nt
1378 2472 1497 2499 certum
1520 2463 1666 2498 salarium
1700 2475 1797 2509 usque
1819 2462 1858 2497 ad

1149 2541 1188 2576 (t)
1207 2541 1400 2573 Omittendum‚
1422 2544 1500 2576 prout
1521 2541 1672 2575 repetitum,
1700 2540 1859 2567 vocabulum

1113 2582 1208 2606 locare.
1249 2582 1288 2615 (⁹2)
1305 2580 1454 2615 Legendum
1479 2579 1587 2607 forsitan
1613 2581 1761 2607 absentibus
1776 2583 1857 2606 ‹turit-

1114 2623 1188 2646 taccat
1203 2624 1325 2654 exceptis.

1896 251 1946 277 An.
1964 250 1994 278 C.
2010 251 2077 278 ¹253

1905 315 2018 342 Privitegia
2044 315 2078 337 {a-

1892 348 1976 367 nulinus
2014 345 2077 367 Pari-

1892 378 1968 398 ‚niensis
2006 378 2074 398 entem

1891 408 2043 429 conceduntur.

1894 1201 1997 1222 Nonnulla
2018 1207 2063 1223 am·
2100 1191 2104 1214 ἶ

1880 1233 1931 1259 plia!
