2129 3223
131 231 182 264 An.
200 228 229 258 Ο.
247 229 315 258 Ωὕῖι

131 1664 158 1687 De
177 1663 268 1688 teinnttr,
280 1668 288 1681 a

130 1695 231 1714 timentia
243 1700 254 1714 a
269 1698 314 1714 enr-

146 1729 164 1746 e,
179 1728 200 1744 et
215 1724 313 1745 facultate

130 1754 250 1775 abbatissae
292 1755 312 1775 in

151 1785 191 1807 hoe
206 1786 294 1812 dispen-

187 1816 254 1837 nudi.

381 221 449 254 714

906 228 1094 252 mmmmm!
1117 227 1280 250 ROMAXUM

330 286 479 323 batissae,
501 293 532 319 et
554 283 579 318 si
601 283 668 330 ipsa
694 282 896 323 concesserit,
923 282 1077 317 accedens
1094 285 1098 310 Ι
1116 290 1201 317 sexta
1220 280 1307 320 feria,
1324 282 1420 327 possit
1441 281 1596 316 abbatissa
1615 279 1862 316 misericorditer

329 335 366 370 ad
391 333 593 373 locutorium,
616 333 695 368 duas
721 333 799 367 alias
824 332 862 367 ad
890 333 994 367 minus
1022 332 1077 366 lia-

329 384 398 418 beat
424 394 531 418 secum
569 393 706 429 semper,
734 381 849 429 quibus
872 381 997 416 iusserit
1017 380 1076 414 ab·

330 432 455 471 bafissa,
471 444 551 479 quae
574 432 756 478 loquentem
775 431 899 466 videant
917 439 947 465 et
969 430 1076 465 audire

329 482 461 521 valeant,
488 492 568 528 qnae
596 482 755 516 dicuntur.
784 480 832 515 Ad
861 488 976 514 cratem
1004 491 1076 513 vero

329 530 412 577 loqui
448 530 647 576 aliquatenus
674 542 735 565 non
771 537 984 576 praesumant,
1018 529 1074 562 nisi

330 593 372 626 pr.
386 579 550 616 csentibus
576 579 698 614 duabus
716 579 753 614 ad
778 579 883 613 minus
906 590 960 623 per
980 577 1077 611 abba-

330 630 435 664 tissam
458 629 497 663 ad
531 628 590 663 lioc
617 628 794 674 specialiter
824 628 991 675 deputatis.
1015 626 1076 661 Ca-

330 687 419 713 veant
457 686 561 712 tamen
605 678 663 712 sibi
702 689 842 720 sorores,
880 688 961 723 quae
1003 687 1074 710 cum

329 728 436 775 aliquo
459 727 544 774 loqui
578 727 706 764 liabent.
729 739 783 766 ne,
802 738 857 773 per
882 725 975 760 verba
1003 724 1076 759 inu-

330 777 404 818 tilia,
439 777 571 811 inaniter
597 788 630 810 sc
665 775 854 815 diffundant,
894 787 951 809 nec
983 775 1075 809 etiam

331 826 453 861 trabant
480 826 510 860 in
539 825 754 860 locutionibus
784 836 902 859 moram
936 824 1074 870 longam.

330 875 398 910 Hoc
426 887 561 922 namque
587 874 626 909 ab
648 874 796 909 omnibns
815 873 946 908 firmiter
967 873 1076 907 obser-

332 934 429 967 vetur,
446 933 481 959 ut
502 923 628 971 qnando
650 923 689 958 de
707 922 905 958 consessione
921 921 1074 957 sacerdoti

331 973 463 1008 interius
495 974 617 1007 inlirma
652 972 746 1007 fuerit
779 972 884 1027 aliqua
919 971 1074 1010 locutura

329 1024 366 1058 ad
389 1023 496 1058 minus
515 1035 577 1056 non
602 1022 758 1069 loquatur,
781 1022 840 1056 nisi
863 1033 934 1056 cum
953 1020 1076 1055 duabus

330 1084 391 1107 non
420 1072 514 1118 longe
539 1070 738 1112 sedentibus,
765 1082 847 1118 quae
873 1070 1074 1105 confitentem

330 1130 360 1156 et
398 1121 611 1156 confessorem
644 1120 750 1155 videre
791 1121 930 1165 possint,
968 1127 998 1154 et
1036 1118 1076 1153 ab

329 1170 448 1206 eisdem
478 1171 595 1218 pariter
626 1170 734 1204 videri.
774 1168 863 1203 Hanc
896 1178 1000 1204 autem
1030 1168 1076 1203 lo·

329 1219 445 1267 quendi
470 1222 569 1266 legem
598 1227 628 1254 et
652 1219 717 1266 ipsa
736 1217 891 1253 abbatissa
910 1218 1076 1263 diligenter

329 1269 494 1309 custodiat,
518 1277 551 1303 ut
571 1269 700 1303 omnino
722 1268 850 1302 materia
872 1266 1076 1302 detractionis

328 1319 477 1353 omnibus
514 1318 689 1357 auferatur,
716 1327 849 1363 excepto
882 1316 967 1364 quod
1002 1327 1073 1351 cum

327 1366 490 1402 sororibus
516 1368 593 1405 suis,
617 1367 703 1401 boris
724 1375 754 1401 et
776 1365 853 1401 locis
874 1365 1075 1411 competenti

327 1416 386 1450 bns
404 1416 488 1463 loqni
510 1424 623 1463 potest,
639 1417 721 1450 sicut
735 1416 763 1450 ei
780 1414 955 1451 secundum
971 1414 1073 1449 Deum

327 1466 428 1500 visum
450 1467 542 1500 suerit
569 1465 730 1513 expedire.

617 1539 698 1574 Car.
728 1540 784 1573 11.

375 1610 508 1646 Sorores
541 1619 645 1644 antem
677 1620 786 1644 omnes
820 1616 851 1643 et
885 1607 1074 1653 servitiales,

306 1660 460 1694 ·inlirmis
483 1659 633 1706 exceptis,
660 1671 676 1693 a
701 1659 777 1693 festo
804 1657 981 1692 Nativitatis
1005 1660 1076 1704 glo-

329 1711 428 1744 riosae
461 1708 599 1754 Virginis
626 1707 742 1742 Mariae
770 1718 869 1754 usque
899 1707 936 1741 ad
960 1707 1072 1741 festum

328 1758 580 1793 Resurrectionis
617 1757 820 1796 Dominicae.
861 1756 921 1790 nisi
963 1755 1075 1790 diebus

327 1808 495 1842 dominicis
538 1815 569 1842 et
610 1807 660 1841 die
707 1805 887 1840 Nativitatis
929 1805 1074 1847 Domini,

327 1858 511 1892 continuum
537 1863 662 1891 servent
684 1855 853 1890 ieiunium:
876 1866 892 1888 a
915 1853 1075 1889 Resurre—

327 1907 431 1940 ctione
459 1917 531 1940 vero
566 1905 733 1940 Dominica
763 1915 864 1950 usque
891 1904 931 1939 ad
960 1905 1073 1939 festum

326 1954 503 1990 Nativitatis
556 1953 671 1989 Beatue
712 1953 853 1999 Virginis
908 1961 1075 1988 teneantur

326 2013 412 2040 svxta
439 2003 513 2038 seria
542 2005 694 2039 ieiunare.
716 2002 812 2038 Omni
842 2014 970 2050 quoque
993 2011 1075 2037 tem—

327 2065 415 2101 pore,
451 2062 572 2100 praeter
604 2054 742 2087 intirmas
777 2052 966 2086 infirmitatis
1000 2064 1074 2086 suae

326 2110 479 2149 tempore,
495 2102 534 2137 ab
552 2115 608 2137 esu
627 2103 768 2137 carnium
785 2102 973 2136 abstineant.
992 2102 1072 2135 Cuin

272 2181 277 2183 .
326 2152 483 2186 debilibus
504 2162 609 2187 autem
644 2153 826 2197 dispens-..re
857 2151 955 2185 valeat
976 2150 1072 2184 alibu-

326 2202 413 2242 tis-a‚
438 2209 529 2247 proiit
544 2214 653 2235 eorum
674 2200 824 2235 debilitati
848 2200 956 2234 viderit
975 2211 1075 2246 expe-

326 2249 404 2284 dire.
437 2252 514 2285 Oris
555 2263 626 2284 vero
659 2259 689 2284 (¹1
721 2262 812 2284 caseo
847 2257 876 2283 et
914 2249 1074 2283 lacticiniis

326 2298 411 2333 licite
431 2302 548 2345 possint
568 2300 623 2337 uti,
641 2309 855 2346 praeterquam
875 2298 913 2332 ab
927 2298 1072 2332 Adventu

327 2360 427 2402 usqne
453 2351 490 2382 ad
518 2348 718 2383 Nativitatem
747 2348 888 2385 Dninini,
916 2356 946 2381 et
970 2361 985 2381 a
1010 2348 1075 2382 Du-

327 2409 438 2431 niinica
462 2397 601 2444 Quinqu.
604 2410 649 2444 ig«-
653 2400 749 2432 simae
765 2409 866 2452 usque
887 2397 924 2430 ad
942 2396 1019 2431 l'·is‹·
1025 2396 1073 2435 lia,

327 2458 448 2480 necnon
472 2460 500 2482 et
530 2456 615 2481 sexta
647 2447 722 2481 seria
749 2455 778 2480 et
806 2447 929 2480 ieiuniis
950 2446 989 2480 ab
1011 2445 1074 2480 Ec-

325 2495 417 2529 clvsia
441 2499 630 2541 generamur
655 2496 814 2531 institutis.
830 2495 910 2529 Cum
931 2496 1073 2530 servitia-

325 2542 408 2577 libus
438 2554 539 2580 tamen
564 2546 739 2589 sororibus,
769 2557 850 2579 circa
880 2545 1071 2590 praedictum

324 2591 496 2635 ieiunium,
536 2603 755 2642 praeterquam
793 2595 823 2629 in
862 2594 1007 2629 Adventu
1044 2601 1074 2628 et

1116 331 1311 378 dispensare3
1330 331 1423 366 etiam
1443 331 1542 377 possit
1563 331 1645 366 circa
1666 330 1861 377 praedictum

1117 380 1272 415 ieiunium
1307 392 1380 415 cum
1407 379 1662 416 adolescentibus
1687 391 1723 414 ac
1744 378 1862 414 debili-

1117 428 1177 464 bus
1203 438 1232 464 et
1260 430 1352 464 senili
1374 438 1474 465 aetate
1500 429 1661 470 contectis,
1685 437 1775 476 prout
1800 440 1862 464 ea-

1117 491 1187 513 ium
1214 478 1367 514 debilitati
1389 492 1424 515 ac
1446 478 1650 514 imbecillitati
1670 478 1783 513 viderit
1803 490 1861 513 ex-

1118 528 1234 574 pedire.
1266 527 1369 563 Sanae
1403 541 1530 576 quoque
1564 540 1688 563 sorores
1720 527 1861 563 ieiunare

1117 589 1179 611 non
1202 585 1368 612 teneantur
1389 577 1576 612 minutionis
1600 588 1675 612 suae
1706 585 1860 623 tempore,

1116 627 1200 673 quod
1231 627 1260 660 in
1289 627 1391 661 triduo
1419 627 1613 666 terminetur,
1646 636 1733 661 extra
1758 626 1860 661 maio-

1117 687 1182 709 rem
1210 675 1483 722 quadragesimam
1518 683 1549 710 et
1587 684 1706 710 sextam
1740 674 1860 715 feriam,

1116 724 1296 759 Adventum
1316 724 1454 766 Domini,
1476 732 1507 761 et
1530 724 1645 760 ieiunia
1663 724 1702 759 ab
1724 723 1861 759 Ecclesia

1116 774 1305 820 generaliter
1327 775 1478 809 instituta.
1506 773 1623 809 Caveat
1641 781 1746 809 autem
1769 773 1862 808 abba-

1117 824 1202 863 tissa,
1235 835 1274 859 ne
1296 823 1377 858 ultra
1399 836 1493 871 quam
1521 831 1568 859 ter
1598 823 1629 858 in
1651 834 1734 858 anno
1757 823 1862 857 minu-

1118 872 1233 907 tionem
1263 874 1420 920 permittat
1453 873 1666 908 communiter
1696 871 1861 913 celebrari,

1116 922 1175 956 nisi
1209 930 1293 957 certa
1319 923 1490 958 necessitas
1517 922 1587 969 plus
1619 922 1773 977 requirat,
1804 932 1882 957 nec-

1115 982 1131 1006 a
1155 982 1289 1017 persona
1319 979 1465 1007 extranea
1491 972 1626 1007 maxime
1653 971 1862 1006 minutionem

1116 1020 1255 1068 recipiat,
1278 1019 1332 1056 ubi
1354 1021 1520 1057 commode
1545 1021 1658 1069 poterit
1684 1021 1812 1055 evitare.

1406 1095 1489 1132 Cap,
1515 1098 1572 1131 12.

1165 1165 1213 1201 De
1257 1166 1390 1201 infirmis
1426 1179 1498 1202 vero
1529 1178 1604 1202 eura
1636 1175 1666 1202 et
1698 1166 1864 1214 diligentia
1884 1171 2051 1223 ⁰⁸¹2iai¹ss⁸m

1117 1216 1252 1250 maxima
1291 1216 1460 1257 habeatur,
1498 1224 1529 1252 et
1563 1216 1739 1252 secundum
1778 1215 1862 1263 quod

1118 1264 1265 1319 possibile
1291 1265 1385 1300 suerit
1406 1274 1436 1300 et
1457 1265 1608 1306 decuerit,
1636 1275 1697 1300 tam
1722 1266 1754 1300 in
1776 1265 1863 1300 ciba-

1117 1314 1182 1357 riis,
1200 1326 1280 1360 quae
1296 1327 1404 1349 earum
1412 1315 1553 1370 requirit
1571 1315 1747 1359 infirmitas,
1767 1326 1863 1362 quam

1116 1363 1146 1397 in
1165 1363 1236 1398 aliis
1262 1365 1459 1405 necessariis,
1487 1365 1516 1398 in
1545 1364 1665 1399 fervore
1691 1364 1863 1420 charitatis,

1116 1412 1253 1459 benigne
1279 1425 1315 1448 ac
1341 1414 1473 1448 sollicite
1503 1414 1548 1448 eis
1576 1426 1631 1460 per
1662 1414 1768 1448 omnia
1795 1424 1863 1447 ser-

1116 1462 1226 1496 viatur.
1248 1461 1338 1504 Quae
1364 1463 1506 1497 infirmae
1541 1463 1701 1511 proprium
1728 1462 1863 1497 babeant

1116 1511 1242 1551 lectum,
1269 1512 1295 1546 si
1334 1524 1482 1558 umquam
1511 1511 1579 1547 fieri
1616 1520 1728 1559 potest,
1765 1511 1819 1546 ubi
1845 1522 1862 1545 a

1115 1560 1200 1594 sanis
1228 1569 1374 1595 maneant
1400 1568 1573 1607 separatae,
1600 1573 1640 1596 ne
1660 1561 1783 1595 illarum
1809 1572 1863 1595 or-

1115 1609 1221 1644 dinem
1248 1610 1442 1645 conl'undere
1466 1612 1587 1645 valeant
1609 1611 1656 1646 vel
1686 1609 1824 1645 turbare.

1405 1684 1485 1719 Cae.
1516 1687 1571 1719 15.

1163 1754 1197 1789 In
1230 1754 1372 1802 quolibet
1402 1756 1591 1790 monasterio
1617 1768 1717 1791 unum
1738 1762 1860 1790 tantum
1875 1759 2060 1817 ᾗθζῖζῐζζῖὲθῐὲἴ

1115 1805 1231 1838 ostium
1259 1804 1394 1839 babeant
1420 1804 1459 1840 ad
1482 1805 1660 1840 intrandum
1686 1804 1859 1840 claustrum
1874 1821 2061 1873 :ieiuni-32:131&

1897 1851 1994 1878 squ-itu
2026 1855 2057 1871 us·

1114 1860 1145 1887 et
1177 1855 1369 1894 exeundum,
1404 1866 1476 1889 cum
1511 1863 1724 1902 opportunum
1755 1854 1860 1894 fuerit,

1116 1902 1197 1937 iuxta
1221 1903 1322 1950 legem
1344 1903 1384 1938 de
1403 1903 1546 1950 ingressu
1573 1912 1603 1939 et
1624 1916 1752 1951 egressu
1775 1903 1861 1950 posi-

1116 1960 1176 1985 tam
1206 1953 1238 1987 in
1266 1953 1323 1987 hac
1345 1951 1455 1987 forma.
1482 1952 1517 1988 In
1545 1965 1608 2001 quo
1630 1955 1711 1989 ostio
1736 1953 1860 1988 nullum

1114 2002 1154 2034 sit
1175 2001 1322 2036 ostiolum
1347 2002 1393 2037 vel
1417 2002 1560 2043 fenestra,
1589 2011 1619 2037 et
1641 2003 1723 2037 istud
1745 2002 1860 2037 ostium

1116 2051 1144 2084 iu
1179 2050 1307 2085 sublimi
1345 2060 1463 2098 quanto
1502 2052 1601 2099 magis
1640 2051 1706 2087 fieri
1746 2051 1861 2099 poterit

1115 2109 1343 2146 congruenter,
1383 2102 1424 2135 ita
1459 2101 1545 2149 quod
1581 2100 1620 2136 ad
1659 2101 1764 2148 ipsum
1804 2111 1861 2147 per

1115 2150 1231 2184 scalam
1270 2151 1449 2185 levatoriam
1486 2150 1623 2186 exterius
1660 2149 1859 2189 ascendatur,

1115 2211 1194 2245 qnae
1216 2201 1297 2233 scala
1321 2211 1377 2246 per
1397 2208 1536 2234 catenam
1560 2199 1690 2235 ferream
1713 2211 1751 2233 ex
1773 2205 1859 2245 parte

1114 2260 1257 2282 sororum
1291 2249 1431 2283 studiose
1463 2249 1570 2295 ligata,
1596 2261 1613 2284 a
1645 2247 1859 2294 Completorio

1115 2297 1198 2331 dit-to
1234 2310 1335 2344 usque
1370 2299 1406 2332 ad
1439 2297 1576 2332 Primam
1609 2297 1772 2344 sequentis
1797 2295 1859 2331 diei

1115 2346 1264 2381 continue
1285 2355 1326 2381 st
1355 2359 1522 2395 suspensa,
1548 2355 1578 2382 et
1603 2355 1743 2392 ternpore
1769 2345 1859 2380 diur-

1116 2407 1172 2429 nae
1208 2397 1405 2431 dormitionis
1425 2406 1453 2431 et
1473 2397 1730 2438 visitationism),
1744 2394 1803 2429 nisi
1818 2405 1860 2429 a-

1115 2444 1179 2478 liud
1200 2446 1357 2480 interdum
1381 2445 1510 2480 evidens
1533 2445 1668 2492 requirat
1691 2444 1860 2479 necessitas

1116 2495 1161 2528 vel
1204 2494 1319 2529 utilitas
1358 2495 1533 2530 manifesta.
1576 2493 1625 2529 Ad
1665 2493 1860 2540 praedictum

1113 2552 1217 2578 autem
1241 2545 1355 2578 ostium
1382 2543 1639 2587 custodiendum,
1663 2542 1769 2589 aliqua
1790 2541 1860 2578 talis

1148 2603 1188 2639 (l)
1207 2603 1360 2639 Legendum
1376 2604 1485 2632 forsitan
1500 2604 1672 2631 comestionis.

1875 224 1926 251 An.
1940 223 1969 250 C.
1986 222 2057 250 ¹26&
2102 201 2109 206 ι
