2129 3223
148 275 199 301 An.
213 274 241 301 C.
262 275 328 303 1¹98

394 266 462 298 122

343 341 427 367 eum,
449 329 512 363 sive
539 335 647 363 contra
669 326 832 362 domiuum
869 326 1089 372 imperatorem

343 377 382 413 de
408 378 518 412 eadem
546 385 639 415 terra,
663 388 766 424 neque
792 375 857 422 regi
878 374 1029 410 Franciae
1051 372 1090 407 de

343 426 525 461 huiusmodi
572 425 689 461 auxilio
738 424 880 460 faciendo
929 434 1089 470 nunquam

342 476 449 520 deero,
471 475 622 523 quamdiu
650 474 732 510 idem
751 474 900 509 dominus
923 485 1011 508 meus
1038 483 1090 505 rex

341 523 490 560 Franciae
509 524 730 560 rectitudinem
751 523 826 559 mihi
841 523 942 558 facere
959 521 1091 557 voluerit

342 574 372 608 in
400 574 484 609 curia
503 586 572 618 sua,
594 581 625 608 et
652 586 702 608 me
728 572 830 608 facere
868 571 1000 607 iudicari
1037 582 1091 617 per

341 635 406 667 eos,
433 623 487 670 qui
517 635 566 658 me
606 622 746 658 iudicare
785 622 900 657 debent
939 621 969 655 in
1005 620 1090 654 curia

341 673 424 718 regis
450 672 613 707 Franciae:
653 681 684 706 et
724 671 783 706 lioc
818 671 927 705 faciam
963 669 1090 704 domino

341 733 411 756 meo
440 722 502 768 regi
530 721 682 757 Franciae
704 721 876 756 assecurari
912 731 966 766 per
1005 719 1090 753 iura-

342 779 445 806 menta
467 772 575 817 viginti
599 771 765 806 hominum
789 781 932 804 meorum
959 768 998 803 de
1019 767 1093 802 Hai-

341 832 427 860 nen„
449 832 530 868 quos
551 820 681 866 elegerit
703 832 757 854 rex
780 818 930 853 Franciae
953 818 982 852 in
1007 817 1091 852 hunc

342 870 484 904 modum.
508 869 573 916 Ipsi
603 869 749 904 iurabunt
783 876 812 903 et
865 868 972 902 literas
1018 878 1090 901 suas

340 931 485 970 patentes
500 923 563 969 regi
588 922 736 957 Franciae
760 921 835 956 inde
857 920 989 964 dabunt,
1006 919 1090 967 quod

340 977 417 1011 mihi
440 977 618 1018 consulent,
642 983 672 1010 et
694 976 811 1019 volent,
838 983 869 1010 et
891 974 1028 1010 efficient
1052 973 1089 1009 ad

339 1042 432 1076 posse
453 1042 545 1065 suum
570 1030 650 1064 bona
678 1029 751 1069 fide,
779 1037 813 1064 ut
842 1029 922 1063 lianc
950 1039 1090 1063 conven-

338 1087 454 1118 tionem
498 1092 626 1119 teneant
667 1083 797 1119 domino
831 1082 894 1128 regi
940 1081 1090 1116 Franciae

337 1136 468 1183 integre:
493 1146 524 1173 et
544 1137 631 1185 quod
657 1137 683 1172 si
705 1137 744 1172 ab
777 1137 838 1172 lioc
874 1135 1026 1176 resiliero,
1059 1136 1090 1170 in

338 1191 517 1238 captionem
545 1191 665 1226 domini
696 1191 776 1237 regis
813 1189 966 1225 Franciae
1000 1189 1091 1224 ibunt

337 1242 478 1279 Parisios
498 1244 579 1280 infra
598 1244 805 1292 quadraginta
824 1244 904 1284 dies,
921 1250 1088 1291 postquam

338 1296 369 1332 id
391 1297 554 1342 sciverint,
574 1298 620 1332 vel
648 1309 704 1345 per
725 1309 770 1343 se,
799 1296 846 1332 vel
868 1309 925 1344 per
958 1296 1090 1331 submo-

338 1350 492 1386 nitionem
514 1350 596 1397 regis
622 1349 786 1392 Francia&
813 1351 872 1386 nisi
900 1349 978 1385 infra
1017 1361 1091 1385 eos-

339 1403 411 1439 dem
457 1404 665 1451 quadraginta
707 1403 774 1439 dies
821 1404 886 1450 regi
937 1403 1090 1439 Franciae

339 1457 544 1493 emendatum
567 1457 672 1493 fuerit:
697 1469 756 1492 nec
777 1457 816 1492 de
838 1456 984 1504 captione
1007 1457 1090 1504 regis

338 1510 488 1546 Franciae
510 1511 651 1552 exibunt,
674 1511 775 1546 donec
798 1510 875 1546 illud
908 1511 948 1546 sit
981 1522 1091 1546 emen-

338 1565 458 1605 datum,
486 1575 517 1600 et
538 1566 802 1612 quotiescumque
842 1577 893 1601 me
930 1565 1091 1611 continget

338 1617 378 1652 ab
400 1617 458 1653 hac
472 1619 682 1654 conventione
697 1618 830 1663 resilire,
846 1618 938 1654 toties
952 1617 1092 1653 Parisios

340 1671 372 1705 in
398 1672 544 1718 captione
571 1671 654 1718 regis
682 1671 837 1707 Franciae
875 1672 930 1713 ire,
973 1679 1004 1706 et
1037 1683 1091 1706 ca-

340 1724 480 1770 ptionem
508 1725 536 1760 ei
564 1732 672 1760 tenere
688 1726 880 1761 tenebuntur
901 1725 939 1761 ad
953 1725 1091 1760 eundem

340 1778 483 1823 modum,
505 1779 559 1826 qui
582 1779 759 1826 praedictus
777 1787 834 1815 est.
858 1779 1001 1814 Eandem
1040 1790 1091 1813 se-

340 1831 504 1866 curitatem
533 1832 642 1867 faciam
666 1832 732 1867 lieri
755 1832 885 1868 domino
908 1833 971 1879 regi
999 1832 1093 1867 Fran=

341 1885 406 1920 ciae
432 1895 541 1921 contra
562 1898 675 1922 omnes
698 1886 871 1923 hominesa
886 1887 1092 1935 quadraginta

342 1939 506 1975 hominum
535 1940 575 1975 de
614 1950 697 1976 terra
733 1953 799 1976 mea
847 1941 971 1983 Fland.‚
1001 1955 1093 1991 quam

344 1994 438 2029 modo
460 2002 565 2036 teneo,
587 2007 668 2042 quos
687 1995 755 2042 ipse
779 2007 831 2030 rex
850 1994 1001 2031 Franciae
1023 1997 1095 2032 ele-

343 2049 434 2096 gerit:
457 2056 488 2083 et
509 2060 604 2095 quam
634 2049 697 2084 cito
735 2048 774 2083 ad
807 2061 857 2084 me
889 2050 1010 2085 venerit
1039 2062 1096 2097 per

344 2102 393 2137 ius
415 2114 520 2137 meum
544 2110 644 2143 terra,
685 2114 778 2150 quam
815 2103 977 2139 comitissa
1018 2115 1096 2139 uxor

344 2155 504 2203 quondam
528 2155 672 2191 avunculi
691 2156 751 2191 mei
775 2155 812 2190 N.
837 2157 961 2192 comitis
983 2156 1095 2196 Fland.

344 2209 485 2257 Philippi
513 2217 599 2244 tenet
626 2210 753 2245 nomine
776 2209 908 2245 dotalitii
927 2223 944 2246 a
959 2211 1098 2258 quadra-

345 2264 432 2310 ginta
455 2263 619 2298 hominum
641 2275 752 2299 eorum
775 2263 861 2299 illius
884 2272 996 2308 terrae,
1019 2276 1098 2312 quos

346 2328 401 2351 rex
428 2315 578 2351 Franciae
620 2317 762 2362 elegerit,
805 2316 936 2352 eandem
977 2317 1097 2352 securi-

347 2379 441 2404 tatem
471 2370 535 2404 fieri
571 2378 601 2404 et
624 2371 774 2416 praestari
824 2370 932 2405 faciam
971 2370 1100 2406 domino

348 2435 419 2457 meo
442 2424 504 2469 regi
532 2423 695 2459 Franciae.
718 2424 755 2458 Et
796 2425 990 2472 quicumque
1029 2436 1100 2460 mo-

349 2476 470 2512 rientur
494 2489 531 2512 ex
558 2477 620 2522 his,
655 2478 707 2524 qui
743 2478 822 2512 lianc
859 2477 1000 2512 fecerunt
1035 2478 1100 2525 regi

350 2528 501 2565 Franciae
539 2531 753 2576 securitatem,
796 2531 947 2567 haeredes
988 2544 1100 2568 eorum

350 2583 482 2618 eandem
510 2585 712 2619 securitatem
743 2593 899 2632 praestare
918 2586 983 2632 regi
1007 2585 1103 2621 Fran-

351 2636 417 2677 ciae
445 2638 565 2673 faciani.
605 2638 808 2685 Quicumque
842 2639 1008 2674 hominum
1041 2651 1102 2674 me-

933 268 1119 293 nummulum
1147 267 1311 290 ROMANUM

1133 334 1222 356 orum
1246 322 1285 356 de
1308 330 1438 370 utraque
1459 330 1540 357 terra
1574 321 1730 369 praedicta
1770 321 1882 357 huius-

1133 375 1217 410 modi
1245 376 1445 411 securitatem
1473 376 1602 412 domino
1635 377 1697 423 regi
1732 375 1883 412 Franciae

1133 428 1303 475 noluerint,
1326 438 1424 466 terras
1446 443 1522 466 suas
1549 431 1594 466 eis
1621 431 1759 466 auferam
1777 458 1786 476 ,
1826 443 1883 466 uec

1134 483 1275 530 reddam,
1323 484 1423 520 donec
1467 485 1530 531 regi
1573 484 1726 520 Franciae
1767 485 1882 520 dietam

1133 537 1264 573 fecerint
1292 539 1504 574 securitatem.
1519 539 1559 573 Et
1587 539 1712 574 interim
1745 539 1823 575 alios
1845 539 1882 573 ad

1133 591 1318 628 electionem
1360 594 1444 640 regis
1476 592 1629 628 Franciae
1671 593 1781 629 faciam
1816 595 1882 640 regi

1133 645 1233 681 facere
1253 646 1336 682 illam
1359 647 1572 682 securitatem2
1594 654 1752 682 caeterum
1787 647 1884 683 dorni-

1134 712 1209 734 num
1238 700 1275 734 N.
1296 700 1428 735 Remen.
1461 701 1746 748 archiepiscopum,
1776 710 1806 737 et
1843 701 1881 735 N.

1132 753 1315 790 Atrebaten.
1340 763 1369 790 et
1391 755 1429 790 N.
1453 755 1657 791 cameracen.
1686 766 1716 792 et
1740 756 1777 791 N.
1810 756 1883 792 Tor·

1133 820 1242 843 nacen.
1267 817 1295 843 et
1318 807 1356 843 N.
1382 809 1539 845 Morinen.
1566 811 1733 859 episcopos
1754 811 1884 858 rogabo,

1133 870 1163 896 et
1185 862 1264 897 bona
1306 862 1366 898 lide
1409 865 1576 911 requiram,
1608 865 1690 911 quod
1743 866 1885 913 quoties-

1133 927 1269 963 cumque
1296 929 1346 952 me
1370 929 1386 951 a
1417 918 1586 964 praedictis
1619 919 1885 955 conventionibus

1134 971 1255 1006 resilire
1283 972 1460 1018 contigerit,
1488 973 1579 1007 toties
1615 982 1665 1009 me
1698 986 1884 1010 excommu-

1133 1023 1250 1068 nicent,
1273 1032 1301 1059 et
1330 1033 1442 1060 terram
1471 1038 1571 1061 meam
1595 1034 1689 1062 totam
1717 1027 1883 1062 interdicto

1132 1086 1324 1125 supponant,
1352 1091 1414 1113 non
1450 1079 1593 1115 obstante
1626 1079 1731 1128 aliqua
1779 1081 1884 1128 appel-

1132 1131 1258 1173 latione,
1286 1132 1386 1168 donec
1418 1133 1450 1169 id
1468 1128 1471 1129 ⁷
1489 1133 1691 1169 emendatum
1733 1135 1773 1170 sit
1815 1136 1882 1181 regi

1132 1184 1306 1222 Franciae:
1354 1195 1385 1221 et
1431 1187 1535 1222 literas
1591 1200 1678 1223 meas
1741 1196 1884 1235 patentes

1134 1247 1195 1275 tam
1217 1240 1469 1288 archiepiscopo,
1497 1252 1591 1288 quam
1613 1241 1705 1277 dictis
1726 1241 1884 1289 episcopis

1132 1293 1214 1329 dabo
1252 1295 1451 1331 continentes
1490 1307 1540 1330 me
1582 1295 1631 1330 his
1672 1295 1883 1342 concessisse,

1133 1347 1219 1394 quod
1246 1347 1326 1383 hanc
1349 1348 1499 1384 iustitiam
1523 1349 1645 1396 possint
1667 1349 1698 1384 in
1721 1361 1772 1385 me
1793 1361 1884 1385 exer-

1133 1412 1215 1441 cere,
1255 1413 1317 1437 non
1360 1402 1504 1438 obstante
1543 1402 1784 1450 appellatione,⁴
1806 1404 1831 1438 si
1865 1412 1884 1438 a'

1133 1453 1225 1489 (lictis
1246 1456 1510 1491 conventionibus
1533 1457 1682 1492 resiliero:
1698 1464 1728 1492 et
1749 1456 1882 1493 efficiam

1133 1508 1169 1543 ad
1193 1520 1286 1556 posse
1313 1522 1432 1555 meum,
1458 1510 1545 1558 quod
1566 1510 1627 1558 ipsi
1657 1511 1776 1547 litteras
1811 1522 1884 1546 suas

1134 1569 1276 1607 patentes
1298 1575 1393 1610 super
1415 1563 1475 1599 hoc
1496 1564 1617 1600 dabunt
1635 1565 1698 1612 regi
1717 1564 1880 1600 Franciae.

1134 1614 1176 1649 Ita
1199 1616 1291 1650 etiam
1325 1617 1408 1663 quod
1446 1618 1638 1666 quicumque
1671 1618 1884 1654 successerint

1139 1669 1268 1705 Remen.
1329 1671 1567 1719 archiepiscopo
1629 1680 1659 1707 et
1704 1671 1885 1708 memoratis

1134 1724 1304 1772 episcopis,
1331 1725 1369 1760 ad
1392 1725 1475 1760 idem
1499 1725 1679 1761 faciendum
1707 1738 1803 1774 super
1834 1738 1885 1761 me

1135 1786 1165 1814 et
1202 1791 1297 1825 super
1338 1787 1451 1815 terram
1495 1792 1595 1815 meam
1647 1779 1778 1815 domino
1820 1781 1883 1826 regi

1136 1831 1286 1868 Franciae
1314 1833 1522 1869 tenebuntur:
1557 1833 1724 1869 dominum
1765 1833 1883 1881 Papam

1136 1887 1241 1927 etiam,
1269 1894 1298 1921 et
1321 1887 1398 1922 alios
1412 1899 1553 1922 summos
1571 1887 1744 1923 Pontifices
1765 1887 1885 1923 domini

1137 1939 1240 1986 Papae
1256 1952 1460 1976 successores
1474 1940 1602 1987 rogabo,
1621 1949 1652 1976 et
1673 1941 1780 1976 literas
1801 1952 1888 1976 meas

1138 2001 1291 2041 patentes,
1343 2006 1422 2041 quas
1457 1994 1577 2029 tradam
1618 1994 1682 2041 regi
1714 1993 1888 2039 Franciae‚

1138 2056 1293 2095 quatenus
1344 2048 1473 2083 domino
1516 2049 1582 2095 regi
1624 2047 1775 2084 Franciae
1815 2060 1890 2084 suas

1139 2114 1235 2149 super
1255 2101 1319 2137 hoc
1341 2101 1591 2138 confirmationis
1612 2102 1688 2138 dent
1721 2102 1828 2138 literas
1859 2109 1890 2136 et

1141 2155 1276 2190 iustitiae
1298 2155 1327 2189 in
1355 2167 1416 2196 me,
1439 2164 1469 2190 et
1512 2164 1624 2191 terram
1659 2168 1760 2191 meam
1795 2167 1889 2191 exer-

1140 2209 1270 2253 cendae,
1300 2210 1324 2243 si
1367 2209 1406 2244 ab
1440 2209 1489 2244 his
1529 2209 1678 2244 resiliero.
1714 2208 1890 2243 Sciendum

1142 2271 1311 2309 praeterea,
1345 2263 1431 2310 quod
1466 2263 1597 2298 domino
1635 2274 1706 2297 meo
1742 2261 1891 2309 Philippo

1143 2317 1206 2362 regi
1234 2315 1399 2361 Franciae,
1436 2325 1466 2352 et
1507 2315 1634 2352 haeredi
1681 2328 1739 2351 suo
1785 2315 1891 2363 quieto

1144 2369 1273 2404 seudum
1307 2370 1433 2416 Bolen,
1468 2379 1498 2406 et
1533 2370 1660 2406 feudum
1697 2369 1828 2404 Gumar.
1861 2378 1892 2405 et

1144 2424 1272 2459 feudum
1315 2423 1444 2465 Osiaci,
1484 2424 1589 2471 siquid
1627 2423 1657 2457 in
1699 2423 1759 2458 illis
1789 2422 1893 2458 leudis

1144 2478 1256 2523 habeo,
1278 2491 1358 2525 quae
1385 2479 1491 2514 omnia
1513 2479 1622 2519 iuravi,
1644 2485 1674 2513 et
1696 2477 1799 2524 sigillo
1820 2489 1892 2512 meo

1143 2541 1206 2567 rata
1229 2533 1361 2568 firmavi.
1384 2532 1467 2568 Nulli
1489 2544 1564 2578 ergo
1590 2539 1643 2566 etc.

1194 2586 1307 2622 Datum
1336 2586 1455 2621 Romae
1473 2585 1555 2633 apud
1578 2585 1730 2620 Sanctum
1748 2584 1892 2620 Petrum.

1388 2647 1450 2678 Dal.
1470 2656 1546 2678 anno
1566 2646 1650 2677 1198.

1898 258 1949 285 Au.
1961 258 1991 285 C.
2011 256 2078 285 ¹¹⁹8

1915 1892 1993 1914 Summi
2015 1890 2069 1912 Pom

1902 1924 1948 1946 fleis
1957 1923 2071 1949 interponit

1903 1954 2038 1977 auctoritate.

1939 2541 2059 2563 clausulae.
