2129 3223
30 236 80 264 An.
97 235 126 263 C.
144 236 210 263 ¹252

12 902 17 910 X
38 879 114 902 sommi
109 881 146 902 iius
149 886 160 900 o
172 881 209 902 ‹Ie-

21 909 100 942 hstiis
116 916 167 938 apos
158 910 206 932 tot

22 936 90 1024 ’ἓῗροι-
101 940 208 962 huiusmo-

67 970 145 993 atoma
149 973 207 993 tione

59 1002 163 1030 nssplenda

833 237 1017 261 GREGOIIII'S
1045 238 1079 260 tx
1104 238 1151 260 PP.

225 290 417 334 inhibemus,
440 299 473 324 ut
498 291 639 325 canonici
663 291 777 338 sinsuli
808 304 862 339 pei
885 292 971 327 villas

224 347 253 375 et
280 339 395 387 oppida
421 347 475 375 aut
502 352 557 387 per
574 340 723 375 ecclesias
751 353 811 375 uon
849 353 970 388 ponan-

225 397 286 429 tur,
309 401 367 423 nec
392 388 469 423 soli
464 397 544 424 inter
558 389 732 424 saeculares
754 390 899 425 homines
913 391 970 437 spi-

225 417 382 473 ritualium
417 438 552 473 bostium
582 438 765 474 conflictum
795 447 969 486 expectent3

223 487 350 522 abbates
367 495 536 534 praeterea,
559 495 587 522 et
610 488 727 522 subditi
752 488 871 523 balneis
907 501 967 524 non

223 543 364 576 utantur,
396 537 455 571 nisi
497 537 626 572 evidens
665 537 854 572 infirmitatis
871 566 878 577 ,
924 539 967 573 vel

222 585 390 621 debilitatis
412 587 581 621 necessitas
604 587 663 622 hoc
689 595 846 634 exposcat:
880 587 968 622 advo-

222 643 309 670 catos
335 635 381 669 vel
420 635 558 682 pliisicos
592 635 631 671 de
668 648 722 671 sua
762 636 874 670 familia
906 648 967 671 non

223 684 357 719 babeant
394 684 582 720 saeculares
621 685 733 720 Nullae
769 686 897 732 insuper
920 686 970 732 pi-

221 741 329 768 cturae
352 734 382 768 in
406 733 556 769 domibus
582 734 722 769 eiusdem
741 735 862 769 ordinis
885 747 970 781 piae-

222 790 268 818 ter
310 783 478 829 imaginem
522 783 691 819 Salvatoiis
726 784 754 818 in
797 784 969 818 refectoriis

221 831 408 887 habeantur,
434 832 547 867 deletis
570 833 706 880 penitus,
739 845 819 880 quae
843 834 967 868 suerunt

223 881 374 916 hactenus
401 881 430 915 in
453 881 585 916 eisdem.
609 881 689 924 Quia
714 895 785 917 iero
807 883 844 917 ad
870 883 969 917 refor-

221 930 391 979 mationem
419 930 560 966 eiusdem
589 931 710 966 ordinis
734 931 834 966 modis
866 933 968 966 omni-

222 979 281 1015 bus
302 991 340 1015 ex
362 979 466 1014 animo
488 980 674 1036 aspiramus
701 981 739 1015 de
773 982 969 1028 circumspe-

220 1029 326 1064 ctione
347 1037 448 1064 vestra
462 1030 615 1076 plenam'
609 1043 639 1064 m
662 1029 798 1064 Domino
822 1031 967 1065 fiduciam

220 1078 410 1120 obtinentes,
437 1079 637 1120 mandamus,
665 1087 694 1114 et
716 1080 855 1114 districte
880 1092 970 1126 prae-

219 1127 246 1163 ci
339 1140 365 1168 s,
388 1135 544 1174 quatenus
569 1128 606 1163 ad
626 1129 770 1175 generale
793 1129 969 1164 Pracmon-

221 1127 373 1225 sfflse
394 1177 565 1224 capitulum
594 1178 790 1218 accedentes,
817 1178 969 1225 praemis-

219 1237 318 1273 saque
345 1233 459 1261 statuta
489 1227 670 1262 solemniter
705 1227 911 1274 publicantes,
939 1235 968 1262 et

220 1286 276 1310 vos
298 1275 357 1322 ipsi
380 1276 523 1317 servetis,
545 1283 577 1310 et
603 1276 722 1311 faciatis
752 1276 790 1311 ab
816 1277 885 1312 aliis
919 1276 969 1311 in-

220 1323 406 1359 violabiliter
420 1325 577 1360 observari
598 1325 793 1371 corrigendo,
817 1334 848 1361 et
870 1325 969 1361 refor-

221 1373 347 1414 mando,
374 1382 435 1409 tam
458 1374 490 1408 in
512 1374 677 1421 capitibuS,
699 1387 792 1421 quam
822 1375 852 1409 in
875 1387 968 1409 mem

219 1421 295 1460 bris,
322 1434 403 1469 quae
424 1424 628 1458 correctionis
665 1431 695 1458 et
739 1423 969 1459 reformationis

219 1471 322 1506 officio
345 1472 494 1507 noveritis
527 1472 682 1519 indigere,
716 1473 868 1508 reddituri
901 1473 970 1508 Do-

219 1520 318 1561 mino,
345 1520 375 1555 in
399 1522 491 1556 cuius
528 1530 701 1568 conspectu
739 1522 843 1557 omnia
884 1521 967 1557 nuda

219 1576 304 1610 sunt,
325 1578 355 1604 et
376 1578 507 1618 aperta,
534 1571 567 1606 in
586 1579 727 1607 extremo
756 1571 806 1606 die
836 1571 968 1606 districti

219 1618 373 1653 examinis
394 1621 559 1661 rationem,
589 1621 615 1655 si
650 1632 776 1655 omnem
816 1620 968 1655 sollicitu-

219 1667 328 1703 dinem
349 1669 597 1716 etdiligentiam,
619 1681 700 1716 quae
711 1681 806 1715 super
820 1670 859 1704 iis
877 1669 970 1705 adhi-

221 1706 342 1752 bendere
362 1717 488 1758 fuerint,
504 1719 704 1765 neglexeritis
725 1718 887 1759 adbibere3
900 1731 970 1754 con-

221 1765 404 1802 tradictores
425 1775 527 1802 autem
544 1779 600 1814 per
617 1779 766 1802 censuras
784 1767 972 1802 ecclesiasti-

218 1826 285 1863 cas,
299 1815 506 1862 appellatione
520 1817 704 1871 postposita,
725 1816 968 1862 compescendo.

218 1856 314 1906 'Quod
341 1865 367 1899 si
391 1877 453 1899 non
475 1877 586 1900 omnes
613 1865 650 1900 iis
682 1865 876 1912 exequendis
914 1878 971 1912 po-

221 1912 342 1948 tueritis
363 1913 526 1954 interesse,
553 1914 615 1949 duo
642 1922 780 1950 vestrum
796 1927 832 1950 ea
853 1915 970 1950 nibilo-

220 1961 328 1997 minus
353 1972 557 2009 exequantur.

269 2010 385 2047 Datum
415 2011 535 2060 Spoleti
577 2025 660 2048 nono
695 2012 844 2048 kalendas
880 2013 971 2059 iulii,

222 2060 423 2108 pontificatus
445 2062 542 2097 nostri
566 2074 649 2098 anno
671 2069 768 2097 sexto.

276 2121 337 2153 Dat.
356 2123 406 2153 'die
428 2123 467 2153 23
488 2123 562 2153 iunii
583 2122 667 2159 1232,
690 2123 792 2171 pontif.
809 2134 853 2154 an.
879 2133 914 2154 ri.

528 2235 674 2270 XXXIII.

222 2305 407 2340 Adhortatio
448 2304 490 2337 ad
525 2303 711 2337 Germanum
758 2303 973 2348 patriarcham

275 2353 660 2398 Constantinopolitanum,
688 2359 719 2385 ut
744 2353 787 2386 ad
824 2354 974 2397 premium

271 2403 380 2437 matris
401 2402 555 2436 Ecclesiae
580 2406 759 2440 revertatur,
781 2413 816 2434 ac
843 2403 879 2435 de
901 2403 973 2447 pri-

273 2458 360 2486 matu
385 2458 506 2485 sanctae
533 2451 692 2484 Romanae
718 2450 881 2485 Ecclesiae.

489 2513 703 2546 SUMMARIUM

227 2569 252 2600 1.
272 2569 300 2599 2.
321 2567 449 2599 Nunciat
476 2577 508 2598 se
528 2568 592 2598 eius
612 2567 712 2597 literas
727 2567 885 2605 recepisse,
899 2567 973 2597 etad

265 2621 332 2642 eum
355 2612 470 2643 mittere
492 2613 570 2643 viros
593 2611 757 2651 religiosos.
792 2625 831 2634 —
862 2611 888 2641 3.
910 2611 974 2641 Pri-

1643 231 1712 263 469

1050 301 1130 322 muru
1155 292 1376 323 fundamentum
1398 294 1546 324 Ecclesiae
1562 294 1706 325 Christus.
1725 313 1763 318 —

1048 336 1075 366 4.
1090 335 1224 367 Secunda
1239 337 1428 368 fundamenta
1442 339 1583 378 Apostoli:
1594 356 1632 362 —
1644 339 1671 370 5.
1684 339 1762 376 Quo-

1049 389 1113 410 rum
1128 380 1240 419 primus
1254 380 1283 410 B.
1295 380 1409 411 Petrus.
1422 399 1458 404 -—
1471 382 1497 411 6.
1511 382 1573 418 Quo
1589 392 1677 414 sensu
1689 383 1763 414 Pau-

1050 424 1094 454 lus
1108 424 1221 454 dicatur
1233 425 1317 455 Petro
1330 426 1358 455 in
1372 426 1474 456 faciem
1487 427 1641 457 restitisse.
1653 445 1689 450 —
1704 428 1760 458 Pe·-

1050 472 1110 498 trus
1128 473 1156 499 et
1170 469 1581 507 Paulussemperindoctrina
1590 473 1761 503 concordes.

1048 513 1124 542 —8.
1146 513 1256 543 Paulus
1279 513 1356 544 Petri
1369 515 1524 553 primatum
1540 517 1761 554 cognovit—9.

1049 557 1177 587 Huiusce
1202 558 1345 597 primatus
1367 560 1472 589 veritas
1502 560 1692 591 confirmatur
1714 572 1762 592 ex-

1049 602 1341 640 pressius.—10.Ad
1353 602 1512 633 Romanam
1526 612 1595 641 ergo
1607 604 1685 635 Eccl.
1695 615 1759 636 om-

1049 646 1094 675 nis
1119 646 1252 684 quaestio
1271 646 1339 676 fidei
1360 646 1683 678 reserenda.—11.Ab
1696 650 1762 680 eius

1050 689 1157 719 unione
1168 689 1270 720 Graeci
1286 699 1352 720 cum
1368 690 1582 729 discesserunt,
1595 692 1624 722 in
1637 694 1763 724 servitu-

1049 734 1084 763 tis
1101 734 1201 772 iugum
1221 739 1289 765 sunt
1307 735 1393 775 lapsi.
1416 753 1454 758 —
1472 736 1519 766 12.
1537 736 1568 767 Id
1581 737 1610 767 in
1630 737 1760 769 Samaria

1049 779 1288 816 praefiguratum.
1307 796 1344 801 -
1364 779 1410 810 «13.
1436 779 1512 810 Petri
1526 785 1676 820 peccatum
1693 791 1762 812 suc-

1048 831 1184 852 cessores
1204 823 1290 853 docet
1304 824 1410 854 alienis
1430 824 1556 864 compati
1585 825 1762 857 infirmitati-

1047 865 1112 895 bus.
1135 883 1174 888 ——
1197 867 1243 896 14.
1264 867 1464 898 Patriarcham
1483 868 1625 904 hortatur,
1641 874 1673 899 ut
1690 870 1761 900 haec

1047 916 1198 948 agnoscat,
1216 916 1244 941 et
1263 913 1446 951 profiteatur.
1469 930 1506 934 —
1524 912 1657 944 Ecclesia
1676 914 1760 945 Rom.

1049 955 1179 985 omnium
1203 955 1405 986 Ecclesiarum
1438 961 1531 986 mater
1562 961 1590 986 et
1621 958 1760 996 magistra

1048 999 1076 1027 in
1097 999 1207 1028 unitate
1225 1000 1303 1035 fidei,
1335 1005 1361 1029 et
1386 1001 1507 1039 spiritus
1530 1002 1695 1031 concordia.
1723 1020 1761 1026 --

1049 1044 1093 1073 15.
1111 1043 1181 1073 Mala
1199 1054 1232 1074 ex
1242 1045 1386 1074 divisione
1404 1049 1467 1074 orta
1485 1049 1705 1076 commemorat:
1723 1064 1761 1069 —

1050 1088 1094 1117 16.
1118 1088 1319 1127 Admonetque
1342 1093 1373 1119 ut
1395 1089 1431 1119 ad
1447 1089 1596 1120 Ecclesiae
1615 1091 1759 1128 gremium

1048 1137 1218 1163 revertatur.

1008 1202 1151 1237 Gregorius
1170 1203 1312 1239 episeopus
1331 1211 1427 1233 servus
1446 1211 1585 1233 servorum
1603 1203 1659 1237 Dei.
1683 1211 1760 1233 veno·

1052 1251 1134 1279 rabili
1144 1251 1230 1280 fratri
1242 1252 1441 1289 archiepiscopo
1455 1253 1625 1286 Graecorum.
1642 1253 1761 1282 salutem

1052 1301 1080 1328 et
1097 1301 1273 1336 apostolicam
1293 1301 1516 1330 benedictionem.

1057 1376 1071 1414 ἕ
1097 1374 1127 1405 1.
1142 1371 1359 1408 Fraternitatis
1382 1380 1452 1408 tuae
1475 1373 1596 1417 litteris,
1617 1374 1708 1410 nobis
1730 1383 1760 1410 et

1008 1420 1156 1455 fratribus
1177 1421 1293 1456 nostris
1317 1433 1372 1469 per
1392 1429 1482 1457 tuum
1503 1423 1654 1458 nuncium
1672 1435 1760 1471 prae-

1008 1531 1180 1575 earumqne
1203 1527 1310 1555 tenore
1332 1520 1458 1567 plenius
1480 1521 1656 1562 intellecto;
1693 1522 1760 1557 dis-

1010 1570 1175 1615 posuimus
1188 1569 1271 1605 viros
1297 1569 1463 1617 religiosos
1486 1570 1564 1605 vitae
1582 1550 1761 1615 laudabilis,

1009 1625 1039 1652 et
1067 1617 1215 1664 probatae
1237 1619 1398 1664 scientiae,
1424 1619 1462 1654 ad
1494 1627 1577 1654 tuam
1609 1632 1759 1667 praesen-

1010 1667 1082 1701 tiam
1106 1667 1275 1708 destinare,
1298 1667 1351 1714 qui
1375 1668 1468 1703 verba
1496 1668 1576 1703 vitae
1606 1669 1759 1715 deferent,

1009 1724 1039 1750 et
1062 1723 1213 1758 nostram,
1240 1725 1271 1751 et
1294 1717 1422 1751 fratrum
1440 1724 1621 1753 nostrorum
1636 1717 1760 1765 plenius

1010 1764 1204 1800 voluntatem
1231 1774 1403 1820 exponent.

1059 1819 1074 1856 ,ξ
1120 1816 1153 1848 2.
1180 1814 1299 1849 Verum
1327 1827 1399 1862 quia
1422 1814 1460 1850 de
1482 1815 1667 1851 comedente
1685 1816 1759 1851 exi—

1011 1863 1052 1897 vit
1077 1863 1180 1904 cibus,
1201 1872 1232 1898 et
1253 1865 1291 1899 de
1313 1864 1383 1899 sorti
1406 1873 1455 1900 est
1471 1877 1597 1912 egressa
1611 1865 1758 1906 dulcedo,

1011 1924 1049 1946 ne
1071 1924 1107 1946 ex
1130 1925 1184 1948 ore
1205 1913 1306 1948 leonis
1328 1914 1442 1949 mortui
1465 1926 1527 1950 non
1548 1915 1620 1950 >sine
1645 1914 1759 1951 rubore

1010 1961 1177 1997 scribentis
1203 1974 1219 1997 a
1235 1970 1322 2010 patre
1337 1963 1426 1998 savus
1443 1964 1601 1999 exhibitus
1616 1972 1759 1999 contem-

1011 2018 1123 2053 natur,
1158 2013 1312 2059 quaedam
1356 2013 1505 2048 duximus
1534 2013 1759 2054 rescribenda,

1011 2072 1050 2094 ne
1074 2039 1236 2096 videantur
1271 2063 1386 2110 scripta
1428 2062 1562 2110 despici,
1595 2063 1620 2097 si
1657 2063 1760 2098 conti-

1011 2109 1090 2155 gerit
1117 2122 1178 2145 non
1202 2112 1342 2147 rescribi.
1366 2112 1438 2159 quia
1466 2111 1596 2146 audiens
1633 2111 1759 2159 sapiens

1012 2160 1185 2205 sapientior
1206 2161 1276 2201 erit,
1298 2168 1329 2196 et
1347 2160 1526 2208 intelligens
1547 2159 1760 2207 gubernacula

1013 2209 1197 2254 possidebit.

1066 2263 1080 2301 ἓ
1108 2263 1139 2293 5.
1160 2258 1246 2293 Licet
1268 2265 1371 2293 autem
1390 2257 1549 2302 Christus,
1572 2258 1656 2293 iuxta
1672 2258 1758 2305 quod

1013 2315 1084 2343 tuae
1106 2307 1203 2342 series
1237 2307 1387 2361 epistolae
1413 2306 1585 2348 retexebat,
1622 2307 1790 2354 primum.

1013 2358 1053 2391 sit
1086 2365 1115 2391 et
1147 2356 1353 2403 praecipuum
1388 2355 1626 2391 fundamentum
1662 2355 1760 2399 fidei,

1013 2405 1096 2453 quod
1121 2404 1273 2448 fatemur,
1310 2412 1431 2452 praeter
1457 2404 1541 2452 quod
1571 2404 1657 2440 aliud
1684 2406 1759 2452 poni

1013 2467 1074 2489 nou
1099 2461 1219 2501 potcst;

1063 2507 1077 2546 ξ
1113 2506 1144 2537 4.
1183 2502 1329 2538 Secunda
1368 2510 1471 2538 tamen
1509 2511 1540 2538 et
1574 2502 1760 2538 secundaria

1013 2552 1216 2587 fundamenta
1241 2552 1374 2599 legimus
1395 2552 1553 2600 apostolos
1574 2559 1605 2587 et
1627 2551 1761 2600 prophe-

1013 2609 1075 2643 tas,
1097 2601 1168 2649 quia
1191 2601 1395 2637 fundamenta
1421 2600 1609 2637 Ecclesiae
1602 2612 1635 2636 in
1661 2613 1761 2638 mon-s

1777 241 1825 267 An.
1844 240 1872 268 C.
1894 242 1960 268 1232

1780 1387 1901 1409 Numistro
1911 1390 1957 1410 elus

1772 1418 1847 1439 literas
1895 1423 1958 1439 rece

1772 1450 1839 1476 pisso,
1846 1452 1868 1470 et
1878 1450 1902 1469 ad
1911 1454 1957 1470 oum

1008 1470 1149 1514 sentatis,
1171 1483 1230 1517 qua
1258 1470 1364 1506 decuit
1389 1471 1584 1518 benignitate
1611 1474 1759 1521 receptis,
1773 1480 1858 1500 mmm

1915 1486 1958 1501 ποι

1774 1509 1812 1531 reli
1807 1511 1893 1536 igiosos.

1787 2263 1875 2286 Frimuu
1885 2264 1960 2286 tunda-

1773 2298 1867 2317 mentum
1880 2295 1958 2317 Κρειο-

1774 2332 1790 2347 ιι
1787 2327 1818 2348 'ae
1833 2326 1937 2349 Giiiistiu>

1783 2512 1957 2537 Secundatunda

1774 2548 1844 2566 menta
1854 2546 1958 2573 Aprstoii.
