<?xml version="1.0" encoding="UTF-8"?>
<!DOCTYPE html PUBLIC "-//W3C//DTD XHTML 1.0 Transitional//EN"
    "http://www.w3.org/TR/xhtml1/DTD/xhtml1-transitional.dtd">
<html xmlns="http://www.w3.org/1999/xhtml" xml:lang="en" lang="en">
 <head>
  <title>
</title>
<meta http-equiv="Content-Type" content="text/html;charset=utf-8" />
  <meta name='ocr-system' content='tesseract 3.04.00' />
  <meta name='ocr-capabilities' content='ocr_page ocr_carea ocr_par ocr_line ocrx_word'/>
</head>
<body>
  <div class='ocr_page' id='page_1' title='image "./bullarumdiplomat03cath/bullarumdiplomat03cath_0634.png"; bbox 0 0 2129 3223; ppageno 0'>
   <div class='ocr_carea' id='block_1_1' title="bbox 117 272 299 301">
    <p class='ocr_par' dir='ltr' id='par_1_1' title="bbox 117 272 299 301">
     <span class='ocr_line' id='line_1_1' title="bbox 117 272 299 301; baseline -0.005 0"><span class='ocrx_word' id='word_1_1' title='bbox 117 273 165 301; x_wconf 75' lang='lat' dir='ltr'>An.</span> <span class='ocrx_word' id='word_1_2' title='bbox 185 272 214 298; x_wconf 83' lang='lat' dir='ltr'>G.</span> <span class='ocrx_word' id='word_1_3' title='bbox 231 273 299 300; x_wconf 66' lang='lat'>¹285</span> 
     </span>
    </p>
   </div>
   <div class='ocr_carea' id='block_1_2' title="bbox 135 1121 281 1147">
    <p class='ocr_par' dir='ltr' id='par_1_2' title="bbox 135 1121 281 1147">
     <span class='ocr_line' id='line_1_2' title="bbox 135 1121 281 1147; baseline -0.007 -6"><span class='ocrx_word' id='word_1_4' title='bbox 135 1121 157 1141; x_wconf 64' lang='lat' dir='ltr'>s:</span> <span class='ocrx_word' id='word_1_5' title='bbox 178 1126 213 1141; x_wconf 59' lang='lat' dir='ltr'>§ae</span> <span class='ocrx_word' id='word_1_6' title='bbox 229 1121 281 1147; x_wconf 70' lang='lat' dir='ltr'>legis</span> 
     </span>
    </p>
   </div>
   <div class='ocr_carea' id='block_1_3' title="bbox 363 255 2056 294">
    <p class='ocr_par' dir='ltr' id='par_1_3' title="bbox 363 255 2056 294">
     <span class='ocr_line' id='line_1_3' title="bbox 363 255 2056 294; baseline -0.007 -2"><span class='ocrx_word' id='word_1_7' title='bbox 363 262 434 294; x_wconf 73' lang='lat'>628</span> <span class='ocrx_word' id='word_1_8' title='bbox 896 264 1083 289; x_wconf 38' lang='lat' dir='ltr'>ntritanirn</span> <span class='ocrx_word' id='word_1_9' title='bbox 1108 263 1269 285; x_wconf 68' lang='lat' dir='ltr'>ROMANCM</span> <span class='ocrx_word' id='word_1_10' title='bbox 1875 256 1926 284; x_wconf 73' lang='lat' dir='ltr'>An.</span> <span class='ocrx_word' id='word_1_11' title='bbox 1944 255 1973 282; x_wconf 87' lang='lat' dir='ltr'>c.</span> <span class='ocrx_word' id='word_1_12' title='bbox 1989 255 2056 283; x_wconf 60' lang='grc' dir='ltr'>ηδε</span> 
     </span>
    </p>
   </div>
   <div class='ocr_carea' id='block_1_4' title="bbox 627 320 745 355">
    <p class='ocr_par' dir='ltr' id='par_1_4' title="bbox 627 320 745 355">
     <span class='ocr_line' id='line_1_4' title="bbox 627 320 745 355; baseline -0.008 0"><span class='ocrx_word' id='word_1_13' title='bbox 627 320 745 355; x_wconf 80' lang='lat' dir='ltr'>xxltt.</span> 
     </span>
    </p>
   </div>
   <div class='ocr_carea' id='block_1_5' title="bbox 310 409 1066 629">
    <p class='ocr_par' dir='ltr' id='par_1_5' title="bbox 317 409 1066 456">
     <span class='ocr_line' id='line_1_5' title="bbox 317 409 1066 456; baseline -0.008 -9"><span class='ocrx_word' id='word_1_14' title='bbox 317 414 407 454; x_wconf 85' lang='lat' dir='ltr'>Ouod</span> <span class='ocrx_word' id='word_1_15' title='bbox 432 413 542 456; x_wconf 63' lang='lat' dir='ltr'>fratres</span> <span class='ocrx_word' id='word_1_16' title='bbox 575 411 711 444; x_wconf 79' lang='lat' dir='ltr'><em>Minores</em></span> <span class='ocrx_word' id='word_1_17' title='bbox 739 411 951 443; x_wconf 75' lang='lat' dir='ltr'>conventuales</span> <span class='ocrx_word' id='word_1_18' title='bbox 979 409 1066 442; x_wconf 77' lang='lat' dir='ltr'>ordi-</span> 
     </span>
    </p>

    <p class='ocr_par' dir='ltr' id='par_1_6' title="bbox 310 464 1066 629">
     <span class='ocr_line' id='line_1_6' title="bbox 310 464 1066 513; baseline -0.005 -9"><span class='ocrx_word' id='word_1_19' title='bbox 310 464 313 466; x_wconf 29' lang='lat'><em>*</em></span> <span class='ocrx_word' id='word_1_20' title='bbox 364 473 409 504; x_wconf 82' lang='lat' dir='ltr'>nis</span> <span class='ocrx_word' id='word_1_21' title='bbox 427 470 460 504; x_wconf 83' lang='lat' dir='ltr'>S.</span> <span class='ocrx_word' id='word_1_22' title='bbox 490 469 649 503; x_wconf 78' lang='lat' dir='ltr'>Froncisci</span> <span class='ocrx_word' id='word_1_23' title='bbox 669 470 712 503; x_wconf 83' lang='lat' dir='ltr'>ad</span> <span class='ocrx_word' id='word_1_24' title='bbox 732 470 918 513; x_wconf 73' lang='lat' dir='ltr'>episcopatus</span> <span class='ocrx_word' id='word_1_25' title='bbox 940 475 965 501; x_wconf 81' lang='lat' dir='ltr'>et</span> <span class='ocrx_word' id='word_1_26' title='bbox 987 468 1066 501; x_wconf 81' lang='lat' dir='ltr'>alias</span> 
     </span>
     <span class='ocr_line' id='line_1_7' title="bbox 363 526 1066 572; baseline -0.007 -10"><span class='ocrx_word' id='word_1_27' title='bbox 363 529 527 572; x_wconf 66' lang='lat' dir='ltr'>dignitates</span> <span class='ocrx_word' id='word_1_28' title='bbox 546 528 691 572; x_wconf 74' lang='lat' dir='ltr'>promoti,</span> <span class='ocrx_word' id='word_1_29' title='bbox 717 527 810 561; x_wconf 82' lang='lat' dir='ltr'>libros</span> <span class='ocrx_word' id='word_1_30' title='bbox 832 532 859 559; x_wconf 81' lang='lat' dir='ltr'>et</span> <span class='ocrx_word' id='word_1_31' title='bbox 876 526 941 559; x_wconf 71' lang='lat' dir='ltr'>alia</span> <span class='ocrx_word' id='word_1_32' title='bbox 963 536 1066 558; x_wconf 80' lang='lat' dir='ltr'>eorum</span> 
     </span>
     <span class='ocr_line' id='line_1_8' title="bbox 363 586 945 629; baseline -0.005 -9"><span class='ocrx_word' id='word_1_33' title='bbox 363 587 444 620; x_wconf 85' lang='lat' dir='ltr'>bona</span> <span class='ocrx_word' id='word_1_34' title='bbox 470 586 575 620; x_wconf 78' lang='lat' dir='ltr'>ordini</span> <span class='ocrx_word' id='word_1_35' title='bbox 596 586 750 629; x_wconf 65' lang='lat' dir='ltr'>resignare</span> <span class='ocrx_word' id='word_1_36' title='bbox 777 591 945 618; x_wconf 78' lang='lat' dir='ltr'>teneantur.</span> 
     </span>
    </p>
   </div>
   <div class='ocr_carea' id='block_1_6' title="bbox 585 670 800 702">
    <p class='ocr_par' dir='ltr' id='par_1_7' title="bbox 585 670 800 702">
     <span class='ocr_line' id='line_1_9' title="bbox 585 670 800 702; baseline -0.005 -1"><span class='ocrx_word' id='word_1_37' title='bbox 585 670 800 702; x_wconf 57' lang='lat' dir='ltr'>§minantum</span> 
     </span>
    </p>
   </div>
   <div class='ocr_carea' id='block_1_7' title="bbox 454 741 930 780">
    <p class='ocr_par' dir='ltr' id='par_1_8' title="bbox 454 741 930 780">
     <span class='ocr_line' id='line_1_10' title="bbox 454 741 930 780; baseline -0.004 -8"><span class='ocrx_word' id='word_1_38' title='bbox 454 743 565 772; x_wconf 85' lang='lat' dir='ltr'>Causae</span> <span class='ocrx_word' id='word_1_39' title='bbox 590 742 673 780; x_wconf 72' lang='lat' dir='ltr'>legis</span> <span class='ocrx_word' id='word_1_40' title='bbox 708 758 746 764; x_wconf 89' lang='lat'>—-</span> <span class='ocrx_word' id='word_1_41' title='bbox 775 741 930 771; x_wconf 87' lang='lat' dir='ltr'>Statutum.</span> 
     </span>
    </p>
   </div>
   <div class='ocr_carea' id='block_1_8' title="bbox 315 823 1073 1017">
    <p class='ocr_par' dir='ltr' id='par_1_9' title="bbox 315 823 1073 1017">
     <span class='ocr_line' id='line_1_11' title="bbox 315 823 1072 861; baseline -0.007 -5"><span class='ocrx_word' id='word_1_42' title='bbox 315 827 467 856; x_wconf 77' lang='lat' dir='ltr'>Alexander</span> <span class='ocrx_word' id='word_1_43' title='bbox 484 826 624 861; x_wconf 71' lang='lat' dir='ltr'>opiscopus</span> <span class='ocrx_word' id='word_1_44' title='bbox 635 831 730 853; x_wconf 83' lang='lat' dir='ltr'>servus</span> <span class='ocrx_word' id='word_1_45' title='bbox 743 830 881 853; x_wconf 78' lang='lat' dir='ltr'>servorum</span> <span class='ocrx_word' id='word_1_46' title='bbox 893 823 949 856; x_wconf 84' lang='lat' dir='ltr'>Doi.</span> <span class='ocrx_word' id='word_1_47' title='bbox 961 824 1072 852; x_wconf 70' lang='lat' dir='ltr'>dilectis</span> 
     </span>
     <span class='ocr_line' id='line_1_12' title="bbox 360 877 1073 916; baseline -0.004 -7"><span class='ocrx_word' id='word_1_48' title='bbox 360 881 426 910; x_wconf 80' lang='lat' dir='ltr'>tuiis</span> <span class='ocrx_word' id='word_1_49' title='bbox 445 879 576 916; x_wconf 74' lang='lat' dir='ltr'>generali.</span> <span class='ocrx_word' id='word_1_50' title='bbox 597 880 626 908; x_wconf 78' lang='lat' dir='ltr'>et</span> <span class='ocrx_word' id='word_1_51' title='bbox 643 878 853 914; x_wconf 72' lang='lat' dir='ltr'>provincialibus</span> <span class='ocrx_word' id='word_1_52' title='bbox 871 877 1010 907; x_wconf 72' lang='lat' dir='ltr'>ministr-ts</span> <span class='ocrx_word' id='word_1_53' title='bbox 1028 885 1073 906; x_wconf 87' lang='lat' dir='ltr'>or-</span> 
     </span>
     <span class='ocr_line' id='line_1_13' title="bbox 360 931 1073 967; baseline -0.006 -4"><span class='ocrx_word' id='word_1_54' title='bbox 360 933 431 963; x_wconf 75' lang='lat' dir='ltr'>dinis</span> <span class='ocrx_word' id='word_1_55' title='bbox 450 933 574 962; x_wconf 69' lang='lat' dir='ltr'>fratrum</span> <span class='ocrx_word' id='word_1_56' title='bbox 593 933 733 964; x_wconf 69' lang='lat' dir='ltr'>minorum.</span> <span class='ocrx_word' id='word_1_57' title='bbox 755 932 872 960; x_wconf 80' lang='lat' dir='ltr'>satutem</span> <span class='ocrx_word' id='word_1_58' title='bbox 893 933 923 961; x_wconf 83' lang='lat' dir='ltr'>et</span> <span class='ocrx_word' id='word_1_59' title='bbox 942 931 1073 967; x_wconf 75' lang='lat' dir='ltr'>apostol!-</span> 
     </span>
     <span class='ocr_line' id='line_1_14' title="bbox 362 987 668 1017; baseline -0.003 -1"><span class='ocrx_word' id='word_1_60' title='bbox 362 995 421 1017; x_wconf 75' lang='lat' dir='ltr'>oam</span> <span class='ocrx_word' id='word_1_61' title='bbox 440 987 668 1016; x_wconf 70' lang='lat' dir='ltr'>benedictionem.</span> 
     </span>
    </p>
   </div>
   <div class='ocr_carea' id='block_1_9' title="bbox 320 1065 1076 1274">
    <p class='ocr_par' dir='ltr' id='par_1_10' title="bbox 320 1065 1076 1274">
     <span class='ocr_line' id='line_1_15' title="bbox 369 1065 1073 1113; baseline -0.003 -13"><span class='ocrx_word' id='word_1_62' title='bbox 369 1067 415 1101; x_wconf 77' lang='lat' dir='ltr'>Ex</span> <span class='ocrx_word' id='word_1_63' title='bbox 444 1075 531 1113; x_wconf 85' lang='lat' dir='ltr'>parte</span> <span class='ocrx_word' id='word_1_64' title='bbox 562 1074 659 1101; x_wconf 86' lang='lat' dir='ltr'>vestra</span> <span class='ocrx_word' id='word_1_65' title='bbox 684 1065 775 1100; x_wconf 87' lang='lat' dir='ltr'>nobis</span> <span class='ocrx_word' id='word_1_66' title='bbox 803 1065 859 1100; x_wconf 86' lang='lat' dir='ltr'>fuit</span> <span class='ocrx_word' id='word_1_67' title='bbox 881 1066 1073 1104; x_wconf 76' lang='lat' dir='ltr'>intimatum,</span> 
     </span>
     <span class='ocr_line' id='line_1_16' title="bbox 320 1118 1074 1168; baseline -0.005 -13"><span class='ocrx_word' id='word_1_68' title='bbox 320 1122 402 1168; x_wconf 87' lang='lat' dir='ltr'>quod</span> <span class='ocrx_word' id='word_1_69' title='bbox 431 1133 502 1154; x_wconf 87' lang='lat' dir='ltr'>cum</span> <span class='ocrx_word' id='word_1_70' title='bbox 530 1120 691 1165; x_wconf 80' lang='lat' dir='ltr'>contingat</span> <span class='ocrx_word' id='word_1_71' title='bbox 709 1118 867 1153; x_wconf 88' lang='lat' dir='ltr'>interdum</span> <span class='ocrx_word' id='word_1_72' title='bbox 890 1118 927 1152; x_wconf 90' lang='lat' dir='ltr'>ad</span> <span class='ocrx_word' id='word_1_73' title='bbox 950 1118 1074 1165; x_wconf 82' lang='lat' dir='ltr'>episco-</span> 
     </span>
     <span class='ocr_line' id='line_1_17' title="bbox 321 1171 1075 1222; baseline -0.005 -13"><span class='ocrx_word' id='word_1_74' title='bbox 321 1175 421 1222; x_wconf 76' lang='lat' dir='ltr'>palem</span> <span class='ocrx_word' id='word_1_75' title='bbox 449 1182 479 1208; x_wconf 92' lang='lat' dir='ltr'>et</span> <span class='ocrx_word' id='word_1_76' title='bbox 504 1174 580 1208; x_wconf 88' lang='lat' dir='ltr'>alias</span> <span class='ocrx_word' id='word_1_77' title='bbox 607 1173 798 1219; x_wconf 78' lang='lat' dir='ltr'>superiores,</span> <span class='ocrx_word' id='word_1_78' title='bbox 826 1184 880 1206; x_wconf 88' lang='lat' dir='ltr'>seu</span> <span class='ocrx_word' id='word_1_79' title='bbox 910 1171 1075 1207; x_wconf 85' lang='lat' dir='ltr'>inferiores</span> 
     </span>
     <span class='ocr_line' id='line_1_18' title="bbox 320 1225 1076 1274; baseline -0.003 -12"><span class='ocrx_word' id='word_1_80' title='bbox 320 1229 489 1274; x_wconf 73' lang='lat' dir='ltr'>dignitates</span> <span class='ocrx_word' id='word_1_81' title='bbox 511 1227 634 1274; x_wconf 89' lang='lat' dir='ltr'>aliquos</span> <span class='ocrx_word' id='word_1_82' title='bbox 660 1226 699 1261; x_wconf 90' lang='lat' dir='ltr'>de</span> <span class='ocrx_word' id='word_1_83' title='bbox 726 1225 874 1260; x_wconf 79' lang='lat' dir='ltr'>fratribus</span> <span class='ocrx_word' id='word_1_84' title='bbox 901 1226 994 1260; x_wconf 79' lang='lat' dir='ltr'>vestri</span> <span class='ocrx_word' id='word_1_85' title='bbox 1024 1238 1076 1260; x_wconf 87' lang='lat' dir='ltr'>or-</span> 
     </span>
    </p>
   </div>
   <div class='ocr_carea' id='block_1_10' title="bbox 300 1278 1075 1328">
    <p class='ocr_par' dir='ltr' id='par_1_11' title="bbox 300 1278 1075 1328">
     <span class='ocr_line' id='line_1_19' title="bbox 300 1278 1075 1328; baseline -0.003 -14"><span class='ocrx_word' id='word_1_86' title='bbox 300 1282 404 1315; x_wconf 33' lang='lat' dir='ltr'>*dinis</span> <span class='ocrx_word' id='word_1_87' title='bbox 427 1281 617 1328; x_wconf 81' lang='lat' dir='ltr'>promoveri,</span> <span class='ocrx_word' id='word_1_88' title='bbox 644 1280 703 1326; x_wconf 87' lang='lat' dir='ltr'>ipsi</span> <span class='ocrx_word' id='word_1_89' title='bbox 727 1279 823 1313; x_wconf 90' lang='lat' dir='ltr'>libros</span> <span class='ocrx_word' id='word_1_90' title='bbox 846 1286 876 1313; x_wconf 89' lang='lat' dir='ltr'>et</span> <span class='ocrx_word' id='word_1_91' title='bbox 897 1278 968 1318; x_wconf 87' lang='lat' dir='ltr'>alia,</span> <span class='ocrx_word' id='word_1_92' title='bbox 996 1290 1075 1326; x_wconf 85' lang='lat' dir='ltr'>quae</span> 
     </span>
    </p>
   </div>
   <div class='ocr_carea' id='block_1_11' title="bbox 322 1331 1074 1380">
    <p class='ocr_par' dir='ltr' id='par_1_12' title="bbox 322 1331 1074 1380">
     <span class='ocr_line' id='line_1_20' title="bbox 322 1331 1074 1380; baseline -0.001 -13"><span class='ocrx_word' id='word_1_93' title='bbox 322 1343 464 1380; x_wconf 83' lang='lat' dir='ltr'>tempore</span> <span class='ocrx_word' id='word_1_94' title='bbox 498 1345 575 1368; x_wconf 86' lang='lat' dir='ltr'>suae</span> <span class='ocrx_word' id='word_1_95' title='bbox 607 1332 816 1380; x_wconf 73' lang='lat' dir='ltr'>promotionis</span> <span class='ocrx_word' id='word_1_96' title='bbox 843 1331 976 1376; x_wconf 77' lang='lat' dir='ltr'>habent.¹</span> <span class='ocrx_word' id='word_1_97' title='bbox 1004 1332 1074 1367; x_wconf 85' lang='lat' dir='ltr'>lieet</span> 
     </span>
    </p>
   </div>
   <div class='ocr_carea' id='block_1_12' title="bbox 268 1386 1077 1433">
    <p class='ocr_par' dir='ltr' id='par_1_13' title="bbox 268 1386 1077 1433">
     <span class='ocr_line' id='line_1_21' title="bbox 268 1386 1077 1433; baseline 0 -13"><span class='ocrx_word' id='word_1_98' title='bbox 268 1402 274 1408; x_wconf 91' lang='lat'><strong>·</strong></span> <span class='ocrx_word' id='word_1_99' title='bbox 323 1399 385 1421; x_wconf 89' lang='lat' dir='ltr'>non</span> <span class='ocrx_word' id='word_1_100' title='bbox 420 1387 458 1421; x_wconf 91' lang='lat' dir='ltr'>ad</span> <span class='ocrx_word' id='word_1_101' title='bbox 491 1399 556 1422; x_wconf 84' lang='lat' dir='ltr'>eos.</span> <span class='ocrx_word' id='word_1_102' title='bbox 592 1398 664 1421; x_wconf 89' lang='lat' dir='ltr'>cum</span> <span class='ocrx_word' id='word_1_103' title='bbox 693 1386 856 1433; x_wconf 91' lang='lat' dir='ltr'>proprium</span> <span class='ocrx_word' id='word_1_104' title='bbox 888 1386 933 1420; x_wconf 89' lang='lat' dir='ltr'>eis</span> <span class='ocrx_word' id='word_1_105' title='bbox 960 1386 1077 1421; x_wconf 88' lang='lat' dir='ltr'>habere</span> 
     </span>
    </p>
   </div>
   <div class='ocr_carea' id='block_1_13' title="bbox 324 1439 1090 2612">
    <p class='ocr_par' dir='ltr' id='par_1_14' title="bbox 324 1439 1080 1742">
     <span class='ocr_line' id='line_1_22' title="bbox 324 1439 1078 1486; baseline -0.001 -12"><span class='ocrx_word' id='word_1_106' title='bbox 324 1452 385 1474; x_wconf 89' lang='lat' dir='ltr'>non</span> <span class='ocrx_word' id='word_1_107' title='bbox 420 1440 528 1479; x_wconf 75' lang='lat' dir='ltr'>liceat,</span> <span class='ocrx_word' id='word_1_108' title='bbox 564 1439 619 1474; x_wconf 86' lang='lat' dir='ltr'>sed</span> <span class='ocrx_word' id='word_1_109' title='bbox 650 1439 689 1473; x_wconf 92' lang='lat' dir='ltr'>ad</span> <span class='ocrx_word' id='word_1_110' title='bbox 723 1439 864 1474; x_wconf 80' lang='lat' dir='ltr'>ordinem</span> <span class='ocrx_word' id='word_1_111' title='bbox 902 1439 1078 1486; x_wconf 87' lang='lat' dir='ltr'>pertineant</span> 
     </span>
     <span class='ocr_line' id='line_1_23' title="bbox 325 1492 1077 1539; baseline 0 -13"><span class='ocrx_word' id='word_1_112' title='bbox 325 1501 550 1533; x_wconf 78' lang='lat' dir='ltr'>memoratum,</span> <span class='ocrx_word' id='word_1_113' title='bbox 593 1493 727 1539; x_wconf 90' lang='lat' dir='ltr'>propriis</span> <span class='ocrx_word' id='word_1_114' title='bbox 769 1493 880 1527; x_wconf 91' lang='lat' dir='ltr'>usibus</span> <span class='ocrx_word' id='word_1_115' title='bbox 919 1492 1077 1539; x_wconf 80' lang='lat' dir='ltr'>applicare</span> 
     </span>
     <span class='ocr_line' id='line_1_24' title="bbox 326 1546 1078 1593; baseline 0 -12"><span class='ocrx_word' id='word_1_116' title='bbox 326 1554 540 1593; x_wconf 84' lang='lat' dir='ltr'>praesumunt,</span> <span class='ocrx_word' id='word_1_117' title='bbox 560 1546 591 1580; x_wconf 92' lang='lat' dir='ltr'>in</span> <span class='ocrx_word' id='word_1_118' title='bbox 614 1558 743 1580; x_wconf 89' lang='lat' dir='ltr'>suarum</span> <span class='ocrx_word' id='word_1_119' title='bbox 765 1546 934 1593; x_wconf 87' lang='lat' dir='ltr'>perniciem</span> <span class='ocrx_word' id='word_1_120' title='bbox 958 1547 1078 1581; x_wconf 86' lang='lat' dir='ltr'>anima-</span> 
     </span>
     <span class='ocr_line' id='line_1_25' title="bbox 325 1599 1078 1646; baseline 0.001 -12"><span class='ocrx_word' id='word_1_121' title='bbox 325 1613 405 1634; x_wconf 90' lang='lat' dir='ltr'>rum.</span> <span class='ocrx_word' id='word_1_122' title='bbox 429 1600 535 1643; x_wconf 83' lang='lat' dir='ltr'>Quare</span> <span class='ocrx_word' id='word_1_123' title='bbox 561 1599 748 1646; x_wconf 72' lang='lat' dir='ltr'>suppliciter</span> <span class='ocrx_word' id='word_1_124' title='bbox 771 1599 952 1646; x_wconf 70' lang='lat' dir='ltr'>postulastis</span> <span class='ocrx_word' id='word_1_125' title='bbox 974 1613 989 1634; x_wconf 86' lang='lat' dir='ltr'>a</span> <span class='ocrx_word' id='word_1_126' title='bbox 1014 1613 1078 1635; x_wconf 91' lang='lat' dir='ltr'>no-</span> 
     </span>
     <span class='ocr_line' id='line_1_26' title="bbox 327 1652 1080 1700; baseline 0.001 -13"><span class='ocrx_word' id='word_1_127' title='bbox 327 1654 384 1695; x_wconf 85' lang='lat' dir='ltr'>bis,</span> <span class='ocrx_word' id='word_1_128' title='bbox 421 1662 454 1688; x_wconf 90' lang='lat' dir='ltr'>ut</span> <span class='ocrx_word' id='word_1_129' title='bbox 487 1652 651 1700; x_wconf 84' lang='lat' dir='ltr'>providere</span> <span class='ocrx_word' id='word_1_130' title='bbox 686 1664 783 1699; x_wconf 89' lang='lat' dir='ltr'>super</span> <span class='ocrx_word' id='word_1_131' title='bbox 818 1653 876 1687; x_wconf 84' lang='lat' dir='ltr'>hoc</span> <span class='ocrx_word' id='word_1_132' title='bbox 913 1653 1080 1688; x_wconf 85' lang='lat' dir='ltr'>salubriter</span> 
     </span>
     <span class='ocr_line' id='line_1_27' title="bbox 327 1718 520 1742; baseline 0.005 -2"><span class='ocrx_word' id='word_1_133' title='bbox 327 1718 520 1742; x_wconf 82' lang='lat' dir='ltr'>curaremus.</span> 
     </span>
    </p>

    <p class='ocr_par' dir='ltr' id='par_1_15' title="bbox 328 1760 1089 2505">
     <span class='ocr_line' id='line_1_28' title="bbox 378 1760 1080 1807; baseline 0 -13"><span class='ocrx_word' id='word_1_134' title='bbox 378 1760 398 1807; x_wconf 68' lang='lat' dir='ltr'>S</span> <span class='ocrx_word' id='word_1_135' title='bbox 430 1765 460 1794; x_wconf 70' lang='lat' dir='ltr'>i.</span> <span class='ocrx_word' id='word_1_136' title='bbox 495 1760 561 1794; x_wconf 77' lang='lat' dir='ltr'>Nos</span> <span class='ocrx_word' id='word_1_137' title='bbox 595 1760 689 1805; x_wconf 77' lang='lat' dir='ltr'>igitur</span> <span class='ocrx_word' id='word_1_138' title='bbox 725 1760 908 1794; x_wconf 80' lang='lat' dir='ltr'>eorumdem</span> <span class='ocrx_word' id='word_1_139' title='bbox 952 1760 1080 1794; x_wconf 80' lang='lat' dir='ltr'>fratrum</span> 
     </span>
     <span class='ocr_line' id='line_1_29' title="bbox 328 1813 1081 1860; baseline 0 -12"><span class='ocrx_word' id='word_1_140' title='bbox 328 1813 420 1848; x_wconf 88' lang='lat' dir='ltr'>saluti</span> <span class='ocrx_word' id='word_1_141' title='bbox 439 1821 469 1848; x_wconf 85' lang='lat' dir='ltr'>et</span> <span class='ocrx_word' id='word_1_142' title='bbox 488 1813 683 1848; x_wconf 79' lang='lat' dir='ltr'>indemnitati</span> <span class='ocrx_word' id='word_1_143' title='bbox 705 1814 795 1848; x_wconf 86' lang='lat' dir='ltr'>vestri</span> <span class='ocrx_word' id='word_1_144' title='bbox 813 1814 933 1848; x_wconf 89' lang='lat' dir='ltr'>ordinis</span> <span class='ocrx_word' id='word_1_145' title='bbox 955 1822 1081 1860; x_wconf 87' lang='lat' dir='ltr'>paterna</span> 
     </span>
     <span class='ocr_line' id='line_1_30' title="bbox 328 1866 1080 1913; baseline 0.003 -13"><span class='ocrx_word' id='word_1_146' title='bbox 328 1867 467 1903; x_wconf 79' lang='lat' dir='ltr'>volentes</span> <span class='ocrx_word' id='word_1_147' title='bbox 488 1866 701 1902; x_wconf 84' lang='lat' dir='ltr'>sollicitudine</span> <span class='ocrx_word' id='word_1_148' title='bbox 729 1867 904 1913; x_wconf 80' lang='lat' dir='ltr'>providere,</span> <span class='ocrx_word' id='word_1_149' title='bbox 929 1876 961 1902; x_wconf 89' lang='lat' dir='ltr'>ut</span> <span class='ocrx_word' id='word_1_150' title='bbox 985 1867 1080 1902; x_wconf 84' lang='lat' dir='ltr'>libros</span> 
     </span>
     <span class='ocr_line' id='line_1_31' title="bbox 328 1920 1081 1968; baseline -0.001 -12"><span class='ocrx_word' id='word_1_151' title='bbox 328 1929 359 1957; x_wconf 89' lang='lat' dir='ltr'>et</span> <span class='ocrx_word' id='word_1_152' title='bbox 400 1920 477 1965; x_wconf 84' lang='lat' dir='ltr'>alia,</span> <span class='ocrx_word' id='word_1_153' title='bbox 517 1933 597 1968; x_wconf 87' lang='lat' dir='ltr'>quae</span> <span class='ocrx_word' id='word_1_154' title='bbox 635 1921 720 1966; x_wconf 89' lang='lat' dir='ltr'>ipsos</span> <span class='ocrx_word' id='word_1_155' title='bbox 761 1921 967 1966; x_wconf 81' lang='lat' dir='ltr'>promotionis</span> <span class='ocrx_word' id='word_1_156' title='bbox 1007 1933 1081 1955; x_wconf 84' lang='lat' dir='ltr'>suae</span> 
     </span>
     <span class='ocr_line' id='line_1_32' title="bbox 329 1974 1082 2021; baseline -0.003 -11"><span class='ocrx_word' id='word_1_157' title='bbox 329 1984 471 2021; x_wconf 85' lang='lat' dir='ltr'>tempore</span> <span class='ocrx_word' id='word_1_158' title='bbox 493 1974 653 2017; x_wconf 79' lang='lat' dir='ltr'>habuisse,</span> <span class='ocrx_word' id='word_1_159' title='bbox 681 1986 736 2009; x_wconf 89' lang='lat' dir='ltr'>seu</span> <span class='ocrx_word' id='word_1_160' title='bbox 761 1974 875 2009; x_wconf 83' lang='lat' dir='ltr'>habere</span> <span class='ocrx_word' id='word_1_161' title='bbox 897 1974 1082 2018; x_wconf 80' lang='lat' dir='ltr'>constiterit,</span> 
     </span>
     <span class='ocr_line' id='line_1_33' title="bbox 331 2028 1085 2075; baseline -0.003 -11"><span class='ocrx_word' id='word_1_162' title='bbox 331 2030 397 2069; x_wconf 81' lang='lat' dir='ltr'>tibi,</span> <span class='ocrx_word' id='word_1_163' title='bbox 419 2029 462 2063; x_wconf 82' lang='lat' dir='ltr'>fili</span> <span class='ocrx_word' id='word_1_164' title='bbox 489 2029 644 2075; x_wconf 84' lang='lat' dir='ltr'>generalis</span> <span class='ocrx_word' id='word_1_165' title='bbox 668 2028 822 2071; x_wconf 80' lang='lat' dir='ltr'>minister,</span> <span class='ocrx_word' id='word_1_166' title='bbox 852 2028 898 2062; x_wconf 86' lang='lat' dir='ltr'>vel</span> <span class='ocrx_word' id='word_1_167' title='bbox 922 2028 982 2062; x_wconf 91' lang='lat' dir='ltr'>tuis</span> <span class='ocrx_word' id='word_1_168' title='bbox 1012 2040 1085 2074; x_wconf 89' lang='lat' dir='ltr'>pro-</span> 
     </span>
     <span class='ocr_line' id='line_1_34' title="bbox 332 2081 1086 2128; baseline -0.001 -12"><span class='ocrx_word' id='word_1_169' title='bbox 332 2081 515 2118; x_wconf 86' lang='lat' dir='ltr'>vincialibus</span> <span class='ocrx_word' id='word_1_170' title='bbox 551 2081 721 2121; x_wconf 73' lang='lat' dir='ltr'>ministris,</span> <span class='ocrx_word' id='word_1_171' title='bbox 762 2081 906 2116; x_wconf 90' lang='lat' dir='ltr'>submota</span> <span class='ocrx_word' id='word_1_172' title='bbox 944 2081 1086 2128; x_wconf 82' lang='lat' dir='ltr'>qualibet</span> 
     </span>
     <span class='ocr_line' id='line_1_35' title="bbox 331 2133 1083 2182; baseline -0.003 -11"><span class='ocrx_word' id='word_1_173' title='bbox 331 2135 491 2175; x_wconf 83' lang='lat' dir='ltr'>dilatione,</span> <span class='ocrx_word' id='word_1_174' title='bbox 532 2135 701 2180; x_wconf 77' lang='lat' dir='ltr'>resignent,</span> <span class='ocrx_word' id='word_1_175' title='bbox 731 2135 809 2182; x_wconf 87' lang='lat' dir='ltr'>ipsis</span> <span class='ocrx_word' id='word_1_176' title='bbox 836 2133 983 2168; x_wconf 84' lang='lat' dir='ltr'>fratribus</span> <span class='ocrx_word' id='word_1_177' title='bbox 1023 2134 1083 2169; x_wconf 88' lang='lat' dir='ltr'>iam</span> 
     </span>
     <span class='ocr_line' id='line_1_36' title="bbox 334 2187 1086 2236; baseline -0.001 -12"><span class='ocrx_word' id='word_1_178' title='bbox 334 2188 485 2236; x_wconf 88' lang='lat' dir='ltr'>promotis</span> <span class='ocrx_word' id='word_1_179' title='bbox 512 2189 543 2223; x_wconf 89' lang='lat' dir='ltr'>in</span> <span class='ocrx_word' id='word_1_180' title='bbox 566 2189 679 2222; x_wconf 85' lang='lat' dir='ltr'>virtute</span> <span class='ocrx_word' id='word_1_181' title='bbox 702 2187 913 2227; x_wconf 83' lang='lat' dir='ltr'>obedientiae,</span> <span class='ocrx_word' id='word_1_182' title='bbox 943 2187 1005 2223; x_wconf 86' lang='lat' dir='ltr'>illis</span> <span class='ocrx_word' id='word_1_183' title='bbox 1027 2200 1086 2223; x_wconf 91' lang='lat' dir='ltr'>au-</span> 
     </span>
     <span class='ocr_line' id='line_1_37' title="bbox 334 2242 1084 2290; baseline -0.003 -12"><span class='ocrx_word' id='word_1_184' title='bbox 334 2252 396 2278; x_wconf 88' lang='lat' dir='ltr'>tem</span> <span class='ocrx_word' id='word_1_185' title='bbox 427 2255 508 2290; x_wconf 92' lang='lat' dir='ltr'>quos</span> <span class='ocrx_word' id='word_1_186' title='bbox 537 2242 714 2290; x_wconf 74' lang='lat' dir='ltr'>promoveri</span> <span class='ocrx_word' id='word_1_187' title='bbox 741 2242 917 2289; x_wconf 77' lang='lat' dir='ltr'>contigerit,</span> <span class='ocrx_word' id='word_1_188' title='bbox 942 2254 981 2276; x_wconf 89' lang='lat' dir='ltr'>ne</span> <span class='ocrx_word' id='word_1_189' title='bbox 1005 2243 1084 2278; x_wconf 85' lang='lat' dir='ltr'>resi-</span> 
     </span>
     <span class='ocr_line' id='line_1_38' title="bbox 335 2295 1086 2343; baseline -0.001 -11"><span class='ocrx_word' id='word_1_190' title='bbox 335 2309 430 2343; x_wconf 75' lang='lat' dir='ltr'>gnare</span> <span class='ocrx_word' id='word_1_191' title='bbox 459 2297 618 2336; x_wconf 77' lang='lat' dir='ltr'>differant,</span> <span class='ocrx_word' id='word_1_192' title='bbox 652 2295 837 2331; x_wconf 81' lang='lat' dir='ltr'>auctoritate</span> <span class='ocrx_word' id='word_1_193' title='bbox 871 2298 1086 2343; x_wconf 87' lang='lat' dir='ltr'>praesentium</span> 
     </span>
     <span class='ocr_line' id='line_1_39' title="bbox 335 2350 1088 2396; baseline -0.001 -9"><span class='ocrx_word' id='word_1_194' title='bbox 335 2352 486 2387; x_wconf 82' lang='lat' dir='ltr'>duximus</span> <span class='ocrx_word' id='word_1_195' title='bbox 519 2350 762 2396; x_wconf 79' lang='lat' dir='ltr'>iniungendum,</span> <span class='ocrx_word' id='word_1_196' title='bbox 798 2351 856 2385; x_wconf 87' lang='lat' dir='ltr'>nisi</span> <span class='ocrx_word' id='word_1_197' title='bbox 893 2350 996 2385; x_wconf 87' lang='lat' dir='ltr'>forsan</span> <span class='ocrx_word' id='word_1_198' title='bbox 1035 2363 1088 2386; x_wconf 80' lang='lat' dir='ltr'>ros</span> 
     </span>
     <span class='ocr_line' id='line_1_40' title="bbox 337 2403 1089 2451; baseline 0 -12"><span class='ocrx_word' id='word_1_199' title='bbox 337 2407 474 2451; x_wconf 87' lang='lat' dir='ltr'>ipsorum</span> <span class='ocrx_word' id='word_1_200' title='bbox 494 2416 587 2440; x_wconf 88' lang='lat' dir='ltr'>usum</span> <span class='ocrx_word' id='word_1_201' title='bbox 603 2404 652 2438; x_wconf 90' lang='lat' dir='ltr'>eis</span> <span class='ocrx_word' id='word_1_202' title='bbox 664 2403 700 2438; x_wconf 89' lang='lat' dir='ltr'>ad</span> <span class='ocrx_word' id='word_1_203' title='bbox 721 2411 847 2451; x_wconf 87' lang='lat' dir='ltr'>tempus</span> <span class='ocrx_word' id='word_1_204' title='bbox 868 2404 1089 2440; x_wconf 77' lang='lat' dir='ltr'>concesseritis</span> 
     </span>
     <span class='ocr_line' id='line_1_41' title="bbox 337 2458 658 2505; baseline -0.006 -12"><span class='ocrx_word' id='word_1_205' title='bbox 337 2458 376 2493; x_wconf 86' lang='lat' dir='ltr'>de</span> <span class='ocrx_word' id='word_1_206' title='bbox 396 2458 494 2504; x_wconf 79' lang='lat' dir='ltr'>gratia</span> <span class='ocrx_word' id='word_1_207' title='bbox 519 2458 658 2505; x_wconf 86' lang='lat' dir='ltr'>speciali.</span> 
     </span>
    </p>

    <p class='ocr_par' dir='ltr' id='par_1_16' title="bbox 340 2510 1090 2612">
     <span class='ocr_line' id='line_1_42' title="bbox 385 2510 1090 2558; baseline 0 -12"><span class='ocrx_word' id='word_1_208' title='bbox 385 2510 500 2546; x_wconf 91' lang='lat' dir='ltr'>Datum</span> <span class='ocrx_word' id='word_1_209' title='bbox 523 2510 665 2546; x_wconf 81' lang='lat' dir='ltr'>Laterani</span> <span class='ocrx_word' id='word_1_210' title='bbox 689 2512 780 2545; x_wconf 87' lang='lat' dir='ltr'>nonis</span> <span class='ocrx_word' id='word_1_211' title='bbox 802 2511 989 2552; x_wconf 85' lang='lat' dir='ltr'>decembris,</span> <span class='ocrx_word' id='word_1_212' title='bbox 1013 2523 1090 2558; x_wconf 88' lang='lat' dir='ltr'>pon·</span> 
     </span>
     <span class='ocr_line' id='line_1_43' title="bbox 340 2564 836 2612; baseline 0 -14"><span class='ocrx_word' id='word_1_213' title='bbox 340 2564 474 2599; x_wconf 81' lang='lat' dir='ltr'>tificatus</span> <span class='ocrx_word' id='word_1_214' title='bbox 497 2564 592 2599; x_wconf 87' lang='lat' dir='ltr'>nostri</span> <span class='ocrx_word' id='word_1_215' title='bbox 620 2576 702 2600; x_wconf 92' lang='lat' dir='ltr'>anno</span> <span class='ocrx_word' id='word_1_216' title='bbox 726 2565 836 2612; x_wconf 90' lang='lat' dir='ltr'>primo.</span> 
     </span>
    </p>
   </div>
   <div class='ocr_carea' id='block_1_14' title="bbox 360 2632 1073 2674">
    <p class='ocr_par' dir='ltr' id='par_1_17' title="bbox 360 2632 1073 2674">
     <span class='ocr_line' id='line_1_44' title="bbox 360 2632 1073 2674; baseline 0.004 -12"><span class='ocrx_word' id='word_1_217' title='bbox 360 2632 421 2663; x_wconf 83' lang='lat' dir='ltr'>oat.</span> <span class='ocrx_word' id='word_1_218' title='bbox 442 2634 488 2663; x_wconf 85' lang='lat' dir='ltr'>die</span> <span class='ocrx_word' id='word_1_219' title='bbox 509 2634 527 2664; x_wconf 86' lang='lat'>5</span> <span class='ocrx_word' id='word_1_220' title='bbox 549 2634 714 2665; x_wconf 86' lang='lat' dir='ltr'>decembris</span> <span class='ocrx_word' id='word_1_221' title='bbox 734 2634 819 2668; x_wconf 70' lang='lat'>1255.</span> <span class='ocrx_word' id='word_1_222' title='bbox 839 2635 940 2674; x_wconf 82' lang='lat' dir='ltr'>pontis.</span> <span class='ocrx_word' id='word_1_223' title='bbox 957 2644 1032 2665; x_wconf 90' lang='lat' dir='ltr'>anno</span> <span class='ocrx_word' id='word_1_224' title='bbox 1054 2644 1073 2665; x_wconf 83' lang='grc' dir='ltr'>ι.</span> 
     </span>
    </p>
   </div>
   <div class='ocr_carea' id='block_1_15' title="bbox 1428 314 1540 351">
    <p class='ocr_par' dir='ltr' id='par_1_18' title="bbox 1428 314 1540 351">
     <span class='ocr_line' id='line_1_45' title="bbox 1428 314 1540 351; baseline -0.018 0"><span class='ocrx_word' id='word_1_225' title='bbox 1428 314 1540 351; x_wconf 83' lang='lat' dir='ltr'>XXIV.</span> 
     </span>
    </p>
   </div>
   <div class='ocr_carea' id='block_1_16' title="bbox 1109 395 1863 485">
    <p class='ocr_par' dir='ltr' id='par_1_19' title="bbox 1109 395 1863 485">
     <span class='ocr_line' id='line_1_46' title="bbox 1109 395 1863 442; baseline -0.008 -11"><span class='ocrx_word' id='word_1_226' title='bbox 1109 397 1311 442; x_wconf 79' lang='lat' dir='ltr'>Confirmatio</span> <span class='ocrx_word' id='word_1_227' title='bbox 1323 396 1542 430; x_wconf 74' lang='lat' dir='ltr'>declarationis</span> <span class='ocrx_word' id='word_1_228' title='bbox 1554 401 1739 429; x_wconf 79' lang='lat' dir='ltr'>statutorum</span> <span class='ocrx_word' id='word_1_229' title='bbox 1758 395 1863 428; x_wconf 60' lang='lat' dir='ltr'>ordi-2</span> 
     </span>
     <span class='ocr_line' id='line_1_47' title="bbox 1158 443 1861 485; baseline -0.004 -6"><span class='ocrx_word' id='word_1_230' title='bbox 1158 448 1205 479; x_wconf 81' lang='lat' dir='ltr'>nis</span> <span class='ocrx_word' id='word_1_231' title='bbox 1222 446 1334 479; x_wconf 78' lang='lat' dir='ltr'>Beacae</span> <span class='ocrx_word' id='word_1_232' title='bbox 1345 445 1468 479; x_wconf 74' lang='lat' dir='ltr'>Mariae</span> <span class='ocrx_word' id='word_1_233' title='bbox 1482 446 1518 479; x_wconf 84' lang='lat' dir='ltr'>de</span> <span class='ocrx_word' id='word_1_234' title='bbox 1533 445 1635 479; x_wconf 83' lang='lat' dir='ltr'>Monte</span> <span class='ocrx_word' id='word_1_235' title='bbox 1651 443 1791 478; x_wconf 84' lang='lat' dir='ltr'>Carmelo</span> <span class='ocrx_word' id='word_1_236' title='bbox 1801 447 1813 485; x_wconf 96' lang='lat'><em>(</em></span> <span class='ocrx_word' id='word_1_237' title='bbox 1820 445 1861 482; x_wconf 81' lang='grc' dir='ltr'>Ι),</span> 
     </span>
    </p>
   </div>
   <div class='ocr_carea' id='block_1_17' title="bbox 1108 523 1862 661">
    <p class='ocr_par' dir='ltr' id='par_1_20' title="bbox 1108 523 1862 661">
     <span class='ocr_line' id='line_1_48' title="bbox 1383 523 1597 556; baseline -0.014 0"><span class='ocrx_word' id='word_1_238' title='bbox 1383 523 1597 556; x_wconf 72' lang='grc' dir='ltr'>δῦΜΜΑΒῙΕΜ</span> 
     </span>
     <span class='ocr_line' id='line_1_49' title="bbox 1108 585 1862 624; baseline -0.003 -8"><span class='ocrx_word' id='word_1_239' title='bbox 1108 586 1238 624; x_wconf 79' lang='lat' dir='ltr'>Regulae</span> <span class='ocrx_word' id='word_1_240' title='bbox 1256 586 1397 616; x_wconf 89' lang='lat' dir='ltr'>nonnulla</span> <span class='ocrx_word' id='word_1_241' title='bbox 1417 585 1505 616; x_wconf 89' lang='lat' dir='ltr'>dubia</span> <span class='ocrx_word' id='word_1_242' title='bbox 1526 585 1561 615; x_wconf 88' lang='lat' dir='ltr'>ab</span> <span class='ocrx_word' id='word_1_243' title='bbox 1579 585 1749 616; x_wconf 79' lang='lat' dir='ltr'>Innocentio</span> <span class='ocrx_word' id='word_1_244' title='bbox 1765 585 1862 624; x_wconf 82' lang='lat' dir='ltr'>expli-</span> 
     </span>
     <span class='ocr_line' id='line_1_50' title="bbox 1148 628 1765 661; baseline -0.003 0"><span class='ocrx_word' id='word_1_245' title='bbox 1148 636 1221 661; x_wconf 87' lang='lat' dir='ltr'>cata.</span> <span class='ocrx_word' id='word_1_246' title='bbox 1243 647 1283 653; x_wconf 97' lang='lat'><strong>—</strong></span> <span class='ocrx_word' id='word_1_247' title='bbox 1299 630 1525 660; x_wconf 82' lang='lat' dir='ltr'>Confirmantur.</span> <span class='ocrx_word' id='word_1_248' title='bbox 1544 646 1581 652; x_wconf 82' lang='lat'><em>-</em></span> <span class='ocrx_word' id='word_1_249' title='bbox 1598 628 1765 660; x_wconf 88' lang='lat' dir='ltr'>Clausulae.</span> 
     </span>
    </p>
   </div>
   <div class='ocr_carea' id='block_1_18' title="bbox 1109 696 1867 873">
    <p class='ocr_par' dir='ltr' id='par_1_21' title="bbox 1109 696 1867 873">
     <span class='ocr_line' id='line_1_51' title="bbox 1109 696 1866 733; baseline -0.003 -7"><span class='ocrx_word' id='word_1_250' title='bbox 1109 698 1259 726; x_wconf 74' lang='lat' dir='ltr'>alexander</span> <span class='ocrx_word' id='word_1_251' title='bbox 1268 697 1412 733; x_wconf 80' lang='lat' dir='ltr'>episcopus</span> <span class='ocrx_word' id='word_1_252' title='bbox 1424 703 1521 725; x_wconf 78' lang='lat' dir='ltr'>soi-vus</span> <span class='ocrx_word' id='word_1_253' title='bbox 1532 702 1674 725; x_wconf 80' lang='lat' dir='ltr'>servorum</span> <span class='ocrx_word' id='word_1_254' title='bbox 1682 696 1740 728; x_wconf 78' lang='lat' dir='ltr'>Dei,</span> <span class='ocrx_word' id='word_1_255' title='bbox 1755 696 1866 726; x_wconf 74' lang='lat' dir='ltr'>dilectis</span> 
     </span>
     <span class='ocr_line' id='line_1_52' title="bbox 1153 743 1867 783; baseline -0.004 -8"><span class='ocrx_word' id='word_1_256' title='bbox 1153 747 1220 776; x_wconf 81' lang='lat' dir='ltr'>filiis</span> <span class='ocrx_word' id='word_1_257' title='bbox 1234 746 1321 783; x_wconf 83' lang='lat' dir='ltr'>priori</span> <span class='ocrx_word' id='word_1_258' title='bbox 1339 745 1472 782; x_wconf 76' lang='lat' dir='ltr'>generali.</span> <span class='ocrx_word' id='word_1_259' title='bbox 1489 746 1518 774; x_wconf 80' lang='lat' dir='ltr'>ot</span> <span class='ocrx_word' id='word_1_260' title='bbox 1536 743 1674 774; x_wconf 77' lang='lat' dir='ltr'>fratribus</span> <span class='ocrx_word' id='word_1_261' title='bbox 1692 743 1796 774; x_wconf 76' lang='lat' dir='ltr'>ordinis</span> <span class='ocrx_word' id='word_1_262' title='bbox 1803 744 1867 772; x_wconf 72' lang='lat' dir='ltr'>Ere-</span> 
     </span>
     <span class='ocr_line' id='line_1_53' title="bbox 1155 793 1866 828; baseline -0.004 -4"><span class='ocrx_word' id='word_1_263' title='bbox 1155 796 1288 825; x_wconf 73' lang='lat' dir='ltr'>mitorum</span> <span class='ocrx_word' id='word_1_264' title='bbox 1306 796 1339 824; x_wconf 81' lang='lat' dir='ltr'>de</span> <span class='ocrx_word' id='word_1_265' title='bbox 1357 795 1447 823; x_wconf 69' lang='lat' dir='ltr'>monte</span> <span class='ocrx_word' id='word_1_266' title='bbox 1467 793 1598 826; x_wconf 77' lang='lat' dir='ltr'>carmelo.</span> <span class='ocrx_word' id='word_1_267' title='bbox 1619 793 1737 822; x_wconf 76' lang='lat' dir='ltr'>satutem</span> <span class='ocrx_word' id='word_1_268' title='bbox 1752 794 1782 822; x_wconf 78' lang='lat' dir='ltr'>et</span> <span class='ocrx_word' id='word_1_269' title='bbox 1802 799 1866 828; x_wconf 72' lang='lat' dir='ltr'>apo-</span> 
     </span>
     <span class='ocr_line' id='line_1_54' title="bbox 1156 843 1530 873; baseline -0.005 0"><span class='ocrx_word' id='word_1_270' title='bbox 1156 844 1284 873; x_wconf 77' lang='lat' dir='ltr'>stolicam</span> <span class='ocrx_word' id='word_1_271' title='bbox 1306 843 1530 873; x_wconf 82' lang='lat' dir='ltr'>benedictionem.</span> 
     </span>
    </p>
   </div>
   <div class='ocr_carea' id='block_1_19' title="bbox 1113 914 2067 2674">
    <p class='ocr_par' dir='ltr' id='par_1_22' title="bbox 1113 914 2066 2355">
     <span class='ocr_line' id='line_1_55' title="bbox 1161 914 2066 970; baseline -0.001 -20"><span class='ocrx_word' id='word_1_272' title='bbox 1161 915 1243 950; x_wconf 89' lang='lat' dir='ltr'>Cum</span> <span class='ocrx_word' id='word_1_273' title='bbox 1267 927 1284 950; x_wconf 93' lang='lat' dir='ltr'>a</span> <span class='ocrx_word' id='word_1_274' title='bbox 1311 914 1402 950; x_wconf 86' lang='lat' dir='ltr'>nobis</span> <span class='ocrx_word' id='word_1_275' title='bbox 1425 915 1543 969; x_wconf 78' lang='lat' dir='ltr'>petitur</span> <span class='ocrx_word' id='word_1_276' title='bbox 1573 914 1658 970; x_wconf 80' lang='lat' dir='ltr'>quod</span> <span class='ocrx_word' id='word_1_277' title='bbox 1680 914 1797 950; x_wconf 91' lang='lat' dir='ltr'>iustum</span> <span class='ocrx_word' id='word_1_278' title='bbox 1819 923 1867 950; x_wconf 83' lang='lat' dir='ltr'>est</span> <span class='ocrx_word' id='word_1_279' title='bbox 1893 928 1985 955; x_wconf 56' lang='lat' dir='ltr'>aquia,</span> <span class='ocrx_word' id='word_1_280' title='bbox 2008 934 2066 949; x_wconf 72' lang='lat' dir='ltr'><strong>non-</strong></span> 
     </span>
     <span class='ocr_line' id='line_1_56' title="bbox 1113 959 2067 1012; baseline 0 -13"><span class='ocrx_word' id='word_1_281' title='bbox 1113 973 1143 999; x_wconf 87' lang='lat' dir='ltr'>et</span> <span class='ocrx_word' id='word_1_282' title='bbox 1164 965 1346 1005; x_wconf 87' lang='lat' dir='ltr'>honestum</span> <span class='ocrx_word' id='word_1_283' title='bbox 1374 972 1436 998; x_wconf 84' lang='lat' dir='ltr'>tam</span> <span class='ocrx_word' id='word_1_284' title='bbox 1460 964 1546 1010; x_wconf 60' lang='lat' dir='ltr'>rigor</span> <span class='ocrx_word' id='word_1_285' title='bbox 1568 964 1746 1011; x_wconf 82' lang='lat' dir='ltr'>aequitatis,</span> <span class='ocrx_word' id='word_1_286' title='bbox 1773 977 1866 1012; x_wconf 87' lang='lat' dir='ltr'>quam</span> <span class='ocrx_word' id='word_1_287' title='bbox 1880 959 2020 1011; x_wconf 55' lang='lat' dir='ltr'>fflmd&#39;ffl’</span> <span class='ocrx_word' id='word_1_288' title='bbox 2026 959 2067 1010; x_wconf 63' lang='lat'>‚2¹2</span> 
     </span>
     <span class='ocr_line' id='line_1_57' title="bbox 1113 1012 1966 1060; baseline -0.001 -11"><span class='ocrx_word' id='word_1_289' title='bbox 1113 1013 1191 1049; x_wconf 90' lang='lat' dir='ltr'>ordo</span> <span class='ocrx_word' id='word_1_290' title='bbox 1218 1014 1316 1058; x_wconf 82' lang='lat' dir='ltr'>exigit</span> <span class='ocrx_word' id='word_1_291' title='bbox 1345 1012 1490 1052; x_wconf 86' lang='lat' dir='ltr'>rationis,</span> <span class='ocrx_word' id='word_1_292' title='bbox 1521 1020 1555 1048; x_wconf 82' lang='lat' dir='ltr'>ut</span> <span class='ocrx_word' id='word_1_293' title='bbox 1576 1013 1607 1047; x_wconf 93' lang='lat' dir='ltr'>id</span> <span class='ocrx_word' id='word_1_294' title='bbox 1631 1025 1686 1060; x_wconf 89' lang='lat' dir='ltr'>per</span> <span class='ocrx_word' id='word_1_295' title='bbox 1711 1013 1868 1049; x_wconf 84' lang='lat' dir='ltr'>sollicitu—</span> <span class='ocrx_word' id='word_1_296' title='bbox 1879 1020 1966 1048; x_wconf 66' lang='lat' dir='ltr'>oliae-⁶¹</span> 
     </span>
     <span class='ocr_line' id='line_1_58' title="bbox 1115 1061 1868 1110; baseline 0 -12"><span class='ocrx_word' id='word_1_297' title='bbox 1115 1062 1223 1098; x_wconf 90' lang='lat' dir='ltr'>dinem</span> <span class='ocrx_word' id='word_1_298' title='bbox 1245 1061 1338 1098; x_wconf 88' lang='lat' dir='ltr'>officii</span> <span class='ocrx_word' id='word_1_299' title='bbox 1361 1062 1459 1097; x_wconf 88' lang='lat' dir='ltr'>nostri</span> <span class='ocrx_word' id='word_1_300' title='bbox 1483 1061 1521 1096; x_wconf 86' lang='lat' dir='ltr'>ad</span> <span class='ocrx_word' id='word_1_301' title='bbox 1543 1061 1688 1098; x_wconf 86' lang='lat' dir='ltr'>debitum</span> <span class='ocrx_word' id='word_1_302' title='bbox 1711 1062 1868 1110; x_wconf 86' lang='lat' dir='ltr'>perduca-</span> 
     </span>
     <span class='ocr_line' id='line_1_59' title="bbox 1116 1111 1868 1158; baseline 0 -11"><span class='ocrx_word' id='word_1_303' title='bbox 1116 1120 1166 1147; x_wconf 87' lang='lat' dir='ltr'>tur</span> <span class='ocrx_word' id='word_1_304' title='bbox 1200 1112 1358 1147; x_wconf 79' lang='lat' dir='ltr'>effectum.</span> <span class='ocrx_word' id='word_1_305' title='bbox 1392 1111 1475 1146; x_wconf 89' lang='lat' dir='ltr'>Cum</span> <span class='ocrx_word' id='word_1_306' title='bbox 1503 1111 1608 1158; x_wconf 88' lang='lat' dir='ltr'>itaque</span> <span class='ocrx_word' id='word_1_307' title='bbox 1636 1112 1734 1147; x_wconf 85' lang='lat' dir='ltr'>felicis</span> <span class='ocrx_word' id='word_1_308' title='bbox 1761 1123 1868 1147; x_wconf 86' lang='lat' dir='ltr'>recor—</span> 
     </span>
     <span class='ocr_line' id='line_1_60' title="bbox 1115 1160 1868 1208; baseline 0.001 -12"><span class='ocrx_word' id='word_1_309' title='bbox 1115 1161 1252 1197; x_wconf 84' lang='lat' dir='ltr'>dationis</span> <span class='ocrx_word' id='word_1_310' title='bbox 1287 1160 1490 1196; x_wconf 73' lang='lat' dir='ltr'>innocentius</span> <span class='ocrx_word' id='word_1_311' title='bbox 1516 1160 1612 1208; x_wconf 80' lang='lat' dir='ltr'>Papa‚</span> <span class='ocrx_word' id='word_1_312' title='bbox 1647 1161 1868 1208; x_wconf 84' lang='lat' dir='ltr'>praedecessor</span> 
     </span>
     <span class='ocr_line' id='line_1_61' title="bbox 1117 1209 1868 1258; baseline 0 -12"><span class='ocrx_word' id='word_1_313' title='bbox 1117 1219 1234 1251; x_wconf 82' lang='lat' dir='ltr'>noster,</span> <span class='ocrx_word' id='word_1_314' title='bbox 1245 1209 1283 1245; x_wconf 86' lang='lat' dir='ltr'>ad</span> <span class='ocrx_word' id='word_1_315' title='bbox 1293 1217 1413 1245; x_wconf 83' lang='lat' dir='ltr'>vestrae</span> <span class='ocrx_word' id='word_1_316' title='bbox 1427 1209 1667 1258; x_wconf 83' lang='lat' dir='ltr'>supplicationis</span> <span class='ocrx_word' id='word_1_317' title='bbox 1677 1211 1868 1251; x_wconf 83' lang='lat' dir='ltr'>instantiam,</span> 
     </span>
     <span class='ocr_line' id='line_1_62' title="bbox 1118 1259 1870 1307; baseline 0 -13"><span class='ocrx_word' id='word_1_318' title='bbox 1118 1272 1174 1307; x_wconf 90' lang='lat' dir='ltr'>per</span> <span class='ocrx_word' id='word_1_319' title='bbox 1195 1259 1346 1295; x_wconf 82' lang='lat' dir='ltr'>dilectum</span> <span class='ocrx_word' id='word_1_320' title='bbox 1365 1260 1465 1294; x_wconf 86' lang='lat' dir='ltr'>filium</span> <span class='ocrx_word' id='word_1_321' title='bbox 1492 1259 1659 1306; x_wconf 80' lang='lat' dir='ltr'>Hugonem</span> <span class='ocrx_word' id='word_1_322' title='bbox 1688 1259 1770 1294; x_wconf 87' lang='lat' dir='ltr'>tituli</span> <span class='ocrx_word' id='word_1_323' title='bbox 1791 1259 1870 1295; x_wconf 87' lang='lat' dir='ltr'>San-</span> 
     </span>
     <span class='ocr_line' id='line_1_63' title="bbox 1117 1308 1870 1356; baseline 0 -12"><span class='ocrx_word' id='word_1_324' title='bbox 1117 1318 1184 1344; x_wconf 86' lang='lat' dir='ltr'>ctae</span> <span class='ocrx_word' id='word_1_325' title='bbox 1212 1309 1349 1344; x_wconf 85' lang='lat' dir='ltr'>Sabinae</span> <span class='ocrx_word' id='word_1_326' title='bbox 1381 1308 1598 1356; x_wconf 66' lang='lat' dir='ltr'>presbyterum</span> <span class='ocrx_word' id='word_1_327' title='bbox 1616 1308 1818 1348; x_wconf 80' lang='lat' dir='ltr'>cardinalem,</span> <span class='ocrx_word' id='word_1_328' title='bbox 1840 1318 1870 1344; x_wconf 86' lang='lat' dir='ltr'>et</span> 
     </span>
     <span class='ocr_line' id='line_1_64' title="bbox 1118 1357 1870 1394; baseline 0.001 -2"><span class='ocrx_word' id='word_1_329' title='bbox 1118 1358 1330 1393; x_wconf 84' lang='lat' dir='ltr'>venerabilem</span> <span class='ocrx_word' id='word_1_330' title='bbox 1353 1358 1479 1394; x_wconf 76' lang='lat' dir='ltr'>fratrem</span> <span class='ocrx_word' id='word_1_331' title='bbox 1504 1366 1644 1393; x_wconf 86' lang='lat' dir='ltr'>nostrum</span> <span class='ocrx_word' id='word_1_332' title='bbox 1663 1357 1870 1394; x_wconf 90' lang='lat' dir='ltr'>Guillelmum</span> 
     </span>
     <span class='ocr_line' id='line_1_65' title="bbox 1118 1407 1872 1455; baseline 0.001 -13"><span class='ocrx_word' id='word_1_333' title='bbox 1118 1407 1367 1442; x_wconf 75' lang='lat' dir='ltr'>Anteradensem</span> <span class='ocrx_word' id='word_1_334' title='bbox 1383 1408 1583 1454; x_wconf 76' lang='lat' dir='ltr'>episcopum,</span> <span class='ocrx_word' id='word_1_335' title='bbox 1600 1407 1756 1455; x_wconf 87' lang='lat' dir='ltr'>quaedam</span> <span class='ocrx_word' id='word_1_336' title='bbox 1776 1420 1872 1454; x_wconf 83' lang='lat' dir='ltr'>regu-</span> 
     </span>
     <span class='ocr_line' id='line_1_66' title="bbox 1119 1456 1874 1504; baseline 0.001 -13"><span class='ocrx_word' id='word_1_337' title='bbox 1119 1457 1165 1492; x_wconf 80' lang='lat' dir='ltr'>lae</span> <span class='ocrx_word' id='word_1_338' title='bbox 1189 1464 1307 1492; x_wconf 87' lang='lat' dir='ltr'>vestrae</span> <span class='ocrx_word' id='word_1_339' title='bbox 1333 1456 1430 1492; x_wconf 89' lang='lat' dir='ltr'>dubia</span> <span class='ocrx_word' id='word_1_340' title='bbox 1452 1457 1602 1492; x_wconf 82' lang='lat' dir='ltr'>declarari</span> <span class='ocrx_word' id='word_1_341' title='bbox 1634 1465 1667 1492; x_wconf 84' lang='lat' dir='ltr'>et</span> <span class='ocrx_word' id='word_1_342' title='bbox 1685 1457 1811 1504; x_wconf 82' lang='lat' dir='ltr'>corrigi,</span> <span class='ocrx_word' id='word_1_343' title='bbox 1836 1470 1874 1493; x_wconf 85' lang='lat' dir='ltr'>ac</span> 
     </span>
     <span class='ocr_line' id='line_1_67' title="bbox 1119 1506 1874 1560; baseline 0.003 -21"><span class='ocrx_word' id='word_1_344' title='bbox 1119 1506 1271 1560; x_wconf 83' lang='lat' dir='ltr'>quaedam</span> <span class='ocrx_word' id='word_1_345' title='bbox 1302 1506 1402 1551; x_wconf 88' lang='lat' dir='ltr'>ipsius</span> <span class='ocrx_word' id='word_1_346' title='bbox 1427 1507 1531 1552; x_wconf 80' lang='lat' dir='ltr'>gravia</span> <span class='ocrx_word' id='word_1_347' title='bbox 1559 1506 1804 1541; x_wconf 86' lang='lat' dir='ltr'>misericorditer</span> <span class='ocrx_word' id='word_1_348' title='bbox 1831 1507 1874 1541; x_wconf 77' lang='lat' dir='ltr'>l&#39;e-</span> 
     </span>
     <span class='ocr_line' id='line_1_68' title="bbox 1119 1554 1873 1601; baseline 0.001 -12"><span class='ocrx_word' id='word_1_349' title='bbox 1119 1555 1196 1589; x_wconf 90' lang='lat' dir='ltr'>cerit</span> <span class='ocrx_word' id='word_1_350' title='bbox 1223 1554 1371 1601; x_wconf 81' lang='lat' dir='ltr'>mitigari</span> <span class='ocrx_word' id='word_1_351' title='bbox 1395 1564 1489 1601; x_wconf 88' lang='lat' dir='ltr'>prout</span> <span class='ocrx_word' id='word_1_352' title='bbox 1512 1555 1543 1588; x_wconf 87' lang='lat' dir='ltr'>in</span> <span class='ocrx_word' id='word_1_353' title='bbox 1565 1554 1677 1589; x_wconf 83' lang='lat' dir='ltr'>litteris</span> <span class='ocrx_word' id='word_1_354' title='bbox 1699 1555 1772 1589; x_wconf 91' lang='lat' dir='ltr'>inde</span> <span class='ocrx_word' id='word_1_355' title='bbox 1793 1567 1873 1590; x_wconf 88' lang='lat' dir='ltr'>con-</span> 
     </span>
     <span class='ocr_line' id='line_1_69' title="bbox 1121 1603 1874 1649; baseline 0.004 -12"><span class='ocrx_word' id='word_1_356' title='bbox 1121 1603 1209 1638; x_wconf 78' lang='lat' dir='ltr'>fectis</span> <span class='ocrx_word' id='word_1_357' title='bbox 1254 1603 1378 1649; x_wconf 85' lang='lat' dir='ltr'>plenius</span> <span class='ocrx_word' id='word_1_358' title='bbox 1421 1604 1621 1644; x_wconf 76' lang='lat' dir='ltr'>continetur3</span> <span class='ocrx_word' id='word_1_359' title='bbox 1664 1616 1721 1638; x_wconf 90' lang='lat' dir='ltr'>nos</span> <span class='ocrx_word' id='word_1_360' title='bbox 1764 1606 1874 1640; x_wconf 85' lang='lat' dir='ltr'>vestiis</span> 
     </span>
     <span class='ocr_line' id='line_1_70' title="bbox 1121 1631 1874 1700; baseline 0.001 -14"><span class='ocrx_word' id='word_1_361' title='bbox 1121 1652 1268 1700; x_wconf 90' lang='lat' dir='ltr'>precibus</span> <span class='ocrx_word' id='word_1_362' title='bbox 1295 1652 1448 1696; x_wconf 85' lang='lat' dir='ltr'>inclinati,</span> <span class='ocrx_word' id='word_1_363' title='bbox 1474 1631 1716 1687; x_wconf 86' lang='lat' dir='ltr'>declarationem</span> <span class='ocrx_word' id='word_1_364' title='bbox 1745 1661 1776 1688; x_wconf 88' lang='lat' dir='ltr'>et</span> <span class='ocrx_word' id='word_1_365' title='bbox 1800 1665 1874 1689; x_wconf 84' lang='lat' dir='ltr'>cor-</span> 
     </span>
     <span class='ocr_line' id='line_1_71' title="bbox 1122 1702 1874 1748; baseline 0.001 -12"><span class='ocrx_word' id='word_1_366' title='bbox 1122 1702 1306 1745; x_wconf 88' lang='lat' dir='ltr'>rectionem,</span> <span class='ocrx_word' id='word_1_367' title='bbox 1324 1713 1360 1736; x_wconf 82' lang='lat' dir='ltr'>ae</span> <span class='ocrx_word' id='word_1_368' title='bbox 1382 1702 1612 1748; x_wconf 80' lang='lat' dir='ltr'>mitigationem</span> <span class='ocrx_word' id='word_1_369' title='bbox 1630 1702 1823 1741; x_wconf 88' lang='lat' dir='ltr'>huiusmodi,</span> <span class='ocrx_word' id='word_1_370' title='bbox 1835 1703 1874 1737; x_wconf 87' lang='lat' dir='ltr'>ad</span> 
     </span>
     <span class='ocr_line' id='line_1_72' title="bbox 1121 1750 1874 1798; baseline 0.003 -14"><span class='ocrx_word' id='word_1_371' title='bbox 1121 1751 1220 1785; x_wconf 89' lang='lat' dir='ltr'>instar</span> <span class='ocrx_word' id='word_1_372' title='bbox 1246 1750 1348 1798; x_wconf 88' lang='lat' dir='ltr'>ipsius</span> <span class='ocrx_word' id='word_1_373' title='bbox 1386 1750 1651 1797; x_wconf 81' lang='lat' dir='ltr'>praedecessoris,</span> <span class='ocrx_word' id='word_1_374' title='bbox 1690 1752 1874 1786; x_wconf 83' lang='lat' dir='ltr'>auctoritate</span> 
     </span>
     <span class='ocr_line' id='line_1_73' title="bbox 1122 1800 1876 1847; baseline -0.001 -12"><span class='ocrx_word' id='word_1_375' title='bbox 1122 1800 1294 1847; x_wconf 79' lang='lat' dir='ltr'>apostolica</span> <span class='ocrx_word' id='word_1_376' title='bbox 1312 1800 1538 1834; x_wconf 82' lang='lat' dir='ltr'>confirmamus</span> <span class='ocrx_word' id='word_1_377' title='bbox 1555 1808 1586 1834; x_wconf 87' lang='lat' dir='ltr'>et</span> <span class='ocrx_word' id='word_1_378' title='bbox 1605 1800 1778 1847; x_wconf 78' lang='lat' dir='ltr'>praesentis</span> <span class='ocrx_word' id='word_1_379' title='bbox 1795 1803 1876 1836; x_wconf 82' lang='lat' dir='ltr'>scri-</span> 
     </span>
     <span class='ocr_line' id='line_1_74' title="bbox 1124 1849 1873 1896; baseline 0.003 -14"><span class='ocrx_word' id='word_1_380' title='bbox 1124 1849 1166 1895; x_wconf 88' lang='lat' dir='ltr'>pti</span> <span class='ocrx_word' id='word_1_381' title='bbox 1212 1849 1386 1896; x_wconf 83' lang='lat' dir='ltr'>patrocinio</span> <span class='ocrx_word' id='word_1_382' title='bbox 1427 1849 1672 1884; x_wconf 84' lang='lat' dir='ltr'>communimus.</span> <span class='ocrx_word' id='word_1_383' title='bbox 1716 1849 1873 1886; x_wconf 71' lang='lat' dir='ltr'>Tenorem</span> 
     </span>
     <span class='ocr_line' id='line_1_75' title="bbox 1123 1897 1875 1945; baseline 0.004 -13"><span class='ocrx_word' id='word_1_384' title='bbox 1123 1907 1228 1933; x_wconf 85' lang='lat' dir='ltr'>autern</span> <span class='ocrx_word' id='word_1_385' title='bbox 1251 1898 1423 1933; x_wconf 83' lang='lat' dir='ltr'>litterarum</span> <span class='ocrx_word' id='word_1_386' title='bbox 1448 1897 1699 1945; x_wconf 86' lang='lat' dir='ltr'>praedecessoris</span> <span class='ocrx_word' id='word_1_387' title='bbox 1719 1899 1875 1941; x_wconf 84' lang='lat' dir='ltr'>eiusdem,</span> 
     </span>
     <span class='ocr_line' id='line_1_76' title="bbox 1125 1947 1876 1995; baseline 0.003 -13"><span class='ocrx_word' id='word_1_388' title='bbox 1125 1955 1218 1995; x_wconf 85' lang='lat' dir='ltr'>prout</span> <span class='ocrx_word' id='word_1_389' title='bbox 1257 1947 1287 1982; x_wconf 93' lang='lat' dir='ltr'>in</span> <span class='ocrx_word' id='word_1_390' title='bbox 1326 1947 1463 1994; x_wconf 80' lang='lat' dir='ltr'>Regesto</span> <span class='ocrx_word' id='word_1_391' title='bbox 1490 1947 1590 1995; x_wconf 91' lang='lat' dir='ltr'>ipsius</span> <span class='ocrx_word' id='word_1_392' title='bbox 1623 1948 1815 1990; x_wconf 86' lang='lat' dir='ltr'>continetur,</span> <span class='ocrx_word' id='word_1_393' title='bbox 1837 1949 1876 1984; x_wconf 87' lang='lat' dir='ltr'>de</span> 
     </span>
     <span class='ocr_line' id='line_1_77' title="bbox 1125 1997 1877 2044; baseline 0.001 -12"><span class='ocrx_word' id='word_1_394' title='bbox 1125 1997 1219 2032; x_wconf 77' lang='lat' dir='ltr'>verbo</span> <span class='ocrx_word' id='word_1_395' title='bbox 1241 1997 1280 2032; x_wconf 86' lang='lat' dir='ltr'>ad</span> <span class='ocrx_word' id='word_1_396' title='bbox 1302 1997 1432 2032; x_wconf 84' lang='lat' dir='ltr'>verbum</span> <span class='ocrx_word' id='word_1_397' title='bbox 1461 1997 1681 2044; x_wconf 81' lang='lat' dir='ltr'>praesentibus</span> <span class='ocrx_word' id='word_1_398' title='bbox 1709 1998 1808 2033; x_wconf 82' lang='lat' dir='ltr'>inseri</span> <span class='ocrx_word' id='word_1_399' title='bbox 1830 1999 1877 2033; x_wconf 83' lang='lat' dir='ltr'>fa-</span> 
     </span>
     <span class='ocr_line' id='line_1_78' title="bbox 1125 2046 1877 2095; baseline 0.003 -14"><span class='ocrx_word' id='word_1_400' title='bbox 1125 2047 1257 2086; x_wconf 77' lang='lat' dir='ltr'>cientes,</span> <span class='ocrx_word' id='word_1_401' title='bbox 1280 2047 1332 2094; x_wconf 92' lang='lat' dir='ltr'>qui</span> <span class='ocrx_word' id='word_1_402' title='bbox 1356 2046 1425 2081; x_wconf 86' lang='lat' dir='ltr'>talis</span> <span class='ocrx_word' id='word_1_403' title='bbox 1446 2054 1509 2081; x_wconf 87' lang='lat' dir='ltr'>est:</span> <span class='ocrx_word' id='word_1_404' title='bbox 1532 2046 1737 2082; x_wconf 85' lang='lat' dir='ltr'>Innocentius</span> <span class='ocrx_word' id='word_1_405' title='bbox 1758 2048 1877 2095; x_wconf 86' lang='lat' dir='ltr'>episco-</span> 
     </span>
     <span class='ocr_line' id='line_1_79' title="bbox 1127 2095 1878 2142; baseline 0.003 -12"><span class='ocrx_word' id='word_1_406' title='bbox 1127 2108 1186 2142; x_wconf 88' lang='lat' dir='ltr'>pus</span> <span class='ocrx_word' id='word_1_407' title='bbox 1212 2108 1323 2130; x_wconf 81' lang='lat' dir='ltr'>servus</span> <span class='ocrx_word' id='word_1_408' title='bbox 1349 2108 1510 2131; x_wconf 82' lang='lat' dir='ltr'>servorum</span> <span class='ocrx_word' id='word_1_409' title='bbox 1534 2095 1611 2137; x_wconf 83' lang='lat' dir='ltr'>Dei,</span> <span class='ocrx_word' id='word_1_410' title='bbox 1645 2095 1769 2132; x_wconf 89' lang='lat' dir='ltr'>dilectis</span> <span class='ocrx_word' id='word_1_411' title='bbox 1805 2097 1878 2132; x_wconf 87' lang='lat' dir='ltr'>filiis</span> 
     </span>
     <span class='ocr_line' id='line_1_80' title="bbox 1127 2149 1877 2195; baseline 0.003 -12"><span class='ocrx_word' id='word_1_412' title='bbox 1127 2150 1221 2195; x_wconf 88' lang='lat' dir='ltr'>priori</span> <span class='ocrx_word' id='word_1_413' title='bbox 1261 2158 1291 2184; x_wconf 89' lang='lat' dir='ltr'>et</span> <span class='ocrx_word' id='word_1_414' title='bbox 1326 2149 1472 2184; x_wconf 78' lang='lat' dir='ltr'>trau-ihus</span> <span class='ocrx_word' id='word_1_415' title='bbox 1507 2149 1657 2184; x_wconf 84' lang='lat' dir='ltr'>Eremitis</span> <span class='ocrx_word' id='word_1_416' title='bbox 1693 2149 1733 2185; x_wconf 88' lang='lat' dir='ltr'>de</span> <span class='ocrx_word' id='word_1_417' title='bbox 1771 2150 1877 2185; x_wconf 86' lang='lat' dir='ltr'>Monte</span> 
     </span>
     <span class='ocr_line' id='line_1_81' title="bbox 1126 2201 1878 2249; baseline 0.001 -11"><span class='ocrx_word' id='word_1_418' title='bbox 1126 2201 1284 2247; x_wconf 80' lang='lat' dir='ltr'>Carmelo,</span> <span class='ocrx_word' id='word_1_419' title='bbox 1318 2203 1450 2237; x_wconf 84' lang='lat' dir='ltr'>salutem</span> <span class='ocrx_word' id='word_1_420' title='bbox 1479 2211 1509 2238; x_wconf 89' lang='lat' dir='ltr'>et</span> <span class='ocrx_word' id='word_1_421' title='bbox 1542 2203 1742 2249; x_wconf 87' lang='lat' dir='ltr'>apostolicam</span> <span class='ocrx_word' id='word_1_422' title='bbox 1779 2203 1878 2239; x_wconf 88' lang='lat' dir='ltr'>bene-</span> 
     </span>
     <span class='ocr_line' id='line_1_82' title="bbox 1127 2256 1878 2299; baseline 0.001 -9"><span class='ocrx_word' id='word_1_423' title='bbox 1127 2256 1307 2290; x_wconf 87' lang='lat' dir='ltr'>dictionem.</span> <span class='ocrx_word' id='word_1_424' title='bbox 1323 2276 1372 2282; x_wconf 88' lang='lat'><em>———-</em></span> <span class='ocrx_word' id='word_1_425' title='bbox 1386 2256 1477 2298; x_wconf 86' lang='lat' dir='ltr'>Quae</span> <span class='ocrx_word' id='word_1_426' title='bbox 1495 2256 1646 2291; x_wconf 87' lang='lat' dir='ltr'>honorem</span> <span class='ocrx_word' id='word_1_427' title='bbox 1669 2264 1722 2291; x_wconf 79' lang='lat' dir='ltr'>otc.</span> <span class='ocrx_word' id='word_1_428' title='bbox 1745 2258 1838 2299; x_wconf 80' lang='lat' dir='ltr'>(Vide</span> <span class='ocrx_word' id='word_1_429' title='bbox 1846 2261 1878 2291; x_wconf 71' lang='lat' dir='ltr'>in</span> 
     </span>
     <span class='ocr_line' id='line_1_83' title="bbox 1128 2311 1874 2355; baseline 0.003 -12"><span class='ocrx_word' id='word_1_430' title='bbox 1128 2311 1304 2344; x_wconf 82' lang='lat' dir='ltr'>Innocentio</span> <span class='ocrx_word' id='word_1_431' title='bbox 1329 2311 1386 2347; x_wconf 84' lang='lat' dir='ltr'>IV,</span> <span class='ocrx_word' id='word_1_432' title='bbox 1408 2312 1560 2344; x_wconf 78' lang='lat' dir='ltr'>constitut.</span> <span class='ocrx_word' id='word_1_433' title='bbox 1583 2311 1674 2349; x_wconf 79' lang='lat' dir='ltr'><em>XIV,</em></span> <span class='ocrx_word' id='word_1_434' title='bbox 1689 2322 1762 2355; x_wconf 77' lang='lat' dir='ltr'>paq.</span> <span class='ocrx_word' id='word_1_435' title='bbox 1779 2312 1874 2353; x_wconf 77' lang='lat'><em>535).</em></span> 
     </span>
    </p>

    <p class='ocr_par' dir='ltr' id='par_1_23' title="bbox 1128 2363 1879 2626">
     <span class='ocr_line' id='line_1_84' title="bbox 1176 2363 1876 2410; baseline 0.001 -12"><span class='ocrx_word' id='word_1_436' title='bbox 1176 2363 1259 2398; x_wconf 84' lang='lat' dir='ltr'>Nulli</span> <span class='ocrx_word' id='word_1_437' title='bbox 1299 2375 1374 2410; x_wconf 79' lang='lat' dir='ltr'>ergo</span> <span class='ocrx_word' id='word_1_438' title='bbox 1413 2364 1542 2398; x_wconf 86' lang='lat' dir='ltr'>omnino</span> <span class='ocrx_word' id='word_1_439' title='bbox 1581 2364 1745 2398; x_wconf 85' lang='lat' dir='ltr'>hominum</span> <span class='ocrx_word' id='word_1_440' title='bbox 1785 2364 1876 2399; x_wconf 85' lang='lat' dir='ltr'>liceat</span> 
     </span>
     <span class='ocr_line' id='line_1_85' title="bbox 1128 2416 1877 2464; baseline 0.001 -13"><span class='ocrx_word' id='word_1_441' title='bbox 1128 2417 1208 2452; x_wconf 86' lang='lat' dir='ltr'>banc</span> <span class='ocrx_word' id='word_1_442' title='bbox 1238 2417 1380 2464; x_wconf 78' lang='lat' dir='ltr'>paginam</span> <span class='ocrx_word' id='word_1_443' title='bbox 1404 2425 1528 2451; x_wconf 80' lang='lat' dir='ltr'>nostrae</span> <span class='ocrx_word' id='word_1_444' title='bbox 1554 2416 1799 2452; x_wconf 83' lang='lat' dir='ltr'>confirmationis</span> <span class='ocrx_word' id='word_1_445' title='bbox 1827 2419 1877 2452; x_wconf 91' lang='lat' dir='ltr'>in-</span> 
     </span>
     <span class='ocr_line' id='line_1_86' title="bbox 1129 2470 1875 2517; baseline 0 -12"><span class='ocrx_word' id='word_1_446' title='bbox 1129 2471 1277 2517; x_wconf 79' lang='lat' dir='ltr'>fringere,</span> <span class='ocrx_word' id='word_1_447' title='bbox 1300 2470 1346 2506; x_wconf 85' lang='lat' dir='ltr'>vel</span> <span class='ocrx_word' id='word_1_448' title='bbox 1365 2471 1392 2506; x_wconf 88' lang='lat' dir='ltr'>ei</span> <span class='ocrx_word' id='word_1_449' title='bbox 1416 2483 1494 2506; x_wconf 88' lang='lat' dir='ltr'>ausu</span> <span class='ocrx_word' id='word_1_450' title='bbox 1521 2471 1687 2506; x_wconf 86' lang='lat' dir='ltr'>temerario</span> <span class='ocrx_word' id='word_1_451' title='bbox 1708 2472 1875 2507; x_wconf 87' lang='lat' dir='ltr'>contraire.</span> 
     </span>
     <span class='ocr_line' id='line_1_87' title="bbox 1128 2523 1879 2573; baseline 0.003 -14"><span class='ocrx_word' id='word_1_452' title='bbox 1128 2523 1161 2559; x_wconf 91' lang='lat' dir='ltr'>Si</span> <span class='ocrx_word' id='word_1_453' title='bbox 1184 2524 1254 2571; x_wconf 92' lang='lat' dir='ltr'>quis</span> <span class='ocrx_word' id='word_1_454' title='bbox 1272 2532 1376 2560; x_wconf 88' lang='lat' dir='ltr'>autem</span> <span class='ocrx_word' id='word_1_455' title='bbox 1399 2524 1459 2560; x_wconf 88' lang='lat' dir='ltr'>hoc</span> <span class='ocrx_word' id='word_1_456' title='bbox 1480 2531 1632 2560; x_wconf 86' lang='lat' dir='ltr'>attentare</span> <span class='ocrx_word' id='word_1_457' title='bbox 1654 2535 1879 2573; x_wconf 86' lang='lat' dir='ltr'>praesumpse-</span> 
     </span>
     <span class='ocr_line' id='line_1_88' title="bbox 1130 2577 1879 2626; baseline 0.004 -14"><span class='ocrx_word' id='word_1_458' title='bbox 1130 2578 1180 2623; x_wconf 75' lang='lat' dir='ltr'>rit,</span> <span class='ocrx_word' id='word_1_459' title='bbox 1220 2578 1469 2626; x_wconf 83' lang='lat' dir='ltr'>indignationem</span> <span class='ocrx_word' id='word_1_460' title='bbox 1496 2577 1722 2626; x_wconf 79' lang='lat' dir='ltr'>omnipotentis</span> <span class='ocrx_word' id='word_1_461' title='bbox 1749 2577 1807 2614; x_wconf 89' lang='lat' dir='ltr'>Dei</span> <span class='ocrx_word' id='word_1_462' title='bbox 1843 2592 1879 2615; x_wconf 79' lang='lat' dir='ltr'>ao</span> 
     </span>
    </p>

    <p class='ocr_par' dir='ltr' id='par_1_24' title="bbox 1165 2638 1483 2674">
     <span class='ocr_line' id='line_1_89' title="bbox 1165 2638 1483 2674; baseline 0 -8"><span class='ocrx_word' id='word_1_463' title='bbox 1165 2638 1204 2673; x_wconf 79' lang='lat'>(¹)</span> <span class='ocrx_word' id='word_1_464' title='bbox 1221 2638 1259 2666; x_wconf 84' lang='lat' dir='ltr'>Ex</span> <span class='ocrx_word' id='word_1_465' title='bbox 1276 2638 1381 2674; x_wconf 82' lang='lat' dir='ltr'>Regest.</span> <span class='ocrx_word' id='word_1_466' title='bbox 1399 2638 1483 2666; x_wconf 80' lang='lat' dir='ltr'>Vatic.</span> 
     </span>
    </p>
   </div>
   <div class='ocr_carea' id='block_1_20' title="bbox 1902 1927 2062 1950">
    <p class='ocr_par' dir='ltr' id='par_1_25' title="bbox 1902 1927 2062 1950">
     <span class='ocr_line' id='line_1_90' title="bbox 1902 1927 2062 1950; baseline 0.013 -2"><span class='ocrx_word' id='word_1_467' title='bbox 1902 1927 2062 1950; x_wconf 68' lang='lat' dir='ltr'>confirmatur·</span> 
     </span>
    </p>
   </div>
   <div class='ocr_carea' id='block_1_21' title="bbox 1923 2391 2039 2412">
    <p class='ocr_par' dir='ltr' id='par_1_26' title="bbox 1923 2391 2039 2412">
     <span class='ocr_line' id='line_1_91' title="bbox 1923 2391 2039 2412; baseline 0.009 -1"><span class='ocrx_word' id='word_1_468' title='bbox 1923 2391 2039 2412; x_wconf 51' lang='lat' dir='ltr'>[iau-utu.</span> 
     </span>
    </p>
   </div>
  </div>
 </body>
</html>
