2129 3223
27 232 79 261 An.
95 232 125 259 c.
139 233 207 261 ¹2¹9

59 287 175 310 clausulae.

39 1811 207 1837 §ausburgensi-

29 1842 154 1869 nrrhlepisc.
171 1848 209 1869 pa-

29 1871 128 1893 stor-leni
140 1877 210 1893 curem

30 1903 167 1924 commendat.

849 236 1013 259 nosottttjs
1035 237 1070 258 ΙΙΙ
1095 237 1141 258 ΙΨ.

225 290 306 326 hanc
332 293 478 339 paginam
513 299 639 327 nostrae
677 293 880 339 protectionis
920 292 969 326 in-

225 339 370 386 fringere,
393 341 438 375 vel
457 341 484 376 ei
512 353 589 376 ausu
612 341 778 376 temerario
801 341 967 376 contraire.

221 387 255 423 Si
267 389 341 435 quis
356 390 529 425 autemhoc
543 397 694 425 attentare
712 390 968 437 praesumpserit,

222 437 468 485 indignationem
491 440 715 486 omnipotentis
737 439 807 483 Dei,
825 452 861 474 ac
902 439 971 473 bea-

222 494 324 522 torum
352 487 437 523 Petri
464 497 494 524 et
523 487 611 523 Pauli
647 488 861 536 apostolorum
901 488 970 523 eius

222 547 257 570 se
278 545 400 571 noverit
427 550 640 573 incursurum.

269 584 386 620 Datum
409 586 530 622 Romae
551 587 634 634 apud
656 586 808 622 Sanctum
827 586 969 627 Petrum,

220 641 328 689 octavo
349 635 420 671 idus
446 636 531 681 maii,
554 635 752 683 pontificatus
769 636 864 670 nostri
887 648 970 670 anno

220 691 322 718 tertio.

272 743 333 775 Dat.
353 745 400 775 die
419 746 436 775 8
455 746 524 777 maii
549 746 633 781 1219,
653 746 756 785 pontis.
781 756 857 776 anno
876 756 915 776 ιιι.

514 897 675 933 XXXVII.

219 973 367 1008 Facultas
393 975 618 1020 archiepiscopo
640 975 871 1019 Salt‘sbttrqensi
902 988 970 1008 con-

267 1035 348 1057 cessa
375 1025 513 1069 eriyendi
548 1036 659 1058 novum
698 1025 903 1069 episcopatum
940 1026 970 1057 ιή

266 1073 404 1107 Ecclesia
425 1073 609 1107 Sechowien.
635 1075 689 1116 (l).

477 1139 691 1177 summatum

219 1207 423 1246 Salisburgen.
443 1208 658 1248 archiepiscopi
679 1209 855 1247 pastoralem
869 1218 969 1237 curam

258 1251 453 1282 commendat.
465 1268 502 1273 —
518 1252 633 1287 Quibus
650 1253 685 1282 de
700 1253 811 1290 causis,
826 1253 971 1292 quibusve

257 1296 479 1326 conditionibus
511 1296 583 1334 erigi
616 1296 779 1326 Ecclesiam
816 1297 893 1327 velit.
933 1314 972 1320 —

257 1339 339 1375 Quae
368 1341 555 1379 praemiserit
571 1339 717 1370 Honorius
736 1345 892 1380 antequam
916 1351 970 1380 pe-

259 1384 318 1414 titis
340 1389 493 1414 annueret.
511 1384 640 1420 —Quae
660 1385 806 1415 dioecesis
822 1384 972 1415 Ecclesiae

257 1429 416 1468 erigendae
449 1429 536 1459 fuerit
568 1430 727 1468 assignata.
759 1445 796 1452 -—
826 1428 970 1459 Gurcensi

257 1473 396 1513 episcopo
415 1473 529 1503 nullum
548 1474 688 1504 damnum
708 1473 832 1503 illatum.
847 1489 884 1495 -
904 1473 972 1503 Ere-

258 1518 385 1548 ctionem
409 1518 471 1548 fieri
491 1518 636 1548 concedit.

219 1592 508 1629 nonarius-opiscopus
527 1599 621 1622 sot-vus
644 1599 784 1622 sorvorum
802 1593 860 1627 Det,
895 1601 973 1623 vene-

264 1641 346 1671 rabttt
355 1641 443 1671 frati-t
452 1641 573 1671 tbi-audo
583 1643 752 1678 saliant-gen.
759 1642 971 1679 archiepiscopo,

263 1691 382 1721 salntem
397 1691 428 1720 ot
446 1691 626 1728 apostoticam
645 1691 868 1721 benedictionem.

269 1762 365 1807 ‘Quod
392 1775 453 1797 uon
482 1770 546 1806 tua,
568 1763 620 1796 sed
644 1774 724 1809 quae
758 1762 895 1806 Christi,
927 1763 972 1797 rel

226 1812 331 1859 potius
351 1823 433 1858 quae
460 1811 577 1847 Christi
600 1820 630 1846 et
657 1820 707 1845 tua
735 1820 834 1856 sunt,
864 1811 973 1846 sedula

226 1860 428 1896 meditatione
453 1860 605 1908 requiras,
628 1872 720 1906 opera
744 1868 795 1896 tua
830 1860 973 1895 testimo-

226 1909 312 1945 nium
337 1909 502 1957 perhibent
523 1909 694 1949 evidenter,
712 1908 786 1944 dum
803 1909 974 1944 commisso

227 1959 281 1994 tibi
314 1959 400 2005 gregi
440 1959 588 2006 prodesse
622 1958 825 1999 desiderans,
870 1959 974 2005 potius

226 2020 321 2055 quam
345 2019 490 2054 praeesse,
514 2007 687 2042 animarum
719 2007 853 2047 lucrum,
893 2008 974 2042 sicut

227 2057 317 2093 decet
337 2056 464 2092 Domini
488 2056 693 2097 sacerdotem,
723 2056 859 2103 praefers
876 2069 975 2103 quae-

229 2107 291 2142 stui
313 2107 488 2154 temporali,
510 2106 586 2152 quin
610 2106 701 2139 etiam
736 2117 774 2139 ne
813 2118 874 2140 non
913 2114 975 2140 tam

229 2168 283 2190 eas
308 2167 459 2202 pascere,
495 2167 587 2202 quam
618 2155 785 2201 depascere
819 2155 977 2198 videaris,

231 2205 376 2249 carnalia,
402 2216 483 2252 quae
506 2215 614 2251 posses
637 2212 752 2238 metere
790 2203 819 2237 in
858 2204 976 2238 eisdem

232 2254 427 2289 voluntarius
448 2253 540 2287 offers
581 2253 751 2299 spiritualia
786 2253 978 2292 seminanti,

232 2304 343 2351 sicque
365 2303 397 2337 fit
419 2312 452 2337 ut
476 2302 652 2337 ministrum
677 2300 806 2341 Christi,
842 2310 872 2336 et
911 2303 980 2336 dis-

234 2361 430 2400 pensatorem
459 2351 677 2399 mysteriorum
712 2351 769 2385 Dei
805 2359 832 2384 te
862 2350 981 2386 faciens

234 2401 387 2445 extimari,
414 2409 502 2435 tuuin
526 2400 662 2435 honores
690 2400 718 2433 iu
749 2399 884 2434 Domino
919 2401 981 2434 mi—

236 2450 411 2491 nisterium,
439 2459 532 2497 teque
560 2449 670 2484 reddas
697 2448 846 2483 omnibus
880 2448 982 2483 hono-

1640 226 1702 259 561

1011 291 1130 337 placitis
1148 292 1327 337 expressius
1349 301 1377 326 te
1411 300 1548 338 coaptas.
1582 292 1759 328 Prudenter

1009 341 1094 375 enim
1123 341 1297 386 recogitans
1318 341 1402 387 quod
1424 341 1642 388 Salisburgen.
1668 340 1759 377 dioe-

1010 390 1091 424 cesis
1115 402 1214 437 usque
1236 390 1314 425 adeo
1342 399 1388 425 est
1415 391 1538 432 diffusa,
1575 391 1659 437 quod
1696 403 1756 426 nou

1010 439 1148 474 sufficias
1171 439 1324 475 universis
1342 440 1555 475 habitantibus
1583 440 1611 474 in
1648 439 1757 475 eadem

1012 489 1156 535 pastorali
1184 488 1395 523 sollicitudine
1418 489 1594 529 imminere,
1634 490 1759 524 timens-

1011 550 1073 584 que
1096 549 1134 572 ne
1156 550 1217 572 non
1241 539 1293 582 sit,
1315 538 1368 585 qui
1383 538 1518 585 parvulis
1534 538 1580 573 lac
1598 537 1759 574 doctrinae

1013 587 1057 622 vel
1082 587 1236 634 provectis
1255 587 1361 622 cibum
1380 587 1515 623 solidum
1538 588 1759 629 amministret‚

1011 645 1063 670 aut
1090 636 1174 683 quod
1202 636 1361 672 infirmum
1386 644 1434 672 est
1456 637 1487 671 in
1510 637 1556 671 eis
1572 637 1759 678 consolidet,

1011 695 1063 719 aut
1094 685 1199 732 alliget
1234 686 1319 732 quod
1353 685 1566 729 confractum,
1599 685 1673 720 olim
1706 699 1760 733 pcr

1011 734 1161 769 dilectum
1196 734 1294 769 filium
1316 734 1463 771 Caroluin
1486 734 1651 770 Frisacen.
1669 747 1761 781 prae-

1013 784 1148 829 positum
1177 796 1232 831 per
1266 784 1384 819 litteras
1426 792 1494 819 tuas
1532 784 1622 819 nobis
1660 783 1761 819 humi-

1011 832 1080 868 liter
1114 833 1310 880 supplicasti,
1344 833 1431 868 utin
1462 832 1660 868 Sechowien.
1696 832 1761 868 Ec-

1011 881 1104 917 clesia
1127 890 1198 917 tuae
1227 882 1382 917 dioecesis
1408 881 1621 929 episcopalem
1652 882 1761 917 sedem

1011 931 1138 966 creandi
1160 931 1213 966 tibi
1241 932 1398 967 licentiam
1441 930 1616 967 concedere
1649 931 1761 977 digna-

1012 992 1128 1016 remur.
1153 980 1266 1016 Parato
1310 981 1348 1015 de
1383 992 1512 1015 assensu
1545 979 1671 1027 capituli
1716 981 1760 1014 tui

1013 1042 1105 1064 unam
1129 1029 1242 1064 dietam
1266 1031 1305 1074 ei,
1320 1038 1349 1065 et
1369 1029 1533 1064 dimidiam
1558 1029 1588 1063 in
1612 1029 1761 1073 dioecesi,

1011 1088 1042 1113 et
1064 1088 1218 1114 trecentas
1246 1079 1388 1114 marchas
1416 1079 1445 1112 in
1469 1078 1647 1113 redditibus
1682 1079 1761 1113 assi-

1012 1140 1120 1172 gnare,
1148 1128 1226 1162 itaut
1248 1140 1303 1175 per
1319 1128 1424 1163 omnia
1447 1128 1546 1173 ipsius
1563 1127 1759 1162 Seehowien.

1012 1177 1183 1217 Ecclesiae,
1200 1178 1268 1212 iure
1290 1177 1387 1217 salvo,
1405 1177 1481 1211 nihil
1500 1176 1539 1211 de
1555 1177 1645 1211 honis
1662 1176 1762 1223 ipsius

1011 1227 1048 1261 ad
1071 1227 1283 1273 episcopalem
1327 1226 1506 1261 cathedram
1546 1225 1761 1266 transferatur,

1013 1288 1070 1310 nec
1093 1275 1191 1310 ultum
1215 1276 1328 1311 exinde
1356 1276 1384 1309 in
1414 1274 1632 1319 dignitatibus,
1662 1273 1762 1309 liber-

1012 1324 1129 1359 tatibus
1161 1333 1191 1358 et
1224 1325 1512 1359 consuetudinibus
1534 1336 1568 1357 ac
1584 1323 1761 1358 rationibus

1013 1373 1247 1419 Salisburgensi
1275 1373 1414 1420 capitulo
1443 1372 1671 1421 praeiudicium
1706 1384 1762 1419 ge-

1013 1430 1152 1457 neretur.
1176 1421 1267 1457 Unde
1295 1422 1368 1457 licet
1393 1421 1496 1459 forsan
1525 1434 1562 1456 eo
1589 1422 1696 1457 minus
1723 1421 1761 1455 ad

1013 1472 1074 1506 hoe
1096 1471 1290 1507 insufficiens
1312 1471 1428 1507 debeas
1449 1471 1585 1518 reputari
1616 1482 1679 1518 quo
1713 1470 1763 1504 in-

1013 1521 1232 1556 sufficientiam
1259 1520 1369 1567 alligas
1396 1521 1578 1561 instantius;
1622 1531 1680 1555 nos
1716 1527 1763 1553 ta-

1014 1583 1084 1604 men
1109 1579 1198 1605 tuum
1224 1571 1422 1617 propositum
1440 1570 1544 1616 dignis
1567 1569 1596 1603 in
1627 1568 1763 1603 Domino

1015 1619 1164 1654 laudibus
1191 1619 1462 1658 commendantes,
1486 1627 1515 1653 et
1534 1618 1681 1665 precibus
1700 1619 1763 1653 tuis

1014 1682 1051 1703 eo
1073 1668 1274 1703 favorabilius
1295 1677 1481 1713 annuentes,
1504 1680 1567 1715 quo
1596 1668 1695 1702 rarius
1720 1667 1764 1701 eis

1015 1718 1146 1762 similes,
1164 1726 1194 1752 et
1229 1717 1408 1764 frequenter
1448 1718 1539 1752 nobis
1575 1717 1763 1757 dissimiles,

1016 1768 1060 1802 vel
1085 1768 1190 1814 potius
1212 1767 1387 1802 contrariae
1411 1768 1627 1814 porriguntur,
1656 1775 1688 1801 ut
1716 1779 1764 1801 res

1017 1825 1077 1851 tam
1100 1816 1196 1851 ardua
1223 1816 1290 1851 sine
1320 1817 1407 1850 omni
1444 1816 1616 1850 offensione
1656 1828 1766 1863 procen

1016 1866 1115 1909 deret,
1150 1865 1318 1900 venerabili
1340 1865 1423 1899 fratri
1445 1874 1552 1900 nostro
1585 1863 1762 1910 Frisingen.

1017 1916 1179 1962 episcopo,
1203 1922 1233 1948 et
1249 1914 1371 1949 dilectis
1384 1914 1456 1948 filiis
1471 1913 1635 1948 Brixinen.
1652 1914 1765 1951 electo,

1016 1973 1045 1998 et
1067 1963 1170 1999 abbati
1194 1963 1389 1998 Admunten.
1413 1963 1529 1998 nostris
1550 1963 1694 1998 dedimus
1713 1963 1766 1997 lit-

1019 2014 1091 2048 teris
1120 2014 1150 2047 in
1181 2012 1345 2057 mandatis,
1368 2021 1401 2046 ut
1429 2012 1611 2047 huiusmodi
1649 2012 1765 2059 negotii

1017 2063 1269 2097 circumstantias
1302 2062 1437 2096 sollicite
1477 2062 1698 2107 inquirentes,
1737 2070 1765 2095 et

1018 2112 1194 2158 specialiter
1221 2112 1246 2145 si
1269 2112 1328 2146 hoc
1350 2110 1585 2155 Salisburgensi
1604 2109 1766 2145 Ecclesiae

1019 2161 1166 2207 expedire
1190 2160 1343 2199 viderent,
1366 2169 1396 2194 et
1423 2159 1460 2193 ad
1484 2159 1512 2193 id
1537 2158 1663 2204 capituli
1686 2159 1769 2192 eius-

1020 2209 1092 2244 dem
1120 2221 1270 2244 assensus
1297 2208 1471 2248 accederet,
1500 2219 1622 2242 necnon
1652 2208 1675 2241 si
1716 2206 1767 2241 Se-

1021 2259 1173 2293 chowien.
1202 2258 1341 2292 Ecclesia
1369 2270 1406 2291 ex
1429 2258 1487 2291 hoc
1510 2264 1686 2291 servaretur
1719 2257 1768 2291 in-

1022 2309 1169 2346 demnis,
1204 2315 1233 2339 et
1275 2314 1378 2340 utrum
1422 2314 1504 2340 esset
1537 2304 1696 2339 sufficiens
1738 2314 1768 2339 et

1024 2358 1132 2391 idonea
1156 2356 1251 2390 futuri
1288 2355 1429 2401 episcopi
1473 2355 1607 2401 provisio
1648 2361 1770 2400 praeta-

1023 2416 1103 2444 xata,
1123 2406 1307 2450 diligentius
1336 2404 1532 2447 indagantes,
1562 2403 1771 2438 rescriberent

1025 2456 1116 2489 nobis
1137 2467 1232 2501 super
1255 2453 1303 2488 his
1330 2452 1479 2488 omnibus
1519 2452 1651 2487 fideliter
1689 2453 1760 2487 veri»

237 2498 382 2541 fandum,
409 2508 440 2534 θῑ
462 2499 598 2534 favorem
621 2507 764 2533 ROSlfflffl
793 2509 830 2532 ex
866 2498 913 2532 his
947 2510 984 2532 ΕΟ
1027 2512 1131 2541 tatem,
1159 2516 1220 2549 qua
1247 2504 1390 2548 cognita,
1413 2502 1451 2536 de
1473 2502 1607 2536 consilio
1642 2501 1772 2536 fratrum

237 2547 404 2595 specialius
422 2549 477 2583 libi
494 2548 643 2588 vindices,
666 2559 727 2594 (1υο
751 2547 865 2581 ssOSls'lS
891 2547 985 2582 hesse-
1028 2562 1203 2587 nostrorum
1229 2552 1470 2598 procederemus
1483 2558 1608 2586 auctore
1635 2550 1772 2586 Domino

273 2613 312 2648 (i)
332 2613 370 2639 Ex
391 2614 494 2648 Regest.
517 2613 597 2639 Vatic

319 2656 392 2686 Ball.
416 2656 491 2685 Rom.
517 2656 571 2685 Vol.
595 2656 643 2685 Ill.
831 2655 869 2684 40

1005 2641 1009 2655 Ι
1028 2602 1189 2636 inoffense.
1210 2601 1386 2648 Episcopus
1410 2612 1481 2635 vero
1517 2607 1546 2634 et
1569 2599 1662 2634 abhas
1690 2612 1773 2647 prae-

1774 234 1813 260 Λη
1840 231 1859 258 C
1891 232 1956 257 1219

1785 346 1863 373 Quibus
1874 347 1897 366 >ie
1910 352 1956 366 razi·

1774 378 1810 402 ult,
1854 377 1954 403 quibusve

1786 407 1943 429 conditionum

1773 439 1825 463 origi
1840 436 1956 458 Ecclesiae:

1773 469 1831 490 velit⁴

1793 1970 1851 1996 Quae
1873 1974 1964 1995 praemi<

1782 2003 1832 2021 sarit
1860 1998 1964 2018 Honorius

1782 2035 1891 2057 antequam
1909 2033 1965 2055 pett-

1782 2064 1808 2082 tis
1828 2066 1930 2081 annueret
