2129 3223
137 270 187 298 Αιι.
207 269 234 297 C.
255 269 320 297 ιῖὃό

152 475 180 496 De
200 482 217 502 p⁴
229 476 308 497 letrido

152 770 172 792 ln
184 772 279 795 ingressu
290 776 323 792 re-

138 803 171 826 flui
188 801 287 821 soti-endu
297 798 348 822 50

138 834 164 852 nti
176 831 201 851 liu
233 838 320 853 martur

137 862 233 887 sterling.

158 2329 259 2349 mutilum
268 2327 316 2348 ltoni

144 2358 327 2379 ammonam.-

144 2394 185 2409 ltim
215 2394 297 2416 [rae‘lu
288 2395 326 2409 u—rt

145 2423 190 2440 dun,

386 257 455 291 754

911 263 1099 287 nummum
1120 262 1283 286 ROMANUM

336 323 441 358 inferri
465 321 512 357 vel
534 320 641 356 haberi
664 326 812 366 poterunt
831 331 886 367 per
901 318 1082 354 Romanum
1128 318 1267 353 monium
1299 317 1386 354 Beati
1412 318 1509 362 Petri,
1541 317 1701 358 Tusciam,
1722 316 1872 352 ducatum

335 372 522 407 Pontificem
545 370 574 403 in
604 370 663 403 lioc
684 380 769 404 casu.

1125 366 1344 414 Swioletanum
1377 367 1546 402 Mareliiam
1579 366 1809 402 Anconitanam
1844 373 1875 400 et

388 423 417 454 7
453 419 486 455 ln
514 418 655 473 quolibet
687 418 779 452 etiam
809 417 945 452 triennio
971 416 1085 451 dabitis
1127 417 1156 450 in
1193 416 1396 471 praemissam
1429 416 1583 452 civitatem
1607 416 1874 453 Beneventanam‚

340 482 392 503 ios
425 477 455 502 et
495 467 586 502 v·estii
628 480 657 501 in
697 467 781 502 dicto
810 478 907 511 tegno
935 466 1106 500 haeredes
1125 477 1161 500 ac
1182 466 1250 500 eius
1278 465 1465 500 territorium
1492 475 1522 501 et
1552 465 1767 512 pertinentias,
1794 476 1874 512 quae

337 517 481 552 Romano
514 516 658 551 Pontifici
689 528 787 551 unum
821 514 1016 570 palefridum
1039 514 1085 548 al·
1105 520 1106 551 ἓ
1128 514 1337 550 remanebunt
1367 515 1541 555 Ecclesiae,
1576 523 1607 549 et
1639 525 1753 550 omnes
1780 522 1876 549 terras

337 567 412 602 hum
437 565 604 614 pulchrum
639 574 667 599 et
689 565 838 600 bonum
832 577 862 598 tn
891 564 1107 609 recognitio-

337 628 407 650 nem
449 616 512 650 v·eii
551 615 671 649 donini
705 614 889 650 eorumdem
931 613 1017 659 regni
1056 621 1085 647 et

337 674 447 699 tetrae.

386 716 418 749 8.
447 713 563 748 Adliuc
591 713 772 767 piiusquani
806 711 1001 759 praedictum
1030 723 1086 745 re-

336 776 448 809 onum,
472 763 518 796 tel
547 771 668 797 tantum
699 762 737 796 de
764 773 832 809 ipso
860 760 1086 808 acquisiveritis

337 814 382 845 tel
424 811 648 854 adhibueritis
682 810 767 857 quod
801 811 923 844 etiamsi
955 809 1086 864 aliquae

338 861 439 907 ipsius
477 861 564 906 regni
603 860 745 895 civitates
791 860 839 894 vel
875 859 1086 897 munitiones,

336 919 388 945 aut
410 910 469 944 alia
497 910 599 955 aliqua
622 909 688 943 loca
715 908 818 943 adhuc
845 908 933 942 vobis
959 906 1086 942 rebellia

337 959 464 1002 fuerint,
496 958 685 1005 reputemini
712 965 743 992 et
771 958 896 1004 possitis
920 956 1018 1003 ipsius
1044 968 1087 990 re-

335 1009 387 1053 gni
422 1020 475 1042 rex
510 1009 556 1041 vel
590 1007 738 1042 dominus
773 1006 922 1052 reputari,
958 1005 1087 1040 solvetis

335 1057 496 1091 Romanae
530 1055 692 1091 Ecclesiae
725 1056 955 1102 quinquaginta
991 1054 1087 1088 millia

335 1118 512 1140 marcarum
535 1104 758 1150 sterlingorum
779 1117 834 1151 per
856 1103 934 1138 infra
953 1103 1088 1150 scriptos

336 1155 499 1198 terminos,
525 1154 644 1190 scilicet
666 1154 749 1200 quod
773 1154 851 1188 inlra
873 1165 928 1187 sex
951 1165 1087 1193 menses,

336 1213 502 1250 postquam
535 1204 653 1238 dictum
681 1214 812 1248 regnum
847 1202 1088 1248 acquisiveritis,

337 1261 430 1299 prout
453 1253 571 1287 dictum
598 1260 657 1292 est,
684 1252 811 1286 solvetis
843 1250 947 1285 eidem
975 1250 1088 1286 Eccle-

335 1302 399 1336 siae
413 1301 524 1336 decem
545 1300 643 1336 millia
658 1312 832 1335 marcarum
852 1301 1087 1345 sterlingorum,

335 1359 363 1384 et
391 1350 470 1385 infra
505 1350 647 1395 singulos
673 1361 727 1384 sex
763 1361 889 1383 menses
911 1350 1087 1384 successive

335 1409 506 1446 sequentes
531 1399 658 1433 solvetis
684 1399 808 1443 singula
837 1398 947 1432 decem
981 1398 1088 1438 millia,

336 1447 436 1482 donec
463 1456 525 1481 tota
559 1447 715 1494 praedicta
752 1447 981 1493 quinquaginta
1008 1445 1110 1480 mil-³

336 1497 412 1530 lium
455 1508 578 1531 sumnia
624 1496 717 1530 suem
758 1497 879 1540 integre
919 1495 1087 1541 persoluta.

336 1545 429 1587 Quod
465 1546 489 1579 si
526 1557 582 1579 vos
601 1545 631 1578 in
659 1545 841 1578 huiusmodi
867 1545 1008 1578 terminis
1039 1545 1088 1578 illa

337 1607 398 1628 non
421 1594 590 1637 solveritis,
614 1593 747 1627 liberum
766 1595 824 1627 erit
843 1592 987 1628 Romano
1008 1592 1091 1627 Pon-

337 1644 412 1677 tifici
437 1653 543 1676 eontra
571 1654 626 1676 vos
649 1654 705 1688 pro
730 1642 863 1687 singulis
884 1642 1029 1676 terminis
1050 1644 1088 1676 ad

336 1704 457 1738 poenas
487 1692 670 1737 spirituiles
698 1691 870 1737 procedere
905 1699 995 1745 prout
1029 1691 1089 1725 sibi

336 1740 496 1775 videbitur
535 1740 693 1785 exptdire.
721 1739 803 1780 Quia
832 1752 922 1780 veto,
949 1742 1030 1774 sicut
1059 1740 1089 1774 in

337 1797 467 1823 tractatu
484 1789 601 1835 negotii
617 1797 721 1822 actutu
737 1789 852 1831 extitit,
867 1798 1009 1835 tempore
1027 1800 1090 1834 quo

338 1847 421 1873 esset
451 1838 710 1881 tractatt1875ioe
744 1839 905 1883 negotium
940 1850 1090 1872 consum-

338 1888 502 1931 mandum,
524 1864 673 1921 domiiitis
687 1886 770 1933 Papa
786 1887 966 1932 petitionem
995 1898 1090 1931 super

339 1937 536 1971 remittendis
559 1935 645 1970 vobis
667 1936 786 1970 eisdem
814 1935 925 1970 decem
953 1934 1091 1970 millibus

338 1997 514 2019 marcarum
538 1985 649 2019 fat-tam
677 1984 819 2019 crederet
846 1997 883 2019 ex
912 1993 999 2031 parte
1022 1984 1090 2018 sal-

339 2042 400 2068 tem
434 2035 550 2081 aliqua.
585 2034 625 2068 de
651 2045 711 2079 qua
746 2046 800 2067 vos
835 2035 932 2068 teneri
965 2033 1023 2068 sibi
1052 2033 1089 2068 ad

337 2084 468 2129 grati-im
506 2083 674 2123 deberetis,
709 2083 879 2123 nolumus,
923 2083 1007 2129 quod
1036 2094 1092 2129 per

338 2132 564 2187 praefixionem
579 2130 759 2165 huiusmodi
775 2132 814 2165 al
820 2131 926 2178 quod
922 2144 951 2166 in
969 2132 1027 2166 lioc
1043 2131 1091 2166 fa-

338 2181 397 2215 ciet
415 2181 503 2215 vobis
521 2190 712 2227 pergratiam
729 2180 769 2215 de
790 2182 945 2227 praedicta
966 2193 1089 2215 summa

339 2229 448 2263 dotem
473 2230 606 2263 millium
641 2241 817 2263 marcarum
845 2229 1051 2264 deducantur.

1127 563 1230 598 alias
1225 565 1325 610 ipsius
1347 563 1508 599 Ecclesiae
1531 575 1587 610 per
1607 563 1726 598 ltaliam
1750 571 1876 598 trecen-

1128 621 1175 647 tos
1201 614 1317 647 milites
1345 613 1437 660 equis
1469 621 1499 647 ct
1524 612 1620 647 armis
1647 612 1729 647 bene
1759 620 1791 647 et
1817 611 1874 647 de-

1126 670 1234 696 center
1255 662 1393 697 munitos
1415 670 1446 696 et
1465 670 1600 709 paratos,
1623 662 1661 695 ita
1679 662 1763 708 quod
1784 674 1878 696 uuus-

1128 711 1265 758 quisque
1301 712 1440 757 ipsorum
1475 711 1587 745 lrabeat
1618 719 1754 757 quatuor
1786 711 1877 757 eqni-

1129 769 1244 794 tatur-is
1271 760 1320 794 vel
1355 769 1417 795 tres
1442 760 1479 794 ad
1511 760 1630 803 minus,
1661 761 1690 793 in
1713 759 1877 794 Ecclesiae

1129 809 1307 855 praedictae
1328 809 1515 856 obsequium
1535 817 1564 843 et
1583 808 1760 843 subsidium
1780 816 1878 843 tr-aiis

1128 866 1258 892 mittetis
1279 870 1336 904 per
1362 867 1424 892 tres
1453 870 1578 893 menses
1600 866 1738 903 integros
1765 869 1795 891 in
1825 868 1878 892 ve—

1128 907 1212 946 stris
1239 908 1287 941 vel
1325 907 1482 942 dictorum
1509 907 1540 941 in
1573 918 1671 953 regno
1705 906 1876 941 haeredum

1128 955 1310 1002 sumptibus
1331 964 1361 990 et
1377 955 1560 1010 stipendiis,
1581 955 1680 990 semet
1703 963 1825 991 tantum
1845 956 1877 990 in

1128 1017 1211 1039 anno
1230 1005 1261 1039 in
1279 1005 1406 1040 servitio
1424 1005 1568 1040 eiusdem
1590 1004 1751 1039 Ecclesiae
1774 1012 1877 1039 matu·

1128 1062 1264 1098 rattiros,
1292 1054 1454 1089 mensibus
1481 1054 1557 1100 ipsis
1578 1066 1593 1088 a
1612 1053 1675 1097 die,
1697 1066 1760 1100 quo
1782 1053 1876 1088 iidem

1129 1103 1245 1138 milites
1270 1110 1384 1137 terram
1412 1104 1503 1138 vestri
1542 1103 1688 1143 dominii,
1724 1102 1771 1138 vel
1799 1102 1878 1138 fines

1129 1155 1222 1187 vestri
1263 1152 1424 1187 districtus
1467 1152 1624 1199 egressuri
1663 1152 1778 1186 fuerint
1824 1164 1879 1198 per

1129 1202 1270 1247 vulgatas
1295 1201 1394 1236 dietas
1432 1209 1464 1235 et
1498 1201 1604 1236 solitas
1639 1201 1877 1248 computandis,

1129 1251 1211 1297 quod
1235 1250 1259 1284 si
1288 1250 1432 1284 maluerit
1464 1249 1603 1284 Ecclesia
1624 1250 1746 1294 eadem,
1770 1250 1879 1296 ingru-

1129 1308 1201 1334 ente
1221 1299 1489 1346 necessitate,qua
1509 1307 1610 1334 stetur
1627 1299 1722 1334 verbo
1742 1298 1879 1334 Romani

1131 1347 1304 1388 pontificis,
1332 1357 1365 1382 ut
1392 1347 1511 1383 dictum
1539 1356 1597 1393 est,
1619 1347 1719 1383 navali
1743 1348 1773 1382 in
1803 1348 1880 1383 mari

1129 1398 1267 1432 exercitu
1286 1397 1434 1444 praedicti
1453 1398 1579 1437 milites,
1596 1397 1701 1432 debita
1724 1397 1879 1432 taxatione

1130 1455 1159 1480 et
1190 1446 1479 1492 recompensatione
1507 1446 1699 1493 praehabita,
1718 1447 1748 1481 in
1772 1446 1880 1481 navale

1130 1496 1256 1530 stolium
1286 1504 1510 1530 commutetur.

1182 1546 1237 1578 10.
1264 1543 1380 1578 Verum
1405 1544 1560 1590 praedicta
1579 1544 1689 1579 civitas
1711 1543 1879 1579 Beneven—
1905 1558 1984 1579 civit-s
2007 1557 2076 1579 aen·-

1893 1593 1984 1611 ventana
2017 1588 2075 1610 Rom

1892 1619 1932 1642 tice
1936 1620 2001 1641 testae
2040 1625 2076 1640 re-

1131 1643 1188 1675 silii
1221 1642 1361 1681 retinuit
1388 1650 1418 1676 et
1454 1642 1483 1676 in
1511 1653 1603 1676 suum
1638 1641 1821 1676 domanium
1847 1651 1878 1677 et
1892 1653 1995 1671 ’ututur

1130 1600 1212 1632 tana
1248 1605 1342 1647 quam
1376 1592 1529 1627 hactenus
1560 1592 1702 1627 Romana
1738 1593 1878 1628 Ecclesia

1131 1691 1306 1725 dominium
1330 1702 1401 1724 cum
1427 1690 1577 1725 omnibus
1604 1691 1724 1725 iuribus
1752 1699 1782 1725 et
1806 1703 1879 1738 per-

1131 1740 1272 1774 tinentiis
1295 1740 1474 1782 reservavit,
1492 1748 1521 1772 et
1540 1748 1639 1774 totum
1659 1747 1877 1775 tenementum

1130 1789 1264 1822 civitatis
1285 1789 1428 1822 eiusdem
1456 1801 1528 1821 euui
1557 1788 1673 1823 finibus
1703 1789 1770 1824 eius
1790 1789 1881 1824 anti-

1131 1837 1214 1884 quis,
1241 1849 1322 1884 qnos
1359 1836 1523 1871 Romanus
1556 1836 1701 1872 Pontifex
1737 1838 1881 1885 quando-

1131 1898 1280 1932 cumque,
1311 1886 1407 1920 semel
1435 1898 1507 1920 cum
1533 1886 1590 1920 sibi
1610 1885 1770 1933 placuerit,
1797 1886 1879 1922 bona

1132 1935 1193 1969 lide
1211 1935 1395 1980 distinguet,
1413 1934 1515 1969 eidem
1533 1934 1707 1979 Ecclesiae,
1718 1943 1748 1970 et
1763 1936 1793 1970 in
1812 1936 1880 1971 eius

1134 1985 1322 2030 proprietate
1349 1984 1447 2018 libere
1470 1984 1657 2026 remanebit,
1690 1984 1778 2019 nullo
1812 1985 1878 2021 iure

1133 2032 1223 2067 nobis
1242 2032 1288 2067 vel
1309 2033 1499 2080 cuicumque
1524 2033 1576 2067 alii
1603 2033 1643 2069 de
1666 2045 1763 2080 regno
1784 2045 1880 2081 prae·

1131 2081 1229 2124 dicto,
1255 2093 1311 2116 seu
1328 2082 1470 2128 quolibet
1499 2082 1877 2118 reservatoxdistinctioni

1131 2142 1259 2177 quoque
1282 2143 1337 2176 per
1360 2130 1536 2165 Romanuin
1564 2130 1751 2166 Pontificem
1781 2131 1877 2167 semel

1110 2212 1113 2216 ,
1132 2179 1305 2219 faciendae,
1328 2188 1362 2213 ut
1396 2181 1516 2214 dictum
1541 2190 1599 2223 est,
1621 2180 1743 2215 stabitis
1760 2181 1879 2228 absque

1888 260 1940 287 Αιι.
1953 261 1983 287 C.
2004 260 2070 288 1265

1110 2217 1380 2263 lcontradictione
1402 2240 1458 2262 seu
1485 2228 1691 2275 refragatione
1724 2240 1880 2276 quacum-

1110 2275 1113 2290 ¹
1133 2289 1207 2323 qne,
1231 2285 1321 2322 prout
1339 2278 1404 2323 ipsa
1427 2278 1589 2312 distinctio
1619 2290 1674 2325 per
1695 2277 1879 2325 apostolicas

1134 2327 1252 2360 litteras
1273 2326 1444 2372 apparebit.

388 2282 420 2313 9.
463 2277 738 2324 Quandocumque
782 2287 885 2313 autem
928 2277 1091 2313 Romanus

340 2326 498 2364 Pontifex,
526 2329 578 2373 qui
607 2339 664 2373 pro
688 2337 828 2373 tempore
864 2326 971 2367 fuerit,
999 2339 1092 2361 asse-

1184 2376 1239 2408 Η
1264 2374 1324 2409 Pro
1349 2374 1503 2421 praedicta
1525 2386 1653 2421 quoque
1678 2375 1800 2410 civitate
1823 2375 1881 2410 Be·
1907 2389 1972 2416 Ligna
2011 2390 2080 2411 ιιιιια.

343 2375 498 2409 rueiitvel
514 2376 625 2410 dixerit
649 2374 822 2409 Romanam
847 2374 1019 2410 Eiclesiam
1044 2377 1092 2410 in-

342 2424 459 2470 dione,
487 2424 526 2457 ita
554 2425 638 2471 quud
661 2437 757 2470 super
782 2425 951 2470 indigentia
981 2425 1092 2459 liuius·
1134 2431 1306 2457 neientana
1330 2424 1397 2462 liae,
1417 2425 1480 2457 vice
1507 2423 1674 2458 reficienda
1697 2435 1753 2479 per
1775 2424 1880 2460 Bene-
1894 2421 2080 2472 gfifeffi‘mcffi]

344 2474 425 2507 modi
459 2473 558 2518 ipsius
592 2472 726 2507 Romani
761 2473 923 2508 Pontilicis
956 2474 1090 2520 simplici
1111 2461 1114 2517 Ῑ
1135 2480 1296 2510 tentarios,
1323 2473 1487 2519 exponetis
1510 2485 1564 2519 pei·
1589 2473 1792 2519 septennium
1824 2486 1880 2521 pro
1894 2485 1948 2503 ωε

344 2522 436 2555 »cilio
463 2530 573 2562 stetur,
597 2535 663 2565 tos,
691 2522 737 2555 vel
761 2523 851 2556 vestri
875 2523 905 2555 in
931 2522 1015 2556 dit-to
1042 2534 1092 2556 re·
1134 2521 1356 2566 lignaminibus
1379 2534 1482 2555 omnia
1506 2533 1632 2555 nemora
1655 2522 1795 2568 ipsorum
1823 2535 1881 2557 re·-

342 2582 405 2622 gno
429 2570 582 2605 liaeiedes
609 2571 748 2624 requisiti
771 2571 810 2605 ab
837 2583 886 2611 eo,
910 2571 940 2605 in
960 2570 1091 2614 Urbem,
1132 2570 1185 2614 gni
1212 2578 1242 2603 et
1263 2582 1390 2604 omnem
1414 2571 1574 2605 materiam
1597 2569 1635 2604 ad
1658 2570 1797 2605 aedilicia
1821 2583 1880 2619 op-

343 2630 371 2650 ιιι
400 2618 624 2665 Ctmpaniam,
650 2632 678 2653 in
706 2620 905 2659 Μ·ιι·ιιιιιιίιιι,
929 2620 958 2654 ιιι
995 2620 1091 2665 patri-
1109 2643 1113 2663 Ι
1134 2626 1277 2665 portuna,
1306 2627 1378 2665 puta
1401 2618 1532 2665 lapides,
1551 2630 1689 2658 arenam,
1712 2632 1793 2666 qnae
1814 2619 1880 2654 Pu-
