2129 3223
42 265 90 294 An.
109 264 136 291 C.
158 265 223 292 ¹2¹7

239 326 285 354 tes
306 331 361 354 eos
382 317 418 352 ad
435 316 632 363 Baptismum
657 326 712 362 per
739 313 916 349 violentiam
933 324 987 348 ve-

40 369 223 423 ,ssssmm'm'ssj
240 373 307 408 nire
344 370 528 418 compellat,
562 369 618 405 sed
653 369 678 403 si
713 381 821 403 eorum
853 367 988 415 quilibet

41 431 170 468 minimum,
185 433 221 453 ⁸⁶¹-
238 434 350 474 sponte
375 425 414 461 ad
437 424 626 460 christianos
653 422 725 458 fidei
753 434 845 457 causa
869 422 987 458 confu-

41 465 188 485 mur-mun.
237 481 335 528 gerit,
363 487 530 527 postquam
553 479 697 514 voluntas
719 478 787 512 eius
814 478 906 512 suerit
930 490 987 524 pa—

237 535 366 576 tefacta,
404 532 593 568 christianus
632 532 751 579 absque
789 532 892 578 aliqua
920 532 988 566 effi-

236 588 336 623 ciatur
352 586 520 623 calumnia.
542 586 655 622 Veram
674 587 790 634 quippe
809 586 988 621 christiani—

237 641 308 677 tatis
335 641 429 676 fidem
461 640 578 676 babere
600 652 661 675 non
684 640 844 684 creditur,
871 642 924 688 qui
949 640 986 675 ad

236 695 478 732 christianorum
501 695 662 743 Baptisma
689 708 750 731 non
777 703 987 742 spontaneus,

236 750 291 786 sed
313 751 431 786 invitus
451 750 656 797 cognoscitur
676 751 850 798 pervenire.
874 750 989 786 Nullus

237 806 330 842 etiam
369 804 562 840 christianus
595 816 704 840 eorum
740 816 890 852 personas
920 805 988 840 sine

237 860 355 895 iudicio
394 860 556 907 potestatis
590 868 691 895 terrae
725 859 908 900 vulnerare,
935 868 989 894 ant

235 913 396 953 occidere,
425 913 473 948 vel
502 926 576 949 suas
603 914 665 948 illis
693 914 844 961 pecunias
864 914 988 949 auferre

235 976 425 1015 praesumat,
452 976 505 1002 aut
530 968 640 1006 bonas,
675 981 754 1016 quas
776 968 928 1003 hactenus
956 969 986 1003 in

235 1033 282 1063 ea,
310 1022 342 1056 in
375 1034 436 1069 qua
466 1022 611 1058 habitant
638 1023 785 1069 regione,
819 1022 988 1057 habuerint

235 1075 485 1111 consuetudines
507 1076 687 1111 immutare.
715 1076 881 1112 Praeterea
901 1077 931 1111 in
948 1077 989 1111 fe-

235 1129 406 1165 stivitatum
433 1143 563 1165 suarum
583 1131 793 1166 celebratione
819 1131 986 1177 quisquam

234 1182 372 1219 fustibus
399 1184 445 1218 vel
468 1184 628 1230 lapidibus
650 1197 703 1219 eos
738 1184 895 1219 ullatenus
924 1197 986 1219 non

236 1237 416 1283 perturbet,
450 1249 554 1284 neque
591 1237 704 1284 aliquis
736 1237 776 1272 ab
803 1239 849 1272 eis
881 1247 986 1273 coacta

234 1290 360 1325 servitia
380 1290 485 1337 exigat
513 1290 571 1325 nisi
599 1303 648 1334 ea,
670 1303 751 1338 quae
775 1291 833 1338 ipsi
864 1299 987 1338 praete-

237 1343 305 1381 ritis
325 1343 429 1380 facere
451 1344 646 1391 temporibus
667 1352 921 1382 consueverunt.-
949 1345 986 1379 ad

235 1401 313 1438 haec
358 1402 513 1437 malorum
558 1402 724 1437 bominum
771 1403 913 1449 pravitati
959 1411 989 1437 et

235 1460 382 1496 avaritiae
403 1459 566 1495 obviantes
592 1459 806 1500 decernimus,
840 1468 874 1494 ut
895 1472 989 1495 nemo

235 1518 458 1554 caemeterium
479 1518 665 1554 iudaeorum
688 1518 834 1553 mutilare
859 1518 906 1553 vel
930 1519 990 1553 mi-

238 1589 334 1613 nuere
360 1576 474 1612 audeat
495 1577 561 1612 sive
583 1576 713 1612 obtentu
743 1577 894 1622 pecuniae
917 1590 990 1613 cor-

239 1647 313 1682 pora
350 1635 477 1671 humata
516 1634 666 1670 effodere.
706 1635 740 1670 Si
779 1636 851 1683 quis
872 1644 990 1675 autem,

238 1693 356 1728 decreti
373 1693 471 1728 huius
484 1700 593 1729 tenore
607 1693 746 1740 cognito,
765 1702 894 1735 temere,
907 1695 991 1741 quod

238 1751 332 1793 absit,
353 1752 510 1788 contraire
531 1752 709 1796 tentaverit,
743 1752 873 1787 honoris
895 1761 924 1787 et
942 1754 993 1787 ol*-

241 1809 302 1845 ficii
329 1810 376 1845 sui
405 1810 582 1857 periculum
607 1810 761 1857 patiatur,
788 1819 840 1844 aut
862 1822 993 1845 excom-

241 1867 464 1902 municationis
487 1868 605 1902 ultione
633 1868 796 1914 plectatur,
819 1868 879 1903 nisi
903 1881 994 1916 prae—

242 1925 455 1973 sumptionem
478 1937 567 1960 suam
587 1925 679 1972 digna
699 1925 909 1962 satisfactione
924 1940 994 1962 cor-

245 1983 369 2019 rexerit.
393 1982 457 2018 Eos
478 1990 584 2018 autem
607 1982 769 2018 dumtaxat
796 1984 892 2020 buius
915 1999 994 2033 pro-

246 2041 392 2076 tectionis
419 2040 575 2088 praesidio
605 2040 752 2076 volumus
785 2044 995 2084 communiri,

245 2099 299 2148 qui
332 2099 409 2134 nihil
450 2098 623 2134 machinari
658 2102 930 2148 praesumpserint
966 2103 995 2136 in

246 2157 483 2194 subversionem
507 2157 577 2192 fidei
605 2157 801 2193 christianae.

297 2214 412 2251 Datum
434 2215 592 2256 Laterani,
618 2227 672 2261 per
694 2228 822 2251 manum
850 2216 996 2265 Raynerii

249 2282 379 2309 sanctae
408 2273 570 2308 Romanae
597 2272 759 2308 Ecclesiae
789 2273 999 2310 vice-cancel-

251 2331 331 2376 larii,
354 2332 489 2379 septimo
511 2331 583 2366 idus
605 2331 797 2372 novembris,
825 2332 999 2368 indictione

252 2389 371 2437 quinta,
393 2389 618 2425 incarnationis
638 2388 814 2424 dominicae
834 2402 918 2426 anno
935 2392 1002 2426 mil-

254 2441 365 2483 lesimo
385 2447 604 2482 ducentesimo
626 2446 899 2494 decimoseptimo,
922 2461 1002 2496 pon-

254 2505 390 2541 tificatus
412 2518 485 2541 vero
499 2505 619 2540 domini
636 2505 767 2540 Honorii
789 2504 894 2553 Papae
919 2507 1001 2542 tertii

256 2577 338 2599 anno
357 2564 508 2599 secundo.

276 2624 338 2654 Dat.
356 2624 403 2654 die
420 2626 435 2654 7
455 2625 621 2655 novembris
640 2625 724 2661 1217,
743 2624 844 2663 pontis.
860 2633 936 2654 anno
952 2634 982 2654 ιι,

53 1071 159 1094 Moto-tiu
189 1074 221 1094 ei·

37 1101 111 1124 histri
125 1104 191 1124 vetat.

57 1631 150 1653 t'irmttu
185 1633 224 1652 tte-

43 1663 96 1684 creti
110 1662 178 1683 nniuo.

857 257 1021 281 mosomus
1043 257 1078 280 nl
1103 257 1150 279 PP.

1661 247 1724 278 331
1795 256 1844 283 Αι..
1858 255 1888 283 c.
1909 257 1975 284 12¹7

1370 311 1451 346 xvi.

1032 394 1219 426 Eoehortatio
1241 394 1283 425 ad
1297 394 1556 438 archiepiscopum
1578 394 1780 427 Arborensem

1077 443 1199 486 eiusque
1226 443 1380 475 universos
1409 442 1614 476 Ecclesiarum
1645 444 1780 487 provin-

1078 492 1144 525 cine
1171 503 1242 524 suae
1260 493 1435 536 praelatos,
1471 500 1502 524 ut
1538 493 1729 526 orationibus
1754 499 1781 525 et

1079 541 1208 574 auxiliis
1232 542 1413 585 opportunis
1429 552 1487 585 pro
1515 542 1625 575 Terrae
1647 542 1780 575 Sanctae

1081 591 1259 623 liberatione
1283 591 1427 624 desudem
1456 593 1516 633 (l).

1297 667 1511 698 SUMMARIUM

1030 734 1178 763 Adversus
1204 734 1270 763 tidei
1294 733 1394 763 hostes
1422 735 1604 765 orationibus
1627 738 1708 775 prius
1731 739 1779 768 di-

1069 778 1250 808 micandum.
1273 795 1312 800 —
1342 777 1510 815 Hungariae
1538 789 1587 809 rex
1609 781 1637 810 in
1667 781 1781 812 Babilo-

1070 821 1148 851 niam
1168 826 1311 860 penetrat.
1329 839 1368 844 —
1383 821 1505 852 Habitae
1521 833 1535 853 a
1555 823 1695 855 Pontifice
1714 835 1780 856 cum

1069 864 1149 894 clero
1169 874 1273 904 preces
1293 866 1575 897 solemnesz—Eas
1590 869 1784 900 fierimandat

1069 909 1208 939 omnibus
1230 908 1380 939 Ecclesiis.
1406 927 1446 933 —
1473 910 1675 950 Crucesignati
1700 918 1731 943 ut
1748 923 1783 944 eo

1069 963 1098 983 se
1126 953 1279 984 conferant
1305 955 1452 984 monendi.
1483 972 1521 978 —
1545 955 1675 995 Magistri
1697 957 1784 988 Tem-

1069 998 1229 1036 plariorum
1260 999 1296 1028 ad
1324 998 1483 1028 Honorium
1513 1000 1615 1030 literae
1642 1001 1678 1031 de
1706 1006 1783 1033 statu

1069 1042 1175 1072 Terrae
1195 1042 1331 1072 Sanctae.

1028 1108 1158 1137 Honorius
1179 1108 1321 1143 episcopus
1341 1114 1437 1137 servus
1456 1115 1597 1138 servorum
1619 1110 1676 1143 Dei,
1701 1118 1781 1142 vono—

1073 1157 1154 1185 rabili
1173 1156 1261 1185 fratri
1279 1157 1478 1193 archiepiscopo
1500 1157 1637 1193 albot-en„
1663 1162 1694 1189 ot
1723 1162 1780 1190 uni·

1073 1206 1160 1234 versis
1173 1206 1315 1242 episcopis.
1329 1213 1360 1234 ac
1373 1206 1496 1236 omnibus
1505 1207 1683 1238 Ecclesia-um
1701 1217 1782 1246 prae-

1073 1255 1143 1283 tatis
1161 1256 1220 1283 tam
1240 1256 1385 1290 exemptis.
1407 1262 1488 1291 quam
1506 1256 1570 1285 aliis
1593 1264 1642 1293 per
1657 1258 1781 1288 Alboren.

1073 1304 1239 1338 provinciam
1257 1304 1431 1337 constitutis.
1453 1305 1573 1334 salutem
1599 1308 1630 1335 et
1648 1308 1782 1343 apostoli-

1073 1359 1132 1381 cam
1150 1352 1372 1381 benedictionem.

1079 1428 1240 1463 Adversus
1266 1428 1374 1463 hostes
1406 1428 1548 1465 visibiles
1573 1431 1783 1466 invisibilibus
1810 1440 1980 1476 Adversusflfloi

1030 1478 1125 1512 armis
1153 1477 1233 1512 idest
1268 1477 1463 1513 orationibus
1495 1479 1644 1515 dimicare
1670 1472 1982 1529 vetei·i-¹,¹,{³1‚⁸„²,2‘m?2{‚³²{³⁶52

1032 1527 1091 1561 lius
1118 1527 1272 1573 exemplis
1310 1527 1516 1569 instruimur,
1557 1542 1638 1576 quae
1667 1532 1783 1566 nostris
1796 1534 1922 1555 ‘flitmum-

1031 1588 1157 1623 quoque
1198 1576 1395 1621 temporibus
1440 1578 1584 1613 innovata
1600 1606 1607 1618 ,
1657 1580 1785 1626 quando

1032 1626 1229 1660 exercituum
1252 1626 1412 1660 Dominus
1434 1627 1609 1662 infidelium
1638 1629 1784 1664 multitu-

1033 1675 1141 1709 dinem
1165 1674 1249 1709 bello
1276 1674 1448 1721 Hispanico
1471 1676 1597 1711 tradidit
1620 1677 1649 1711 in
1674 1691 1786 1714 manus

1034 1736 1207 1771 paucorum
1237 1723 1377 1758 fidetium
1405 1724 1548 1770 gloriam.
1578 1726 1661 1761 Ecce
1679 1737 1784 1763 autern

1036 1781 1161 1819 tenipus
1187 1785 1249 1819 quo
1271 1773 1409 1808 universi
1436 1774 1543 1809 fideles
1569 1775 1607 1809 ad
1631 1775 1707 1812 haec
1728 1777 1786 1812 de-

1035 1822 1109 1856 bent
1136 1834 1222 1856 arma
1246 1833 1448 1857 concurrere:
1477 1836 1548 1858 ecce
1572 1832 1697 1871 tempus
1722 1839 1786 1873 quo

1035 1871 1141 1906 cinere
1180 1871 1297 1906 debent
1339 1883 1506 1919 aspergere
1545 1882 1640 1920 caput
1674 1887 1785 1916 suum;

1035 1932 1109 1955 ecce
1133 1928 1257 1967 tempus
1291 1933 1355 1968 quo
1389 1921 1506 1956 debent
1532 1922 1562 1957 in
1590 1923 1714 1958 coelum
1742 1924 1787 1960 la-

1037 1982 1213 2017 crymarum
1254 1978 1285 2004 et
1313 1971 1488 2006 orationum
1525 1972 1655 2007 vocibus
1681 1974 1788 2008 excla-

1038 2031 1140 2063 mare,
1164 2027 1198 2053 ut
1219 2019 1271 2053 ille
1293 2020 1346 2066 qui
1370 2032 1432 2054 non
1456 2020 1486 2054 in
1514 2021 1716 2057 multitudine
1737 2023 1789 2057 di-

1039 2068 1144 2111 micat,
1168 2069 1323 2103 innovatis
1344 2069 1441 2115 signis
1462 2078 1492 2104 et
1514 2071 1711 2106 mirabilibus
1728 2073 1789 2107 im-

1040 2118 1177 2156 mutatis,
1199 2117 1375 2152 secundum
1403 2119 1681 2166 omnipotentiam,
1699 2133 1786 2156 suam

1040 2167 1274 2201 multitudinem
1297 2168 1328 2201 in
1357 2168 1511 2213 paucitate
1537 2168 1690 2204 devincat.
1709 2170 1789 2204 Cha-

1041 2216 1155 2251 rissimi
1177 2216 1293 2251 etenim
1321 2216 1376 2250 filii
1399 2218 1497 2251 nostri
1520 2216 1584 2251 A...
1607 2217 1789 2265 Hungariae
1814 2227 1934 2254 Eunmiae
1949 2235 1985 2249 m

1043 2277 1094 2299 rex
1122 2265 1264 2308 illustris,
1285 2273 1317 2299 et
1338 2264 1484 2300 Austriae
1505 2277 1541 2300 ac
1558 2265 1714 2302 Moraviae
1734 2268 1790 2303 du·
1802 2258 1986 2318 {nenff'ffbmm

1041 2326 1105 2354 ces,
1120 2313 1176 2348 viri
1196 2314 1303 2360 utique
1330 2313 1490 2360 dignitatis
1516 2315 1635 2350 honore
1660 2319 1791 2365 conspi-

1042 2362 1106 2402 cui,
1128 2362 1182 2397 sed
1205 2374 1266 2396 non
1294 2363 1401 2397 minus
1421 2362 1492 2397 fidei
1519 2363 1685 2400 devotione
1706 2378 1789 2412 prae-

1043 2411 1130 2451 clari,
1145 2423 1216 2445 cum
1230 2411 1390 2445 nonnullis
1404 2412 1585 2453 comitibus,
1608 2414 1790 2459 baronibus,

1044 2470 1073 2495 et
1095 2460 1155 2495 alio
1182 2460 1332 2494 comitatu
1359 2472 1428 2503 suo,
1455 2460 1512 2496 Dei
1534 2474 1666 2498 munere
1689 2466 1791 2500 ventis

1046 2509 1091 2544 usi
1115 2509 1271 2548 felicibus,
1287 2509 1393 2544 lictora
1410 2509 1708 2558 Hierosolymitanae
1721 2526 1792 2561 pro-

1046 2558 1163 2593 vinciae
1189 2556 1319 2593 feliciter
1341 2559 1523 2605 attigerunt,
1549 2561 1603 2608 qui
1629 2563 1793 2599 attenden-

1080 2629 1118 2663 (t)
1137 2630 1172 2655 Ex
1191 2629 1293 2663 aegest.
1312 2629 1394 2655 Vatic.
