2129 3223
139 272 188 300 An.
206 273 235 300 C.
251 273 318 300 tam

150 480 182 501 Ε-,ι
200 487 224 502 ue
257 488 318 507 igno-

136 510 174 528 ri·
185 487 250 532 (ι’-πω,

139 1671 257 1699 Omnesque
272 1677 310 1691 va-

126 1704 176 1724 lidat
196 1707 255 1724 attus
277 1704 311 1724 ci-

126 1735 179 1755 viles
195 1737 244 1755 tune
255 1738 309 1755 tem-

127 1766 183 1789 pori.-
199 1764 273 1785 laetos.

142 2067 238 2095 nonaque
264 2073 310 2087 om-

129 2107 162 2119 nin
182 2103 204 2120 el
222 2097 311 2126 privil·-

129 2137 168 2154 aie.
194 2132 312 2151 consuetu·

135 2164 196 2186 ‘inem
218 2164 258 2181 etc.
280 2160 311 2180 eir

131 2193 244 2213 wnflmatv

381 262 451 294 550

904 264 1091 287 nummum
1112 263 1274 286 ROMANUM

332 336 451 364 vestrae
477 332 659 371 conceptae,
686 329 717 358 et
742 322 772 357 in
795 320 922 369 scriptis
943 320 1077 356 authen-
1117 319 1304 355 viterbiensi
1341 320 1488 356 volumus
1518 320 1640 367 integre
1667 321 1860 361 conservam

332 377 401 413 ticis
424 388 480 423 pro
513 381 600 409 motu
628 381 735 408 nostro
763 371 903 407 redactae
931 371 1075 409 suerunt,

332 427 362 461 in
381 434 496 463 nostra,
523 432 553 459 et
571 423 698 458 fratrum
722 429 899 457 nostrorum
915 420 1074 455 audientia

332 475 491 518 recitatae,
513 486 549 509 ea
565 485 644 521 quae
663 472 695 507 in
714 471 887 507 Romanam
902 469 1073 505 Ecclesiam

330 524 529 572 temporibus
564 521 738 570 praeteritis
763 519 983 560 commisistis,
1011 531 1074 553 no-

329 574 429 610 lentes
451 573 488 609 ad
510 572 650 619 culpam,
674 570 722 606 vel
743 570 993 617 indignationem
1015 568 1071 603 ali-

328 637 423 671 quam
442 623 584 666 retineri,
612 620 831 667 indulgemus,
866 619 1072 657 remittimus,

327 682 358 708 et
383 674 559 709 relaxamus
580 671 669 706 vobis
689 669 897 705 communiter
915 668 1074 702 universis

327 731 358 758 et
378 722 578 769 singulariter
603 719 745 767 singulis,
773 730 894 757 omnes,
917 726 946 752 et
969 717 1074 763 singu-

328 773 372 808 las
398 772 546 812 offensas,
568 771 687 818 culpas,
715 780 850 816 poenas,
877 775 907 802 et
930 767 1072 810 iniurias,

326 831 357 858 et
378 833 598 870 quaecumque
617 819 674 854 alia
690 818 814 858 delicta,
833 829 890 852 seu
905 816 1072 851 commissa

325 872 409 908 dicto
441 871 490 907 vel
504 871 584 906 facto
610 875 811 916 praesumpta
839 878 938 914 usque
960 866 990 900 in
1014 865 1073 900 bo—

325 922 470 958 diernum
509 920 593 955 diem
627 931 643 953 a
679 916 873 965 temporibus
911 915 1072 951 retroactis

324 980 431 1007 contra
470 969 520 1006 vel
560 968 733 1004 Romanam
772 965 965 1010 Ecclesiam,
1004 964 1071 1000 sive

323 1021 409 1057 card.
436 1021 548 1068 ipsius,
568 1018 615 1053 vel
638 1016 811 1066 quemlibet
832 1015 871 1050 de
897 1014 1004 1052 Curia,
1022 1014 1070 1050 vel

323 1071 439 1107 familia
466 1077 589 1112 nostra,
625 1079 681 1103 seu
712 1065 806 1101 etiam
840 1065 977 1112 aliquam
1005 1064 1071 1099 uni-

323 1121 519 1159 versitatem,
554 1117 601 1152 vel
630 1115 784 1165 speciales
815 1126 966 1162 personas
995 1121 1070 1149 tunc

323 1170 486 1206 Ecclesiae
508 1167 714 1203 adhaerentes
740 1177 795 1212 per
820 1163 998 1200 Commune
1020 1162 1070 1197 Vi-

322 1219 427 1259 terbii,
453 1219 518 1254 sive
546 1229 601 1265 per
614 1216 752 1264 aliquem
772 1213 821 1250 vel
844 1213 966 1261 aliquos
987 1213 1070 1248 cives

322 1268 536 1304 viterbienses
570 1276 772 1314 quocumque
805 1263 915 1304 modo,
952 1262 1000 1298 vel
1031 1275 1069 1298 ex

322 1331 415 1354 causa
443 1328 654 1366 quacumque,
681 1327 738 1351 seu
760 1313 926 1348 occasione
953 1312 1070 1347 discor-

322 1368 391 1403 diae
417 1367 541 1403 liabitae
569 1365 691 1401 dudum
719 1364 800 1398 inter
833 1362 1003 1397 Ecclesiam
1038 1369 1068 1396 et

322 1417 480 1466 quondam
508 1416 543 1451 F.
581 1415 655 1450 olim
689 1414 910 1460 imperatorem
943 1424 998 1459 pro
1031 1423 1068 1446 eo

322 1466 405 1516 quod
427 1474 534 1502 contra
556 1463 731 1500 Ecclesiam
746 1461 850 1497 eidem
871 1460 920 1499 F.,
936 1461 984 1496 vel
1000 1461 1068 1495 eius

322 1516 448 1552 nunciis
469 1514 670 1554 adhaesistis,
703 1522 734 1548 et
760 1511 865 1546 omnia
897 1511 1010 1545 damna
1038 1518 1068 1544 et

324 1578 452 1614 poenas,
474 1577 566 1613 quae,
589 1563 636 1599 vel
651 1575 728 1610 quas
751 1569 877 1609 propter
899 1560 1067 1607 praemissa

323 1617 370 1651 vel
392 1614 508 1663 aliquid
532 1613 774 1661 praemissorum
795 1610 1003 1645 communiter
1020 1610 1066 1644 vel

324 1665 501 1714 specialiter
537 1662 724 1698 incurristis.
763 1659 811 1695 Ad
849 1659 927 1694 haec
958 1671 1068 1694 omnes

324 1725 354 1751 et
375 1714 516 1761 singulas
536 1712 719 1751 sententiaS,
742 1718 771 1746 et
793 1717 972 1757 praecepta,
994 1721 1068 1757 pro-

324 1777 443 1808 cessus,
469 1772 499 1798 et
525 1774 636 1798 omnes
662 1767 840 1796 contractus
868 1758 1001 1797 habitos,
1023 1758 1068 1793 vel

323 1814 498 1851 celebratos
514 1813 545 1847 in
569 1810 721 1851 Viterbio,
745 1809 791 1844 vel
806 1808 999 1856 ubicumque
1014 1820 1069 1856 per

322 1863 497 1900 Viterbium
520 1863 673 1897 hactenus
700 1860 829 1908 plenum
852 1857 946 1893 robur
968 1858 1008 1892 ita
1023 1869 1069 1893 vo·

323 1915 429 1949 lumus
450 1912 604 1957 obtinere,
629 1910 713 1958 quod
736 1907 1070 1944 excommunicationis

323 1964 501 2007 occasione,
535 1974 596 2010 qua
624 1968 700 1995 tunc
722 1958 930 1999 tenebamini,
956 1957 1067 1992 irritari

325 2020 493 2062 nequeant,
516 2012 562 2047 rel
593 2010 718 2046 cassari.
753 2007 915 2043 Possessio
942 2015 1045 2042 autem
1061 2035 1069 2047 ,

325 2063 371 2099 vel
407 2069 525 2105 tenuta,
552 2072 645 2108 quam
667 2059 782 2094 Petrus
807 2057 918 2092 Bonus
946 2064 976 2092 et
1002 2057 1070 2091 eius

326 2113 379 2148 filii
396 2111 559 2160 possident
573 2121 657 2145 nunc
678 2109 709 2143 in
721 2107 892 2143 tenimento
907 2106 946 2141 de
960 2105 1068 2141 Fracta

325 2161 513 2199 etomnibus
529 2158 726 2208 pertinentiis
753 2157 839 2198 eius;
862 2163 970 2192 tenuta
987 2168 1070 2203 quo-

326 2225 405 2260 que,
435 2211 499 2246 sive
534 2209 693 2257 possessio
734 2219 827 2255 quam
863 2205 978 2241 habent
1017 2205 1069 2239 filii

325 2260 484 2309 quondam
510 2258 664 2298 Rolandi,
704 2256 786 2292 Petri
826 2255 992 2290 Alexandri
1031 2255 1069 2289 de

325 2312 431 2352 domo,
453 2309 579 2359 palatio,
597 2308 686 2351 turri,
701 2318 781 2354 quae
814 2314 887 2340 sunt
918 2304 1015 2352 posita
1039 2305 1070 2338 in

325 2369 465 2396 contrata
487 2358 594 2395 Sancti
617 2356 778 2403 Peregrini
801 2355 886 2390 iuxta
913 2355 991 2389 viam
1012 2367 1071 2401 pu-

327 2411 438 2446 blicam
461 2417 492 2444 et
512 2409 613 2443 rivum
642 2418 754 2454 aquae,
779 2412 1005 2440 conserventur
1027 2404 1072 2439 eis

329 2461 447 2507 integra
473 2466 504 2494 et
524 2457 640 2492 illaesa.
668 2455 760 2492 Salvo
782 2462 886 2490 tamen
909 2454 977 2489 iure
998 2466 1072 2501 pro—

330 2509 466 2556 prietatis
491 2506 621 2543 cuilibet
642 2506 755 2541 volenti
783 2516 879 2552 super
900 2504 938 2539 iis
965 2513 1072 2539 contra

331 2569 527 2604 possessores
567 2568 655 2591 suam
695 2553 858 2590 intendere
897 2554 1071 2589 actionem:

331 2619 440 2641 omnes
465 2607 557 2642 etiam
580 2604 842 2645 consuetudines,
864 2615 953 2645 usus,
980 2611 1011 2638 et
1042 2601 1073 2637 li-

332 2656 463 2690 bertates
477 2655 637 2690 communi
659 2654 802 2698 Viterbii,
822 2661 851 2689 et
873 2652 1001 2688 cuilibet
1013 2651 1072 2686 civi

1118 369 1261 404 volumus
1289 369 1434 417 insuper,
1467 377 1561 418 atque
1583 370 1796 417 praecipimus
1821 370 1860 405 de

1119 427 1279 466 potestate,
1302 419 1410 455 balivis
1422 419 1620 461 Communis,
1642 419 1812 465 iudicibus,
1829 429 1860 456 et

1116 469 1274 510 omnibus,
1309 477 1339 504 et
1371 470 1505 516 singulis
1525 469 1712 505 officialibus
1733 481 1860 505 eorum-

1116 517 1203 559 dem,
1226 527 1259 554 ut
1280 518 1310 553 in
1333 511 1398 554 suis
1423 519 1534 554 officiis
1559 519 1672 566 singuli
1700 531 1799 567 usque
1819 520 1856 555 ad

1115 567 1380 615 complementum
1407 569 1456 603 sui
1478 569 1628 615 temporis
1646 577 1857 616 perseverent.

1115 625 1143 652 et
1165 617 1204 652 de
1226 618 1392 666 praedietis
1404 617 1589 653 officialibus
1603 619 1780 665 potestaria,
1801 631 1856 655 seu

1114 666 1224 702 officiis
1243 679 1410 702 commune
1435 667 1566 702 Viterbii
1590 668 1687 713 possit
1708 668 1804 704 libere
1825 669 1855 704 in

1115 716 1255 751 futurum
1282 729 1336 764 per
1357 717 1544 752 electionem
1567 716 1747 763 disponere,
1777 718 1855 754 sicut

1114 765 1266 802 hactenus
1311 767 1482 802 consuevit.
1540 765 1705 802 Praeterea
1742 776 1856 804 castra.

1115 815 1200 850 villas
1226 824 1256 851 et
1281 829 1388 856 arces,
1427 828 1618 863 eorumque,
1652 828 1688 851 ac
1724 817 1854 853 aliorum

1113 877 1218 900 rerum
1240 866 1470 913 possessiones,
1497 878 1576 913 quae
1600 877 1768 901 commune
1794 866 1856 902 Vi-

1114 915 1216 956 terbii,
1240 916 1284 950 vel
1301 915 1435 963 quilibet
1455 916 1530 951 civis
1551 915 1756 951 Viterbiensis
1772 916 1856 952 intus

1113 965 1158 999 vel
1180 972 1266 1000 extra
1289 965 1440 1013 possidet,
1467 964 1554 1000 vobis
1574 966 1760 1001 auctoritate
1777 978 1855 1014 apo-

1112 1015 1218 1049 stolica
1240 1014 1464 1050 confirmamus
1491 1023 1521 1049 et
1552 1022 1612 1049 tam
1640 1015 1734 1061 haec,
1759 1027 1853 1064 quam

1111 1064 1167 1098 alia
1186 1064 1268 1100 bona
1283 1064 1460 1099 communis
1482 1063 1624 1103 viterbii,
1647 1064 1694 1100 vel
1720 1064 1855 1101 cuiusli-

1112 1113 1162 1147 bet
1199 1114 1334 1161 privatae
1361 1125 1513 1161 personae
1539 1114 1578 1148 de
1611 1113 1754 1150 Viterbio
1787 1116 1855 1151 sine

1111 1162 1323 1199 destructione
1361 1172 1455 1211 atque
1477 1162 1686 1198 diminutione
1720 1165 1853 1200 turrium

1111 1213 1156 1248 vel
1190 1212 1356 1248 domorum
1392 1213 1586 1260 ubicumque
1622 1224 1676 1248 eas
1701 1213 1854 1259 habeant,

1111 1262 1214 1298 illaesa
1239 1271 1463 1298 conserventur
1477 1263 1607 1298 eisdem.
1629 1261 1743 1298 Nullus
1760 1264 1853 1300 etiam

1108 1311 1283 1347 Viterbien.
1303 1313 1467 1348 occasione
1495 1311 1624 1353 obsidis,
1657 1312 1705 1347 vel
1747 1313 1855 1349 balivis

1109 1370 1163 1396 aut
1216 1361 1308 1396 officii
1364 1361 1496 1397 alicuius
1516 1389 1524 1402 ,
1571 1374 1628 1397 seu
1679 1362 1854 1410 stipendii,

1109 1412 1157 1446 vel
1179 1411 1239 1446 alio
1260 1423 1462 1460 quocumque
1489 1410 1582 1446 modo
1604 1411 1720 1447 invitus
1745 1411 1784 1448 de
1798 1411 1855 1448 Vi-

1109 1460 1208 1496 terbio
1230 1461 1422 1502 extrahatur,
1446 1473 1502 1496 nec
1519 1461 1689 1496 teneamini
1711 1462 1853 1510 accipere

1109 1510 1307 1551 masnadam,
1335 1510 1383 1545 vel
1410 1510 1547 1557 aliquam
1573 1510 1708 1545 militum
1729 1512 1854 1547 comiti-

1108 1572 1190 1598 vam,
1211 1572 1266 1595 seu
1288 1560 1469 1595 societatem
1494 1560 1671 1607 aliquorum
1690 1560 1853 1596 hominum

1108 1616 1297 1644 armatorum
1326 1609 1355 1643 in
1377 1608 1532 1652 Viterbio,
1558 1609 1617 1644 nisi
1641 1609 1719 1645 forte
1740 1610 1855 1646 nobilis

1108 1659 1154 1693 vir
1185 1658 1323 1693 Thomas
1349 1658 1388 1694 de
1420 1658 1552 1694 Foliano
1585 1667 1709 1694 nostrae
1740 1659 1853 1696 Curiae

1110 1708 1333 1749 marescalcus,
1372 1708 1418 1743 vel
1457 1709 1535 1743 alius
1572 1708 1707 1744 nuncius
1751 1718 1854 1746 noster

1109 1758 1201 1793 vellet
1222 1758 1336 1793 intrare
1354 1757 1530 1793 Viterbium
1541 1770 1613 1793 cum
1627 1758 1734 1794 decem
1749 1760 1852 1801 sociis,

1109 1807 1157 1843 vel
1185 1807 1307 1855 viginti.
1333 1806 1501 1843 Cassamus
1522 1807 1650 1855 insuper
1675 1816 1706 1843 et
1731 1820 1854 1845 revoca-

1109 1870 1182 1893 mus
1208 1857 1312 1892 omnia
1335 1865 1364 1892 et
1390 1857 1511 1904 singula
1536 1857 1714 1904 privilegia,
1735 1858 1854 1894 litteras

1110 1916 1140 1943 et
1161 1907 1276 1955 scripta
1297 1907 1457 1955 quaelibet
1482 1919 1498 1942 a
1523 1907 1624 1948 vobis,
1656 1907 1703 1943 vel
1725 1907 1764 1943 ab
1793 1908 1853 1943 alio

1111 1969 1314 2005 quocumque
1340 1956 1522 1992 auctoritate
1550 1965 1670 1998 nostra,
1692 1957 1739 1992 vel
1761 1957 1854 1993 Sedis

1111 2005 1331 2054 Apostolicae,
1371 2018 1519 2042 concessa
1558 2007 1605 2042 vel
1637 2006 1715 2042 facta
1747 2015 1853 2042 contra

1111 2068 1279 2091 commune
1300 2056 1447 2096 Viterbii,
1469 2056 1517 2091 vel
1538 2055 1616 2091 alios
1636 2068 1854 2105 quoscumque

1111 2106 1330 2147 communiter,
1356 2105 1405 2141 vel
1431 2105 1608 2154 specialiter
1633 2107 1672 2141 de
1693 2105 1852 2145 Viterbio,

1112 2155 1158 2190 vel
1180 2155 1262 2190 cives
1288 2156 1421 2191 civitatis
1452 2155 1605 2190 eiusdem.
1642 2155 1680 2190 Et
1714 2163 1747 2190 ut
1773 2156 1854 2191 inter

1112 2217 1165 2239 vos
1192 2213 1222 2240 et
1245 2204 1420 2252 praedictos
1442 2205 1586 2240 concives
1618 2213 1737 2240 vestros
1766 2205 1852 2240 firma

1112 2263 1139 2289 et
1174 2262 1321 2302 perpetua
1355 2267 1412 2302 pax
1446 2262 1602 2299 servetur,
1641 2254 1783 2290 volumus
1823 2264 1852 2290 et

1113 2304 1314 2349 mandamus,
1342 2312 1375 2339 ut
1408 2305 1467 2351 ipsi
1489 2304 1635 2339 concives
1656 2304 1792 2339 universi
1822 2312 1852 2339 et

1111 2354 1226 2400 singuli
1251 2354 1420 2394 remittant,
1443 2353 1588 2394 refutent,
1617 2353 1803 2389 renuncient
1823 2362 1853 2388 et

1113 2403 1250 2438 relaxent
1286 2401 1456 2439 Communi
1494 2402 1625 2438 Viterbii
1663 2411 1693 2437 et
1728 2402 1853 2438 cuilibet

1112 2452 1238 2500 speciali
1262 2460 1292 2488 et
1314 2453 1449 2501 privatae
1472 2464 1622 2501 personae
1645 2451 1685 2487 de
1715 2450 1854 2487 Viterbio

1115 2502 1257 2537 universa
1279 2510 1310 2537 et
1323 2502 1447 2549 singula
1468 2502 1590 2543 damna,
1612 2513 1722 2536 omues
1743 2508 1775 2536 et
1793 2502 1853 2537 sin-

1112 2552 1201 2599 gulas
1224 2551 1343 2600 culpas,
1378 2552 1505 2586 iniurias
1527 2559 1557 2586 et
1578 2550 1722 2591 offensas.
1754 2550 1854 2587 ablata

1113 2601 1217 2637 omnia
1244 2609 1274 2637 et
1295 2601 1365 2641 alia,
1383 2613 1462 2649 quae
1481 2608 1586 2636 contra
1607 2612 1661 2635 eos
1687 2608 1716 2635 et
1737 2612 1855 2648 quem—

1114 2651 1187 2686 libet
1209 2663 1315 2686 eorum
1338 2652 1427 2699 ipsis,
1446 2659 1476 2685 et
1496 2650 1542 2685 vel
1565 2650 1692 2685 cuilibet
1714 2651 1855 2697 ipsorum

1877 264 1926 292 An.
1947 265 1975 292 C.
1992 266 2057 293 1232

1880 1820 1954 1840 Omma
1974 1823 2048 1841 eontra

1866 1856 1903 1872 eo!
1926 1854 1972 1872 aeta
1987 1851 2049 1873 infir-

1867 1884 1914 1901 mat.
