2129 3223
145 258 194 283 An.
213 255 241 283 C.
261 257 328 283 1295

393 245 463 278 592

342 309 429 344 censi
451 307 614 344 Ecclesiae
640 307 801 353 sexaginta
823 315 893 343 octo
915 315 1001 342 certo
1023 307 1090 342 loco

342 368 372 394 et
394 369 536 404 congruo
563 357 593 391 in
625 357 692 392 eius
725 356 861 392 dioecesi
897 357 1090 403 assignetur,

342 408 400 442 nisi
433 406 513 442 sorte
547 406 657 441 eadem
689 405 828 441 Ecclesia
862 406 892 440 in
938 406 1090 440 acrostico

342 464 496 497 teneatur,
519 455 603 503 quod
632 467 688 502 pro
709 456 882 502 quantitate
910 455 1010 502 ipsius
1031 466 1090 488 ea—

341 505 411 541 dem
446 505 506 540 sibi
543 504 698 552 reputabit
728 505 759 539 in
787 513 925 544 sorteni;
953 505 977 538 si
1013 503 1089 550 quid

340 567 376 589 ex
412 555 478 601 ipsa
515 554 672 598 defuerit,
710 554 778 589 loco
815 553 929 588 idoneo
956 553 994 588 de
1022 552 1090 587 aliis

340 604 529 652 suppleturi.
557 603 650 645 Quod
682 604 707 638 si
740 603 917 658 saepefatus
945 603 1090 649 princeps

340 666 374 689 ac
406 666 456 689 sui
490 653 529 688 ab
556 652 707 688 Ecclesiis
741 653 930 688 acrosticum
966 651 1090 686 duxerit

340 702 543 750 exigendum,
570 702 609 737 de
636 703 704 749 ipso
726 710 755 737 et
777 702 951 758 quantitate
974 701 1088 747 ipsius,

341 752 400 787 nisi
424 753 483 787 iam
507 752 547 787 sit
569 753 757 793 remissum,
784 752 843 786 erit
866 763 954 798 prius
976 751 1089 785 veritas

341 801 539 849 inquirenda.
567 801 607 836 Et
639 814 712 836 cum
754 800 928 836 constiterit
962 799 1001 834 de
1037 799 1089 833 illo

339 859 369 885 et
391 851 563 898 quantitate
586 851 699 898 ipsius,
721 850 835 906 inquiri
858 850 952 884 debet
975 848 1088 883 nihilo-

341 899 463 941 minus,
493 908 597 935 utrum
625 901 842 953 possessiones
869 907 898 933 et
929 898 1009 933 bona
1034 910 1088 944 pro

339 949 456 996 quibus
479 949 555 984 illud
572 949 706 985 debetur
720 948 909 984 acrosticum
930 951 985 991 (1)
1000 947 1087 981 dete-

340 999 452 1033 riorata
487 999 550 1034 sint
594 1007 721 1046 propter
761 997 908 1033 malitiam
938 997 1088 1042 temporis

339 1060 394 1083 seu
417 1048 510 1082 etiam
529 1048 707 1088 imminuta,
726 1055 756 1082 et
778 1049 862 1082 iuxta
881 1047 1087 1094 quantitatem

339 1097 592 1132 deteriorationis
623 1097 669 1131 vel
708 1096 928 1131 diminutionis
962 1094 1088 1129 illorum

339 1147 527 1181 acrosticum
560 1158 616 1194 pro
644 1146 704 1180 illis
730 1146 873 1181 debitum
912 1144 1088 1184 minuatum

340 1195 468 1244 reliquis
498 1196 528 1231 in
549 1197 614 1231 s'uo
649 1195 761 1230 robore
793 1193 1027 1230 remanentibus
1059 1194 1088 1227 in

340 1245 497 1292 praedicta
521 1245 734 1292 resignatione
756 1244 933 1280 Ravenicae
949 1255 985 1277 ac
1000 1255 1089 1290 prae-

339 1294 423 1330 dicto
449 1294 598 1330 mandato
631 1293 805 1341 apostolico
836 1292 1088 1340 comprehensis,

340 1355 463 1378 necnon
490 1351 522 1379 et
546 1343 721 1392 privilegio,
748 1342 834 1390 quod
861 1354 956 1389 super
977 1341 1089 1376 Eccle-

340 1393 460 1428 siarum
487 1401 518 1427 et
545 1393 729 1428 clericorum
758 1392 955 1427 libertatibus
978 1391 1090 1426 volun-

342 1442 418 1477 tarie
448 1442 594 1490 princeps
623 1442 689 1489 ipse
712 1442 880 1476 concessit.
908 1440 979 1488 Ipse
1010 1452 1090 1487 quo-

340 1503 414 1537 que,
441 1504 478 1526 ac
499 1492 548 1526 sui
574 1501 605 1527 et
626 1491 684 1532 illi,
707 1491 824 1538 quibus
846 1490 885 1525 de
907 1501 988 1524 novo
1011 1497 1088 1523 terra

341 1540 464 1575 dabitur
490 1541 536 1575 vel
564 1541 686 1585 baliva,
719 1552 826 1587 pacem
865 1539 1087 1586 praescriptam

341 1601 465 1625 servare
500 1590 582 1625 bona
616 1590 677 1625 fide
712 1589 874 1630 iurabunt,
909 1601 945 1623 ac
980 1595 1088 1622 contra

343 1640 441 1695 ipsam
465 1640 592 1694 penitus
606 1652 669 1674 non
685 1639 801 1673 venire.
825 1616 917 1680 Ωι1011
941 1637 966 1672 51
985 1636 1087 1672 eidem

343 1688 477 1744 principi
501 1689 547 1724 vel
570 1689 636 1723 suis
650 1689 820 1736 quisquam
843 1687 1005 1722 subiectus
1019 1698 1088 1721 cou-

342 1738 497 1773 travenire
525 1738 792 1786 praesumpserit
828 1745 858 1771 et
886 1735 926 1771 011
948 1736 1008 1770 hoc
1042 1735 1089 1770 la-

341 1798 423 1833 queo
461 1787 801 1822 excommunicationis
841 1786 955 1832 ligatus
995 1797 1090 1832 super

341 1847 380 1871 eo
406 1847 469 1870 non
491 1836 677 1872 satisfecerit
704 1836 781 1871 infra
806 1847 944 1873 annum,
984 1834 1089 1869 dictus

343 1885 489 1932 princeps
511 1886 559 1921 vel
581 1885 645 1927 ille,
672 1886 721 1920 cui
745 1885 887 1920 noscitur
910 1884 1090 1919 immediate

341 1933 486 1976 subesse,
504 1936 671 1982 compellet
692 1935 731 1969 ad
747 1933 992 1969 satisfactionem
1008 1945 1090 1968 com-

342 1991 502 2030 petentem
526 1994 556 2019 et
582 1984 720 2020 debitam
743 1982 965 2024 exhibendam,
993 1995 1089 2030 quem

342 2040 501 2079 tamquam
536 2033 846 2069 excommunicatum
876 2033 942 2079 ipse
974 2040 1004 2066 et
1041 2033 1089 2066 sui

343 2081 373 2116 in
400 2082 549 2118 omnibus
585 2083 767 2123 evitabunt,
803 2090 1020 2129 praeterquam
1061 2082 1089 2115 in

342 2131 546 2179 perceptione
572 2132 707 2175 servitii,
742 2131 828 2186 quod
854 2130 913 2165 sibi
949 2130 995 2165 vel
1030 2130 1091 2165 illis

342 2179 491 2215 exhibere
506 2190 640 2217 tenetur.
666 2180 748 2215 Cum
770 2181 864 2226 igitur
880 2192 934 2215 vos
950 2192 986 2214 ex
1006 2188 1091 2227 parte

343 2241 416 2274 una,
446 2242 568 2265 necnon
597 2239 626 2265 et
655 2238 847 2265 memoratus
883 2230 1029 2276 princeps
1056 2241 1091 2264 ac

342 2278 441 2313 suiex
468 2280 575 2321 altera,
600 2280 826 2328 praescriptam
850 2291 956 2326 pacem
979 2287 1091 2325 sponte

342 2327 498 2364 duxeritis
531 2329 768 2377 acceptandam,
797 2337 826 2364 et
854 2337 914 2363 tam
943 2340 980 2362 ex
1004 2336 1090 2375 parte

344 2385 457 2422 vestra,
484 2391 579 2426 quam
606 2391 663 2414 sua
688 2378 780 2414 suerit
814 2378 905 2412 nohis
931 2377 1093 2412 humiliter

343 2427 566 2474 supplicatum,
587 2435 621 2463 ut
634 2428 779 2463 eamdem
801 2427 1006 2474 dignaremur
1022 2439 1093 2482 apo-

343 2476 455 2511 stolico
489 2477 666 2513 munimine
701 2477 868 2518 roborare,
895 2489 953 2512 nos
980 2477 1092 2511 vestris

343 2532 374 2558 et
399 2526 498 2572 ipsius
521 2526 665 2574 precibus
687 2527 842 2570 inclinati,
873 2538 910 2560 ne
932 2526 1091 2572 negotium

346 2574 442 2619 possit
469 2576 580 2610 iterato
607 2576 639 2610 in
674 2553 861 2615 Ι3Ι1ν1101ι1111
897 2575 1093 2610 confusionis

379 2630 418 2663 (1)
434 2630 535 2657 Census
551 2632 596 2665 qui
615 2640 661 2665 pro
678 2618 747 2665 agris
763 2635 787 2657 et
803 2630 917 2665 praediis
928 2631 1090 2658 solvebatur.

929 253 1088 276 BULLARtU
1092 253 1115 274 M
1143 252 1304 274 ROMANUM

1134 306 1296 351 immergi,
1325 317 1430 352 pacem
1454 306 1552 352 ipsam
1580 304 1645 339 sive
1679 303 1882 339 concordiam

1133 354 1302 401 praedictis
1329 355 1480 409 episcopo
1507 362 1536 389 et
1570 350 1784 389 cardinalibus
1814 365 1882 387 me-

1132 403 1294 439 diantibus
1320 404 1504 439 auctoritate
1534 411 1639 438 nostra
1668 402 1798 450 provide
1836 401 1881 437 fa-

1132 461 1231 495 ctam,
1259 462 1290 487 et
1314 454 1394 488 ultro
1418 462 1595 500 receptam
1622 459 1742 499 gratam
1773 459 1804 487 et
1833 464 1883 487 ra⁸²

1133 511 1193 537 tam
1222 480 1375 538 habentes
1401 503 1587 538 auctoritate
1609 501 1781 548 apostolica
1803 512 1882 536 con-

1132 552 1292 587 firmamus
1319 559 1349 587 et
1377 552 1588 599 praecipimus
1611 550 1743 585 firmiter
1764 549 1882 586 obser-

1132 601 1205 636 vari.
1234 601 1282 635 Ad
1307 602 1455 636 maiorem
1478 609 1582 636 autem
1604 600 1793 636 evidentiam
1811 611 1882 635 sae-

1132 650 1286 697 pedictam
1312 650 1556 697 resignationem
1577 648 1766 694 Ravenicae,
1788 658 1881 697 prout

1131 699 1246 735 exinde
1284 700 1427 735 consecto
1461 699 1644 734 authentico
1681 698 1880 737 continetur,

1132 749 1203 784 huic
1237 758 1361 784 nostrae
1389 750 1520 796 paginae
1547 748 1585 783 de
1608 747 1705 783 verbo
1737 747 1777 782 ad
1813 759 1882 782 ver-

1132 797 1204 832 bum
1234 798 1368 833 fecimus
1389 798 1542 833 adnotari.

1255 866 1292 898 Ιη
1317 866 1438 899 nomine
1475 865 1613 899 Domini.
1651 866 1758 898 Amen.

1180 932 1232 964 Ad
1253 931 1397 964 honorem
1420 932 1480 964 Dei
1509 939 1535 964 el
1563 932 1697 965 Sanctae
1719 931 1834 965 Matris

1133 981 1285 1014 Erclesiae
1311 987 1338 1013 ec
1359 981 1479 1014 domini
1499 981 1604 1025 Papae
1627 981 1798 1014 Innocencii
1817 980 1881 1014 Ill.

1897 248 1947 274 An.
1964 247 1993 275 C.
2013 247 2080 275 ¹225

1909 364 1957 386 Eam
1970 364 2080 386 confirmat

1896 394 2000 416 Pontifex.

1180 1045 1248 1080 Hoc
1269 1054 1317 1081 est
1345 1054 1484 1093 pactum,
1511 1046 1575 1081 sive
1602 1046 1768 1081 conventio
1786 1057 1882 1093 super
1916 1050 2079 1072 ¹¹¹⁵¹ffl¹¹¹01111m

1895 1082 2046 1108 resignationis
2051 1081 2081 1102 t·-

1133 1095 1290 1130 universis
1315 1095 1466 1130 Ecclesiis
1489 1096 1610 1143 positis,
1635 1096 1700 1130 sive
1722 1095 1805 1139 sitis,
1834 1095 1880 1130 vel
1896 1112 2079 1134 etaeaGutttetmo

1131 1144 1290 1179 fundatis
1285 1157 1315 1179 1n
1329 1144 1552 1180 Thessalonica
1565 1157 1663 1191 usque
1678 1143 1880 1184 Corinthum,

1130 1194 1214 1240 quod
1239 1195 1404 1228 intervenit
1439 1195 1520 1229 inter
1544 1194 1709 1228 dominum
1726 1194 1879 1229 Thomam

1130 1243 1188 1278 Dei
1211 1244 1309 1289 gratia
1331 1242 1699 1289 Constantinopolitanae
1723 1242 1882 1278 Ecclesiae

1133 1292 1352 1340 patriarcham,
1369 1301 1399 1327 et
1421 1292 1676 1340 archiepiscopos
1703 1292 1882 1328 Athenien-

1130 1354 1210 1385 sem,
1243 1341 1463 1386 Larisensem,
1491 1342 1739 1388 Neopatrensem
1759 1350 1788 1376 et
1812 1342 1881 1388 epi-

1130 1403 1246 1438 scopos
1268 1391 1527 1438 infraponendos,
1549 1400 1579 1425 et
1595 1391 1728 1426 barones
1750 1391 1883 1426 inferius

1131 1440 1267 1495 propriis
1295 1440 1480 1475 nominibus
1501 1440 1719 1475 declarandos.
1750 1440 1881 1475 Renun-

1131 1490 1286 1524 tiaverunt
1312 1489 1440 1536 quidem
1473 1489 1592 1524 domini
1626 1489 1765 1524 Nameus
1801 1489 1881 1524 Rof-

1131 1538 1237 1573 fredus
1271 1538 1505 1573 comestabulus
1534 1538 1620 1584 regni
1643 1538 1879 1580 Thessalonici‚

1130 1587 1205 1622 Otto
1243 1587 1282 1621 de
1321 1587 1448 1622 Roccha
1483 1588 1631 1622 dominus
1664 1588 1880 1632 Athenarum,

1130 1636 1236 1671 Guido
1267 1637 1424 1677 marchio,
1447 1636 1594 1672 Ravanus
1616 1637 1764 1672 dominus
1791 1637 1881 1673 insu-

1131 1686 1177 1720 lae
1199 1685 1406 1733 Nigripontis,
1430 1685 1607 1734 Rayuerius
1626 1686 1666 1720 de
1685 1686 1806 1727 Traval,
1829 1686 1881 1721 ΑΙ-

1131 1735 1276 1769 hertinus
1307 1735 1345 1770 de
1380 1735 1525 1776 Canosa,
1552 1735 1691 1770 Thomas
1723 1735 1763 1771 de
1788 1735 1880 1771 Stro-

1132 1792 1278 1822 momort.
1305 1796 1412 1819 comes
1433 1784 1624 1828 Bertuldus,
1659 1784 1809 1820 Nicolaus
1841 1786 1880 1820 de

1130 1833 1248 1868 Sancto
1266 1833 1375 1874 Omer,
1397 1833 1587 1869 Guillelmus
1602 1834 1641 1869 de
1654 1833 1776 1875 Blanel,
1794 1833 1880 1870 Guil-

1132 1883 1246 1918 lelmus
1268 1882 1306 1917 de
1325 1882 1403 1917 Arsa
1426 1895 1482 1930 pro
1505 1895 1538 1918 se
1560 1891 1590 1918 et
1611 1882 1792 1919 hominibus
1813 1885 1880 1919 suis

1132 1940 1160 1966 et
1188 1932 1335 1966 fidelibus
1362 1940 1392 1966 et
1420 1932 1571 1973 vassallis,
1595 1933 1626 1967 in
1654 1933 1799 1968 manibus
1817 1946 1879 1969 su-

1133 1981 1262 2028 pradicti
1310 1981 1430 2016 domini
1474 1981 1664 2028 patriarchae
1702 1982 1881 2030 recipientis

1134 2042 1189 2076 pro
1216 2030 1356 2065 Ecclesia
1393 2031 1523 2065 nomine
1558 2030 1677 2066 domini
1711 2031 1816 2079 Papae
1851 2040 1881 2066 et

1132 2091 1189 2113 suo
1212 2088 1242 2113 et
1264 2079 1575 2127 archiepiscoporum
1600 2088 1630 2115 et
1656 2080 1879 2128 episcoporum

1133 2128 1210 2162 iufra
1244 2128 1347 2163 dictos
1374 2130 1527 2164 terminos
1544 2130 1730 2177 positorum,
1765 2139 1795 2165 et
1818 2130 1879 2164 Ec-

1132 2177 1299 2212 clesiarum
1318 2186 1515 2219 cunctarum,
1538 2191 1648 2214 omnes
1674 2179 1822 2214 ecclesias
1851 2189 1879 2213 et

1133 2227 1335 2268 monasteria,
1370 2229 1597 2274 possessiones,
1626 2227 1777 2272 redditus,
1811 2241 1880 2263 mo-

1133 2275 1206 2310 111113
1229 2285 1259 2310 et
1283 2276 1456 2312 immobilia
1479 2277 1571 2319 bona,
1594 2285 1625 2312 et
1647 2278 1792 2313 universa
1814 2278 1879 2313 iura

1132 2324 1292 2359 Ecclesiae
1331 2325 1407 2369 Dei,
1446 2327 1585 2361 volentes
1632 2334 1662 2360 et
1702 2327 1879 2361 firmissime

1135 2375 1352 2420 promittentes
1379 2375 1478 2410 dictas
1511 2375 1669 2410 Ecclesias
1702 2384 1731 2410 et
1767 2388 1879 2411 mona-

1133 2424 1225 2457 steria
1248 2436 1320 2458 cnm
1345 2424 1492 2459 omnibus
1512 2424 1604 2459 rebus
1630 2425 1696 2459 suis
1720 2424 1832 2460 habitis
1850 2435 1879 2459 et

1133 2472 1302 2517 habendis,
1331 2481 1360 2508 et
1383 2485 1533 2521 personas
1561 2475 1591 2507 in
1620 2474 1665 2508 eis
1702 2474 1818 2521 positas
1850 2483 1880 2509 et

1135 2522 1308 2568 ponendas,
1330 2530 1361 2556 et
1387 2523 1521 2558 claustra
1542 2522 1751 2558 Ecclesiarum
1774 2532 1804 2558 et
1818 2535 1880 2558 ser-

1134 2571 1254 2605 vientes
1281 2579 1311 2606 et
1338 2583 1444 2607 servos
1469 2580 1500 2606 et
1526 2571 1655 2607 ancillas
1684 2580 1713 2606 et
1736 2572 1879 2608 homines

1134 2628 1162 2654 et
1187 2621 1330 2655 universa
1360 2620 1587 2667 suppellectilia
1616 2629 1644 2654 et
1679 2621 1758 2656 hona
1783 2621 1877 2657 libera

1896 1144 1955 1169 prim
1958 1145 1992 1170 ipe
