2129 3223
68 279 119 307 An.
134 279 164 308 c.
184 279 252 307 ειη

601 332 668 368 XL.

262 414 551 448 Excommumtaeio
583 414 723 451 illorum,
761 415 815 459 qm·
852 416 883 447 in
919 426 1011 459 reqno

311 463 462 497 Franciae
494 470 608 496 statuta
648 470 754 496 contra
788 464 1011 498 immunitatem

309 513 539 560 ecclesiasticam
559 512 641 545 edita
662 514 822 546 observant
843 514 897 556 (1).

527 589 742 621 sUMMARttJM

258 611 539 695 ffiilllffit‘t'nicatio,
559 656 605 694 (de
619 665 671 696 qua
687 656 716 685 in
730 657 863 694 rubrica).
880 672 919 680 —
931 656 1009 688 Haec

298 701 442 732 sententia
469 700 594 731 ubilibet
611 700 797 740 publicanda.
820 716 857 723 --
879 701 1007 732 Obstan-

298 748 370 777 tium
400 745 561 783 derogatio.
585 760 624 767 —
645 743 760 774 Poenae
784 749 883 774 contra
907 750 1009 775 contu-

299 798 408 820 maces.

256 865 406 894 Alexander
424 865 566 900 episcopus
588 870 684 893 servus
700 870 839 893 servorum
854 863 910 897 Dei.
930 871 1006 894 vene·

301 913 433 943 rabilibus
447 913 584 943 fratribus
603 912 814 949 archiepiscopis
830 914 860 942 et
876 913 1008 950 episcopis

299 969 348 1000 pet·
363 969 477 998 regnum
494 962 620 991 Franciae
643 962 816 994 constitutis,
837 962 954 991 satutem
977 963 1008 991 et

299 1012 478 1048 apostoticam
492 1011 714 1040 benedictionem.

303 1083 460 1129 Improbis
488 1083 697 1131 quorumdam
729 1083 879 1123 volentes,
912 1090 1006 1129 prout

68 1132 242 1170 §neemanim
255 1145 328 1168 cum
350 1132 419 1168 Deo
448 1144 628 1179 possumus,
652 1131 799 1178 refragari
829 1131 1006 1175 conatibus,

58 1165 148 1218 {23:122
160 1171 201 1194 ψ
218 1166 240 1187 '¹’
254 1182 309 1230 qui
340 1181 491 1217 ecclesias
524 1189 556 1215 et
595 1192 746 1228 personas
779 1181 1006 1216 ecclesiasticas

253 1231 404 1278 ipsarum,
435 1238 587 1278 quantum
626 1230 656 1264 in
694 1230 739 1265 eis
776 1238 835 1274 est,
863 1229 1005 1264 libertate

253 1279 415 1320 subversa,
438 1279 573 1315 deiicere
594 1280 624 1314 in
646 1279 743 1313 divini
763 1278 900 1313 nominis
928 1280 1007 1313 iniu-

253 1329 333 1365 riam
356 1328 548 1369 moliuntur;
570 1328 671 1363 felicis
690 1327 917 1363 recordationis
938 1327 1006 1362 Ho-

253 1379 332 1414 norii
350 1386 382 1413 et
394 1377 569 1413 Innocentii
586 1377 802 1412 Romanorum
817 1377 1005 1411 Pontificum

255 1427 535 1476 praedecessorum
551 1435 730 1461 nostrorum
744 1426 882 1472 vestigiis
895 1427 1006 1460 inhae-

254 1477 371 1517 rendo‚
410 1475 725 1511 excommunicamus
764 1487 877 1510 omnes
918 1475 1004 1516 illos,

253 1526 307 1573 qui
344 1526 383 1560 de
421 1534 545 1560 caetero
579 1525 695 1560 servari
727 1524 857 1559 fecerint
890 1532 1005 1560 statuta

253 1575 349 1616 edita,
378 1586 455 1609 usus
482 1583 511 1609 et
533 1573 781 1609 consuetudines
807 1574 1005 1610 introductos

253 1632 360 1659 contra
394 1623 635 1659 ecclesiasticam
663 1623 854 1664 libertatem,
883 1623 941 1658 nisi
970 1637 1003 1658 ea

254 1672 294 1708 de
314 1672 541 1720 capitularibus
570 1673 638 1707 suis
665 1672 744 1707 infra
770 1672 850 1707 duos
878 1684 1005 1708 menses

254 1729 326 1769 post
351 1721 532 1756 huiusmodi
556 1722 802 1768 publicationem
822 1722 1004 1765 edicti,nul-

254 1771 376 1806 latenus
398 1771 530 1806 ulterius
552 1770 752 1814 resumenda,
773 1770 901 1805 fecerint
915 1783 1007 1805 amo-

254 1820 331 1856 veri.
347 1820 668 1855 Excommunicamus
682 1831 808 1866 quoque
823 1822 1005 1855 statutarios

254 1876 286 1904 et
303 1869 473 1916 scriptores
494 1877 682 1903 statutorum
705 1869 857 1914 ipsorum,
881 1880 1003 1904 necnon

254 1917 421 1962 dominos,
453 1926 638 1965 potestates,
676 1918 840 1957 consules,
868 1927 1005 1953 rectores

254 1974 286 2002 et
311 1967 505 2002 consiliarios
537 1967 696 2007 locorum,
729 1967 780 2001 ubi
814 1966 854 2002 de
880 1976 1005 2002 caetero

255 2015 437 2051 huiusmodi
458 2024 584 2059 statuta,
606 2027 683 2050 usus
704 2023 735 2050 et
756 2017 1005 2051 consuetudines

255 2065 337 2100 edita
377 2065 513 2109 fuerint,
553 2064 601 2099 vel
637 2072 777 2109 servata,
813 2077 934 2101 necnon
975 2074 1005 2100 et

243 2114 346 2159 ‘illos,
376 2115 431 2161 qui
462 2113 637 2149 secundum
671 2125 708 2148 ea
735 2115 1005 2162 praesumpserint

257 2162 409 2204 iudicare,
444 2163 492 2198 vel
527 2163 558 2197 in
581 2162 741 2209 publicam
767 2163 898 2199 formam
925 2166 1005 2199 scri-

66 2211 331 2267 {ffgff‘fl‘fflssbere
362 2212 508 2247 iudicata.
531 2212 614 2246 Cum
646 2209 739 2258 igitur
764 2212 853 2248 vobis
884 2214 1005 2260 praeci-

59 2247 147 2296 iaimafi
171 2250 185 2273 Ρ
222 2245 242 2267 ⁵⁸
257 2273 332 2309 pue,
353 2273 434 2309 quos
457 2261 634 2308 praedictae
652 2260 806 2297 libertatis
832 2274 1005 2310 propugna-

256 2323 340 2350 tores
372 2326 442 2349 esse
472 2322 595 2361 oportet
623 2323 813 2355 constantes,
837 2328 875 2351 ex
901 2316 1004 2351 officio

255 2368 422 2416 impositae
445 2367 641 2403 necessitatis
665 2368 827 2404 incumbat
856 2382 911 2417 pro
932 2382 1003 2405 san-

254 2421 374 2456 ctuario
396 2420 520 2457 Domus
540 2420 681 2465 Domini,
709 2433 749 2456 ne
777 2422 808 2456 in
835 2423 1004 2458 conculca-

253 2474 373 2510 tionem
408 2475 527 2516 veniat,
562 2476 708 2510 resistere
735 2476 866 2511 viriliter
891 2488 1004 2512 ascen-

256 2526 404 2563 dentibus
446 2528 637 2569 exadoerso,
683 2536 717 2563 ut
760 2528 901 2565 Ecclesia
945 2530 1003 2565 Dei

255 2580 404 2617 adversus
429 2582 598 2618 exteriores
624 2582 761 2618 insultus
787 2596 893 2619 muros
916 2583 1003 2619 forti-

291 2649 332 2685 (l)
347 2650 387 2677 Ex
406 2651 510 2687 Regest.
533 2652 616 2680 Vatic.

878 277 1072 303 Atnxammn
1094 278 1129 302 tv
1148 279 1199 303 1²1³.

1679 274 1743 309 651

1052 333 1170 370 tudinis
1212 335 1328 372 habere
1370 340 1535 384 probetur,
1575 353 1637 376 non
1666 342 1800 389 parietes

1052 383 1227 426 inclinatos;
1252 385 1434 423 fraternitati
1456 398 1575 424 vestrae
1598 402 1653 436 per
1673 400 1800 438 aposto-

1051 433 1110 467 lica
1131 434 1245 480 scripta
1264 435 1293 469 in
1312 436 1422 472 virtute
1443 438 1641 475 obedientiae
1657 440 1800 476 districte

1052 482 1275 529 praecipiendo
1286 485 1651 535 mandamus,quatenus
1662 489 1798 526 edictum

1051 531 1231 566 huiusmodi
1253 541 1315 568 tam
1335 534 1367 568 in
1391 537 1635 580 provincialibus
1655 540 1799 575 conciliis

1050 587 1081 615 et
1108 581 1340 628 episcopalibus
1361 585 1501 631 synodis,
1523 598 1617 633 quam
1642 587 1715 621 alibi
1745 601 1800 635 per

1051 636 1168 664 vestras
1201 630 1343 666 civitates
1373 640 1404 667 et
1429 633 1590 669 dioeceses
1616 636 1800 672 solemniter

1050 678 1259 724 publicantes,
1294 680 1396 726 ipsum
1432 691 1539 718 contra
1573 696 1646 729 eos,
1678 686 1731 732 qui
1768 686 1797 721 in

1049 726 1127 762 illud
1142 728 1369 770 commiserint,
1385 731 1608 768 inviolabiliter
1625 734 1799 770 observetis

1048 784 1078 810 et
1112 775 1233 812 faciatis
1261 790 1360 825 usque
1386 780 1423 814 ad
1451 781 1695 818 satisfactionem
1730 785 1797 832 ple-

1048 826 1166 860 nariam
1188 826 1366 872 observari,
1394 830 1641 866 contradictores
1658 844 1713 880 per
1729 845 1798 868 ccu-

1047 886 1151 909 suram
1165 876 1420 921 ecclesiasticam,
1442 879 1652 926 appellatione
1676 890 1799 929 postpo-

1047 924 1116 963 sita,
1129 926 1377 971 compescendo;
1397 940 1458 963 non
1478 928 1620 964 obstante
1639 931 1665 966 si
1688 944 1797 967 eorum

1047 973 1207 1020 aliquibus
1228 976 1268 1010 sit
1291 976 1460 1022 indultum,
1483 978 1568 1025 quod
1591 980 1649 1027 ipsi
1668 992 1797 1015 excom-

1047 1023 1223 1067 municari,
1265 1025 1309 1059 vel
1352 1038 1461 1060 eorum
1503 1035 1603 1063 terrae
1638 1039 1798 1077 nequeant

1047 1071 1160 1107 subiici
1183 1073 1396 1110 ecclesiastico
1423 1075 1600 1112 interdicto.
1622 1077 1668 1113 Ita
1690 1088 1794 1114 tamen

1047 1120 1132 1167 quod
1144 1122 1168 1155 si
1184 1122 1255 1168 quis
1271 1123 1301 1157 in
1318 1123 1466 1172 laqueum
1481 1126 1661 1172 praedictae
1674 1139 1798 1163 excom-

1047 1170 1271 1206 municationis
1293 1172 1458 1214 inciderit,
1482 1186 1496 1208 a
1523 1176 1650 1211 nemine
1676 1177 1796 1224 absque

1047 1218 1173 1265 speciali
1205 1221 1352 1256 mandato
1378 1221 1469 1257 Sedis
1491 1222 1703 1269 Apostolicae,
1735 1227 1795 1260 uisi

1047 1267 1149 1302 forsan
1174 1269 1203 1302 in
1225 1270 1334 1304 mortis
1355 1272 1498 1312 articulo,
1514 1272 1704 1315 absolvatur;
1719 1282 1750 1309 et
1770 1277 1795 1309 si

1046 1328 1139 1352 secus
1166 1327 1404 1365 praesumptum
1437 1319 1551 1366 fuerit,
1583 1322 1614 1357 id
1650 1323 1796 1358 volumus

1047 1377 1109 1400 non
1137 1373 1255 1401 tenere.
1290 1367 1382 1410 Quod
1416 1370 1441 1403 si
1477 1369 1580 1405 forsan
1616 1384 1711 1419 super
1737 1373 1797 1407 hoc
1823 1386 1995 1410 nostrumne

1046 1414 1162 1449 inventi
1189 1415 1305 1450 fuerint
1338 1417 1433 1464 aliqui
1461 1420 1648 1465 pertinaces,
1674 1422 1719 1456 eis
1741 1420 1954 1456 de-⁰⁰¹¹¹¹²⁸³³⁰⁶'·

1046 1464 1198 1499 nunciare
1237 1466 1354 1501 curetis
1391 1478 1557 1513 expresse,
1599 1470 1684 1516 quod
1725 1470 1798 1517 ipsi,

1046 1513 1106 1547 nisi
1130 1513 1334 1560 resipuerint,
1356 1514 1471 1560 feudis,
1493 1518 1518 1551 si
1541 1530 1601 1564 qua
1624 1527 1744 1560 tenent,
1760 1520 1798 1555 ab

1046 1561 1197 1597 Ecclesiis
1208 1564 1797 1614 meritoingratitudinisprivabuntur,

1046 1620 1076 1646 et
1097 1623 1206 1646 eorum
1231 1612 1336 1659 proles
1357 1625 1374 1648 a
1392 1615 1540 1650 clericatu
1563 1624 1593 1651 et
1611 1617 1798 1652 ecclesiasti·

1046 1660 1092 1694 cis
1113 1661 1285 1702 beneficiis,
1310 1664 1492 1708 praesertim
1515 1664 1546 1698 in
1565 1665 1798 1702 cathedralibus

1046 1709 1214 1750 Ecclesiis,
1244 1712 1461 1753 excludentur3
1491 1725 1563 1748 cum
1591 1715 1725 1761 dignum
1757 1717 1797 1750 sit

1046 1758 1154 1793 tatium
1178 1767 1321 1806 posteros
1347 1760 1386 1795 ab
1413 1761 1565 1797 uberibus
1596 1764 1662 1809 piae
1688 1763 1796 1799 Matris

1047 1807 1134 1841 avelli
1158 1808 1283 1854 penitus
1309 1818 1338 1844 et
1360 1811 1471 1854 arceri,
1493 1812 1546 1858 qui
1565 1824 1633 1847 eam
1659 1813 1795 1859 vipereis

1046 1856 1163 1891 audent
1203 1858 1361 1892 morsibus
1398 1859 1553 1901 lacerat-e,
1589 1862 1795 1898 retributione

1046 1905 1192 1952 maligna,
1206 1919 1261 1952 pro
1282 1908 1451 1944 dilectione
1472 1910 1581 1945 odium
1604 1911 1795 1957 impenden-

1046 1962 1103 1989 tes.
1132 1954 1246 1990 Clerici
1280 1968 1417 2004 quoque,
1445 1959 1499 2006 qui
1525 1972 1598 1994 cum
1621 1961 1692 1996 talia
1714 1973 1795 1996 com-

1047 2004 1245 2040 mittentibus
1284 2016 1481 2053 permanent,
1520 2009 1580 2044 nisi
1620 2017 1690 2056 post
1729 2022 1797 2056 pro·

1047 2055 1191 2099 positam,
1213 2063 1267 2089 aut
1288 2056 1397 2090 saltem
1423 2057 1614 2103 publicatam
1634 2059 1679 2093 eis
1700 2071 1796 2106 super

1046 2102 1106 2137 hoc
1143 2104 1353 2139 monitionem
1394 2114 1549 2149 vestram,
1584 2107 1624 2142 ab
1652 2108 1793 2155 ipsorum

1045 2151 1207 2199 ohsequiis
1240 2154 1369 2188 omnino
1407 2156 1612 2201 recesserint,
1646 2156 1795 2191 omnibus

1045 2200 1263 2237 ecclesiasticis
1290 2202 1452 2239 beneficiis
1474 2211 1505 2239 et
1534 2206 1701 2240 clericatus
1729 2206 1794 2252 pri-

1046 2250 1162 2296 vilegio
1188 2251 1333 2286 noverint
1359 2263 1393 2286 se
1420 2253 1600 2300 privandos,
1631 2265 1703 2288 cum
1738 2256 1792 2301 qui

1047 2300 1189 2346 propriae
1212 2300 1415 2347 professionis
1433 2311 1461 2336 et
1483 2302 1602 2337 ordinis
1625 2303 1794 2338 insectato-

1045 2360 1095 2382 res
1139 2350 1353 2395 amplectitur,
1382 2359 1413 2385 et
1449 2350 1642 2386 benedicens
1687 2352 1793 2400 inique

1044 2405 1185 2444 agentes,
1196 2397 1298 2432 favore
1316 2399 1469 2445 approbat
1487 2400 1518 2434 in
1540 2400 1606 2434 suis
1626 2399 1792 2436 desideriis

1046 2447 1359 2493 peccatores,merito
1381 2447 1492 2483 debeat
1513 2460 1529 2483 a
1552 2448 1704 2484 fructibus
1725 2450 1793 2486 suis

1044 2496 1190 2541 cognitus
1217 2495 1388 2541 reprobari.

1092 2543 1207 2579 Datum
1225 2543 1357 2579 Viterbii
1377 2545 1469 2581 nonis
1490 2546 1570 2591 iulii,
1592 2546 1793 2594 pontificatue

1045 2602 1140 2629 nostri
1164 2605 1247 2628 anno
1273 2602 1374 2628 tertio.

1104 2649 1164 2680 Dat.
1184 2650 1230 2681 die
1250 2651 1265 2681 7
1284 2650 1349 2682 iulii
1366 2651 1452 2690 1257,
1470 2652 1572 2692 pontis.
1591 2662 1667 2685 anno
1688 2662 1730 2686 111.

1815 290 1866 315 An.
1887 287 1916 316 C.
1930 291 1998 318 ¹25¹!

1817 844 1949 867 obsuetinn
1960 847 1994 867 tte-

1811 878 1900 903 regulo.
