2129 3223
152 292 204 324 Aa.
217 290 246 317 c.
267 292 337 318 ¹208

167 646 180 664 lv
190 651 221 665 ret·
266 645 336 664 omnia

153 680 260 696 roni-ruint
280 675 335 696 Pan-

400 281 472 315 208

927 287 1114 310 nullatum!
1143 285 1302 308 ROMANUM

1900 283 1951 311 An.
1963 283 1993 311 C.
2012 284 2079 311 ¹202

352 347 380 381 in
406 346 516 394 palatio
553 352 659 379 nostro
701 356 834 391 quorum
876 344 979 377 omnia
1022 356 1097 388 snp-
1138 345 1309 374 Innocentius
1326 344 1467 380 opiscopus
1484 350 1580 373 servus
1595 351 1736 373 servorum
1751 343 1885 377 Reimar-

352 397 449 442 posita
488 402 561 429 sunt
603 402 633 428 et
666 406 769 440 signa:
808 392 959 438 Dapisero
999 391 1094 426 nullo.

350 446 382 480 S.
405 444 563 480 Gnidonis
585 443 775 478 buticularii.
802 442 836 478 S.
867 441 1012 476 Matthaei
1051 453 1097 475 ca-

349 494 483 529 merarii.
511 494 545 528 S.
568 493 722 528 Droconis
759 491 993 527 constabularii.
1035 489 1097 524 Da-

350 552 415 578 tum
445 552 572 578 vacante
595 542 791 578 cancellaria.

399 593 464 628 Nos
485 593 577 639 igitur
602 593 799 627 devotionem
824 590 939 637 regiam
970 597 1097 636 propter

350 643 409 678 boc
432 643 462 677 in
492 642 627 677 Domino
661 640 928 680 commendante&
963 648 992 673 et
1034 646 1095 672 tam

350 693 597 735 concessionem,
634 704 728 739 quam
763 690 1019 725 constitutionem
1068 696 1098 722 et

349 742 620 777 consu-mationem
643 740 854 789 approbantes
884 739 995 786 ipsius,
1029 750 1098 772 eas-

349 793 421 826 dem
443 792 626 826 auctoritate
652 790 822 837 apostolica
859 789 1097 829 confirmamus,

349 851 378 876 et
411 842 584 888 praesentis
625 840 732 887 scripti
770 839 881 886 pagina
917 837 1098 872 communi-

349 904 430 925 mus.

398 940 480 975 Nulli
504 952 578 986 ergo
622 937 752 973 omnino
795 936 958 971 hominum
1008 935 1099 969 liceat

349 990 430 1024 banc
458 990 602 1036 paginam
631 994 756 1022 nostrae
772 985 1000 1025 concessionis,
1022 996 1099 1018 con-

349 1039 523 1074 stitutionis
558 1046 588 1073 et
634 1035 882 1071 confirmationis
919 1034 1100 1080 infringere,

351 1089 396 1124 vel
420 1089 446 1123 ei
469 1101 546 1123 ausu
576 1086 740 1121 temerario
763 1085 928 1124 contraire3
970 1083 995 1117 si
1031 1083 1101 1130 quis

350 1148 454 1173 antem
477 1138 536 1172 hoc
559 1144 711 1171 attentare
753 1134 1011 1182 praesumpserit,
1051 1133 1101 1166 in-

350 1187 563 1234 dignationem
586 1186 814 1232 omnipotentis
850 1183 918 1226 Dei,
959 1191 990 1217 et
1024 1181 1101 1216 bea-

352 1245 452 1272 torum
471 1236 555 1271 Petri
580 1244 610 1270 et
650 1234 739 1269 Pauli
778 1233 992 1281 apostolorum
1033 1231 1102 1266 eius

351 1299 383 1321 se
412 1287 532 1321 noverit
556 1286 769 1320 incursurum.

400 1336 513 1371 Datum
537 1334 681 1369 Laterani
702 1333 837 1380 septimo
865 1331 934 1366 idus
957 1329 1102 1365 februarii

351 1398 433 1421 anno
474 1385 639 1419 millesimo
686 1382 905 1417 ducentesimo
939 1379 1101 1425 septimo,

353 1434 552 1481 pontificatus
574 1445 646 1467 vcro
669 1431 789 1466 domini
807 1430 983 1465 Innocentii
999 1428 1101 1475 Papae

353 1484 435 1519 tertii
464 1495 546 1518 anno
568 1482 704 1516 decimo.

392 1540 452 1571 Dat.
475 1540 521 1570 die
546 1540 559 1569 7
586 1538 725 1568 februarii
745 1546 820 1566 anno
843 1535 957 1564 Domini
982 1535 1063 1571 1208,

605 1583 705 1623 pontis.
725 1592 801 1612 anno
823 1591 848 1611 x.

690 1710 756 1745 LV.

358 1778 506 1811 sensurae
548 1782 655 1809 contra
691 1775 892 1818 interfectores
942 1773 1026 1806 Pan-2·
1070 1773 1106 1805 de

405 1827 513 1860 Castro
534 1826 635 1863 Novo,
648 1825 705 1868 qui
720 1825 819 1868 [iterat
833 1824 986 1866 (leleqatus
1000 1834 1019 1854 a
1031 1823 1107 1854 Sede

405 1875 582 1920 Apostolica
610 1876 642 1907 in
668 1874 858 1918 prouinciam
881 1879 987 1905 contra
1019 1872 1107 1904 Albi-

405 1937 521 1970 9enses;
543 1925 638 1969 deque
673 1924 763 1956 moda
801 1924 951 1955 sero-ando
1000 1928 1105 1953 contra

407 1976 525 2008 eosdem
553 1975 717 2007 'caesareos
745 1974 800 2015 tl).

629 2039 843 2072 Sttttssttatttt'tt

360 2098 548 2129 Prooemium.
583 2113 621 2118 —
657 2095 830 2132 Albigenses
870 2097 1040 2130 grassantur
1081 2093 1109 2121 in

402 2137 560 2178 provincia.
579 2153 617 2158 -
640 2135 710 2164 lllur
733 2145 746 2164 a
766 2133 906 2162 l'ontistre
930 2133 1037 2161 missus
1057 2131 1114 2161 ΡΘ,

402 2184 464 2207 trus
483 2178 518 2207 de
535 2175 747 2207 Castro-Novo.
774 2172 949 2202 —Comitis
971 2171 1109 2201 'l'olosani

403 2218 506 2248 fraude
529 2219 680 2254 deceptus.
702 2232 740 2236 —
765 2213 910 2251 Delegatis
941 2212 1110 2250 apostant-is

404 2267 503 2287 comes
524 2261 606 2295 purat
627 2255 760 2286 insidias.
780 2270 818 2275 —-
840 2252 882 2282 Ab
905 2252 970 2281 eius
999 2253 1110 2281 satelli-

1127 1971 1131 1979 ’
1150 1964 1318 1998 memoriae
1340 1963 1432 1998 frater
1454 1963 1567 1998 Petrus
1600 1964 1638 1997 de

1182 390 1302 422 bunensi.
1322 389 1484 422 Arelatensi,
1504 389 1694 422 Ebredunensi.
1724 389 1839 425 Aquensi
1857 391 1887 419 et

1182 435 1323 463 Viennensi
1344 434 1560 470 archiepiscopis.
1585 440 1732 470 eorumque
1751 434 1886 470 suffraga-

1183 487 1251 508 nets.

1188 532 1313 567 Nenos
1339 532 1406 567 eius
1436 539 1577 580 tangeret
1615 532 1800 579 increpatio,
1833 533 1886 579 qui

1141 594 1195 629 per
1229 582 1366 616 hominis
1413 582 1491 628 pigri
1531 593 1639 627 agrum
1683 590 1713 616 et
1765 582 1885 616 vineam

1139 632 1194 665 viri
1222 632 1307 666 stulti
1331 632 1552 678 pertransiens,
1587 631 1669 677 quod
1698 638 1792 666 totam
1834 644 1888 666 ur·-

1140 682 1218 716 ticae
1241 681 1427 728 repleverint
1453 680 1664 727 exprobravit,
1681 681 1783 727 primo
1798 681 1886 727 quasi

1139 743 1231 765 mane
1254 738 1377 765 nostrae
1400 730 1619 776 promotionis.
1645 741 1680 764 ac
1701 729 1816 764 deinde
1832 742 1888 776 per

1140 780 1283 814 ordinem
1307 780 1506 826 evangelicae
1535 779 1611 813 vicis
1648 778 1813 822 exivimus,
1852 788 1887 814 ut

1140 830 1169 863 in
1197 829 1387 863 dominicam
1430 829 1551 863 vineam
1594 837 1719 863 nostrae
1747 828 1886 863 culturae

1140 879 1340 913 commissam
1374 878 1535 925 operarios
1575 878 1783 912 mitteremus.
1821 878 1886 912 At-

1141 927 1306 962 tendentes
1328 939 1402 973 ergo
1425 926 1609 962 iamdudum
1638 926 1723 973 quod
1746 927 1777 961 in
1812 939 1887 974 pro-

1143 978 1242 1012 vincia
1265 977 1359 1011 nimis
1373 983 1534 1011 creverant
1556 976 1707 1023 plantaria
1729 976 1887 1019 vitiorum,

1142 1039 1181 1061 ne
1207 1027 1313 1073 spuria
1353 1026 1532 1061 vitulamina
1567 1025 1688 1060 radices
1730 1025 1888 1061 mitterent

1142 1076 1280 1119 altiores,
1304 1076 1385 1110 viros
1399 1075 1472 1110 illuc
1494 1075 1625 1110 idoneos
1646 1075 1888 1114 destinavimus,

1142 1126 1194 1172 qni
1222 1125 1261 1159 de
1290 1125 1376 1159 vinea
1403 1125 1530 1160 Domini
1553 1124 1690 1159 Sabaoth
1720 1124 1887 1159 avellerent

1144 1175 1262 1209 inutilia
1293 1184 1321 1209 et
1358 1174 1442 1208 utilia
1481 1181 1700 1221 propagarent,
1730 1174 1888 1221 capientes

1143 1224 1326 1271 vulpeculas
1364 1236 1445 1269 quae
1488 1224 1658 1258 moliuntur
1693 1224 1792 1270 ipsam
1836 1224 1887 1257 vi-

1145 1285 1233 1308 neam
1262 1272 1417 1307 demoliri.
1447 1272 1508 1319 lpsi
1531 1284 1603 1307 vero
1632 1272 1760 1320 profecti
1797 1284 1887 1320 repe·
1955 1311 1973 1316 ..

1145 1331 1251 1357 rerunt
1280 1323 1333 1366 ibi,
1364 1323 1538 1356 secundum
1572 1322 1712 1368 Apostoli
1744 1312 2082 1369 verbutn,gf2¹‡{,²fifif,⁵⁶⁵m

1144 1373 1290 1407 homines
1309 1372 1500 1419 pestilenteS,
1522 1371 1573 1418 qui
1593 1372 1765 1406 doctrinam
1780 1384 1886 1407 sanam
1901 1374 2017 1401 mmmm-

1145 1422 1274 1455 minime
1300 1421 1530 1461 substinebant,
1552 1421 1605 1455 sed
1628 1420 1666 1455 ad
1695 1433 1749 1456 sua
1784 1422 1888 1469 potius

1144 1470 1299 1505 desideria
1328 1471 1492 1515 magistros
1519 1469 1743 1505 coacervabant
1762 1471 1887 1506 erroris.

1146 1520 1275 1565 Propter
1300 1520 1383 1566 quod
1414 1519 1540 1553 nuntios
1568 1519 1705 1554 veritatis
1726 1521 1792 1554 suis
1820 1532 1888 1555 esse

1144 1569 1316 1603 contrarios
1337 1569 1486 1615 operibus
1507 1568 1657 1609 arbitrati,
1681 1581 1779 1616 usque
1811 1570 1889 1604 adeo

1145 1619 1321 1653 saevierunt
1344 1618 1375 1651 in
1404 1618 1484 1658 illos,
1508 1625 1541 1651 nt
1567 1618 1652 1664 ipsos
1683 1618 1889 1665 proculdubio

1146 1669 1284 1702 videatur
1306 1668 1491 1714 praenuntia
1505 1667 1674 1702 Salvatoris
1688 1669 1892 1715 conquaestio

1147 1718 1284 1763 tetigisse
1311 1716 1455 1751 dicentis:
1468 1716 1550 1750 Ecce
1573 1729 1630 1762 ego
1657 1718 1746 1751 mitto
1771 1717 1809 1751 ad
1838 1730 1891 1752 vos

1147 1767 1304 1813 sapientes
1330 1773 1361 1800 et
1381 1766 1511 1807 scribas,
1538 1773 1568 1800 et
1589 1778 1626 1800 ex
1658 1766 1705 1801 eis
1742 1767 1892 1802 occidetis

1146 1825 1198 1850 etc.
1218 1819 1262 1859 (l)
1279 1815 1361 1850 Sane
1394 1827 1457 1850 rem
1478 1815 1655 1850 audivimus
1676 1816 1891 1851 detestabilem

1148 1874 1177 1899 et
1205 1866 1234 1898 in
1262 1877 1462 1899 communem
1497 1865 1613 1899 luctum
1641 1865 1798 1911 generalis
1830 1866 1894 1901 Ec·-

1148 1915 1261 1949 etesiae
1283 1914 1513 1955 deducendam,
1545 1915 1628 1960 quod
1656 1926 1729 1949 cum
1769 1923 1894 1950 sanctae

1675 1964 1786 1999 Castro
1808 1965 1894 2000 Novo

1150 2012 1325 2047 monachus
1363 2021 1391 2046 et
1431 2012 1588 2053 sacerdos,
1619 2015 1666 2047 vir
1701 2014 1781 2048 inter
1814 2015 1896 2048 viros

1152 2063 1259 2108 utique
1286 2063 1443 2096 virtuosos
1475 2062 1546 2102 vita,
1585 2062 1715 2110 scientia
1752 2072 1783 2098 et
1817 2063 1895 2098 fama

1152 2110 1342 2158 praeclarus
1369 2111 1407 2145 ad
1435 2111 1710 2158 evangelizandum
1738 2125 1845 2158 pacem
1867 2121 1896 2146 ct

1152 2160 1350 2195 astruendam
1379 2160 1472 2195 tidem
1490 2161 1519 2195 in
1535 2161 1678 2196 eamdem
1695 2162 1896 2208 provinciam,

1153 2217 1181 2244 et
1209 2222 1223 2243 a
1252 2210 1342 2244 nobis
1368 2222 1439 2244 cum
1466 2210 1536 2244 aliis
1557 2211 1741 2248 destinatus,
1758 2212 1786 2245 in
1809 2224 1897 2246 com·
1924 2250 1975 2271 mue
1990 2256 2000 2270 a
2018 2249 2078 2270 pomi

1927 564 2059 586 Prooemtum.

405 2299 483 2327 tibus
506 2299 622 2327 oct-isus
654 2295 756 2324 Petrus
778 2294 813 2323 de
842 2292 1044 2322 Castro-Novo.
1076 2308 1113 2312 —
1131 2279 1135 2332 =i
1154 2272 1251 2293 misso
1273 2260 1330 2293 sibi
1355 2261 1528 2294 ministerio
1561 2259 1756 2294 laudabiliter
1794 2261 1896 2307 prose-
1910 2282 1949 2304 fic,
1965 2282 2039 2301 mim,
2055 2279 2093 2301 Pe,

404 2338 544 2367 Comitem
573 2337 697 2374 eiusque
725 2334 851 2364 fautores
878 2334 906 2362 in
926 2333 979 2361 troo
1002 2331 1112 2361 scelere

405 2377 653 2407 excommunicari
675 2375 801 2404 mandat.
818 2390 858 2395 —-
881 2371 1013 2402 Praemia
1048 2380 1114 2400 vero
1133 2381 1136 2409 ι

1154 2310 1246 2342 risset
1269 2317 1296 2342 vt
1323 2309 1472 2354 prolicere
1496 2322 1557 2343 non
1594 2317 1741 2348 cessaret,
1778 2311 1896 2358 quippe
1909 2316 1953 2361 ΨΒ
1968 2313 1993 2332 ‘¹⁹
2011 2311 2092 2332 ΨΜ

1155 2360 1207 2404 qni
1255 2358 1344 2404 plene
1385 2360 1415 2392 iu
1449 2358 1554 2393 schola
1587 2357 1702 2393 Christi
1746 2349 1975 2394 didicerat‘t'w'

407 2419 449 2447 eis
469 2415 746 2456 promittenda,rqui
769 2419 868 2443 contra
888 2412 1051 2456 haereticos
1070 2411 1115 2440 in-
1133 2414 1136 2428 ²
1155 2407 1239 2453 quod
1278 2408 1415 2451 doceret,
1450 2416 1480 2442 et
1514 2420 1585 2442 eum
1623 2409 1675 2453 qui
1724 2409 1897 2444 secundum

408 2457 598 2487 surrexerint.
616 2473 655 2477 —
682 2454 821 2484 sabditos
854 2462 920 2482 vero
952 2457 1068 2481 Cfflfflltss
1099 2462 1113 2480 ⁵¹
1134 2468 1137 2503 ὲ
1156 2457 1329 2491 doctrinam
1356 2463 1403 2492 est
1429 2456 1553 2492 fidelem
1579 2456 1749 2492 obtinendo
1780 2471 1900 2493 sermo-

409 2491 1116 2575 2³¹1?fflegffiniiiffiiiiigsstijiiissiiiiiiliigiulinii!
1158 2518 1241 2545 nem,
1269 2507 1298 2540 in
1327 2519 1401 2541 sana
1425 2514 1542 2552 poterat
1569 2506 1722 2541 exhortari
1758 2506 1900 2542 doctrina

410 2577 585 2606 absolvatur.
616 2592 654 2596 —-
686 2574 724 2603 De
761 2573 926 2602 obedientia
960 2577 985 2600 et
1009 2572 1115 2600 anxilio
1135 2567 1138 2606 Ι
1157 2563 1186 2589 θῑ
1208 2558 1457 2590 ‘'mnsaffifflffles
1480 2558 1647 2599 seVl¹¹Ces⁸2
1670 2566 1796 2602 Paratus
1821 2570 1901 2592 Sem-

411 2616 513 2654 legatis
531 2615 701 2654 apostolicis
717 2614 821 2643 dando.

408 2679 446 2711 (t)
465 2678 499 2702 Ex
519 2676 606 2702 Bnluz.
624 2681 649 2702 et
667 2674 810 2711 Raynaldo.

1135 2610 1214 2650 tper
1255 2607 1340 2639 omni
1384 2607 1522 2651 poscenti
1559 2606 1687 2639 reddere
1726 2608 1899 2648 rationem,

1193 2671 1231 2705 (l)
1250 2671 1340 2696 litanti.
1364 2678 1442 2702 xxm,
1463 2671 1506 2697 δὴ.
