2129 3223
41 223 90 252 An.
107 223 136 250 C.
156 224 223 250 ¹222

860 221 1019 245 noNomus
1040 222 1075 244 ΙΙΙ
1099 221 1146 243 ΡΡ.

238 277 283 311 vir
310 276 501 313 Prudentius
534 284 671 324 potestas
697 289 820 321 eorum,
856 278 908 325 qni
945 277 983 313 de

236 326 414 361 sinceritate
437 326 613 361 devotionis
639 334 668 361 et
701 326 772 361 fidei
800 339 815 361 a
852 336 892 367 te,
915 327 983 373 epi-

51 382 174 404 C⁰mmiuio
196 384 220 418 5¹2
236 387 341 422 scope,
367 387 403 410 ac
429 375 513 410 clero
536 374 715 422 praedicto,
746 376 830 410 unde
863 377 983 423 gaude-

39 418 70 436 εις
79 412 220 434 absolvendus.

236 436 322 468 mus,
348 423 521 472 plurimum
549 425 806 464 commendatur,
840 433 871 460 et
900 437 981 461 non-

235 473 312 508 nulli
339 485 376 508 ex
405 473 483 520 ipsis
512 473 551 509 de
577 473 690 508 stando
729 475 884 509 mandatis
918 486 982 509 no-

233 522 306 557 stris
328 523 537 570 praestiterint
557 522 781 563 iuramentum,
800 523 979 573 discretioni

234 580 352 606 vestrae
375 583 430 619 per
450 571 622 619 apostolica
644 573 758 619 scripta
783 573 980 612 mandamus,

232 629 389 668 quatenus
409 633 426 656 a
454 621 591 656 residuis
624 621 773 657 omnibus
807 623 900 657 simili
930 623 980 657 iu-

233 680 375 706 ramento
406 679 544 718 recepto,
566 671 623 711 eis,
649 672 702 718 qui
729 671 981 707 excommunica-

232 720 316 754 tione
358 727 515 761 tenentur,
542 719 750 755 absolutionis
791 720 977 756 beneficium

231 769 434 816 impendatis,
455 777 486 803 et
507 768 652 804 relaxetis
678 770 863 804 sententiam
887 770 979 805 inter-

231 817 317 853 dicti.
356 817 439 860 Quia
476 830 549 853 vero
577 817 706 864 dignum
734 827 781 853 est
815 827 847 853 ut
884 819 978 854 iidem

1654 212 1722 244 585

1023 277 1078 312 siis
1117 285 1144 310 et
1187 278 1329 323 personis
1368 277 1589 313 ecclesiasticis
1622 279 1770 324 praedicti

1024 333 1160 373 potestas
1189 334 1219 361 et
1255 327 1391 373 populus
1420 328 1583 362 restituant
1611 335 1641 362 et
1676 327 1772 362 resti-

1023 375 1065 410 tui
1090 375 1202 410 faciant
1227 376 1382 419 universa,
1421 389 1524 423 neque
1552 385 1679 424 propter
1709 376 1769 412 hoc

1022 424 1115 459 alicui
1137 426 1319 460 earumdem
1356 425 1569 461 Ecclesiarum
1603 435 1632 461 et
1661 438 1770 473 perso-

1022 486 1132 509 narum
1160 486 1326 521 gravamen
1364 475 1489 521 aliquod
1531 475 1683 517 inferent,
1723 476 1768 511 vel

1022 523 1127 559 inl'erri
1152 524 1343 570 permittent,
1366 536 1421 558 seu
1437 524 1678 559 diminuentant
1697 525 1769 559 sub-

1022 573 1145 607 trahent
1184 573 1250 607 iura
1278 573 1507 616 ecelesiastica,
1535 575 1600 608 sive
1633 574 1766 609 diminui

1022 622 1067 657 vel
1094 622 1236 657 subtrahi
1264 622 1431 669 patientur.
1460 622 1547 657 Licet
1581 631 1683 658 autem
1714 636 1768 670 per

1020 672 1095 706 alias
1118 670 1237 706 litteras
1272 673 1472 706 transmissas
1494 672 1568 711 tibi,
1607 673 1766 719 episcope,

1021 720 1284 760 mandaverimus,
1312 729 1346 756 ut
1375 721 1404 765 ii,
1432 720 1485 768 qui
1508 722 1690 756 auctoritate
1718 735 1766 757 no-

1019 777 1082 804 stra
1103 779 1176 804 sunt
1197 770 1533 805 excommunicationis
1561 770 1685 806 vinculo
1718 772 1767 806 in-

1021 818 1138 863 nodati,
1160 818 1198 853 ad
1223 828 1360 854 nostram
1392 819 1592 854 mitterentur
1616 833 1767 866 praesen-

1788 221 1836 246 An⁴
1859 222 1888 248 C.
1902 222 1969 247 {aaa

230 866 351 902 Lucani
390 867 430 902 ad
466 866 683 903 exaltationem
715 875 746 902 et
772 869 979 903 conservatio-

231 928 304 952 nem
337 916 569 952 ecclesiasticae
607 917 757 951 libertatis
793 917 977 958 intendant,

230 977 325 1014 quam
347 965 525 1013 deprimere
547 965 747 1005 nitebantur3
770 966 916 1001 volumus
948 976 977 1002 et

1019 868 1093 903 tiam
1107 867 1308 909 absolvendi;
1330 868 1528 903 attendentes
1545 878 1660 909 tamen,
1682 870 1765 918 qnod
1794 871 1892 893 ⁸⁰⁰¹¹fl¹¹¹
1927 878 1964 892 ⁴²¹-

1798 905 1913 925 communi:
1924 908 1936 923 >t

1021 917 1182 952 memorati
1217 917 1337 952 Lucani
1375 930 1501 965 semper
1537 919 1565 952 in
1600 919 1766 954 devotione
1781 933 1863 955 mm„
1893 938 1964 953 mu„

1019 966 1110 1001 Sedis
1149 966 1351 1014 Apostolicae
1394 968 1619 1014 perstiterunt,
1655 981 1766 1015 quam-
1781 966 1884 985 'mmm

42 1710 178 1733 conditiones
193 1711 217 1732 ab

36 1742 114 1763 eisdem
154 1747 217 1769 prae-

36 1773 129 1793 :undae

231 1015 438 1059 mandamus,
464 1015 549 1062 quod
571 1014 725 1050 absolutis
759 1016 979 1050 excommuni-

230 1065 320 1109 catis,
346 1072 377 1099 et
403 1064 562 1099 interdicti
585 1065 740 1099 sententia
764 1066 895 1100 relaxata
919 1065 978 1100 sub

230 1113 336 1149 debito
363 1113 541 1157 iuramenti,
563 1125 600 1148 ex
624 1121 711 1161 parte
739 1122 861 1153 nostra,
883 1114 978 1148 salvis

230 1163 303 1198 aliis
325 1162 480 1198 mandatis
499 1163 626 1203 nostris,
649 1163 820 1209 iniungatis
846 1162 978 1203 eisdem,

231 1221 266 1247 ut
286 1220 401 1248 statuta
423 1212 529 1247 omnia
552 1220 583 1246 et
604 1212 869 1252 consuetudines,
898 1224 978 1259 quae

230 1269 306 1297 sunt
330 1270 438 1296 contra
464 1261 712 1296 ecclesiasticam
739 1259 926 1301 libertatern,
948 1269 979 1296 et

231 1311 348 1358 quibus
384 1310 545 1346 canonicis
585 1318 614 1344 et
649 1310 866 1357 imperialibus
904 1322 979 1344 san-

231 1359 390 1395 ctionibus
425 1358 613 1406 derogatur,
653 1360 780 1406 penitus
815 1367 978 1400 revocent,

230 1417 261 1444 et
287 1410 335 1444 eis
355 1408 396 1444 de
413 1415 536 1443 caetero
558 1420 621 1443 non
648 1415 789 1449 utantur,
817 1408 885 1443 latis
908 1417 978 1455 post

230 1459 418 1494 clericorum
433 1457 550 1492 exitum
567 1464 675 1492 contra
698 1457 796 1505 ipsos,
818 1466 848 1492 et
870 1469 976 1492 eorum

231 1507 388 1543 Ecclesias
426 1506 590 1542 sententiis
630 1507 777 1547 irritatis,
830 1507 980 1542 revocatis

231 1556 487 1604 possessionum,
522 1564 552 1591 et
575 1555 708 1591 aliorum
736 1556 890 1591 bonorum
927 1568 980 1590 ec-

231 1606 478 1642 clesiasticorum
491 1605 769 1651 assignationibus,
792 1613 822 1640 et
851 1605 980 1640 cassatis

231 1654 383 1692 confectis
419 1663 526 1690 contra
553 1655 686 1690 clericos
721 1654 804 1689 exilii
832 1655 881 1689 sui
904 1663 981 1689 tem-

233 1717 308 1752 pore
345 1704 580 1748 instrumentis,
615 1712 731 1745 castra,
759 1704 862 1744 villas,
897 1703 980 1747 loca,

234 1754 466 1802 possessiones,
499 1765 536 1788 ac
574 1762 694 1788 caetera
731 1753 812 1787 bona
846 1761 876 1787 et
914 1753 980 1787 iura

233 1803 443 1838 ecclesiastica
459 1802 497 1836 ab
512 1803 596 1837 omni
613 1802 753 1846 datione,
775 1802 857 1847 turpi
873 1813 980 1845 onere,

235 1852 360 1900 publica
379 1852 558 1893 functione,
581 1852 714 1885 violenta
737 1851 912 1890 exactione,
931 1863 982 1885 an-

233 1902 318 1949 garia
351 1909 382 1936 et
404 1900 585 1948 perangaria
607 1900 783 1934 secundum
806 1899 917 1946 legalia
953 1908 980 1934 et

234 1950 409 1998 imperialia
444 1957 557 1984 statuta
588 1949 686 1983 libera
724 1957 875 1996 perpetuo
903 1961 982 1983 con-

233 2000 413 2035 servabunt.
448 1997 517 2033 Non
546 1998 696 2033 invadent
728 1999 808 2033 bona
832 1998 983 2032 ecclesia-

233 2049 328 2091 stica,
362 2047 418 2083 sed
447 2047 550 2094 potius
577 2059 633 2094 pro
659 2059 751 2093 posse
786 2059 843 2081 sno
872 2059 981 2081 eorum

235 2097 435 2134 invasoribus
462 2109 495 2130 se
526 2104 689 2143 opponent
710 2096 863 2131 libertatis
885 2096 985 2130 eccle-

233 2148 391 2186 siasticae,
408 2155 468 2181 tam
483 2145 672 2192 apostolica,
694 2157 789 2192 quam
810 2145 983 2192 imperialia

234 2196 395 2245 privilegia
416 2194 637 2230 inviolabiliter
653 2194 816 2229 servaturi.
835 2194 983 2228 Potestati

234 2258 373 2294 quoque,
391 2257 426 2280 ac
448 2244 579 2279 consilio
597 2243 777 2290 suprad-icto
799 2244 858 2277 sul)
881 2243 985 2278 debito

235 2296 402 2330 iuramenti
434 2293 605 2335 mandetis,
640 2293 725 2339 quod
759 2302 789 2328 et
813 2292 871 2339 ipsi
901 2304 986 2339 prae-

236 2344 318 2380 dicta
345 2343 513 2379 observent
545 2350 575 2375 et
608 2341 722 2376 saciant
761 2341 985 2376 inviolabiliter

237 2393 395 2429 observari
434 2405 470 2427 ae
508 2390 601 2426 scribi
641 2391 670 2424 in
707 2390 987 2425 constitutionibus

1018 1028 1113 1062 quam
1141 1028 1241 1062 nuper
1264 1017 1349 1063 ipsos
1371 1016 1409 1051 ab
1431 1029 1466 1052 ea
1488 1017 1670 1052 seducendo
1689 1018 1767 1052 sub-

1019 1066 1144 1099 duxerit
1161 1065 1319 1103 inimicus,
1341 1078 1377 1100 ac
1392 1065 1532 1101 volentes
1552 1067 1657 1101 mitius
1675 1079 1767 1113 agere

1019 1126 1089 1148 cnm
1118 1114 1237 1149 eisdem
1262 1115 1338 1161 ipsis
1364 1116 1495 1160 gratiam
1526 1115 1686 1155 faciendo,
1718 1129 1767 1150 vo-

1020 1163 1137 1205 lumus,
1177 1173 1206 1197 et
1235 1163 1438 1207 mandamus,
1478 1173 1509 1198 ut
1549 1164 1767 1200 tantummodo

1020 1212 1185 1247 violatores
1218 1225 1381 1248 sacrorum
1409 1214 1572 1254 locorum,
1597 1222 1628 1248 et
1661 1214 1768 1249 altaris

1020 1262 1189 1309 praecipue
1211 1261 1346 1297 Sanctae
1364 1262 1486 1306 Crucis,
1509 1275 1543 1297 ac
1565 1274 1674 1298 eorum
1696 1275 1769 1298 con·

1019 1310 1151 1351 siliarii,
1185 1323 1307 1345 necnon
1342 1312 1528 1358 spoliatores
1557 1312 1767 1352 clericorum,

1018 1372 1054 1394 ac
1082 1359 1123 1394 illi
1152 1360 1245 1395 etiam
1279 1360 1331 1406 qui
1365 1368 1504 1406 tempore
1532 1360 1670 1396 Parentii
1699 1360 1769 1396 offi-

1019 1408 1112 1444 ciales
1146 1417 1247 1449 erant,
1274 1422 1345 1444 cum
1372 1410 1592 1456 spoliaverint,
1627 1422 1684 1445 nec
1711 1422 1768 1445 cu-

1019 1457 1184 1493 stodierint
1205 1458 1372 1502 ecclesias,
1399 1459 1436 1494 ad
1462 1467 1599 1494 nostram
1623 1471 1769 1506 praesen-

1020 1508 1093 1542 tiam
1116 1519 1186 1542 cum
1216 1508 1326 1542 vestris
1361 1508 1472 1543 litteris
1501 1520 1707 1555 personarum
1739 1516 1769 1544 et

1020 1557 1139 1591 viarum
1171 1557 1339 1593 securitate
1363 1557 1477 1596 habita,
1507 1558 1768 1593 transmittantur.

1021 1606 1183 1641 Praeterea
1218 1619 1290 1641 cum
1326 1618 1422 1652 snper
1451 1606 1661 1642 satisfactione
1679 1607 1770 1642 dam-

1021 1668 1132 1690 norum
1162 1656 1300 1691 facienda
1325 1655 1420 1690 nobili
1445 1656 1508 1690 viro
1531 1655 1608 1690 G....
1642 1656 1770 1691 Lucano

1021 1705 1080 1740 civi
1107 1706 1260 1752 speciales
1282 1705 1370 1740 vobis
1402 1704 1520 1740 litteras
1551 1705 1769 1740 destinemus.

1021 1767 1089 1793 nos,
1112 1755 1164 1801 qui
1188 1762 1334 1789 tenemur
1360 1754 1428 1789 eius
1461 1754 1622 1801 exemplo,
1648 1756 1700 1801 qui
1724 1763 1769 1789 est

1023 1804 1107 1850 pacis
1129 1812 1249 1838 amator
1270 1812 1300 1838 et
1322 1812 1442 1845 auctor,
1466 1804 1550 1850 pacis
1572 1804 1701 1838 consilia
1724 1816 1772 1838 co-

1021 1853 1120 1898 gitare
1143 1853 1302 1897 volentes,
1326 1861 1357 1887 nt
1379 1852 1504 1888 habitae
1524 1853 1604 1887 inter
1624 1853 1772 1888 eumdem

1023 1901 1158 1936 nobilem
1182 1914 1218 1938 ac
1240 1901 1394 1949 quosdam
1417 1902 1495 1936 alios
1524 1902 1669 1937 concives
1698 1914 1773 1937 suos

1024 1951 1231 1995 inimicitiae,
1266 1963 1346 1999 quae
1373 1951 1507 1986 crevisse
1530 1951 1624 1986 huius
1646 1951 1774 1986 discor-=

1024 2000 1093 2034 diae
1120 2001 1288 2036 occasione
1326 2000 1493 2041 dicuntur,
1531 2013 1569 2035 ex
1591 2000 1773 2035 huiusmodi

1023 2053 1236 2089 satisfactione
1272 2053 1444 2094 sedentur,
1480 2053 1629 2088 nolumus
1662 2066 1717 2089 vos
1745 2054 1774 2087 in

1024 2107 1247 2142 satisfactionis
1271 2108 1351 2142 facto
1380 2108 1569 2154 procedere,
1598 2108 1658 2142 nisi
1688 2109 1776 2154 prins

1027 2161 1139 2195 nobilis
1167 2161 1235 2207 ipse
1257 2173 1330 2196 cum
1353 2161 1472 2196 eisdem
1496 2162 1563 2195 suis
1591 2160 1775 2196 concivibus

1025 2215 1061 2247 ad
1088 2214 1193 2249 firmae
1227 2215 1312 2261 pacis
1339 2215 1465 2249 redierit
1501 2215 1664 2254 unitatem,
1698 2214 1775 2249 dum

1026 2277 1130 2303 tamen
1154 2268 1193 2302 de
1216 2268 1309 2303 illatis
1332 2268 1454 2303 iniuriis
1479 2269 1506 2302 ei
1530 2280 1700 2314 congruam
1723 2280 1776 2302 sa-

1028 2320 1235 2356 tisfactionem
1260 2321 1461 2369 impendant:
1485 2334 1580 2368 super
1601 2321 1670 2355 aliis
1692 2333 1776 2361 vero,

1029 2386 1109 2420 qnae
1141 2375 1329 2420 contingunt
1363 2376 1525 2421 negotium
1554 2382 1777 2418 memoratum,

237 2443 371 2479 civitafis
392 2442 479 2476 nuno
493 2452 634 2488 unquam
664 2448 804 2487 rempore
826 2451 986 2474 removen,
1030 2428 1182 2474 inspectis
1204 2428 1346 2464 eiusdem
1369 2429 1623 2467 circumstantiis
1646 2428 1779 2475 diligen-

238 2492 294 2534 da,
332 2499 363 2528 et
394 2502 598 2526 successores
631 2489 770 2536 ipsorum
811 2489 848 2523 ad
877 2501 984 2523 eorum
1031 2491 1076 2517 ter
1097 2482 1208 2528 agatis,
1239 2492 1332 2529 prout
1369 2482 1544 2518 secundum
1580 2481 1682 2516 Deum
1710 2483 1780 2516 ani—

238 2541 490 2581 observantiam,
525 2547 556 2574 et
583 2538 621 2573 ad
655 2537 831 2572 faciendum
867 2549 902 2572 ea
936 2537 985 2572 ob·
1032 2548 1155 2569 marum
1175 2543 1236 2569 tant
1253 2536 1340 2580 cleri,
1363 2548 1456 2583 quam
1473 2536 1625 2571 laicorum
1648 2536 1780 2572 civitatis

239 2591 353 2625 servari
375 2589 520 2624 similiter
547 2595 721 2622 teneantur.
746 2586 854 2621 Ablata
884 2586 987 2622 Eccle-
1034 2589 1210 2635 praedictae
1232 2588 1320 2622 saluti
1345 2590 1483 2624 xiileritis
1504 2590 1664 2635 expedire.

361 2646 432 2675 Ball.
452 2645 529 2675 Rom.
555 2644 607 2673 Vol.
632 2644 680 2673 III.
831 2644 869 2672 49
