2129 3223
0 1580 10 1589 ¹·
42 1575 143 1601 denegat:

57 237 104 264 Αη.
122 237 149 263 C.
172 236 238 262 l209

68 292 153 314 l’ullium
185 299 236 314 con—

54 324 110 344 eedit
130 323 237 351 archiepi—

53 359 126 381 κορο.

251 387 466 428 concedimus,
488 399 552 435 quo
579 387 684 435 utique
708 386 786 422 infra
814 394 898 422 tuam
940 386 994 422 Ec-

249 438 375 474 clesiam
397 437 435 472 ad
460 437 626 472 missarum
654 435 805 471 solemnia
845 437 888 471 uti
927 449 995 471 me-

249 487 377 523 mineris
399 487 445 522 eis
467 486 579 522 diebus
599 485 716 533 quibus
739 486 994 533 praedecessores

247 545 317 573 tuos
339 548 413 572 usos
434 536 530 571 fnisse
566 535 748 582 cognoscis,
785 535 927 571 videlicet
962 536 992 571 in

246 586 412 622 Nativitate
442 586 580 626 Domini,
616 585 778 620 festivitate
819 593 994 633 protomar-

246 636 320 684 tyris
352 635 516 683 Stephani,
559 634 809 670 Circumcisione
852 635 991 677 Domini,

245 685 431 734 Epiphania,
455 685 643 733 Hypapanfi,
658 684 821 719 Dominica
839 685 867 719 in
883 685 992 720 Ramis

246 735 445 779 thitmarum,
494 733 599 770 Coena
653 734 805 774 Domini,
853 734 991 770 Sabbato

243 784 372 826 Sancto,
398 784 532 829 Pascha,
554 783 626 819 seria
659 784 797 819 secunda
826 793 895 832 post
929 784 990 819 Pa-

242 833 329 876 scha,
350 834 558 878 Ascensione,
580 833 779 877 Pentecoste,
811 834 911 869 tribus
949 835 991 869 fe-

241 883 430 920 stivitatibus
457 883 591 919 Sanctae
610 883 742 923 Mariae,
766 882 873 918 Natale
908 883 987 919 beati

241 933 367 969 loannis
397 933 568 980 Baptistae,
602 933 798 968 solemnitate
845 933 988 969 omnium

241 981 481 1031 Apostolorum,
504 984 803 1018 commemoratione
836 982 988 1019 Omnium

240 1032 442 1074 Sanctorum,
485 1032 738 1068 dedicationibus
770 1032 988 1077 ecclesiarum,

240 1081 398 1118 Ecclesiae
410 1089 482 1118 tuae
497 1082 727 1130 principalibus
758 1081 987 1123 festivitatibus,

239 1132 530 1168 consecrationibus
568 1132 814 1179 episcoporum,
861 1131 988 1167 ordina-

239 1181 379 1217 tionibus
405 1181 603 1225 clericorum,
625 1190 655 1216 et
681 1181 892 1217 anniversario
917 1190 988 1217 tuae

239 1230 482 1266 consecrationis
503 1231 563 1266 die.
583 1231 744 1266 Citniteria
772 1231 903 1278 insuper
924 1231 988 1267 Ec·

238 1279 403 1316 clesiarum
426 1288 497 1315 tuae
523 1280 689 1320 dioecesis,
716 1288 746 1314 et
776 1280 987 1317 ecclesiastica

239 1329 389 1366 beneficia
418 1329 524 1364 nullus
540 1329 747 1364 haereditario
784 1330 849 1365 iure
883 1331 987 1377 possi-

238 1379 320 1416 deat.
343 1378 436 1422 Quod
455 1380 480 1414 si
497 1379 569 1427 quis
583 1379 641 1414 hoc
658 1378 759 1413 facere
778 1379 986 1420 contenderit,

238 1441 370 1465 censura
417 1430 569 1464 canonica
615 1435 843 1475 compescatur.
887 1428 986 1464 Porro

41 1482 224 1534 42¹⁰M⁶¹3⁰¹³n⁸¹3
237 1478 308 1527 quia
356 1478 484 1526 quidam
527 1477 754 1513 monachorum
803 1477 852 1512 ius
893 1491 985 1513 suum

41 1518 135 1566 diff-⁸⁸¹
148 1517 223 1564 ῗῖἷῖη
237 1528 398 1576 episcopis
423 1528 546 1564 auferre
569 1527 776 1571 contendunt,
803 1527 986 1564 auctoritate

237 1578 406 1626 apostolica
442 1577 648 1625 prohibemus
688 1589 727 1612 ne
762 1577 907 1612 monachi
955 1578 984 1612 in

238 1627 376 1663 dioecesi
406 1627 592 1662 Atheniensi
620 1626 833 1674 cappellanias
860 1635 986 1662 teneant

237 1677 419 1717 sacerdotis,
434 1689 488 1712 seu
513 1675 687 1724 cappellani
711 1676 987 1721 benefieium‚aut

237 1726 374 1763 officium
396 1727 464 1762 sine
487 1726 671 1761 auctoritate
694 1725 863 1772 pontificali
899 1739 987 1762 usur·

238 1785 324 1823 pent,
343 1776 401 1812 sed*
419 1776 610 1824 presbyteris
632 1775 826 1822 cappellanis
866 1776 985 1823 integre

237 1833 462 1862 conserventur
479 1837 695 1873 quaecumque
717 1825 754 1859 ad
783 1824 831 1859 ius
858 1826 986 1873 cappel-

238 1876 337 1912 laniae
380 1876 535 1922 pei-tinere
577 1881 759 1910 noscuntur.
807 1874 986 1911 Statuimus

239 1933 408 1973 praeterea,
436 1934 469 1960 ut
501 1924 607 1959 nullus
640 1925 827 1972 cuiusquam
865 1924 985 1960 ordinis

237 1975 372 2014 clericus
389 1974 551 2011 Ecclesias
572 1974 602 2009 in
626 1974 685 2010 vita
711 1987 764 2009 sua
788 1982 908 2009 tantum
924 1974 983 2010 sibi

237 2024 422 2062 commissas
438 2023 475 2059 ad
493 2024 543 2059 ius
554 2023 780 2071 archiepiscopi
793 2024 985 2072 pertinentes

237 2075 306 2111 sine
325 2074 531 2116 conscientia,
558 2074 605 2108 vel
633 2086 788 2109 consensu
823 2082 901 2118 tuo,
936 2074 983 2110 vel

237 2136 456 2161 successorum
496 2131 620 2158 tuorum
665 2123 754 2158 faciat
795 2124 959 2159 censuales
976 2152 983 2164 ,

238 2183 291 2210 aut
312 2176 342 2209 in
365 2173 550 2221 cuiusquam
562 2173 725 2207 transferat
741 2180 938 2220 potestatem,
954 2181 984 2209 et

239 2224 403 2259 si-factum
431 2222 534 2263 fuerit,
568 2222 688 2256 irritum
726 2222 886 2257 habeatur.
920 2223 982 2258 Sed

44 2270 226 2325 2ss2⁸⁸3⁶if²25
241 2285 298 2309 nec
318 2273 477 2317 monachi,
498 2280 551 2307 aut
572 2271 728 2310 canonici,
763 2285 816 2307 seu
853 2273 985 2319 quilibet

44 2333 137 2355 eiu-am
151 2333 226 2356 necto·
240 2323 291 2359 alii
312 2322 419 2359 clerici
441 2323 472 2357 in
508 2321 655 2357 Ecclesiis
690 2320 727 2355 ad
768 2329 851 2356 tuam
895 2323 984 2357 dioe-

240 2372 336 2410 cesim
365 2371 595 2420 pertinentibus
615 2372 683 2405 sine
708 2370 890 2406 auctoritate
932 2381 985 2407 tua

216 2451 218 2456 ,
240 2421 402 2460 instituere
428 2421 474 2456 vel
503 2432 662 2457 removere
683 2419 795 2455 audeat
827 2421 984 2469 cappella-

238 2484 297 2509 nos
333 2472 394 2507 nisi
428 2471 505 2506 sorte
543 2469 729 2506 Pontificum
769 2469 983 2506 Romanorum

240 2520 414 2568 privilegio,
436 2521 481 2556 vel
505 2520 629 2569 antiqua
657 2527 687 2555 et
714 2518 887 2555 rationabili
914 2532 980 2556 oon-

240 2570 407 2607 suetudine
429 2571 618 2606 muniantur.
648 2569 811 2604 Praeterea
846 2570 931 2617 quod
966 2581 982 2605 a

240 2627 272 2655 to
306 2620 466 2656 communi
496 2632 626 2655 assensu
666 2618 795 2665 capituli
832 2618 888 2660 tui,
936 2619 981 2654 vel

45 2364 89 2385 sia·
103 2365 228 2387 indemnita-

45 2396 97 2416 tom:

848 232 1058 256 lNNOCENTlUS
1078 234 1117 256 111
1141 235 1187 257 ΡΙ).

1667 229 1737 261 emo

1669 250 1724 261 ..ι-ι·

254 289 439 339 pontificalis
473 289 563 324 officii
589 287 816 335 plenitudinem
841 295 910 322 tuae
941 287 997 323 sra—
1039 288 1165 323 inaioris
1205 291 1300 337 partis
1340 293 1473 327 sanioris
1510 293 1633 328 consilii
1669 295 1700 328 in
1736 302 1786 329 tua

253 339 387 376 tei-nitati
424 337 624 386 Apostolicae
671 337 764 372 Sedis
810 337 994 372 liberalitate
1036 337 1171 374 dioecesi
1194 341 1344 376 canonice
1361 342 1454 377 suerit
1476 343 1667 387 institutum,
1683 351 1784 378 ratum

1036 396 1066 422 et
1093 389 1218 424 firmum
1239 389 1382 425 volumus
1406 404 1598 437 permanere.
1629 392 1786 428 Prohibe-

1037 449 1107 472 mus
1128 448 1232 474 autem
1257 452 1294 474 ne
1318 441 1500 488 presbyteri,
1540 442 1586 477 vel
1619 442 1669 477 alii
1711 454 1786 490 cap-

1036 487 1149 534 pellani
1190 488 1401 524 Ecclesiarum
1441 492 1477 525 ad
1514 491 1674 527 Ecclesiae
1713 500 1785 527 tuae

1035 537 1084 572 ius
1105 537 1330 584 pertinentium
1356 541 1570 585 possessiones
1591 553 1697 577 earum
1716 542 1785 578 abs·

1034 599 1094 634 que
1122 599 1279 623 consensu
1319 597 1382 627 tuo,
1423 589 1514 624 salvis
1553 600 1656 625 tamen
1694 604 1784 627 cano·

1034 636 1114 671 nicis
1138 637 1400 676 institutionibus.
1423 639 1607 677 distrahere.
1636 640 1783 680 vendere.

1035 686 1080 721 vel
1104 686 1252 733 obligare,
1275 700 1329 722 seu
1357 689 1418 723 alio
1441 688 1579 736 quolibet
1601 689 1696 725 modo
1712 690 1786 726 alie-

1034 748 1106 771 nare
1135 745 1348 784 praesumant.
1371 738 1464 780 Quod
1487 751 1513 772 si
1541 738 1655 774 facturn
1675 739 1783 782 suerit,

1033 785 1155 821 irritum
1180 786 1336 822 habeatur.
1357 787 1537 834 Apostolica
1572 788 1702 836 insuper
1733 802 1784 825 au-

1031 836 1175 872 ctoritate
1204 845 1345 872 vetamus
1371 850 1407 871 ne
1435 837 1618 872 interdictos
1652 838 1699 873 vel
1733 851 1783 874 ex-

1031 886 1280 922 communicatos
1302 894 1371 922 tuos
1393 887 1430 921 ad
1455 886 1593 922 officium
1628 888 1674 923 vel
1700 900 1784 923 com-

1032 936 1214 971 munionem
1237 936 1481 972 ecclesiasticam
1505 937 1573 972 sine
1591 938 1782 973 conscientia

1030 993 1061 1020 et
1082 998 1239 1022 consensu
1268 994 1320 1021 tuo
1348 987 1515 1034 quisquam
1544 986 1703 1032 admittat,
1730 995 1783 1023 aut

1030 1044 1135 1070 contra
1159 1036 1345 1072 sententiam
1369 1043 1453 1071 tuam
1477 1036 1629 1071 canonice
1646 1037 1783 1085 promul-

1029 1092 1131 1130 gatam
1179 1085 1294 1132 aliquis
1342 1085 1446 1120 venire
1493 1095 1684 1133 praesumat,
1722 1087 1781 1122 nisi

1030 1134 1109 1169 forte
1136 1134 1312 1182 periculum
1337 1135 1446 1170 mortis
1468 1135 1643 1177 immineat,
1658 1135 1781 1172 utdum

1030 1185 1237 1230 praesentiam
1279 1192 1362 1219 tuam
1404 1184 1518 1220 habere
1561 1185 1779 1233 nequiverint,

1029 1245 1085 1280 per
1110 1234 1204 1269 alium
1232 1234 1406 1270 secundum
1448 1234 1579 1269 formam
1618 1234 1781 1271 Ecclesiae

1028 1283 1241 1318 satisfactione
1268 1284 1437 1331 praemissa
1469 1291 1611 1330 oporteat
1648 1283 1779 1332 ligatum

1029 1332 1159 1367 absolvi.
1180 1332 1227 1368 Ad
1250 1332 1338 1373 haec,
1361 1345 1472 1368 omnes
1494 1333 1652 1369 libertates
1673 1342 1703 1369 et
1725 1334 1781 1370 im-

1029 1382 1209 1421 munitates,
1232 1382 1402 1427 dignitates
1429 1394 1566 1429 quoque,
1602 1395 1638 1417 ac
1678 1384 1780 1418 ratio-

1029 1429 1150 1466 nabiles
1172 1439 1201 1466 et
1228 1431 1417 1478 approbatas
1433 1431 1682 1467 consuetudines
1717 1432 1781 1468 Ec-

1028 1479 1139 1515 clesiae
1167 1489 1250 1525 tuae,
1273 1493 1395 1515 necnon
1419 1488 1449 1515 et
1477 1482 1693 1528 exemptiones
1711 1495 1781 1518 sae-

1028 1529 1180 1564 cularium
1202 1530 1400 1565 exactionum
1423 1542 1439 1564 a
1455 1531 1593 1577 regibus,
1616 1543 1672 1566 seu
1695 1532 1781 1579 prin—

1028 1578 1152 1625 cipibus
1190 1587 1242 1614 aut
1262 1579 1332 1614 aliis
1374 1579 1520 1614 fidelibus
1553 1580 1780 1617 rationabiliter

1030 1627 1084 1662 tibi
1112 1638 1142 1663 et
1169 1628 1328 1664 Ecclesiae
1370 1638 1439 1663 tuae
1475 1642 1510 1664 ac
1549 1630 1673 1666 clericis
1709 1632 1780 1667 eius

1028 1677 1166 1713 indultas
1192 1679 1374 1714 auctoritate
1401 1679 1571 1725 apostolica
1608 1680 1780 1716 confirma-

1028 1739 1123 1771 mus,
1175 1736 1205 1762 et
1252 1729 1426 1775 praesentis
1472 1729 1577 1776 scripti
1618 1730 1779 1777 privilegio

1028 1789 1285 1812 commuinimus.

1078 1826 1285 1862 Decernimns
1320 1840 1404 1873 ergo,
1454 1836 1485 1862 ut
1528 1827 1604 1863 nulli
1647 1829 1778 1865 omnino

1028 1876 1191 1911 hominum
1215 1876 1307 1912 liceat
1339 1877 1561 1913 Atheniensem
1601 1877 1774 1914 Ecclesiam

1027 1933 1145 1962 temere
1168 1925 1361 1974 perturbare,
1384 1934 1435 1962 aut
1457 1928 1525 1962 cius
1560 1928 1776 1975 possessiones

1027 1975 1159 2016 auferre,
1190 1975 1237 2011 vel
1267 1975 1384 2011 ablatas
1433 1977 1577 2022 retinere,
1619 1977 1775 2018 minuere.

1027 2037 1081 2060 seu
1109 2025 1302 2073 quibuslibet
1331 2026 1543 2062 vexationibus
1565 2027 1774 2075 fatigare25ed

1027 2087 1131 2110 omnia
1159 2075 1279 2122 integra
1300 2084 1526 2111 conserventur
1552 2089 1660 2112 eorum
1677 2104 1686 2121 ,
1720 2090 1775 2125 pro

1027 2137 1159 2172 quorum
1199 2125 1425 2171 gubernatione
1471 2138 1507 2161 ac
1548 2128 1775 2162 sustentatione

1026 2186 1172 2209 concessa
1195 2182 1267 2209 sunt
1295 2175 1403 2209 usibus
1440 2175 1633 2210 omnimodis
1666 2176 1774 2223 profu-

1027 2232 1112 2264 tura,
1152 2224 1247 2259 salvis
1281 2236 1405 2271 semper
1435 2225 1464 2258 in
1500 2225 1646 2259 omnibus
1685 2226 1772 2273 Apo-

1026 2273 1152 2308 stolicae
1179 2273 1271 2308 Sedis
1292 2275 1498 2311 auctoritate.
1534 2275 1706 2309 reverentia
1743 2284 1773 2310 et

1027 2322 1181 2357 mandato.
1206 2322 1239 2357 Si
1262 2334 1323 2369 qua
1348 2323 1439 2368 igitur
1461 2323 1491 2357 in
1515 2323 1652 2357 futurum
1675 2324 1773 2359 eccle-

1026 2372 1148 2406 siastica
1171 2371 1377 2406 saecularisve
1398 2384 1528 2417 persona
1552 2373 1631 2407 hanc
1647 2381 1772 2409 nostrae.

1026 2420 1258 2455 constitutionis
1305 2423 1447 2467 paginam
1495 2421 1616 2463 sciens,
1663 2430 1771 2459 contra

1026 2482 1092 2505 earn
1120 2478 1236 2505 temere
1278 2470 1382 2505 venire
1419 2474 1590 2511 tentaverit,
1629 2472 1770 2508 secundo

1025 2519 1153 2555 tertiove
1187 2522 1375 2554 commonita
1417 2521 1474 2554 nisi
1516 2528 1634 2556 reatum
1676 2534 1769 2558 suum

1026 2581 1161 2615 congrua
1178 2568 1388 2604 satisfactione
1404 2572 1584 2611 correxerit,
1608 2573 1771 2619 potestatis

1026 2618 1218 2666 honorisque
1240 2621 1288 2654 sui
1310 2627 1412 2654 careat
1434 2619 1593 2666 dignitate,
1622 2631 1768 2671 reamque

1804 240 1852 266 Αη.
1871 239 1897 265 C.
1915 239 1985 266 ¹200

1807 1344 1899 1374 Elinque
1914 1346 1978 1367 mor-

1794 1380 1849 1398 tam
1859 1376 1977 1399 confirma:

1821 1838 1936 1862 Clau-utne
