2129 3223
0 927 14 938 '-
51 927 127 958 navitae
143 935 179 951 ret
194 931 219 952 fi-
235 933 316 969 idem
352 946 404 969 fex
445 934 604 969 intellecto

0 1038 15 1053 v

0 1066 3 1074 t

0 1303 6 1312 ι

0 1319 14 1341 Γ.

0 1408 3 1420 t

0 1427 5 1442 Γ

0 1445 4 1465 Ι

0 1495 7 1506 ὴ
43 1475 164 1496 tiu-..sorem
182 1477 212 1496 in—

0 1509 2 1525 :
31 1508 189 1533 utigr-ntepisc.
228 1528 234 1532 ,

51 237 101 266 An.
120 237 149 264 G.
164 238 230 264 ¹220

854 242 1012 266 ttoNOtttt‘s
1035 243 1071 265 ΙΙΙ
1095 244 1142 266 ΡΡ.

1654 241 1715 273 57¹
1785 254 1876 281 mc.
1897 256 1964 282 1-2-20

244 298 375 327 Honorius
390 298 531 334 episcopus
545 304 640 327 servus
652 305 790 327 servorum
805 299 861 332 Dei,
878 307 990 329 vonera—
1029 296 1099 331 inde
1136 297 1270 334 feceritis
1297 301 1387 336 nobis
1419 315 1471 348 per
1499 304 1614 340 litteras
1654 314 1768 342 vestras

286 343 385 372 bilibus
402 342 538 372 nuribus
556 343 687 376 tubicen„
700 344 833 373 szorinen.
848 346 877 373 et
889 345 988 374 Μεκα-

287 389 401 424 burgen.
415 387 558 424 episeopis.
579 388 697 417 satutem
707 389 737 417 et
748 390 926 424 apostoticam
942 390 990 418 be-

286 433 474 463 nodtetionem.

291 487 505 523 Cltarissimus
537 487 568 522 in
603 487 730 523 Christo
765 488 846 522 filius
881 499 987 525 noster

45 533 227 588 52321³²5m522
242 537 464 572 Waldemarus
485 549 537 572 rex
559 537 720 572 Danorum
744 537 871 572 illustris
894 540 985 575 nobis

45 595 124 621 quam...
140 596 225 616 invadit:
243 587 401 622 insinuare
423 587 554 627 curavit,
581 586 664 634 quod
692 587 792 622 clarae
815 590 983 624 memoriae

240 636 355 672 Enrico
374 648 446 683 rege
468 636 591 671 Svetiae
611 636 704 671 rebus
723 636 867 672 humanis
882 650 984 673 exem-

239 694 306 732 pto,
335 686 448 721 nobilis
475 686 519 720 vir
540 685 673 721 loannes
699 698 830 732 regnum
859 687 982 722 Svetiae

237 734 274 770 ad
302 735 438 771 defuncti
467 735 565 770 lilium
593 735 666 770 dicti
703 736 784 781 regis
819 736 980 772 Danorum

238 793 382 832 nepotem
415 785 482 820 iure
503 785 708 820 haereditario
735 785 980 831 devolvendum,

236 834 444 882 quorumdam
470 843 649 881 magnatum
673 834 815 870 eiusdem
839 837 925 881 regni
942 837 980 871 fa-

236 896 308 919 vore
347 884 494 920 suffultus
533 885 682 919 violenter
722 885 843 919 invasit.
883 885 979 921 Porro

37 958 130 986 'iiregls
148 961 219 982 detun-
324 984 330 990 ι
436 984 441 989 ,
488 983 494 989 ,
621 962 629 977 7
664 935 746 981 qUOd
788 935 979 992 l'essel'ssblles

38 991 65 1011 0¹⁵
87 993 171 1012 nomine
193 993 218 1014 ad
234 991 331 1019 nostri
358 984 615 1030 archiepiscopus
637 983 785 1029 Upsalen.
814 992 843 1018 et
867 986 978 1019 suflra-

36 1019 322 1080 ⁵''⁴‘³⁹''⁹''³‘³ganei
350 1033 420 1068 eius
448 1034 477 1067 in
514 1045 618 1080 regem
648 1033 792 1068 volebant
825 1034 976 1080 inungere

232 1081 368 1118 nobilem
405 1082 642 1128 supradictum,
677 1095 715 1117 ne
750 1083 779 1117 id
816 1083 975 1124 facerent,

231 1130 366 1168 inhibuit
401 1131 590 1179 appellando
626 1132 796 1180 praefatum
831 1141 974 1179 nepotem

229 1193 342 1225 suum,
368 1188 399 1216 et
430 1182 535 1216 omnia
576 1182 641 1216 iura
681 1182 749 1216 eius
786 1182 974 1228 apostolicae

230 1231 414 1276 protectioni
437 1242 634 1277 supponens,
657 1243 691 1265 ac
712 1232 887 1277 praefigens
913 1241 975 1266 ter-

229 1279 376 1323 minum,
414 1292 477 1326 quo
505 1292 559 1326 per
591 1293 643 1321 se,
678 1280 724 1314 vel
760 1293 814 1327 per
841 1281 975 1316 nuncios

227 1341 303 1364 suos
324 1330 355 1364 in
390 1337 494 1364 nostra
528 1338 745 1376 comparerent
781 1331 993 1375 praesentia„

228 1378 289 1422 his,
303 1379 358 1426 qui
381 1379 523 1413 venirent
547 1391 603 1426 pro
619 1379 733 1413 tuenda
757 1379 831 1414 dicti
851 1381 973 1426 nepotis

227 1428 274 1462 sui
296 1428 414 1463 iustitia
443 1429 641 1475 responsum
664 1428 717 1463 sed
743 1429 814 1475 ipsi,
834 1429 971 1475 legitima

227 1477 296 1512 cius
328 1477 539 1525 appellatione
578 1486 770 1523 contempta,
806 1478 836 1512 in
867 1490 970 1524 regem

228 1535 418 1562 inunxerunt
440 1527 576 1562 nobilem
605 1528 796 1562 antedictum
826 1528 857 1562 in
882 1540 972 1575 prae-

228 1575 279 1611 l'ati
305 1577 433 1624 nepotis
462 1577 510 1611 sui
545 1577 673 1623 pupilli,
705 1590 739 1612 ac
773 1577 865 1612 etiam
904 1586 992 1624 post·

227 1626 322 1671 patris
347 1626 468 1661 obitum
501 1626 562 1661 nati
589 1628 810 1673 gravissimum
845 1627 992 1674 praeiu-.

225 1675 343 1711 dicium
366 1684 396 1710 et
422 1683 639 1723 contemptum
664 1684 818 1717 nostrum,
851 1690 887 1711 ac
914 1676 972 1711 Se-

225 1725 275 1760 dis
287 1725 488 1772 Apostolicae
510 1726 724 1760 manifestum.
744 1725 892 1761 Nolentes
913 1726 972 1771 igi·
991 1758 992 1764 ,

226 1783 276 1810 tut·
301 1775 486 1810 huiusmodi
513 1776 778 1822 praesumptionis
807 1788 970 1810 excessum

225 1824 284 1859 suh
304 1824 555 1860 dissimulatione
579 1826 723 1865 transire,
746 1838 819 1859 cum
848 1825 972 1860 debitae

226 1885 345 1919 poenae
372 1874 516 1909 remissio
538 1873 699 1909 audaciam
723 1874 839 1910 tribuat
867 1874 972 1909 delin-

225 1923 354 1969 quendi,
378 1935 434 1970 pet·
446 1923 617 1970 apostolica
636 1924 726 1958 vobis
747 1926 863 1971 scripta
888 1937 971 1959 man-

225 1973 353 2011 damns,
386 1981 540 2020 quatenus
566 1973 713 2020 inquisita
743 1974 866 2019 plenius
895 1975 971 2009 veri-

227 2029 305 2065 tate,
336 2022 362 2056 si
391 2022 479 2057 vobis
507 2023 681 2057 constiterit
715 2023 831 2058 dictum
866 2024 970 2058 archi-

226 2072 407 2119 episcopum
429 2079 471 2107 ·et
493 2072 660 2119 episcopos
685 2072 723 2107 ad
754 2073 969 2108 inunctionem

228 2121 409 2156 huiusmodi
439 2131 509 2168 post
535 2122 772 2168 appellationem
800 2123 969 2169 legitimam

228 2171 429 2217 processisse,
451 2171 633 2206 auctoritate
656 2181 759 2207 nostra
780 2172 909 2207 tirmiter
924 2174 971 2207 in-

228 2221 365 2267 iungatis
392 2221 448 2267 ipsi
480 2220 732 2267 archiepiscopo,
765 2230 794 2256 et
820 2224 873 2256 uni
901 2224 971 2269 epi-

227 2282 408 2317 scoporum,
435 2271 487 2317 qui
510 2270 675 2304 astiterunt
695 2270 809 2315 eidem,
836 2280 870 2306 ut
893 2273 970 2307 infra

227 2327 457 2367 competentem
497 2319 663 2354 terminum
699 2320 757 2354 sibi
796 2322 971 2368 praefigen-

228 2368 303 2403 dum
324 2381 341 2403 a
365 2368 452 2403 vobis
473 2380 543 2403 cum
568 2369 822 2416 procuratoribus
839 2371 968 2405 aliorum

227 2417 400 2465 apostolico
415 2418 599 2465 conspectui
614 2419 822 2464 personaliter
836 2432 869 2454 se
886 2433 972 2467 prae-

228 2475 367 2512 sentent,
394 2467 432 2502 de
464 2467 643 2502 huiusmodi
672 2467 859 2503 satisfacturi
892 2482 970 2504 con-

230 2524 361 2564 temptu,
398 2517 484 2564 ipsos
517 2517 554 2552 ad
585 2517 627 2557 id,
658 2517 682 2551 si
719 2529 846 2552 necesse
868 2518 969 2559 suerit,

231 2577 285 2612 pet·
298 2577 461 2601 censuram
483 2566 737 2610 ecclesiasticam,
762 2567 970 2614 appellatione

231 2615 412 2661 postposita,
435 2616 669 2663 compellentes.
684 2615 845 2663 Quidquid
867 2625 969 2652 autem

44 2167 100 2190 Diem
121 2171 153 2191 eis
175 2171 213 2190 in-

32 2199 73 2220 dici
95 2199 153 2222 iubet
169 2199 214 2221 flo-

32 2235 112 2252 nonus.

1029 347 1176 382 veraciter
1210 348 1368 385 intimetis.
1397 351 1488 393 Quod
1515 354 1539 388 si
1564 367 1624 389 non
1659 368 1768 391 omne.-

1027 395 1076 431 his
1105 398 1298 444 exequendis
1327 402 1489 446 potueritis
1511 404 1680 446 interesse,
1705 406 1767 440 duo

1027 453 1162 482 vestrum
1190 459 1224 482 ea
1254 448 1458 486 nihilominus
1485 462 1689 500 exequantur.

1074 496 1187 532 Datum
1216 497 1325 543 Reate,
1355 501 1490 547 septimo
1524 502 1594 538 idus
1625 505 1766 550 augusti,

1025 546 1222 591 pontificatus
1249 548 1344 582 nostri
1366 562 1448 585 anno
1475 560 1595 598 quarto.

1062 607 1123 638 Dat.
1141 608 1188 638 die
1213 610 1226 638 'l
1243 612 1357 648 augusti
1380 612 1462 648 1220,
1481 614 1580 651 pontis.
1600 625 1674 645 anno
1691 625 1726 646 tv.

1090 760 1103 774 ’
1332 752 1455 788 XLVll.

1021 828 1198 861 Commi'ssiu
1226 831 1418 873 Apostolicae
1445 832 1534 866 Sedis
1559 835 1706 878 deleqato,
1733 845 1764 868 ut

1068 878 1188 911 nomine
1209 880 1338 913 eiusdem
1356 882 1444 913 Sedis
1459 889 1572 916 terram
1593 886 1760 918 comitissae

1067 927 1249 966 ruathildis,
1279 941 1370 974 quam
1409 933 1576 975 imperator
1612 935 1765 978 resignari

1066 978 1286 1021 mandaverat,
1308 981 1446 1024 recipiat,
1475 994 1599 1026 eamque
1627 987 1762 1028 personis

1064 1027 1268 1061 ecclesiasticis
1290 1036 1316 1060 et
1341 1030 1496 1064 Romanae
1516 1032 1668 1066 Ecclesiae
1687 1034 1763 1078 fide·-

1067 1076 1145 1108 libus
1173 1078 1340 1112 committat
1365 1081 1418 1122 (l).

1285 1151 1404 1182 SUMMA
1411 1153 1498 1184 ntmt

1015 1211 1124 1241 Caussa
1157 1214 1386 1243 commissionis.
1418 1232 1455 1237 —
1481 1216 1595 1246 Mandat
1630 1219 1760 1257 delegato

1054 1257 1105 1295 Ap.
1123 1254 1208 1286 Sedis
1227 1262 1258 1286 ut
1280 1259 1396 1288 nomine
1418 1258 1566 1290 Pontificis
1593 1267 1698 1292 terram
1725 1264 1759 1293 ab

1054 1301 1226 1337 imperatore
1257 1303 1433 1339 resignatam
1457 1305 1587 1344 recipiat.

1013 1370 1141 1399 Honorius
1159 1372 1299 1408 episcopus
1317 1380 1411 1402 servus
1435 1381 1574 1404 servorum
1588 1377 1644 1410 Dei,
1662 1379 1759 1408 dilecto

1056 1419 1110 1448 titio
1123 1421 1243 1450 Alatrino
1254 1422 1423 1456 subdiacono.
1437 1425 1467 1452 et
1482 1425 1637 1460 cappellano
1654 1429 1758 1460 nostro.

1056 1469 1172 1498 satutem
1191 1472 1219 1499 et
1237 1472 1413 1506 apostoticam
1432 1473 1652 1503 benedictionem.

1060 1527 1121 1562 Per
1148 1536 1216 1563 tuas
1246 1529 1336 1564 nobis
1370 1530 1486 1566 litteras
1513 1534 1661 1569 intimasti
1689 1536 1760 1570 clia·
1784 1549 1861 1570 caum
1895 1555 1953 1571 com-

1012 1577 1169 1612 rissimum
1198 1579 1228 1612 in
1251 1578 1378 1614 Christo
1400 1581 1496 1616 lilium
1526 1591 1664 1619 nostrum
1688 1585 1758 1619 Fri·
1771 1582 1876 1601 m³⁵⁵³0¹³¹⁵

1012 1627 1155 1661 dericum
1183 1627 1335 1663 illustrem
1361 1643 1464 1676 regem
1491 1632 1618 1668 Siciliae
1644 1635 1675 1668 in
1698 1633 1760 1669 Ro-

1013 1689 1174 1710 manorum
1199 1678 1417 1724 imperatorem
1437 1681 1570 1717 electum
1591 1684 1757 1718 venerabili

1012 1725 1094 1759 fratri
1123 1736 1229 1760 nostro
1260 1727 1374 1762 Meten.
1409 1731 1557 1779 episcopo
1588 1733 1758 1778 imperialis

1011 1775 1100 1809 aulae
1128 1776 1315 1811 cancellario
1342 1779 1532 1825 iniunxisse3
1556 1791 1587 1816 ut
1608 1782 1662 1816 tibi
1694 1791 1756 1817 ter-

1012 1836 1075 1858 ram
1092 1825 1192 1860 clarae
1216 1828 1385 1863 memoriae
1405 1831 1581 1866 comitissae
1596 1831 1756 1867 Mathildis

1012 1873 1103 1908 faciat
1138 1876 1297 1922 resignari.
1332 1877 1411 1913 Cum
1450 1880 1545 1926 igitur
1578 1894 1649 1916 cum
1688 1883 1755 1929 ipso
1783 1889 1950 1925 ³1·¹n⁴1¹¹de¹‘{-

1011 1924 1198 1959 cancellaiio
1239 1928 1363 1967 venias,
1393 1930 1473 1963 sicut
1509 1930 1626 1966 eisdem
1665 1931 1755 1967 nobis
1769 1922 1951 1973 „lilssln‘pffi

1011 1972 1122 2009 litteris
1144 1975 1304 2019 intimasti,
1332 1980 1542 2023 praesentium
1565 1980 1619 2015 tibi
1647 1984 1949 2017 aucto-5³fi⁶‡⁵²‘*·‘·m³¹³

1011 2022 1100 2058 ritate
1134 2023 1337 2070 mandamus,
1365 2037 1518 2074 qnatenus
1545 2031 1673 2066 nomine
1703 2044 1755 2065 no-
1769 2018 1949 2069 2¹?gl1233'03'²-‚2.‘5}I

1010 2080 1075 2106 stro
1098 2074 1230 2120 recipias
1253 2082 1363 2110 terram
1392 2077 1509 2123 ipsam⁷
1536 2091 1668 2126 eamque
1691 2076 1817 2125 per-‘’³³‘'

1011 2124 1097 2156 sonis
1131 2124 1351 2169 ecclesiasticis
1384 2129 1561 2163 committas
1595 2129 1754 2165 Ecclesiae

1011 2171 1172 2206 Romanae
1205 2173 1349 2209 fidelibus
1380 2185 1409 2209 et
1444 2177 1563 2213 devotis
1594 2178 1753 2214 Romanae

1011 2220 1169 2256 Ecclesiae
1203 2224 1331 2258 nomine
1366 2227 1623 2267 conservandam,
1653 2228 1752 2263 donec

1011 2282 1107 2317 super
1133 2270 1338 2317 dispositione
1365 2273 1465 2319 ipsius
1493 2277 1673 2312 mandatum
1701 2290 1754 2312 no-

1010 2327 1108 2353 strum
1137 2322 1311 2367 receperint
1336 2324 1482 2368 speciale,
1505 2337 1540 2359 ac
1571 2326 1685 2361 deinde
1713 2328 1750 2362 ad

1013 2369 1217 2415 praesentiam
1246 2379 1382 2405 nostram
1405 2372 1553 2409 dilatione
1580 2378 1750 2422 postposita

1011 2418 1185 2452 revertaris.
1211 2417 1302 2460 Quod
1331 2421 1357 2454 si
1379 2420 1456 2457 forte
1484 2425 1694 2470 contingeret,
1723 2435 1750 2461 te

1011 2467 1189 2502 huiusmodi
1217 2470 1382 2504 occasione
1404 2483 1522 2507 moram
1547 2474 1669 2510 trahere
1687 2476 1752 2511 lon-

1009 2516 1140 2562 giorem,
1163 2528 1198 2551 ea
1220 2530 1299 2565 quae
1321 2528 1391 2554 aute
1418 2522 1499 2568 regis
1520 2523 1688 2559 adventum
1711 2526 1748 2560 ad

1010 2566 1148 2600 notitiam
1165 2575 1300 2602 nostram
1320 2570 1445 2616 expedit
1466 2573 1639 2617 pervenire,
1659 2575 1750 2610 nobis

1044 2631 1082 2665 (t)
1099 2632 1137 2657 Ex
1154 2632 1257 2666 Regest.
1279 2634 1361 2661 vatic.
