2129 3223
341 249 411 282 468

291 322 319 348 et
345 312 488 347 ministro
524 310 649 353 idoneo,
684 308 737 355 qui
776 307 821 342 eis
857 305 1036 350 deserviat,

93 361 276 412 }{''g>”÷{³‘”³f‘f
291 358 562 408 deputatis.'lllud
585 356 809 392 interdicentes
823 367 982 403 expresse,
998 366 1036 389 ne

93 397 360 458 12¹1},.,⁰”‚'{1m?„{¹jq„jg
398 409 545 444 abbatum
592 406 685 442 alicui
728 405 1035 452 consanguineorum

93 454 203 473 '⁷““⁰¹''''’
290 472 417 494 suorum
446 471 508 493 non
535 469 649 503 egeno,
670 468 725 490 seu
747 456 840 490 etiam
881 453 1033 501 pauperi,

289 509 363 543 dum
393 515 496 543 tamen
525 507 554 541 in
583 517 750 552 gravamen
772 503 945 547 Ecclesiae,
961 513 1035 537 nto-

289 558 362 592 bilia
398 558 443 592 vel
460 555 630 591 immobilia
653 554 813 589 Ecclesiae
847 565 921 587 suae
957 563 1036 586 con-

288 608 388 642 cedat.
412 606 475 649 Qui
496 617 567 640 vero
588 611 696 639 contra
720 601 975 650 praesumpserit,
997 600 1036 634 ab

288 656 428 690 Ecclesia
451 661 632 690 amoveatur
653 652 777 697 eadem,
805 650 981 698 prioribus,
1006 657 1037 683 ot

288 705 484 749 officialibus,
511 704 536 738 si
559 703 630 738 talia
651 714 705 737 eos
727 700 925 736 commisisse
958 710 1036 733 con-

287 755 412 794 stiterit,
439 767 455 788 a
490 753 564 787 locis
604 752 670 787 suis
699 759 730 786 et
759 750 868 785 officiis
907 759 1036 795 prorsus

287 804 410 847 amotis,
432 803 520 845 alias,
542 808 637 848 prout
657 800 769 847 culpae
795 798 929 846 qualitas
960 808 1036 831 exe-

287 853 378 899 gerit,
420 852 556 899 graviter
596 848 778 897 puniendis.
827 846 1036 882 Prohibemus

90 908 271 943 ‚Pssrefiroenu'is
289 910 460 948 praeterea,
487 913 526 935 ne
553 900 623 946 quis
648 898 799 933 abbatum
836 896 963 942 recipiat
997 894 1036 929 de

90 941 211 961 'Midum‘
287 959 411 987 caetero
429 950 565 997 aliquem
587 948 618 982 in
652 948 838 982 canonicum
871 944 919 979 vel
959 956 1036 978 con-

288 1012 426 1040 versum,
457 998 509 1046 qui
547 996 733 1044 vigesimum
774 995 884 1030 aetatis
918 1005 1034 1028 annum

289 1062 348 1084 non
372 1048 481 1095 egerit,
509 1058 580 1082 cum
608 1058 648 1080 ex
679 1057 716 1080 eo
753 1044 836 1092 quod
873 1043 961 1090 pueri
1006 1049 1035 1076 et

286 1098 335 1133 alii
361 1110 423 1132 non
448 1097 557 1144 plenae
580 1094 691 1130 aetatis
718 1094 863 1128 homines
883 1094 912 1126 in
939 1103 1036 1126 cano-

286 1148 372 1182 nicos
405 1153 638 1182 consueverunt
660 1142 792 1187 admitti,
819 1153 912 1188 grave
944 1152 1035 1175 scan-

285 1198 403 1236 dalum,
432 1191 459 1231 et
493 1193 620 1229 infamia
655 1192 774 1227 ordinis
813 1194 875 1226 sint
912 1197 1034 1237 sequta,

285 1244 585 1290 transgressoribus,
608 1242 634 1276 si
663 1242 715 1288 qui
756 1241 882 1281 fuerint,
916 1253 932 1274 a
969 1241 1036 1274 suis

285 1292 613 1331 administrationibus
653 1292 684 1325 in
723 1290 863 1336 generali
896 1289 1035 1337 capitulo

286 1343 495 1380 removendis:
525 1341 580 1377 sed
604 1351 661 1375 nec
679 1339 809 1374 abbates
831 1340 956 1386 aliquos
977 1350 1034 1372 re-

286 1394 400 1440 cipiant
423 1393 452 1426 in
471 1391 641 1426 canonicos
662 1397 691 1423 et
714 1390 744 1423 in
775 1389 895 1429 fraires,
924 1388 1035 1435 prioris

287 1452 317 1478 et
339 1440 527 1488 subprioris,
552 1447 581 1474 et
599 1438 777 1485 aliquorum
807 1437 959 1471 maiorum
996 1436 1035 1470 de

287 1493 381 1526 domo
410 1489 589 1536 irrequisito
610 1486 741 1523 consilio
767 1495 798 1521 et
818 1498 960 1522 assensu.
987 1485 1035 1520 llli

287 1553 362 1575 vero
397 1538 612 1585 *receptionem
657 1536 813 1571 bonorum
857 1535 1036 1569 nullatenus

103 1598 130 1618 De
152 1599 258 1632 conoqvio
286 1588 441 1635 impedire
458 1594 670 1634 praesumant.
695 1583 779 1619 Sane
800 1596 871 1619 cum
892 1585 1034 1619 omnium

89 1628 439 1679 [2T,1‚22‘2,‘„¹i³1¹ssffmalorum
463 1637 607 1671 incentor
627 1634 694 1669 Deo
721 1633 843 1668 dilectis
870 1633 1036 1668 animabus

287 1687 430 1735 nequiter
451 1685 608 1725 invidens,
631 1683 669 1717 ad
685 1683 870 1729 rapiendum
897 1694 961 1727 eas,
988 1682 1036 1717 vel

286 1734 510 1771 maculandum
538 1732 748 1768 conscientias
776 1739 828 1765 aut
850 1731 964 1766 famam
987 1743 1036 1766 ea-

286 1798 368 1825 rum,
390 1783 522 1818 infinitis
544 1780 709 1818 fraudibus
737 1779 936 1815 machinetur
953 1807 961 1822 ,
1000 1792 1036 1815 ac

286 1846 341 1881 per
362 1833 423 1869 hoc
439 1833 542 1867 omnis
564 1831 604 1866 sit
630 1831 658 1866 ei
674 1830 797 1865 occasio
811 1829 1035 1871 subtrahenda,

287 1883 416 1919 tirmiter
436 1881 667 1921 interdicimus,
695 1887 728 1914 ut
749 1879 857 1913 nullus
884 1878 1037 1925 regularis

286 1944 340 1968 seu
378 1931 546 1967 saecularis
583 1930 694 1965 domos
727 1940 870 1963 sororum
894 1928 1036 1963 eiusdem

287 1981 406 2016 ordinis
433 1981 545 2015 intrare
568 1987 757 2026 praesumat,
776 1978 801 2012 si
823 1977 949 2024 quando
966 1989 1037 2012 vero

288 2029 377 2066 fuerit
399 2030 445 2065 eis
471 2029 600 2064 verbum
622 2027 751 2063 Domini
783 2026 1037 2074 proponendum,

287 2080 393 2115 sedeat
414 2079 445 2113 in
480 2078 579 2113 hostio
608 2076 815 2124 praedicat0r;
854 2076 1038 2122 interposito

94 263 145 288 An.
158 263 186 288 C.
210 263 276 289 tas-2

87 1691 152 1709 ribus:

288 2137 392 2164 tamen
415 2127 568 2163 velamine
594 2135 675 2161 inter
711 2128 825 2173 ipsum,
855 2133 885 2159 et
915 2136 1059 2159 sorores

288 2178 426 2218 casdem,
449 2189 489 2212 ne
516 2177 617 2224 ipsum
641 2174 756 2219 videre,
779 2175 825 2209 vel
853 2173 951 2208 videri
981 2186 1039 2208 va-

289 2228 371 2262 leant
397 2227 435 2262 ab
461 2225 584 2261 eodem.
625 2223 805 2259 Claustrum
839 2234 987 2270 quoque,
1009 2230 1040 2257 et

290 2275 501 2315 refectorium,
526 2274 745 2309 dormitorium
769 2273 875 2313 etiam,
900 2279 930 2306 et
958 2271 1038 2306 infir-

291 2325 449 2360 mitorium
473 2324 710 2363 canonicorum,
735 2321 819 2357 nulla
842 2320 954 2356 mulier
976 2318 1061 2365 σαὶ-ἶ

291 2374 366 2408 nino
395 2374 592 2420 permittatur
613 2373 739 2406 intrare.
766 2371 860 2413 Quod
883 2371 906 2405 si
935 2368 1038 2405 forsan
1060 2375 1061 2399 ἒ

291 2422 426 2470 aliquam
449 2423 565 2457 intrare
592 2421 769 2468 contigerit,
792 2419 933 2456 officialis
949 2447 957 2459 ,
979 2431 1041 2467 -per

292 2472 428 2507 bostium
468 2472 559 2506 cuius
595 2470 771 2511 intraverit,
812 2481 868 2517 pro
901 2468 1041 2516 qualibet

293 2521 358 2555 vice
379 2528 497 2567 septem
521 2519 634 2555 diebus
661 2520 691 2554 in
718 2531 796 2566 pane
823 2527 853 2553 et
878 2530 959 2565 aqua
996 2517 1041 2553 ie-

864 251 1053 276 nouantem
1081 250 1243 274 Ronanus!

1845 251 1893 278 An.
1911 251 1939 278 G.
1960 252 2028 279 ¹252

1080 304 1167 348 verit,
1200 304 1339 352 exceptis
1372 304 1584 340 Ecclesiarum
1609 305 1829 342 consecratio-

1081 353 1176 389 nibus
1202 361 1233 389 et
1254 353 1470 401 indulgentiis,
1494 354 1523 388 in
1550 353 1668 401 quibus
1693 353 1828 401 quibus-

1079 402 1148 437 dam
1172 403 1360 438 mulieribus
1381 403 1477 450 gratia
1507 403 1538 438 fit
1570 403 1740 450 specialis,
1771 403 1828 438 de-

1080 460 1225 498 ponatur.
1255 452 1400 500 Denique
1433 465 1505 487 cum
1540 452 1669 488 abbates
1707 452 1826 500 providi

1078 502 1213 548 pastoris
1234 502 1362 548 vestigia
1378 502 1537 537 imitantes
1552 501 1678 548 vigilare
1692 501 1827 537 debeant

1078 550 1209 585 sollicite
1231 563 1324 597 supra
1350 563 1492 598 gregem,
1529 551 1599 586 sine
1629 563 1722 586 causa
1757 551 1824 586 utili

1077 607 1107 634 et
1137 600 1308 635 necessaria
1331 612 1394 635 non
1419 600 1607 641 discurrere,
1640 600 1687 635 vel
1711 601 1826 647 vagari,

1079 648 1223 683 volumus
1263 657 1295 684 ut
1321 649 1352 683 in
1383 648 1521 684 claustro
1563 661 1635 683 cum
1678 649 1826 684 fratribus

1077 697 1216 739 sedeant,
1243 706 1273 733 et
1300 697 1415 732 divinis
1436 697 1581 732 intersint
1607 698 1719 733 officiis
1752 710 1823 733 cum

1077 746 1209 787 eisdem,
1230 747 1289 782 nisi
1307 759 1364 782 eos
1384 747 1560 791 infirmitas,
1581 747 1629 782 vel
1655 747 1712 782 alia
1727 748 1822 782 valeat

1077 798 1250 831 necessitas
1272 807 1431 831 excusare:
1461 803 1574 830 statum
1611 808 1739 844 quoque
1764 796 1823 831 do·
1853 803 2023 841 qufitioupdp

1077 857 1160 885 mus,
1182 846 1388 892 quantitatem
1412 853 1620 891 receptorum,
1647 853 1679 880 et
1704 835 2024 894 expen-ffl'mr'jssfffssssffl'ssss

1077 906 1195 935 sarum,
1222 906 1378 929 summam
1410 906 1537 942 quoque
1563 895 1768 940 debitorum,
1794 903 1825 930 et

1079 943 1203 978 nomina
1219 943 1421 985 creditorum,
1444 955 1554 978 causas
1574 944 1668 979 etiam
1697 951 1824 991 propter

1077 1004 1156 1039 quas
1177 1000 1333 1027 contracta
1355 1000 1429 1027 sunt
1451 992 1569 1038 debita,
1584 993 1657 1028 etin
1671 1005 1750 1040 quas
1763 993 1826 1028 uti—

1077 1041 1179 1076 litates
1201 1053 1350 1077 conversa
1393 1042 1423 1076 in
1463 1041 1601 1088 capitulo
1636 1054 1693 1077 suo
1721 1042 1823 1077 bisin

1077 1102 1171 1132 anno,
1199 1091 1230 1125 in
1253 1091 1390 1126 crastino
1412 1090 1558 1126 videlicet
1571 1091 1723 1126 Omnium
1742 1091 1824 1128 San-

1077 1148 1212 1179 ctorum,
1235 1148 1265 1175 et
1288 1140 1502 1182 Pentecostes,
1523 1149 1554 1175 et
1575 1141 1634 1188 ipsi
1652 1153 1773 1188 expons
1824 1153 1826 1155 ’

1077 1198 1106 1224 et
1128 1189 1186 1224 sibi
1214 1189 1328 1224 saciant
1349 1189 1516 1236 diligenter
1541 1190 1680 1237 exponi:
1729 1203 1744 1225 a
1778 1187 1788 1195 ’“

1078 1250 1162 1280 vero,
1190 1238 1237 1273 vel
1260 1239 1468 1285 praepositus,
1496 1239 1549 1286 qui
1578 1238 1682 1274 debita
1711 1235 1825 1287 snpra—

1077 1287 1156 1323 dicta
1178 1288 1402 1335 suppresserit,
1428 1287 1712 1329 administratione,
1729 1301 1823 1336 quam

1077 1336 1207 1377 obtinet,
1231 1337 1358 1385 penitus
1375 1337 1555 1384 repellatur.
1584 1337 1624 1372 Et
1661 1338 1733 1384 quia
1766 1337 1823 1373 ab-

1076 1386 1164 1422 bates
1192 1386 1328 1433 sigillum
1351 1398 1520 1422 commune
1541 1398 1647 1428 suum,
1674 1394 1704 1421 et
1735 1387 1825 1434 capi-

1078 1437 1133 1470 tuli
1167 1435 1346 1471 deferentes
1384 1435 1571 1483 plerumque
1602 1435 1707 1471 debita
1740 1448 1825 1471 con-

1076 1485 1206 1520 trahunt
1227 1485 1256 1519 in
1279 1496 1406 1519 suarum
1429 1484 1642 1520 Ecclesiarum
1666 1484 1825 1532 praeiudi-

1077 1535 1161 1569 cium
1189 1534 1353 1580 ignorante
1370 1541 1540 1577 conventu,
1561 1533 1621 1568 hoc
1641 1533 1680 1569 de
1700 1542 1825 1569 caetero

1077 1583 1142 1618 fieri
1166 1582 1380 1630 prohibemus.
1404 1582 1618 1618 Decernentes
1651 1582 1734 1629 ipsas
1760 1583 1825 1618 Ec-

1077 1632 1188 1668 clesias
1209 1632 1247 1667 ad
1270 1631 1321 1666 illa
1344 1631 1447 1666 debita
1481 1644 1545 1667 non
1582 1632 1703 1673 teneri,
1744 1644 1825 1679 quae

1077 1681 1196 1729 absque
1217 1687 1374 1716 conventu
1396 1681 1586 1716 contraxerit
1607 1680 1694 1716 solus
1713 1680 1824 1727 abbas,

1077 1742 1136 1765 nec
1163 1730 1262 1766 valeat
1287 1729 1532 1764 instrumentum
1560 1741 1655 1776 super
1674 1730 1733 1765 boc
1753 1728 1826 1766 con-

1077 1779 1206 1821 fectum,
1228 1777 1312 1826 quod
1334 1778 1460 1814 duobus
1485 1778 1607 1825 sigillis,
1627 1778 1749 1814 abbatis
1762 1779 1826 1814 sci-

1078 1828 1148 1864 licet
1181 1836 1213 1863 et
1238 1836 1413 1864 conventus
1434 1840 1497 1863 non
1519 1828 1610 1863 fuerit
1639 1828 1826 1863 communi-

1078 1885 1156 1912 tum.
1190 1877 1231 1912 Et
1261 1877 1334 1912 licet
1366 1876 1406 1912 ad
1440 1885 1669 1924 augumentum
1703 1877 1827 1913 decoris
1866 1873 1876 1882 ’

1079 1928 1188 1962 unicae
1210 1938 1344 1973 sponsae
1367 1925 1487 1961 Christi
1521 1926 1706 1974 proveniat,
1739 1927 1825 1974 quod

1079 1976 1278 2011 varietatibus
1299 1983 1346 2011 est
1371 1975 1496 2016 amicta;
1524 1977 1597 2023 quia
1636 1984 1739 2011 tamen
1773 1975 1869 2023 ubipo
1880 1986 2023 2009 uniformitate

1079 2025 1249 2072 disparitas
1271 2025 1422 2060 deformis
1453 2025 1602 2070 occurrit,
1638 2025 1751 2061 merito
1779 2033 1827 2061 est
1840 2024 1861 2039 '⁰
1876 2017 1985 2040 ‘’mum''

1079 2074 1215 2119 vitanda,
1241 2074 1387 2110 volumus
1409 2082 1439 2110 et
1461 2075 1660 2114 mandamus,
1690 2082 1721 2109 ut
1757 2075 1828 2110 uni-

1080 2123 1220 2159 formitas
1241 2123 1395 2159 librorum
1430 2131 1492 2158 tam
1525 2124 1556 2159 in
1591 2131 1698 2168 cantu,
1730 2135 1825 2171 quam

1080 2173 1267 2208 lectionibus
1294 2181 1323 2208 et
1345 2172 1543 2219 regularibus
1564 2172 1715 2208 institutis
1752 2172 1828 2208 ubi-

1080 2234 1141 2269 que
1163 2230 1327 2263 servetur,
1353 2222 1449 2258 abbas
1470 2234 1554 2267 vero,
1577 2222 1631 2270 qui
1658 2221 1738 2256 infra
1769 2234 1827 2256 an-

1082 2283 1169 2315 num,
1191 2271 1248 2306 sibi
1271 2271 1309 2306 ad
1334 2270 1394 2306 hoc
1432 2271 1588 2306 indultum
1622 2271 1651 2306 in
1683 2270 1826 2306 Ecclesia

1081 2333 1136 2355 sua
1158 2321 1188 2355 id
1211 2320 1383 2368 adimplere
1421 2320 1612 2366 neglexerit;
1650 2332 1689 2354 ex
1726 2327 1826 2360 tunc,

2088 1070 2093 1075 -=
2071 916 2101 1053 1:³23?ae
2082 826 2102 906 :ov-1.

1081 2381 1247 2416 quousque
1274 2370 1335 2405 hoc
1360 2369 1548 2417 adimpleat,
1572 2369 1614 2404 sit
1639 2380 1825 2416 suspensus.
1855 2379 2026 2406 centonum-t

1841 2411 1974 2439 regularibus
1993 2412 2024 2432 iffi

1081 2418 1250 2454 Silentium
1275 2431 1402 2466 quoque
1428 2431 1459 2454 tn
1494 2418 1572 2453 locis
1592 2427 1622 2453 et
1648 2418 1734 2453 boris
1764 2426 1928 2465 sta-,mum-

1083 2468 1169 2509 tutis,
1195 2480 1231 2503 ac
1256 2467 1399 2504 laborum
1422 2467 1574 2515 regularis
1599 2467 1765 2507 institutio,
1798 2475 1830 2503 et

1059 2517 1063 2529 ¹
1082 2516 1248 2565 disciplina
1261 2517 1390 2565 capituli
1407 2517 1622 2552 observentur.
1640 2516 1723 2558 Quia
1744 2528 1827 2552 vero:

294 2569 405 2609 iunet;
439 2569 465 2604 si
502 2577 607 2604 autem
648 2568 807 2604 intraverit
839 2567 950 2602 abbate
995 2566 1042 2602 vel
1083 2566 1142 2602 veh
1163 2566 1233 2608 soli,
1255 2566 1424 2602 Salomone
1451 2565 1586 2606 dicente,
1613 2566 1684 2612 quia
1698 2565 1724 2600 si
1744 2565 1831 2602 ceci-

295 2618 398 2663 priore
422 2617 609 2657 mandante,
638 2617 688 2652 ille
705 2644 714 2662 ,
748 2618 802 2664 qui
824 2616 884 2652 hoc
913 2615 1043 2652 manda·
1083 2614 1163 2651 derit
1191 2628 1253 2650 non
1276 2615 1371 2651 habet
1395 2614 1623 2656 sublevantem,
1656 2614 1832 2650 districtius
