2129 3223
40 265 90 292 An.
107 264 135 291 C.
156 263 221 291 1208

53 593 121 615 Atthis
143 599 154 613 a
173 598 220 613 rno-

41 625 111 646 aurbu

40 657 84 676 dus.

55 1153 139 1175 Comitis
160 1153 222 1175 Toto-

43 1186 87 1206 scni
111 1184 210 1206 refutans

60 1993 89 2015 Ab
124 1992 229 2015 andriano

47 2023 86 2046 PP.
108 2025 230 2046 confimat·

48 2055 180 2082 *ortolanum

139 623 221 649 eligen-
255 639 260 645 .

832 260 1041 285 mxocssx'rtts
1063 260 1099 282 ΙΙΙ
1124 259 1169 281 ΡΡ.

1646 244 1709 276 221

236 321 351 355 tionem
385 327 581 357 construere,
617 318 806 352 cimiterium
841 316 978 359 babere,
1019 312 1240 349 decessoribus
1276 311 1462 347 constitutos
1505 321 1598 345 nemo
1638 321 1767 356 prorsus

235 373 336 408 divina
358 371 458 407 officia
482 371 597 419 populo
624 370 782 406 celebrare
804 383 874 405 cum
910 369 977 404 villa

235 427 300 473 ipsa
325 426 503 470 cessaverit,
529 426 616 472 signa
646 424 782 472 pulsare,
805 424 980 459 oblationes

234 492 250 514 a
286 478 404 527 populo
437 479 466 514 in
496 480 661 514 missarum
690 478 898 513 celebratione
926 491 979 513 su-

234 532 367 580 scipere,
389 533 558 580 baptizare,
581 541 611 567 et
634 532 839 580 parochianos
863 540 980 566 vestros

233 585 272 620 ad
293 585 393 621 officia
416 587 518 622 divina
541 587 711 634 suscipere.
735 585 880 621 Obeunte
909 598 980 621 vero

234 639 375 675 eiusdem
409 640 469 675 loci
506 641 597 676 vestri
633 640 767 684 abbate,
802 640 907 674 nullus
940 641 979 674 ibi

235 693 372 740 qualibet
388 695 603 754 subreptionis
624 695 734 730 astutia
754 706 808 728 seu
834 694 978 729 violentia

236 756 457 796 praeponatur,
475 749 532 783 nisi
548 761 643 795 quem
669 748 806 783 fratres
801 748 899 795 ipsius
920 761 980 782 mo-

237 798 361 832 nasterii
383 799 543 833 communi
571 811 702 834 assensu
731 797 778 832 vel
804 810 874 844 pars
903 811 981 832 con-

235 846 295 881 silii
323 848 456 883 sanioris
482 849 655 884 secundum
690 847 791 882 Deum
837 855 865 882 et
900 848 980 883 beati

236 896 397 932 Benedicti
416 898 554 944 regulam
576 897 771 945 providerint
789 897 979 943 eligendum.

236 950 362 986 Electus
388 959 490 987 autem
519 951 557 986 ad
588 952 765 986 Romanum
795 951 980 987 Pontificem

236 999 471 1036 benedicendus
497 1001 633 1036 accedat.
669 1001 750 1036 Sane
774 1000 857 1034 illam
885 1001 981 1036 Tolo-

235 1049 302 1084 sani
324 1050 449 1085 comitis
471 1051 587 1086 nobilis
613 1050 783 1086 memoriae
812 1050 980 1085 Raimundi

236 1098 466 1136 abdicationem
502 1102 686 1136 auctoritate
720 1099 812 1135 Sedis
840 1102 982 1147 Aposto-

237 1149 315 1184 licae
335 1150 569 1185 confirmamus.
593 1150 757 1197 Siquidem
784 1162 889 1184 comes
917 1151 982 1197 ipse

239 1199 375 1239 honores
395 1212 506 1235 omnes
528 1200 564 1234 ad
586 1200 710 1234 beatum
727 1199 889 1245 AEgidium
912 1212 983 1246 per-

238 1248 374 1285 tinentes
396 1253 461 1284 tam
490 1249 520 1284 in
549 1249 635 1284 Valle
664 1249 808 1283 Flaviana
835 1261 928 1296 quam
952 1250 981 1284 in

238 1297 435 1343 extrinsecis,
457 1299 607 1346 quicquid
631 1300 709 1333 iuste
737 1299 781 1333 vel
806 1298 919 1333 iniuste
936 1300 984 1332 vi-

239 1347 371 1383 debatur
391 1355 508 1387 tenere,
532 1361 641 1383 omnes
665 1356 762 1382 rectas
784 1348 849 1382 sive
876 1361 985 1395 pravas

239 1397 483 1433 consuetudines
520 1411 597 1445 quas
632 1398 730 1445 ipsius
770 1404 984 1432 antecessores

239 1455 290 1482 :int
313 1447 380 1494 ipse
406 1447 579 1482 habuerant
611 1447 652 1482 ob
679 1447 829 1481 honorem
853 1447 927 1485 Dei,
955 1455 983 1481 et

239 1496 320 1532 beati
354 1495 475 1544 AEgidii
503 1497 707 1532 reverentiam
735 1497 816 1542 apud
845 1496 984 1531 Nemau-

239 1557 334 1581 sense
361 1545 528 1581 concilium
557 1547 587 1581 in
611 1558 703 1581 manu
734 1546 986 1594 praedecessoris

241 1596 338 1631 nostri
360 1595 469 1630 beatae
490 1597 660 1631 memoriae
677 1595 794 1631 Urbani
818 1595 922 1643 Papae
943 1596 986 1630 iu-

241 1657 330 1687 rans,
360 1644 488 1680 Odiloni
526 1645 646 1689 abbati,
674 1654 703 1680 et
735 1646 804 1680 eius
839 1645 986 1680 fratribus

241 1695 382 1730 noscitur
403 1694 578 1742 reliquisse,
600 1703 630 1730 et
651 1707 684 1730 se
707 1703 799 1743 atque
823 1695 986 1729 universos

240 1755 440 1780 successores
471 1757 562 1783 suos,
601 1746 625 1779 si
660 1743 737 1779 forte
774 1745 831 1779 hoc
866 1744 984 1779 donum

242 1793 361 1829 irritum
385 1793 487 1830 facere
508 1802 736 1841 pertentarent,
771 1794 855 1841 quod
883 1793 921 1828 ad
954 1807 986 1828 se

241 1851 321 1884 erat,
348 1842 549 1878 damnatione
585 1856 620 1878 ac
653 1843 869 1878 maledictione
897 1843 987 1877 mul-—

241 1892 345 1938 ctavit,
371 1899 464 1940 atque
490 1905 506 1928 a
534 1892 672 1941 praefato
703 1902 902 1929 antecessore
931 1905 986 1927 no-

242 1949 307 1978 stro
334 1942 671 1978 excommunicationis
698 1942 769 1977 inde
800 1942 985 1978 sententiam

244 1992 274 2026 in
295 1992 432 2027 concilio
445 1991 511 2026 dari
534 1992 615 2028 fecit.
632 1991 713 2034 Quia
741 2005 812 2028 vero
829 1992 987 2039 praefatus

243 2040 401 2076 Adrianus
433 2040 516 2088 Papa
543 2041 765 2089 praedecessor
791 2050 907 2082 noster,
931 2042 987 2076 de-

243 2090 360 2127 votioni
382 2090 510 2139 praefati
533 2092 659 2127 comitis
684 2104 839 2137 annuens,
861 2100 987 2140 aposto-

243 2141 300 2176 lica
322 2141 507 2176 auctoritate
533 2141 695 2176 constituit
729 2143 887 2177 neminem
915 2155 987 2177 suc-

242 2202 403 2226 cessorum
443 2191 512 2226 eius
549 2191 667 2238 aliquid
706 2191 744 2225 de
784 2192 820 2226 iis
857 2204 937 2238 quae
971 2204 986 2226 a

245 2239 405 2288 praedicto
428 2241 543 2275 comite
564 2239 744 2275 Raimundo
767 2241 904 2288 praefato
920 2254 988 2276 mo-

243 2291 380 2326 nasterio
405 2289 512 2325 Sancti
541 2289 658 2336 AEgidii
689 2289 794 2325 relicta
827 2300 899 2326 sunt
928 2290 987 2325 ulla

244 2352 336 2388 posse
357 2340 509 2387 temporis
531 2339 738 2387 longaevitate
765 2340 988 2387 praescribere,

245 2400 279 2424 ut
300 2389 554 2425 maledictionem
578 2398 607 2424 et
626 2389 858 2424 damnationem
881 2390 989 2424 evadat

244 2451 261 2474 a
293 2439 430 2488 praefato
459 2440 573 2474 comite
600 2439 817 2479 constitutam,
839 2439 922 2487 quod
951 2438 990 2473 ab

245 2501 284 2524 eo
304 2489 431 2538 provide
451 2489 639 2529 factumest,
661 2491 844 2523 auctoritate
864 2497 989 2536 aposto-

247 2538 303 2574 lica
318 2539 551 2575 confirmamus
568 2538 616 2574 Ad
640 2538 715 2573 baec
734 2538 914 2574 adiicientes
934 2550 990 2586 pro

246 2588 389 2642 ampliori
424 2588 505 2625 beati
541 2588 660 2636 AEgidii
696 2587 892 2623 veneratione
927 2596 990 2623 sta-

248 2637 367 2672 tuimus
392 2645 424 2673 ut
444 2638 523 2674 infra
547 2639 696 2674 terminos
722 2649 738 2673 a
763 2639 877 2674 nostris
900 2649 990 2685 prae—

1019 375 1072 403 aut
1091 378 1185 413 super
1207 366 1306 413 ipsam
1329 364 1417 400 Beati
1441 363 1558 410 AEgidii
1587 363 1690 398 villam
1716 362 1768 398 de-

1022 421 1255 470 praedationem
1291 419 1338 466 vel
1374 418 1525 454 assultum
1561 417 1681 458 facere,
1715 425 1768 452 aut

1019 476 1192 522 graviorem
1223 485 1374 521 personae
1407 471 1535 507 cuilibet
1568 472 1682 507 inferre
1710 484 1768 507 au-

1020 530 1091 566 deat
1111 529 1292 564 laesionem.

1070 583 1151 619 Nulli
1192 595 1266 629 ergo
1305 581 1433 616 omnino
1473 580 1636 615 hominum
1677 580 1767 616 liceat

1023 637 1191 684 praefatum
1233 636 1455 671 monasterium
1490 643 1608 669 temere
1643 644 1766 681 pertur-

1023 693 1095 726 bare
1129 700 1179 726 aut
1214 691 1282 725 eius
1306 690 1523 737 possessiones
1553 689 1693 729 auferre,
1721 690 1766 725 vel

1021 746 1138 781 ablatas
1162 746 1307 789 retinere,
1330 744 1375 779 vel
1403 744 1557 787 minuere,
1579 755 1634 777 seu
1656 744 1769 791 aliqui-

1023 800 1082 835 bus
1121 798 1337 835 vexationibus
1374 797 1523 844 fatigare3
1563 796 1617 832 sed
1656 797 1769 833 illibata

1022 855 1127 889 omnia
1150 862 1179 889 et
1201 854 1319 900 integra
1341 860 1568 888 conserventur
1589 864 1697 887 eorum
1715 866 1770 900 pro

1022 920 1156 955 quorum
1202 907 1431 955 gubernatione
1468 920 1503 941 ac
1541 908 1770 943 sustentatione

1022 974 1171 998 concessa
1202 970 1274 997 sunt
1301 961 1411 996 usibus
1440 960 1635 996 omnimodis
1663 961 1770 1008 profu-

1023 1024 1100 1050 tura.
1123 1016 1214 1051 Salva
1237 1016 1330 1051 Sedis
1357 1015 1557 1062 Apostolicae
1589 1019 1771 1051 auctoritate

1023 1077 1052 1103 et
1074 1070 1333 1105 dioecesanorum
1357 1070 1578 1116 episcoporum
1606 1069 1636 1103 in
1660 1081 1771 1117 supra-

1024 1124 1116 1159 dictis
1149 1124 1281 1172 capellis
1314 1124 1462 1159 canonica
1501 1123 1624 1158 iustitia.
1648 1124 1681 1159 Si
1710 1137 1770 1172 qua

1026 1178 1119 1224 igitur
1133 1178 1163 1213 in
1180 1179 1317 1214 futurum
1337 1178 1547 1213 ecclesiastica
1564 1178 1771 1214 saecularisve

1026 1246 1155 1280 persona
1186 1235 1265 1268 hanc
1300 1240 1422 1268 nostrae
1455 1233 1687 1268 constitutionis
1714 1247 1770 1281 pa-

1025 1288 1130 1333 ginam
1159 1289 1274 1331 sciens,
1297 1296 1405 1322 contra
1432 1299 1500 1322 eam
1524 1294 1641 1321 temere
1667 1287 1773 1322 venire

1027 1342 1206 1380 tentaverit,
1235 1341 1374 1376 secundo
1403 1341 1534 1376 tertiove
1556 1342 1772 1384 commonita,

1027 1396 1085 1430 nisi
1118 1396 1406 1443 praesumptionem
1434 1407 1521 1430 suam
1551 1407 1690 1441 congrua
1722 1409 1774 1431 sa·

1027 1449 1201 1484 tissactione
1222 1449 1404 1488 correxerit,
1428 1449 1605 1496 potestatis,
1628 1449 1773 1485 honoris-

1026 1515 1087 1550 que
1123 1504 1170 1539 sui
1204 1504 1356 1550 dignitate
1390 1511 1513 1542 careat,
1553 1515 1701 1551 reamque
1739 1517 1775 1540 se

1027 1557 1134 1592 divino
1157 1557 1276 1593 iudicio
1297 1557 1431 1592 existere
1453 1555 1490 1591 de
1514 1565 1687 1604 perpetrata
1712 1558 1773 1593 ini-

1026 1612 1142 1659 quitate
1164 1620 1344 1659 cognoscat,
1366 1619 1395 1646 et
1417 1623 1432 1645 a
1461 1611 1672 1646 sacratissimo
1699 1611 1774 1647 Coi·-

1029 1679 1102 1715 pore
1117 1675 1147 1702 et
1168 1666 1330 1714 Sanguine
1352 1665 1409 1700 Dei
1428 1674 1457 1700 et
1484 1665 1611 1700 Domini
1635 1665 1774 1701 Redem-

1029 1721 1127 1768 ptoris
1163 1720 1258 1755 nostri
1298 1719 1366 1754 Iesu
1406 1719 1523 1754 Christi
1559 1719 1659 1754 aliena
1700 1720 1773 1764 fiat,

1027 1783 1120 1823 atque
1148 1776 1176 1809 in
1205 1783 1344 1809 extremo
1376 1774 1522 1809 examine
1548 1773 1709 1809 districtae
1732 1775 1776 1809 ul-

1029 1829 1102 1864 tioni
1120 1828 1290 1864 subiaceat.
1309 1828 1441 1864 Cunctis
1456 1836 1559 1863 autem
1582 1828 1686 1863 eidem
1706 1828 1775 1864 loco

1028 1895 1081 1918 sua
1106 1884 1172 1918 iura
1200 1881 1396 1917 servantibus
1416 1882 1456 1917 sit
1484 1895 1542 1930 pax
1566 1882 1692 1918 Domini
1716 1882 1775 1917 No-

1028 1939 1082 1972 stri
1116 1937 1185 1972 Iesu
1213 1936 1354 1976 Christi,
1389 1944 1545 1984 quatenus
1569 1945 1600 1972 et
1633 1936 1684 1971 hic
1711 1936 1776 1972 t'ru-

1028 2002 1112 2027 ctum
1141 1991 1242 2027 bonae
1263 1990 1396 2026 actionis
1423 1990 1611 2037 percipiant,
1638 1999 1667 2025 et
1691 1991 1773 2038 apud

1029 2049 1203 2085 districtum
1218 2049 1358 2085 Iudicem
1383 2049 1520 2097 praemia
1534 2058 1676 2086 aeternae
1692 2050 1776 2098 pacis

1031 2110 1198 2144 inveniant.
1228 2109 1340 2143 Amen.
1370 2109 1483 2144 Amen.
1514 2110 1627 2144 Amen.

1078 2168 1192 2203 Datum
1221 2168 1364 2203 Laterani
1390 2179 1445 2214 per
1471 2179 1599 2202 manum
1626 2167 1775 2203 Iohannis

1028 2228 1161 2263 Sanctae
1186 2227 1300 2262 Mariae
1325 2228 1354 2260 in
1377 2225 1547 2261 Cosmedin
1568 2226 1689 2261 diaconi
1707 2239 1776 2261 car-

1029 2286 1152 2329 dinalis,
1177 2294 1302 2320 sanctae
1324 2285 1484 2319 Romanae
1511 2284 1673 2319 Ecclesiae
1698 2297 1776 2319 ean-

1030 2343 1308 2388 cellarii,seeundo
1318 2342 1388 2377 idus
1402 2342 1594 2381 novembris,
1607 2342 1775 2378 indictione

1030 2400 1229 2444 duodecima,
1252 2400 1473 2435 incarnationis
1495 2400 1672 2436 dominicae
1694 2414 1775 2436 anno

1031 2459 1200 2495 millesimo
1226 2458 1443 2494 ducentesimo
1479 2466 1612 2499 octavo,
1647 2459 1776 2506 pontifi-

1031 2526 1117 2554 catus
1137 2530 1208 2553 vero
1232 2517 1350 2552 domini
1373 2516 1545 2553 Innocentii
1566 2516 1669 2565 Papae
1693 2518 1775 2554 tertii

1031 2589 1112 2612 annu
1135 2575 1312 2611 undecimo.

1032 2642 1091 2673 Dat„
1110 2643 1156 2673 die
1177 2642 1212 2673 12
1231 2642 1398 2672 novembris
1419 2643 1503 2679 1208,
1526 2642 1627 2681 pontif.
1645 2652 1721 2673 anno
1737 2652 1773 2674 xi.

1782 253 1831 279 An.
1849 251 1960 279 01208

1794 587 1905 609 Decretum
1926 593 1964 614 pre

1781 619 1874 640 eiusdem
1889 625 1962 640 mona—

1780 651 1839 670 sterii
1859 650 1964 671 indemni-

1781 684 1832 702 tate.
