2129 3223
144 265 193 291 An.
211 264 242 293 C.
258 264 327 292 1208

159 368 186 390 De
209 371 329 397 expect-tt-

144 402 162 420 vi
157 406 174 421 ι

389 255 461 288 2¹8

342 319 492 358 iudicium
517 319 682 374 patiantur.
699 318 854 356 Volumus
873 327 987 359 tamen,
1004 318 1090 366 quod

342 369 366 406 «i
388 368 448 406 sub
469 368 686 423 expectatione
708 367 985 416 praebendarum·
979 381 1008 403 tn
1031 368 1091 404 Ee-

341 419 445 457 clesiis
476 430 507 453 tn
541 417 657 473 quibus
682 418 839 465 provisum
875 418 965 454 fuerit
999 418 1090 453 dictis

341 468 501 513 personis,
533 468 621 514 prius
655 467 718 502 sint
746 468 861 515 recepti
894 468 1009 524 aliqui,
1044 467 1088 502 vel

340 518 364 551 si
400 529 496 564 super
529 517 707 564 provisione
743 530 798 553 sua
834 518 863 553 in
892 519 938 552 eis
971 517 1089 552 litteras

339 566 529 613 apostolicas
563 566 794 614 impetrarunt,
821 567 902 602 sieut
935 568 964 601 in
1000 579 1089 602 rece-

339 616 464 663 ptione,
493 616 538 652 vel
566 617 798 664 impetratione,
825 617 850 652 si
875 617 906 651 in
935 615 1089 663 praeben-

339 665 449 701 darum
475 667 676 702 assecutione
699 678 850 713 personae
874 665 1089 713 praeferantur

338 715 470 756 eisdem,
491 715 517 754 si
540 728 613 750 vero
640 716 741 763 aliqua
771 728 973 763 personarum
1003 716 1088 762 ipsa-

338 777 421 806 rum,
441 766 499 809 ,cui
522 765 652 801 obtentu
675 766 815 803 eiusdem
843 767 950 800 statuti
982 765 1088 812 provi·

338 827 407 850 sum
431 814 545 856 fuerit,
568 815 612 850 vel
635 816 662 850 ei
686 828 742 863 per
770 828 822 850 vos
845 816 930 850 iuxta
957 814 1086 850 modum

338 863 468 903 inferius
491 873 632 900 notatum
654 865 833 911 contigerit,
854 865 902 899 vel
925 865 964 900 de
985 873 1086 900 vestra

337 913 458 949 liberali
485 914 581 961 gratia
610 914 784 961 provideri,
817 914 906 949 cedat
942 915 1087 955 interim,

337 964 384 998 vel
417 963 572 1004 decedat,
600 964 718 1000 licitum
747 964 786 998 sit
818 964 907 998 vobis
934 972 996 1000 tam
1024 965 1087 999 cito

337 1013 406 1051 loco
438 1013 486 1048 sui
519 1013 610 1049 aliam
650 1014 796 1048 idoneam
824 1013 1014 1060 subrogare,
1051 1025 1087 1048 ac

337 1063 513 1101 successive
531 1063 590 1099 hoc
612 1062 726 1107 facere,
749 1063 779 1097 in
802 1063 894 1097 cuius
916 1063 1085 1098 earundem

336 1114 492 1153 cessione,
522 1112 567 1147 vel
595 1111 684 1147 obitu
708 1124 929 1159 personarum:
952 1112 1012 1148 sub
1039 1112 1088 1147 di-

338 1162 401 1196 vini
428 1171 532 1198 tamen
562 1161 669 1197 iudicii
696 1162 904 1197 obtestatione
932 1162 1087 1209 praecipi-

339 1224 424 1252 muS,
451 1211 534 1259 quod
563 1223 715 1259 personae
742 1212 828 1259 ipsae
861 1219 934 1259 post
960 1224 1088 1259 posses-

339 1274 425 1297 sores
439 1261 596 1298 dictorum
617 1262 861 1298 canonicatuum
877 1269 907 1297 et
921 1260 1088 1298 beneficio-

338 1323 421 1350 rum,
439 1323 475 1347 ac
490 1311 737 1358 praebendarum
770 1323 826 1347 seu
850 1320 1087 1358 personatuum,

338 1369 368 1398 et
389 1360 589 1408 dignitatum,
607 1361 799 1401 reddituum,
819 1373 875 1396 seu
898 1361 1085 1408 pensionum

338 1409 441 1450 nullas
474 1410 614 1451 insidias,
642 1418 695 1444 aut
716 1409 876 1450 fraudem,
906 1410 951 1444 vel
980 1409 1087 1445 mole-

338 1460 431 1502 stias,
466 1460 532 1494 sive
566 1458 791 1506 quodcumque
821 1459 906 1495 aliud
936 1460 1087 1495 inconve-

340 1508 429 1544 niens
455 1508 685 1548 machinentur
713 1508 790 1544 alias
810 1517 915 1543 autem
940 1508 1025 1544 boc
1016 1521 1087 1564 ipso

338 1558 452 1598 cadant
471 1558 511 1593 ab
529 1558 614 1593 omni
638 1559 705 1593 iure
722 1558 768 1593 eis
790 1569 885 1605 super
907 1558 1087 1613 provisione

340 1608 520 1648 huiusmodi
551 1607 718 1655 adquisito.
748 1607 828 1643 Cum
858 1607 987 1654 dignum
1023 1608 1087 1653 sit,

916 264 1104 289 BULLAMUM

339 1657 422 1712 quod
458 1657 539 1693 sicut
572 1658 671 1713 gratia
697 1670 754 1705 pro
781 1657 896 1692 virtute
926 1657 1086 1698 tribuitur

338 1706 377 1742 ita
401 1718 502 1754 poena
521 1719 577 1754 pro
597 1707 671 1743 vitio
687 1716 920 1753 compensetur
940 1706 1002 1742 Pro
1021 1719 1088 1742 ma-

338 1756 415 1792 litiis
440 1764 545 1791 autem
567 1755 765 1796 cohibendis
793 1768 874 1804 quae
906 1755 1087 1791 huiusmodi

337 1805 441 1842 forsan
469 1806 635 1845 occasione
662 1807 768 1842 statuti
797 1806 871 1841 oriri
902 1813 1030 1852 possent
1057 1805 1087 1840 in

338 1855 498 1891 mentibus
531 1867 768 1902 perversorum,
803 1855 963 1899 volumus,
997 1863 1029 1889 ut
1060 1856 1085 1889 si

338 1904 486 1953 aliquem,
505 1905 554 1944 cui
570 1905 744 1951 surrogatio
770 1916 807 1939 ex
830 1904 982 1940 beneficio
1003 1904 1088 1940 eius-

338 1954 410 1990 dem
432 1954 539 1992 statuti
561 1953 640 1993 sacta
667 1953 779 1994 fuerit,
804 1954 888 2000 quod
916 1953 1010 1994 absit,
1041 1966 1090 1999 pe-

339 2003 408 2043 rimi
431 2004 599 2053 contigerit
623 2003 860 2051 quoquomodo.
885 2004 988 2039 taliter
1012 2003 1089 2038 sub-

338 2061 468 2100 rogatus
483 2053 714 2100 possessionem
727 2065 802 2089 suae
817 2052 1007 2100 provisionis
1024 2065 1087 2089 non

339 2103 464 2147 lrabeat,
486 2115 544 2138 nec
566 2103 765 2149 aliquatenus
783 2102 1010 2149 apprehendat,
1028 2103 1087 2137 nisi

341 2153 426 2199 prius
458 2152 665 2199 apostolicas,
700 2151 746 2187 vel
773 2152 940 2190 ordinarii,
967 2159 998 2186 et
1024 2151 1088 2187 ali·

340 2214 474 2249 quorum
502 2201 724 2249 religiosorum
752 2201 888 2236 virorum
918 2201 1019 2237 Deum
1048 2201 1089 2235 ti-

339 2252 492 2287 mentium
512 2260 654 2299 patentes
675 2251 781 2286 literas
803 2249 985 2289 obtinuerit,
1004 2250 1086 2297 quod

340 2301 379 2336 de
402 2309 503 2338 morte
529 2301 574 2337 sic
596 2301 690 2336 occisi
719 2307 886 2347 suspectus
909 2299 1089 2335 nullatenus

341 2349 503 2386 habeatur.
523 2349 690 2389 Caeterum
714 2361 787 2397 quia
810 2350 952 2396 personis
969 2348 1087 2384 eisdem

342 2400 371 2433 in
393 2412 487 2455 grave
503 2408 608 2447 posset
631 2398 808 2435 redundare
831 2400 980 2440 taedium,
1002 2398 1088 2446 quod

342 2459 531 2484 vacationem
562 2450 803 2486 canonicatuum
832 2458 860 2482 et
891 2448 1086 2496 praehenda-

340 2510 422 2539 rum,
449 2511 484 2534 ac
511 2498 643 2538 aliorum
667 2499 896 2546 praedictorum
926 2498 1088 2544 perlonga

342 2556 483 2594 tempora
504 2555 736 2603 exspectarent
764 2549 800 2582 ad
824 2548 882 2582 hoc
898 2555 1002 2584 nostra
1025 2547 1089 2581 de-

340 2596 433 2632 sudat
449 2598 591 2638 intentio
612 2605 645 2633 ut
659 2598 698 2633 de
716 2597 870 2632 canoniis
888 2595 1112 2643 1›raebendis,3

342 2657 375 2680 ac
402 2644 546 2682 beneficii
540 2659 575 2687 ·,s
599 2648 663 2681 sive
688 2646 908 2694 personatibus
930 2655 960 2681 et
981 2643 1112 2699 digni-l

1131 264 1244 287 ROMAN
1249 264 1292 287 tm

1132 318 1258 360 tatibus,
1280 317 1456 356 redditibus
1476 327 1506 354 et
1529 317 1736 366 pensionibus
1763 317 1802 353 ad
1824 330 1877 354 ve·

1130 377 1225 403 stram
1262 367 1480 413 collationem,
1504 376 1559 403 aut
1591 367 1802 408 electionem,
1830 367 1876 401 vel

1132 419 1411 464 praesentationem
1439 417 1667 465 spectantibus,
1689 429 1770 465 qnae
1793 429 1877 464 prae-

1131 476 1176 503 ter
1191 467 1371 504 huiusmodi
1392 468 1602 523 provisionem
1619 475 1753 502 vestram
1769 475 1876 502 vacant

1129 517 1166 551 ad
1191 530 1352 564 pr,aesens
1374 518 1439 553 sive
1461 529 1570 552 vacare
1590 517 1769 564 contigerit,
1783 517 1877 551 dum-

1131 567 1225 602 modo
1257 567 1333 602 nulli
1359 566 1421 602 alio
1447 567 1487 602 de
1517 568 1585 601 iure
1611 575 1808 614 competant,
1835 565 1875 600 li—

1130 616 1286 657 beraliter,
1312 629 1347 652 ac
1377 616 1446 652 sine
1481 628 1566 651 mora
1593 616 1782 664 provideatis
1813 616 1876 650 eis-

1129 666 1213 706 dem,
1240 674 1270 701 et
1297 665 1499 713 postmodum
1527 666 1667 712 ipsorum
1700 665 1769 701 loco
1801 665 1877 701 alias

1131 728 1280 762 personas
1302 716 1431 751 idoneas
1452 727 1546 763 quam
1569 715 1665 750 citius
1688 714 1875 761 subrogetis.

1128 765 1176 801 Ad
1205 765 1282 801 haee
1315 774 1464 800 statutum
1494 765 1700 812 praedictum,
1733 765 1876 812 quamvis

1130 816 1187 850 iuri
1212 815 1404 862 oppositum,
1426 814 1510 862 quod
1540 826 1596 862 pro
1617 826 1710 849 causa
1737 814 1875 862 legitima

1128 873 1158 900 et
1185 865 1303 899 salubri
1330 864 1368 899 ad
1405 864 1523 899 nullius
1559 864 1796 912 requisitionem
1830 864 1875 898 vel

1129 915 1307 950 instantiam
1346 914 1473 961 proprio
1499 922 1584 948 motu
1622 913 1772 955 fecimus,
1809 913 1874 961 ple-

1129 977 1199 999 nam
1222 973 1251 998 et
1285 963 1496 999 inviolabilem
1524 963 1702 999 firmitatem
1732 963 1877 998 volumus

1128 1013 1287 1053 obtinere,
1322 1014 1347 1047 si
1385 1021 1487 1048 tamen
1519 1013 1557 1047 ad
1584 1012 1661 1048 alias
1694 1012 1877 1048 collationes

1128 1071 1158 1098 et
1192 1063 1374 1103 electiones,
1401 1075 1457 1098 seu
1487 1063 1755 1110 praesentationes
1781 1074 1877 1110 quas-

1128 1125 1265 1160 cumque
1288 1112 1327 1147 de
1350 1122 1472 1148 caetero
1499 1112 1564 1147 fieri
1592 1112 1771 1159 eontigerit,
1793 1111 1875 1147 idem

1128 1171 1278 1198 statutum
1301 1162 1480 1197 nullate-nus
1501 1161 1697 1202 extendatur,
1725 1174 1783 1197 nee
1804 1174 1877 1197 san-

1128 1212 1287 1247 ctionibus
1309 1212 1468 1247 canonicis
1490 1220 1619 1259 propter
1641 1212 1745 1259 ipsum
1769 1212 1799 1246 iu
1820 1223 1876 1259 po-

1129 1271 1246 1298 sterum
1275 1262 1400 1309 aliquod
1431 1261 1660 1309 praeiudicium
1696 1269 1874 1306 generetur.

1129 1311 1292 1348 Praeterea
1320 1311 1404 1347 nulla
1433 1311 1604 1358 privilegia,
1634 1311 1678 1346 vel
1707 1310 1876 1358 indulgen-

1129 1362 1204 1405 tiae,
1242 1361 1307 1394 sive
1333 1360 1441 1395 literae
1463 1361 1662 1408 Apostolicae
1690 1360 1799 1403 Sedis,
1829 1361 1875 1395 vel

1129 1411 1301 1456 legatorum
1337 1411 1405 1445 eius
1440 1410 1500 1445 sub
1536 1422 1735 1458 quacumque
1777 1410 1875 1445 forma

1129 1459 1295 1495 verborum
1329 1460 1368 1494 de
1394 1469 1516 1494 caetero
1543 1460 1756 1507 impetranda,
1786 1459 1874 1494 obsi-

1128 1517 1210 1544 stant
1233 1508 1369 1556 praefato
1395 1517 1529 1553 statuto,
1559 1521 1632 1544 cum
1655 1509 1716 1545 iam
1744 1510 1874 1557 plenum

1129 1560 1176 1593 ius
1202 1571 1257 1606 per
1278 1557 1462 1593 huiusmodi
1484 1558 1700 1602 collationem,
1734 1567 1787 1594 aut
1807 1559 1873 1595 ele-

1127 1609 1276 1647 ctionem,
1299 1608 1362 1642 sive
1402 1608 1683 1654 praesentationem
1726 1607 1875 1655 adquira-

1130 1666 1189 1701 tur,
1216 1658 1359 1711 personis
1391 1657 1527 1701 eisdem,
1560 1665 1591 1692 et
1624 1657 1701 1692 illud
1738 1659 1783 1693 eis
1808 1658 1874 1694 tolli

1130 1719 1190 1741 non
1219 1719 1292 1753 pos
1280 1706 1333 1743 it
1355 1706 1474 1755 absque
1500 1684 1596 1742 divini
1624 1706 1741 1742 offensa
1769 1708 1875 1742 nomi-

1129 1756 1189 1800 nis,
1224 1764 1253 1790 et
1280 1755 1372 1791 Sedis
1398 1756 1597 1803 Apostolicae
1633 1757 1746 1793 iniuria
1771 1758 1875 1795 mani-

1131 1805 1216 1840 festa.
1250 1804 1316 1839 Nos
1348 1805 1432 1840 enim
1462 1805 1668 1842 nibilominus
1694 1806 1720 1841 si
1757 1805 1874 1854 aliquid

1129 1867 1226 1903 super
1243 1855 1291 1889 liis
1308 1862 1416 1889 contra
1437 1854 1608 1902 praefatum
1632 1863 1783 1892 statutum
1805 1867 1874 1892 con·

1130 1904 1233 1951 tigerit
1255 1904 1417 1948 attentari,
1451 1916 1514 1940 non
1548 1904 1650 1940 solum
1685 1906 1805 1941 irritum
1845 1915 1875 1941 et

1131 1954 1222 1988 inane
1256 1953 1470 1994 decernimus,
1505 1954 1561 1989 sed
1590 1954 1694 1990 omnis
1721 1955 1776 2002 qui
1797 1966 1876 1991 con-

1130 2002 1282 2040 travenire
1307 2004 1568 2051 praesumpserit,
1592 2004 1717 2042 divinae
1744 2003 1876 2041 maledi-

1130 2053 1239 2096 ctioni,
1260 2065 1296 2091 ac
1318 2060 1442 2091 nostrae
1465 2052 1611 2090 volumus
1631 2053 1804 2089 subiacere.
1820 2053 1875 2089 Li-

1129 2102 1290 2149 citumque
1315 2102 1355 2137 sit
1383 2102 1469 2138 vobis
1490 2103 1648 2138 universis
1681 2113 1711 2138 et
1745 2103 1876 2150 singulis

1130 2160 1277 2199 tanquam
1309 2153 1427 2187 nostris
1457 2152 1488 2186 in
1522 2153 1578 2187 bac
1610 2161 1696 2200 parte
1727 2153 1876 2188 ministris

1131 2209 1268 2245 nostras,
1295 2201 1360 2236 sive
1386 2201 1560 2247 legatorum
1588 2211 1766 2237 nostrorum
1794 2201 1876 2236 lace-

1130 2249 1310 2285 rareliteras
1318 2251 1342 2284 si
1356 2263 1437 2298 quae
1445 2260 1560 2286 statuto
1576 2251 1633 2298 ipsi
1653 2251 1807 2286 contraire
1819 2254 1845 2295 (l
1855 2256 1875 2295 ),

1132 2299 1235 2344 vobis,
1262 2308 1313 2334 aut
1348 2301 1441 2337 alicui
1477 2309 1614 2336 vestrum
1642 2300 1756 2335 suerint
1783 2312 1875 2348 prae-

1130 2357 1278 2384 sentatae.
1303 2348 1555 2385 Cauouicatuum
1578 2350 1717 2398 insuper,
1739 2357 1770 2385 et
1786 2362 1876 2397 prae-

1131 2399 1305 2434 bendarum
1322 2428 1330 2437 ,
1365 2411 1401 2434 ac
1436 2399 1659 2434 beneficiorum
1686 2408 1717 2434 et
1742 2399 1874 2434 aliorum

1131 2449 1368 2495 praedictorum
1391 2449 1557 2496 possessio,
1579 2449 1659 2484 sicut
1681 2449 1874 2496 praedictum

1129 2506 1188 2541 est,
1225 2498 1431 2535 nihilomiuus
1458 2499 1601 2543 intretur,
1636 2510 1671 2533 ae
1704 2499 1875 2533 retineatur

1130 2547 1227 2582 libere
1258 2559 1320 2583 uon
1342 2547 1539 2584 obstantibus
1559 2547 1660 2583 literis
1681 2556 1831 2583 memorat
1849 2562 1872 2582 s.

1128 2596 1230 2644 Saepe
1260 2609 1332 2632 vero
1359 2597 1479 2633 dictum
1502 2604 1651 2632 statutum
1678 2597 1716 2632 ad
1749 2599 1875 2645 pontiti-

1165 2659 1204 2693 (¹)
1220 2658 1370 2694 Legendum
1387 2659 1494 2686 forsitan
1512 2661 1674 2686 contrariae
1696 2660 1723 2695 (ι
1752 2661 1790 2694 τ.)

1891 264 1942 291 An.
1959 263 1990 290 C.
2003 263 2073 292 ¹5⁰8
2099 292 2105 303 ,

1903 1319 2014 1347 Det-ozano
2025 1325 2074 1340 con-

1890 1351 2009 1372 trulontm.

2104 302 2115 334 i
