2129 3223
396 143 465 175 268
1893 145 1942 173 An.
1959 145 2072 178 (2.1215

348 207 447 254 Ripae
475 207 663 242 Sanctorum
700 205 833 241 Cosiuae
869 217 897 241 et
935 205 1113 248 Datuiaui,'
1135 203 1438 251 probandamcorain
1453 202 1566 238 dilecto
1580 201 1642 237 filio
1653 201 1805 237 abbates.
1819 201 1878 237 Ge-
1917 205 2052 258 Quffifjffl·

349 256 541 292 molendium
565 255 648 303 quod
672 255 759 290 sedet
785 255 844 290 sub
870 256 954 291 fonte
986 254 1092 290 Picci-
1135 253 1246 288 nuel'ae
1267 252 1465 294 Parisiensis‚
1493 264 1528 287 ac
1562 251 1784 288 coniudicibus
1809 251 1877 286 suis
2015 251 2018 255 '

347 305 452 346 caroli,
469 305 592 340 sedium
609 305 781 340 molendini
798 305 828 340 in
846 305 910 340 rivo
925 304 963 340 de
976 304 1092 343 Runci,
1134 303 1315 337 monasterii
1339 302 1378 337 de
1399 301 1557 337 Cbaritate
1579 301 1748 337 laesionem
1782 313 1877 336 enor-

347 355 566 390 molendinum
582 355 612 389 in
636 354 748 390 eodem
771 355 853 400 loco,
867 354 952 403 quod
972 354 1093 389 habetis
1135 364 1231 396 mem,
1260 364 1353 400 quam
1377 352 1406 386 in
1429 351 1618 387 alienatione
1639 350 1875 399 possessionum

153 151 190 176 An
219 151 247 177 C⁴
268 152 333 178 ¹215
940 152 989 174 BF!
1003 152 1011 173 .'
1026 150 1123 174 tuit-3!
1152 149 1313 171 nmuxt‘x!

348 417 420 439 cum
442 404 581 440 Iohanne
603 404 641 439 de
664 404 781 444 Rurici„
803 412 831 439 et
864 413 977 440 terram
997 416 1090 452 quam
1133 414 1259 437 suarum
1292 409 1477 442 incurrerat,
1511 409 1542 436 et
1563 400 1784 436 inveniendam
1821 413 1876 447 pe-

348 454 468 489 babetis
490 455 520 489 in
549 455 722 489 tenimento
745 454 908 498 Sambuci‚
935 454 1022 488 vobis
1044 452 1093 488 ni·-

348 503 523 539 bilominus
550 504 732 539 auctoritate
770 504 942 552 apostolica
970 503 1094 539 confir-

349 566 480 589 mamus.
507 554 706 601 Sepulturam
727 562 886 601 praeterea
909 553 1007 600 ipsius
1033 553 1091 588 loci

348 612 413 642 etc„
440 616 532 650 usque
558 603 663 639 nullus
689 603 830 638 obsistat.
862 603 953 638 Salva
988 611 1092 638 tamen

349 653 463 688 iustitia
483 652 605 688 illarum
622 653 833 688 Ecclesiarum
847 666 863 688 a
878 652 992 699 quibus
1009 665 1094 687 mor-

350 711 474 737 tuorum
498 715 627 750 corpora
646 711 861 737 assumuntur.
884 702 1094 737 Decernimus

349 764 423 798 ergo
447 760 514 795 etc⁴³
542 765 635 798 usque
663 752 772 786 usibus
800 752 996 787 omnimodis
1019 764 1093 799 pro-

349 801 460 836 futura.
474 802 565 836 Salva
579 802 671 837 Sedis
686 801 884 848 Apostolicae
899 802 1092 836 auctoritate.

348 850 397 885 Ad
426 851 578 886 indicium
605 859 710 886 autem
746 851 842 886 liuius
876 859 1042 898 perceptae
1077 864 1093 886 a

349 900 431 935 Sede
443 900 623 948 Apostolica
636 900 789 935 libertatis
803 900 881 935 duas
892 900 988 935 libras
1004 911 1094 935 cerae

350 949 453 994 nobis,
476 950 654 997 nostrisque
673 949 912 985 successoribus
928 950 1019 984 annis
1032 950 1094 984 sin-

285 1007 294 1019 *
312 1012 322 1015 ·
350 1000 432 1046 gulis
460 999 652 1046 persolvetis.
680 999 714 1034 Si
741 1011 802 1046 qua
826 1000 920 1046 igitur
951 1000 980 1033 in
1010 999 1094 1034 futu·

351 1061 417 1082 rum
444 1058 615 1096 eec.,1tsque
629 1049 787 1084 districtae
796 1049 954 1084 subiaceat
971 1048 1092 1084 ultioni.

349 1097 481 1134 Cunctis
496 1107 600 1134 autem
618 1099 721 1134 eidem
738 1099 807 1134 loco
818 1107 885 1143 etc„
900 1112 993 1145 usque
1003 1111 1094 1147 prae-

349 1148 408 1182 mia
431 1155 575 1183 aeternae
601 1149 686 1195 pacis
715 1148 882 1183 inveniant.
906 1148 1019 1183 Amen.

399 1197 513 1232 Datum
541 1198 685 1233 Laterani
715 1210 768 1244 per
792 1211 917 1232 manum
948 1198 1095 1233 lobannis

349 1247 483 1282 Sanctae
509 1247 623 1282 Mariae
638 1248 667 1281 in
683 1246 866 1291 cosmedin,
880 1248 1002 1282 diaconi
1026 1260 1094 1283 car—

350 1296 473 1334 dinalis,
491 1297 525 1331 S.
548 1296 586 1331 R.
615 1297 651 1331 E.
671 1297 861 1340 cancellarii,
880 1297 984 1332 idibus
1007 1298 1093 1338 iunii,

352 1345 522 1380 indictione
555 1346 675 1380 decima
714 1346 838 1393 quinta,
871 1347 1095 1382 incarnationis

351 1395 530 1430 dominicae
544 1407 626 1429 anno
647 1407 785 1435 noenu,
809 1395 1010 1442 pontificatus
1022 1409 1095 1430 vero

351 1444 470 1479 domini
493 1444 668 1479 innocentii
686 1445 789 1492 Papae
814 1445 894 1480 tertii
910 1458 993 1480 anno
1008 1445 1095 1480 deci-

352 1494 525 1541 moquinto.

398 1555 459 1585 Dat.
478 1556 525 1585 die
545 1556 580 1585 13
599 1556 672 1586 iunii
694 1556 777 1592 1213,
793 1556 893 1595 pontis.
913 1566 988 1586 anuo
1004 1565 1046 1586 xv.

636 1684 813 1719 LXXXIX.

354 1754 552 1797 Confirmatio
572 1754 734 1786 sententiae
754 1765 773 1786 a
802 1754 947 1797 delegatis
978 1763 1097 1799 aposto-

401 1803 469 1835 licis
496 1803 576 1836 latae
602 1810 708 1836 contra
725 1804 858 1847 priorem
872 1805 1050 1837 monasterii
1061 1806 1097 1838 de

401 1853 555 1886 Charitate
579 1853 851 1886 Autissiodorensis
874 1854 1014 1887 dioecesis
1040 1856 1094 1897 (l).

620 1916 832 1947 SUMMARHJM

351 1970 537 2006 Quaestionis
559 1974 661 1999 status.
678 1986 718 1992 -
732 1969 854 2000 Abbatis
874 1973 1043 2002 monasterii
1062 1973 1096 2002 de

390 2010 535 2040 Charitate
546 2010 666 2040 saevitia
679 2010 707 2039 in
719 2010 785 2039 abb.
798 2009 927 2040 Cluniae.
938 2011 1096 2042 —Poenae

391 2051 421 2080 in
434 2059 499 2080 eum
520 2050 649 2080 inflictae
667 2050 702 2079 ab
725 2050 828 2080 abbate
846 2050 1044 2082 Cluniacensi.
1059 2070 1098 2075 —

391 2089 453 2119 Non
474 2090 631 2129 resipiscit.
655 2107 693 2112 —
715 2089 790 2124 Ouid
809 2095 904 2120 artum
925 2096 1021 2130 postea
1050 2092 1097 2126 sit,

393 2134 423 2159 ut
441 2130 549 2159 rediret
567 2130 602 2159 ad
625 2139 685 2159 eos.
702 2146 741 2151 —
763 2130 905 2169 Delegatis
923 2135 1014 2170 apost.
1030 2133 1098 2162 mit-

392 2171 461 2199 titur
482 2170 609 2207 cognitio
635 2178 750 2205 causae,
768 2174 796 2199 et
817 2171 1000 2201 confirmatio
1025 2181 1096 2202 sen-

394 2210 500 2239 tentiae
518 2211 546 2239 iu
566 2210 690 2249 priorem
710 2210 744 2239 de
763 2210 907 2240 Charitate
926 2210 1010 2241 tatae.

354 2272 522 2301 Innocentius
533 2272 674 2308 episcopus
694 2279 787 2301 servus
802 2278 940 2301 servorum
959 2272 1014 2306 Dei.
1034 2273 1099 2302 Tre-

398 2317 470 2346 censi
489 2318 517 2346 et
539 2317 667 2346 meldensi
693 2317 837 2353 episcopis,
859 2318 889 2346 et
913 2317 1005 2347 abbati
1023 2318 1098 2347 Latt-

398 2362 517 2391 niacensl
535 2361 694 2391 Parisiensis
709 2362 848 2390 dioecesis.

403 2425 449 2460 Ex
469 2435 554 2472 parte
568 2425 787 2460 Cluniacensis
809 2425 929 2460 abbatis
946 2425 1002 2461 fuit
1024 2439 1098 2473 pro-

357 2475 492 2520 positum
519 2487 621 2509 coram
646 2474 746 2515 nobis,
768 2475 850 2522 quod
874 2487 946 2510 cum
970 2476 1038 2524 ipse
1058 2476 1096 2511 ad

392 2540 428 2574 (l)
444 2541 482 2567 Ex
502 2541 601 2574 baluz„
618 2541 661 2568 lib.
680 2550 725 2573 xv,
746 2541 828 2578 Epist.
849 2542 907 2569 itm,

1134 452 1258 486 cuniam
1281 451 1469 499 Templariis
1491 450 1717 486 refundendam
1740 450 1878 497 diligen-

1135 510 1179 536 ter
1209 510 1238 536 et
1257 501 1389 536 sollicite
1408 500 1574 540 laboraret,
1591 501 1716 547 iamque
1732 511 1876 546 magnam

1135 559 1251 598 partem
1282 551 1434 598 pecuniae
1467 550 1536 584 sine
1570 550 1669 596 ipsius
1697 550 1876 584 monasterii

1133 612 1312 647 gravamine
1328 600 1510 634 invenisset.
1526 611 1561 634 ac
1578 611 1666 646 spem
1679 599 1877 646 concepisset

1134 650 1172 684 de
1202 649 1389 684 inveniendo
1424 649 1549 684 residuo
1583 648 1758 689 meliorem,
1789 648 1877 684 Gau—

1135 699 1232 734 t'ridus
1253 707 1329 734 tunc
1352 700 1436 746 prior
1450 698 1590 733 eiusdem
1610 697 1791 733 monasterii
1810 697 1878 732 An-

1134 748 1370 784 tissiodorensis
1387 748 1554 791 dioecesis,
1576 759 1616 783 ne
1639 748 1742 795 ipsius
1759 746 1879 782 abbatis

1134 798 1272 833 studium
1291 810 1386 845 super
1400 798 1460 833 hoc
1480 798 1644 833 sortiretur
1657 796 1805 832 effectum
1827 809 1879 832 ne·

1134 848 1239 895 quiter
1256 847 1377 884 studuit
1400 847 1562 895 impedire.
1587 846 1666 882 Nam
1688 859 1761 882 cum
1781 846 1879 882 abbas

1136 898 1345 945 praecepisset
1368 896 1483 940 eidem,
1510 905 1545 931 ut
1577 896 1617 931 de
1650 896 1711 936 his,
1733 903 1764 931 et
1796 896 1879 936 aliis,

1134 959 1213 994 quae
1234 947 1271 981 ad
1295 947 1436 981 ordinem
1457 946 1615 993 pertinent
1635 954 1822 981 tractaturus
1840 946 1877 981 ad

1134 997 1304 1042 capitulum
1338 996 1483 1042 generale
1505 995 1679 1036 accederet,
1712 995 1796 1042 quod
1830 996 1879 1030 in-

1134 1046 1234 1080 stabat
1270 1047 1337 1093 ipse
1363 1046 1518 1092 quendam
1547 1045 1695 1080 clericum
1733 1044 1877 1080 abbatem

1135 1095 1216 1143 apud
1245 1095 1430 1130 Sezanniam
1467 1095 1503 1129 ad
1526 1094 1746 1142 appellandum
1769 1102 1879 1129 traus-

1136 1145 1229 1187 misit,
1252 1145 1332 1180 sicut
1355 1145 1434 1179 idem
1451 1144 1585 1179 clericus
1599 1143 1767 1179 asserebat.
1789 1143 1880 1178 Tunc

1135 1194 1229 1229 abbas
1252 1194 1430 1241 praedictus
1449 1206 1504 1241 per
1518 1193 1699 1229 huiusmodi
1719 1193 1880 1239 machina-

1135 1241 1240 1278 tiones*
1269 1252 1297 1277 et
1317 1244 1422 1279 studia
1439 1243 1549 1278 videns
1564 1255 1658 1290 super
1680 1242 1879 1290 probationes

1135 1293 1280 1328 laesionis
1298 1294 1446 1334 enormis,
1468 1303 1497 1328 et
1515 1293 1671 1328 solutione
1692 1292 1880 1339 Templariis

1136 1343 1288 1381 facienda,
1311 1355 1432 1377 necnon
1460 1350 1490 1376 et
1511 1343 1582 1377 aliis
1603 1341 1732 1376 utilibus
1764 1354 1879 1389 procu-

1136 1392 1240 1426 randis
1281 1392 1424 1439 impediri
1445 1404 1636 1438 processum,
1659 1391 1878 1438 disciplinam-

1135 1453 1197 1488 que
1224 1442 1427 1476 mouasticam
1450 1441 1576 1476 dissolvi
1600 1441 1738 1488 penitus.
1759 1449 1790 1475 et
1803 1441 1876 1476 elidi

1137 1502 1244 1525 versus
1267 1490 1349 1525 idem
1389 1491 1626 1529 monasterium,
1650 1490 1722 1525 licet
1745 1491 1804 1525 iam
1827 1490 1877 1525 in-

1136 1547 1230 1574 staret
1252 1540 1320 1575 dies
1341 1540 1519 1575 celebrandi
1554 1540 1681 1587 capituli
1709 1540 1878 1587 generalis.

1137 1590 1224 1624 duxit
1246 1589 1380 1624 celerius
1402 1589 1624 1634 festinandum,
1647 1589 1757 1625 voleus
1782 1601 1879 1636 super

1138 1639 1196 1674 hoc
1216 1651 1288 1674 cum
1323 1639 1465 1674 eiusdem
1489 1640 1548 1674 loci
1581 1647 1737 1674 conventu
1763 1638 1879 1674 habere

1137 1696 1313 1729 tractatum,
1337 1701 1373 1723 ac
1401 1688 1439 1723 de
1471 1688 1617 1724 mandato
1650 1696 1757 1723 nostro
1777 1689 1879 1724 corri-

1137 1737 1237 1784 genda
1271 1738 1439 1785 corrigere,
1471 1751 1506 1773 ae
1534 1746 1670 1773 statuere
1702 1737 1878 1779 statuenda,

1138 1787 1319 1834 praesertim
1342 1800 1413 1822 cum
1449 1787 1488 1822 de
1523 1800 1602 1823 novo
1630 1788 1743 1823 nostris
1770 1787 1879 1823 suisset

1138 1837 1247 1872 litteris
1268 1837 1464 1883 redargutus,
1479 1837 1563 1885 quod
1583 1849 1616 1872 se
1638 1838 1668 1872 in
1687 1837 1878 1884 corrigendis

1137 1886 1318 1921 excessibus
1353 1887 1568 1927 subditorum,
1607 1888 1637 1922 in
1675 1887 1807 1922 abbatiis
1847 1895 1878 1922 et

1139 1935 1326 1982 prioratibus
1352 1937 1412 1971 sibi
1434 1936 1584 1972 subiectis
1614 1936 1774 1972 exhiberet
1795 1937 1878 1984 tepi-

1137 1985 1212 2020 dum
1235 1993 1264 2020 et
1295 1986 1472 2026 remissum,
1499 1999 1535 2021 ac
1556 1998 1614 2021 nos
1640 1986 1878 2021 mandassemus

1138 2035 1253 2074 eidem,
1276 2043 1309 2069 ut
1329 2036 1538 2083 appellatione
1560 2043 1677 2071 remota
1695 2035 1877 2083 corrigeret,

1138 2094 1167 2118 et
1188 2084 1369 2119 reformaret
1403 2086 1434 2120 in
1463 2086 1534 2126 illis,
1563 2097 1643 2133 quae
1677 2085 1878 2120 correctionis

1138 2142 1167 2168 et
1189 2133 1419 2170 reformationis
1440 2135 1542 2170 officio
1564 2143 1705 2170 cerneret
1725 2134 1875 2182 indigere.

1138 2182 1253 2218 Verum
1267 2183 1439 2220 Gaufridus
1451 2184 1627 2231 praedictus
1638 2192 1760 2232 captato
1774 2184 1878 2220 favore

1137 2232 1338 2268 servientium
1372 2235 1486 2269 nobilis
1518 2234 1573 2269 viri
1604 2234 1727 2269 comitis
1764 2233 1876 2269 Niver-

1138 2282 1257 2326 nensis,
1280 2284 1439 2330 praevenit
1460 2283 1615 2324 abbatem,
1636 2291 1667 2318 et
1688 2293 1875 2319 conventum

1138 2331 1204 2366 suis
1237 2332 1407 2368 mendaciis
1441 2332 1657 2374 circumvenit,
1684 2333 1713 2367 in
1737 2333 1876 2381 capitulo

1137 2392 1283 2416 asserens
1312 2382 1394 2430 quod
1417 2382 1511 2418 abbas
1532 2382 1571 2417 de
1592 2384 1780 2420 monasterio
1809 2383 1876 2431 ipso

1137 2443 1248 2466 omnes
1269 2432 1463 2479 proponebat
1479 2431 1602 2472 eiicere,
1620 2440 1650 2468 et
1663 2432 1702 2468 de
1723 2432 1876 2469 Cluniaco

1139 2480 1287 2516 inducere
1299 2481 1378 2516 alios
1391 2494 1521 2517 numero
1533 2483 1704 2529 pauciores.
1713 2481 1793 2518 Cum
1802 2495 1876 2531 ergo

1138 2529 1233 2565 abbas
1263 2531 1441 2578 praedictus
1472 2543 1527 2579 per
1553 2532 1738 2567 servientem
1773 2533 1875 2581 ipsum

1906 2191 1990 2212 Abbati!
2004 2196 2073 2212 mona-

1892 2223 1951 2242 sterii
1977 2223 2003 2242 de
2017 2220 2071 2242 Cha-

1984 2253 2072 2273 caeratis

1891 2284 1911 2304 in
1923 2283 1968 2304 abb.
1979 2282 2071 2304 Cluniae.

1891 2254 1953 2273 ritate
