2129 3223
933 228 1122 253 BULLARtUM
1149 227 1311 251 ROMANUM

147 239 195 266 An.
215 238 243 265 c.
263 238 330 264 ¹217
395 226 465 260 350
1899 225 1951 252 Αιι.
1968 221 2084 251 c.12¹⁷

147 293 235 320 mm·
261 297 329 320 ῬΜ
346 299 396 326 tus
412 301 485 325 vero
507 288 627 334 legatus
649 298 720 321 cum
748 285 825 320 haec
843 283 881 319 ad
909 296 1000 320 aures
1027 283 1095 318 eius

151 326 323 345 excommunten-
346 340 352 346 .

1135 281 1280 316 subditos
1307 289 1426 316 vestros
1458 281 1536 316 haec
1569 280 1751 316 solemniter
1779 279 1883 328 publi-

146 354 330 376 iosdecimira-
346 340 491 387 impietas
530 336 735 383 pervenisset,
757 334 795 370 ad
822 333 1093 379 Senogalliensem

1135 339 1253 374 cantes,
1275 342 1310 365 ea
1337 330 1555 378 praecipiatis,
1577 338 1607 365 et
1630 328 1766 370 faciatis,
1781 342 1885 377 quan-

171 636 302 656 Sententiam

145 668 254 687 coufirmat
271 666 329 687 Pon-

145 697 203 717 utex.

168 2410 276 2437 episcopis
288 2416 343 2430 man-

160 2443 202 2466 dat,
235 2446 256 2461 ut
290 2442 342 2462 hanc

161 2473 267 2499 publicent
293 2479 343 2493 :en-

161 2507 245 2523 tustini*

146 392 225 408 “⁰⁵²⁸
343 390 499 423 civitatem
523 386 655 421 festinus
677 384 842 425 accedens,
866 384 894 417 in
920 384 1022 430 ipsum
1044 394 1096 428 po-

344 446 499 480 testatem,
521 445 552 470 et
578 443 678 470 totum
701 433 868 469 consilium
885 432 1018 467 civitatis
1039 431 1096 465 Fa-

344 487 452 522 nensis
473 486 659 520 solemniter
681 482 891 531 promulgavit
915 493 1095 516 excommu-

343 536 511 571 nicationis
532 534 733 573 sententiam,
756 532 839 567 salva
866 543 901 566 ea
925 543 1019 578 quam
1039 541 1095 576 pro

344 585 424 620 facto
447 585 602 632 praefatae
628 581 962 628 Forosemproniensis
989 578 1096 614 Eccle-

344 635 408 669 siae
430 634 543 669 tulerat
562 634 592 668 in
615 633 754 668 eosdem.
777 630 866 665 Licet
879 630 974 676 igitur
996 640 1095 675 poena

344 684 484 719 severior
509 683 606 718 tantis
627 682 794 716 deberetur
816 679 1011 719 excessibus,
1039 689 1096 711 nos

344 743 447 768 tamen
473 733 587 767 mitiori
612 740 756 774 utentes,
773 729 809 764 ad
827 740 977 777 praesens
1005 739 1096 774 prae-

344 783 398 818 fati
422 782 515 828 legati
539 782 728 817 sententiam
755 779 941 814 auctoritate
968 783 1096 824 aposto-

342 833 400 867 lica
423 832 628 870 roboramus,
661 839 693 864 et
718 829 876 864 civitatem
904 827 1094 874 praedictam

343 881 574 918 districtissimo
594 879 785 915 subiicimus
804 877 980 912 interdicto.
1010 875 1096 910 Adii-

343 939 462 972 centes,
486 939 518 966 ut
541 929 697 977 praefatus
718 927 922 973 Albergettus
949 933 979 961 et
1008 937 1097 959 com-

343 981 442 1028 plices
463 980 550 1020 eius,
586 979 681 1013 etiam
719 977 807 1011 finito
843 976 892 1010 sui
934 974 1096 1021 regiminis

256 1042 263 1050 ‘
298 1034 308 1045 ⁸·
342 1038 496 1077 tempore,
518 1028 725 1063 nihilominus
747 1026 855 1060 eadem
878 1023 1032 1060 sententia
1055 1031 1098 1057 te-

343 1087 495 1123 neantur,
517 1090 577 1113 nec
599 1076 638 1112 ab
659 1088 694 1111 ea
718 1075 840 1122 possint
861 1073 1002 1116 absolvi,
1037 1072 1095 1107 nisi

344 1128 550 1176 personaliter
573 1134 699 1174 propter
722 1126 780 1159 hoc
801 1123 837 1158 ad
861 1123 978 1158 Sedem
1002 1134 1098 1156 vene-

343 1179 405 1213 rint
439 1177 675 1225 Apostolicam,
707 1175 767 1209 nisi
803 1172 910 1208 forsan
933 1173 962 1206 in
987 1171 1097 1206 mortis

343 1227 476 1263 articulo
507 1225 688 1265 constitum
723 1235 851 1258 uxorem
885 1233 1036 1269 quoque,
1062 1233 1098 1255 ac

345 1276 492 1312 familiam
523 1277 592 1311 eius
625 1273 802 1310 sententiae
830 1271 1020 1307 subiicimus
1049 1271 1098 1304 in-

345 1326 481 1366 terdicti,
508 1324 692 1360 auctoritate
713 1324 923 1369 praesentium
947 1319 1098 1355 inhiben-

346 1384 410 1420 tes,
440 1383 473 1409 ut
503 1373 643 1422 quandiu
672 1372 869 1418 saepedictus
896 1370 1099 1416 Albergettus

347 1426 376 1458 in
423 1424 529 1471 aliqua
570 1423 714 1466 civitate,
753 1420 899 1459 castello,
938 1431 993 1453 seu
1028 1418 1098 1452 villa

348 1474 554 1521 personaliter
590 1471 704 1511 fuerit,
745 1470 851 1504 nullus
886 1468 927 1502 ibi
957 1468 1097 1502 divinum

349 1531 528 1570 praesumat
558 1520 695 1556 officium
724 1519 899 1561 celebrare,
927 1526 956 1552 et
978 1518 1003 1551 si
1028 1518 1099 1563 quis

347 1573 374 1607 ei
403 1572 538 1607 alicuius
564 1570 766 1616 obligationis
793 1567 917 1602 vinculo
939 1576 985 1601 est
1007 1566 1099 1600 astri-

347 1630 416 1656 ctus
447 1634 509 1657 non
538 1628 680 1655 teneatur
706 1618 808 1654 eidem
837 1617 881 1651 sic
917 1617 1009 1662 ligato
1036 1615 1099 1650 ali—

347 1679 506 1718 quatenus
527 1669 729 1716 respondere.
753 1667 800 1702 Ad
825 1666 901 1700 haec
921 1665 980 1700 sub
1000 1677 1098 1712 poena

348 1718 688 1755 excommunicationis
713 1716 942 1751 districtissime
973 1714 1100 1748 inhibe-

350 1771 438 1813 mus',
462 1781 501 1803 ne
532 1768 635 1815 aliqua
674 1767 798 1804 civitas,
835 1764 1016 1804 castellum,
1043 1775 1099 1798 seu

351 1818 421 1853 villa
455 1817 667 1865 saepedictum
704 1815 922 1860 Albergettum
952 1814 1014 1847 ullo
1042 1825 1102 1847 un-

350 1880 444 1915 quam
468 1876 609 1914 tempore
633 1867 663 1900 in
693 1873 858 1902 rectorem,
886 1875 940 1897 seu
969 1870 1101 1910 potesta-

351 1927 413 1952 tem
448 1924 607 1955 assumat,
643 1914 815 1949 sententias
851 1913 876 1946 si
910 1924 988 1958 quas
1023 1911 1102 1946 forte

353 1966 448 2006 idem,
472 1965 518 2000 vel
545 1964 661 2011 aliquis
687 1964 870 1998 auctoritate
906 1961 1007 2007 ipsius
1028 1973 1102 2008 pro-

353 2015 474 2057 tulerit,
500 2013 654 2062 quamdiu
681 2012 775 2047 fuerit
806 2012 851 2045 sic
879 2011 1012 2056 ligatus,
1040 2010 1103 2044 de-

352 2072 518 2099 cernentes
533 2063 647 2103 irritas,
670 2070 700 2096 et
717 2062 839 2104 inanes,
862 2060 948 2094 nullo
963 2071 1102 2106 unquam

352 2123 495 2161 ternpore
522 2113 683 2147 valituras:
712 2110 772 2146 sub
801 2120 900 2157 poena
928 2109 1020 2143 etiam
1049 2121 1104 2142 ex-

354 2162 649 2198 communicationis
664 2160 838 2194 districtius
855 2158 1045 2195 inhibemus,
1066 2170 1104 2191 ne

354 2213 427 2260 quis
453 2224 524 2247 cum
552 2210 756 2245 Fanensihus
783 2207 969 2247 antedictis,
1004 2207 1105 2241 donec

355 2273 451 2309 super
473 2260 655 2308 praemissis
681 2259 782 2293 eidem
805 2258 969 2305 episcopo,
992 2264 1022 2291 et
1045 2255 1105 2290 Fa-

357 2311 446 2346 nensi
492 2309 652 2345 Ecclesiae
695 2319 834 2354 congrue
878 2305 1104 2350 satisfecerint,

356 2360 482 2407 aliquod
503 2365 682 2407 praesumat
704 2356 929 2392 commercium
948 2366 1104 2390 exercere.

357 2410 494 2456 ldeoque
522 2408 714 2443 universitati
750 2414 868 2442 vestrae
896 2417 951 2452 per
976 2412 1107 2452 aposto-

359 2460 415 2493 lica
434 2458 549 2504 scripta
571 2458 603 2492 in
620 2457 731 2491 virtute
749 2455 948 2491 obedientiae
966 2454 1107 2489 districte

361 2507 579 2555 praecipiendo
602 2505 801 2548 mandamus,
823 2512 978 2551 quatenus
992 2502 1106 2550 singuli

361 2568 414 2602 per
435 2556 576 2592 civitates
599 2564 629 2590 et
658 2556 820 2589 dioeceses
840 2562 955 2588 vestras
976 2551 1109 2599 singulis

359 2605 471 2640 diebus
497 2605 666 2640 dominicis
698 2612 728 2639 et
764 2602 881 2638 festivis
904 2615 958 2649 per
992 2614 1046 2637 vos
1079 2609 1109 2636 et

1137 389 1201 414 tum
1237 380 1268 414 in
1304 379 1392 415 vobis
1419 379 1523 421 fuerit,
1547 379 1677 414 firmiter
1712 378 1882 414 observari.

1135 429 1340 464 Denuntietis
1387 430 1478 464 etiam
1526 428 1645 464 eisdem
1683 427 1887 464 Fanensibus

1136 478 1219 526 quod
1244 479 1268 513 si
1297 478 1351 513 diu
1381 480 1412 513 in
1434 491 1488 513 sna
1512 478 1708 513 contumacia
1733 477 1888 525 perdura-

1136 528 1248 568 verint,
1272 536 1419 575 poterunt
1441 539 1502 562 non
1530 527 1687 564 immerito
1720 527 1888 563 formidare

1138 589 1176 612 ne
1203 577 1358 612 civitatem
1382 576 1522 625 ipsorum
1542 577 1713 624 episcopali
1736 574 1888 624 dignitate

1139 627 1320 673 privemus,
1361 634 1394 661 ut
1428 627 1458 661 in
1486 638 1548 673 quo
1575 626 1780 673 deliquerunt
1806 627 1888 662 iusto

1137 675 1254 711 iudicio
1283 676 1463 723 puniantur,
1498 685 1528 711 et
1555 688 1666 710 eorum
1687 675 1886 711 insolentiam

1136 726 1384 772 comprimamus
1406 725 1543 773 potentia
1568 725 1684 760 brachii
1706 725 1886 760 saecularis.

1185 775 1301 809 Datum
1346 774 1531 819 Ferentini,
1567 774 1704 822 septimo
1738 774 1889 810 kalendas

1137 824 1287 868 octobris,
1302 824 1504 871 pontificatus
1520 825 1617 860 nostri
1636 836 1720 860 anno
1736 823 1888 860 secundo.

1147 886 1206 917 Dat.
1226 888 1273 917 die
1290 887 1329 917 25
1347 887 1524 927 septembris
1541 887 1627 921 1217,
1646 886 1751 927 pontif.
1767 895 1844 917 anno
1859 894 1877 916 1.

1479 1019 1550 1054 XV.

1160 1095 1362 1140 Confirmatio
1380 1097 1616 1140 privileqiorum
1642 1102 1668 1130 et
1696 1096 1872 1130 libertatum

1300 1146 1418 1179 iudaeis
1447 1157 1653 1180 concessorum
1674 1147 1730 1188 (1).

1407 1218 1623 1249 SUMMARIUM

1139 1283 1306 1314 Exordium.
1338 1301 1378 1307 —
1409 1284 1625 1315 Protectionem
1657 1293 1741 1315 suam
1776 1285 1891 1316 iudaeis

1179 1328 1303 1368 spondet
1319 1327 1477 1359 Honorius.
1492 1345 1531 1351 ·-
1547 1328 1604 1358 Eos
1625 1330 1742 1359 nonnisi
1762 1330 1892 1360 volentes

1179 1374 1215 1403 ad
1231 1372 1412 1412 Baptismum
1432 1373 1546 1403 admitti
1565 1374 1676 1403 statuit.
1691 1389 1729 1395 —
1743 1372 1893 1404 Molestias

1179 1418 1223 1447 eis
1240 1418 1342 1448 inferri
1360 1422 1445 1448 vetat.
1465 1417 1651 1448 —Firmitas
1667 1419 1777 1448 decreti
1795 1418 1893 1449 huius.

1139 1487 1270 1517 Honorius
1289 1489 1431 1525 episcopus
1449 1496 1546 1518 servus
1562 1495 1703 1518 servorum
1712 1488 1769 1522 Dei,
1785 1488 1895 1518 dilectis

1183 1538 1211 1565 in
1225 1538 1334 1567 Christo
1349 1538 1414 1566 filiis
1432 1538 1556 1567 fidelibus
1575 1539 1752 1571 christianis.
1775 1538 1894 1568 salutem

1184 1588 1214 1616 ot
1233 1587 1413 1623 apostoticam
1431 1588 1653 1617 benedictionem.

1189 1655 1279 1689 Sicut
1298 1655 1425 1701 giudaeis
1453 1668 1515 1690 non
1542 1655 1635 1691 debet
1670 1668 1739 1692 esse
1767 1657 1894 1692 licentia

1142 1705 1173 1738 in
1207 1705 1376 1751 synagogis
1407 1705 1492 1750 suis,
1527 1705 1607 1741 ultra
1634 1718 1728 1753 qnam
1758 1707 1894 1753 permis-

1141 1765 1210 1787 sum
1230 1762 1277 1788 est
1300 1755 1366 1799 lege
1383 1766 1595 1800 praesumere,
1619 1755 1660 1790 ita
1683 1756 1714 1790 in
1732 1757 1791 1795 his,
1813 1768 1894 1803 quae

1142 1803 1189 1836 eis
1219 1815 1369 1837 concessa
1396 1813 1482 1844 sunt,
1505 1804 1626 1839 nullum
1654 1805 1770 1840 debent
1798 1818 1895 1852 prae-

1144 1851 1294 1887 iudicium
1319 1852 1485 1887 sustinere.
1502 1853 1567 1888 Nos
1586 1866 1671 1901 ergo,
1695 1855 1765 1890 licet
1789 1855 1818 1889 in
1837 1867 1895 1890 sua

1144 1902 1244 1947 magis
1283 1901 1377 1936 velint
1416 1902 1532 1937 duritia
1573 1904 1766 1951 perdurare,
1799 1916 1893 1952 quam

1145 1951 1371 1997 prophetarum
1393 1952 1496 1990 verba,
1532 1961 1563 1987 et
1596 1965 1725 1988 suarum
1747 1952 1895 2000 Scriptu-

1144 2011 1247 2053 rarum
1275 2012 1388 2035 arcana
1414 2013 1616 2047 cognoscere,
1638 2011 1732 2050 atque
1759 2002 1796 2038 ad
1817 2002 1896 2038 chri-

1143 2058 1263 2083 stianae
1282 2049 1354 2084 fidei
1376 2058 1406 2084 et
1434 2051 1545 2085 salutis
1562 2053 1703 2087 notitiam
1720 2051 1895 2099 pervenire,

1144 2099 1217 2144 quia
1237 2106 1341 2134 tamen
1368 2098 1585 2135 defensionem
1613 2110 1750 2136 nostram
1774 2109 1805 2136 et
1835 2113 1894 2136 au-

1147 2147 1254 2182 xilium
1279 2148 1459 2194 postulant,
1485 2162 1523 2183 ex
1550 2150 1738 2186 christianae
1770 2150 1895 2197 pietatis

1147 2198 1388 2252 mansuetudine
1412 2199 1691 2245 praedecessorum
1714 2207 1892 2234 nostrorum

1146 2245 1246 2280 felicis
1276 2248 1446 2282 memoriae
1477 2248 1602 2288 Calixti,
1635 2249 1784 2295 Eugeuii,
1817 2248 1894 2282 Ale-

1148 2295 1268 2336 xandri,
1296 2296 1486 2342 Clementis,
1521 2298 1709 2342 Coelestini,
1735 2306 1766 2332 et
1798 2297 1894 2332 Inno-

1147 2345 1239 2379 centii
1277 2345 1494 2381 Romanorum
1530 2347 1718 2382 Pontificum
1755 2347 1895 2393 vestigiis

1149 2394 1361 2436 inhaerentes,
1385 2396 1523 2443 ipsorum
1559 2397 1741 2443 petitionem
1780 2396 1896 2432 admit-

1148 2444 1261 2485 timus,
1289 2446 1398 2492 eisque
1437 2446 1640 2493 protectionis
1676 2454 1799 2481 nostrae
1827 2445 1895 2493 cly-

1150 2505 1242 2539 peum
1277 2494 1486 2541 indulgemus.
1524 2494 1698 2530 Statnimus
1731 2495 1896 2535 etiam,ut

1149 2542 1255 2577 nullus
1309 2544 1497 2580 christianus
1533 2544 1666 2584 invitos,
1702 2545 1749 2579 vel
1789 2545 1899 2581 nolen-

1184 2614 1223 2647 (1)
1246 2614 1282 2639 Ex
1303 2613 1406 2648 Regcst.
1427 2613 1506 2640 vatic.

1941 1670 2060 1691 Exordium.

1922 2259 2079 2279 Proiecuonem

1908 2295 1965 2310 fluam
2013 2289 2093 2310 iudaeis

1909 2320 1999 2345 spondei
2020 2318 2091 2340 Houo-

1909 2352 1960 2371 rius.
