<?xml version="1.0" encoding="UTF-8"?>
<!DOCTYPE html PUBLIC "-//W3C//DTD XHTML 1.0 Transitional//EN"
    "http://www.w3.org/TR/xhtml1/DTD/xhtml1-transitional.dtd">
<html xmlns="http://www.w3.org/1999/xhtml" xml:lang="en" lang="en">
 <head>
  <title>
</title>
<meta http-equiv="Content-Type" content="text/html;charset=utf-8" />
  <meta name='ocr-system' content='tesseract 3.04.00' />
  <meta name='ocr-capabilities' content='ocr_page ocr_carea ocr_par ocr_line ocrx_word'/>
</head>
<body>
  <div class='ocr_page' id='page_1' title='image "./bullarumdiplomat03cath_0049.png"; bbox 0 0 2129 3223; ppageno 0'>
   <div class='ocr_carea' id='block_1_1' title="bbox 40 263 221 293">
    <p class='ocr_par' dir='ltr' id='par_1_1' title="bbox 40 263 221 293">
     <span class='ocr_line' id='line_1_1' title="bbox 40 263 221 293; baseline 0.011 -2"><span class='ocrx_word' id='word_1_1' title='bbox 40 264 86 291; x_wconf 72' lang='lat' dir='ltr'><strong>An.</strong></span> <span class='ocrx_word' id='word_1_2' title='bbox 105 263 132 291; x_wconf 80' lang='lat' dir='ltr'><strong>C.</strong></span> <span class='ocrx_word' id='word_1_3' title='bbox 154 264 221 293; x_wconf 73' lang='lat'>1¹⁸6</span> 
     </span>
    </p>
   </div>
   <div class='ocr_carea' id='block_1_2' title="bbox 264 315 975 991">
    <p class='ocr_par' dir='ltr' id='par_1_2' title="bbox 264 315 975 991">
     <span class='ocr_line' id='line_1_2' title="bbox 273 315 975 361; baseline -0.009 -9"><span class='ocrx_word' id='word_1_4' title='bbox 273 323 375 354; x_wconf 75' lang='lat' dir='ltr'><strong>nachis</strong></span> <span class='ocrx_word' id='word_1_5' title='bbox 405 322 496 361; x_wconf 82' lang='lat' dir='ltr'>priori</span> <span class='ocrx_word' id='word_1_6' title='bbox 521 320 724 361; x_wconf 83' lang='lat' dir='ltr'><strong>promittenda.</strong></span> <span class='ocrx_word' id='word_1_7' title='bbox 755 337 793 343; x_wconf 91' lang='lat'><strong>—-</strong></span> <span class='ocrx_word' id='word_1_8' title='bbox 824 315 975 348; x_wconf 79' lang='lat' dir='ltr'><strong>Fratribus</strong></span> 
     </span>
     <span class='ocr_line' id='line_1_3' title="bbox 272 363 975 407; baseline -0.011 -6"><span class='ocrx_word' id='word_1_9' title='bbox 272 374 371 401; x_wconf 81' lang='lat' dir='ltr'><strong>mutua</strong></span> <span class='ocrx_word' id='word_1_10' title='bbox 394 366 588 407; x_wconf 86' lang='lat' dir='ltr'><strong>impendenda</strong></span> <span class='ocrx_word' id='word_1_11' title='bbox 615 365 768 396; x_wconf 80' lang='lat' dir='ltr'>subventio</span> <span class='ocrx_word' id='word_1_12' title='bbox 794 382 831 388; x_wconf 92' lang='lat'>—</span> <span class='ocrx_word' id='word_1_13' title='bbox 862 363 975 395; x_wconf 79' lang='lat' dir='ltr'><strong>Mutua—</strong></span> 
     </span>
     <span class='ocr_line' id='line_1_4' title="bbox 271 410 975 455; baseline -0.009 -10"><span class='ocrx_word' id='word_1_14' title='bbox 271 424 327 455; x_wconf 80' lang='lat' dir='ltr'><strong>que</strong></span> <span class='ocrx_word' id='word_1_15' title='bbox 345 414 482 445; x_wconf 79' lang='lat' dir='ltr'><strong>charitas.</strong></span> <span class='ocrx_word' id='word_1_16' title='bbox 505 430 544 436; x_wconf 98' lang='lat'>—</span> <span class='ocrx_word' id='word_1_17' title='bbox 558 410 721 448; x_wconf 76' lang='lat' dir='ltr'><strong>Decretum,</strong></span> <span class='ocrx_word' id='word_1_18' title='bbox 736 415 768 441; x_wconf 90' lang='lat' dir='ltr'><strong>nt</strong></span> <span class='ocrx_word' id='word_1_19' title='bbox 783 410 975 441; x_wconf 90' lang='lat' dir='ltr'><strong>Grandimon-</strong></span> 
     </span>
     <span class='ocr_line' id='line_1_5' title="bbox 271 456 972 494; baseline -0.007 -3"><span class='ocrx_word' id='word_1_20' title='bbox 271 464 368 491; x_wconf 83' lang='lat' dir='ltr'><strong>tenses</strong></span> <span class='ocrx_word' id='word_1_21' title='bbox 386 459 421 490; x_wconf 91' lang='lat' dir='ltr'><strong>ad</strong></span> <span class='ocrx_word' id='word_1_22' title='bbox 440 458 562 489; x_wconf 81' lang='lat' dir='ltr'><strong>alterius</strong></span> <span class='ocrx_word' id='word_1_23' title='bbox 584 456 736 494; x_wconf 68' lang='lat' dir='ltr'><strong>religionis</strong></span> <span class='ocrx_word' id='word_1_24' title='bbox 755 456 903 486; x_wconf 91' lang='lat' dir='ltr'><strong>hominem</strong></span> <span class='ocrx_word' id='word_1_25' title='bbox 924 465 972 486; x_wconf 89' lang='lat' dir='ltr'><strong>re-</strong></span> 
     </span>
     <span class='ocr_line' id='line_1_6' title="bbox 270 500 973 545; baseline -0.007 -10"><span class='ocrx_word' id='word_1_26' title='bbox 270 505 437 545; x_wconf 88' lang='lat' dir='ltr'><strong>cipiendum</strong></span> <span class='ocrx_word' id='word_1_27' title='bbox 464 504 527 542; x_wconf 78' lang='lat' dir='ltr'><strong>cogi</strong></span> <span class='ocrx_word' id='word_1_28' title='bbox 552 506 706 541; x_wconf 75' lang='lat' dir='ltr'>nequeant.</span> <span class='ocrx_word' id='word_1_29' title='bbox 732 519 771 525; x_wconf 97' lang='lat'><strong>—</strong></span> <span class='ocrx_word' id='word_1_30' title='bbox 792 500 884 531; x_wconf 86' lang='lat' dir='ltr'><strong>Priori</strong></span> <span class='ocrx_word' id='word_1_31' title='bbox 908 509 973 530; x_wconf 90' lang='lat' dir='ltr'><strong>vero</strong></span> 
     </span>
     <span class='ocr_line' id='line_1_7' title="bbox 269 546 972 590; baseline -0.007 -10"><span class='ocrx_word' id='word_1_32' title='bbox 269 553 396 590; x_wconf 88' lang='lat' dir='ltr'><strong>potestas</strong></span> <span class='ocrx_word' id='word_1_33' title='bbox 422 549 450 579; x_wconf 89' lang='lat' dir='ltr'><strong>in</strong></span> <span class='ocrx_word' id='word_1_34' title='bbox 480 547 686 588; x_wconf 78' lang='lat' dir='ltr'><strong>spiritualibus</strong></span> <span class='ocrx_word' id='word_1_35' title='bbox 714 551 741 577; x_wconf 90' lang='lat' dir='ltr'><strong>et</strong></span> <span class='ocrx_word' id='word_1_36' title='bbox 763 546 972 584; x_wconf 80' lang='lat' dir='ltr'><strong>temporalibus</strong></span> 
     </span>
     <span class='ocr_line' id='line_1_8' title="bbox 269 590 974 630; baseline -0.007 -4"><span class='ocrx_word' id='word_1_37' title='bbox 269 595 448 626; x_wconf 76' lang='lat' dir='ltr'><strong>conceditur.</strong></span> <span class='ocrx_word' id='word_1_38' title='bbox 469 611 509 617; x_wconf 95' lang='lat'>—</span> <span class='ocrx_word' id='word_1_39' title='bbox 531 592 671 630; x_wconf 74' lang='lat' dir='ltr'><strong>Regulam</strong></span> <span class='ocrx_word' id='word_1_40' title='bbox 689 590 872 621; x_wconf 74' lang='lat' dir='ltr'><strong>servantibus</strong></span> <span class='ocrx_word' id='word_1_41' title='bbox 893 590 974 621; x_wconf 86' lang='lat' dir='ltr'><strong>labor</strong></span> 
     </span>
     <span class='ocr_line' id='line_1_9' title="bbox 268 635 971 679; baseline -0.007 -9"><span class='ocrx_word' id='word_1_42' title='bbox 268 640 332 671; x_wconf 86' lang='lat' dir='ltr'><strong>loco</strong></span> <span class='ocrx_word' id='word_1_43' title='bbox 347 639 541 679; x_wconf 87' lang='lat' dir='ltr'><strong>poenitentiae</strong></span> <span class='ocrx_word' id='word_1_44' title='bbox 560 637 732 675; x_wconf 81' lang='lat' dir='ltr'><strong>iniungitur.</strong></span> <span class='ocrx_word' id='word_1_45' title='bbox 754 652 793 659; x_wconf 92' lang='lat'><em>—</em></span> <span class='ocrx_word' id='word_1_46' title='bbox 807 635 971 666; x_wconf 86' lang='lat' dir='ltr'><strong>Confirma-</strong></span> 
     </span>
     <span class='ocr_line' id='line_1_10' title="bbox 267 680 973 723; baseline -0.004 -9"><span class='ocrx_word' id='word_1_47' title='bbox 267 688 314 714; x_wconf 86' lang='lat' dir='ltr'><strong>tur</strong></span> <span class='ocrx_word' id='word_1_48' title='bbox 334 683 432 722; x_wconf 84' lang='lat' dir='ltr'><strong>regula</strong></span> <span class='ocrx_word' id='word_1_49' title='bbox 453 682 604 723; x_wconf 85' lang='lat' dir='ltr'><strong>quaedam.</strong></span> <span class='ocrx_word' id='word_1_50' title='bbox 624 698 662 704; x_wconf 93' lang='lat'>—</span> <span class='ocrx_word' id='word_1_51' title='bbox 682 680 790 711; x_wconf 90' lang='lat' dir='ltr'><strong>Domus</strong></span> <span class='ocrx_word' id='word_1_52' title='bbox 808 680 880 720; x_wconf 85' lang='lat' dir='ltr'><strong>ipsa,</strong></span> <span class='ocrx_word' id='word_1_53' title='bbox 896 681 973 711; x_wconf 88' lang='lat' dir='ltr'><strong>eius-</strong></span> 
     </span>
     <span class='ocr_line' id='line_1_11' title="bbox 266 725 969 768; baseline -0.006 -9"><span class='ocrx_word' id='word_1_54' title='bbox 266 737 324 768; x_wconf 85' lang='lat' dir='ltr'><strong>que</strong></span> <span class='ocrx_word' id='word_1_55' title='bbox 351 728 426 758; x_wconf 87' lang='lat' dir='ltr'><strong>hona</strong></span> <span class='ocrx_word' id='word_1_56' title='bbox 451 727 506 758; x_wconf 91' lang='lat' dir='ltr'><strong>sub</strong></span> <span class='ocrx_word' id='word_1_57' title='bbox 532 726 710 765; x_wconf 76' lang='lat' dir='ltr'><strong>protectione</strong></span> <span class='ocrx_word' id='word_1_58' title='bbox 735 725 817 756; x_wconf 82' lang='lat' dir='ltr'><strong>Sedis</strong></span> <span class='ocrx_word' id='word_1_59' title='bbox 840 726 969 765; x_wconf 71' lang='lat' dir='ltr'><strong>Apostol.</strong></span> 
     </span>
     <span class='ocr_line' id='line_1_12' title="bbox 266 770 970 812; baseline -0.006 -9"><span class='ocrx_word' id='word_1_60' title='bbox 266 771 465 812; x_wconf 84' lang='lat' dir='ltr'><strong>recipiuntur.</strong></span> <span class='ocrx_word' id='word_1_61' title='bbox 497 789 535 795; x_wconf 96' lang='grc'>-</span> <span class='ocrx_word' id='word_1_62' title='bbox 566 771 598 801; x_wconf 88' lang='lat' dir='ltr'><strong>Et</strong></span> <span class='ocrx_word' id='word_1_63' title='bbox 629 780 680 800; x_wconf 92' lang='lat' dir='ltr'><strong>sua</strong></span> <span class='ocrx_word' id='word_1_64' title='bbox 717 771 746 800; x_wconf 90' lang='lat' dir='ltr'><strong>in</strong></span> <span class='ocrx_word' id='word_1_65' title='bbox 788 770 970 800; x_wconf 88' lang='lat' dir='ltr'><strong>immunitate</strong></span> 
     </span>
     <span class='ocr_line' id='line_1_13' title="bbox 265 814 970 852; baseline -0.006 -4"><span class='ocrx_word' id='word_1_66' title='bbox 265 817 495 852; x_wconf 83' lang='lat' dir='ltr'><strong>confirmantur;</strong></span> <span class='ocrx_word' id='word_1_67' title='bbox 511 833 550 839; x_wconf 87' lang='lat'>—</span> <span class='ocrx_word' id='word_1_68' title='bbox 571 814 631 845; x_wconf 90' lang='lat' dir='ltr'><strong>Sub</strong></span> <span class='ocrx_word' id='word_1_69' title='bbox 661 814 970 845; x_wconf 74' lang='lat' dir='ltr'><strong>excommunicationis</strong></span> 
     </span>
     <span class='ocr_line' id='line_1_14' title="bbox 265 858 970 901; baseline -0.006 -8"><span class='ocrx_word' id='word_1_70' title='bbox 265 871 357 901; x_wconf 86' lang='lat' dir='ltr'><strong>poena</strong></span> <span class='ocrx_word' id='word_1_71' title='bbox 380 871 432 901; x_wconf 89' lang='lat' dir='ltr'><strong>pro</strong></span> <span class='ocrx_word' id='word_1_72' title='bbox 460 861 658 893; x_wconf 78' lang='lat' dir='ltr'><strong>violatoribus:</strong></span> <span class='ocrx_word' id='word_1_73' title='bbox 676 878 716 884; x_wconf 90' lang='lat'>-</span> <span class='ocrx_word' id='word_1_74' title='bbox 742 858 970 890; x_wconf 75' lang='lat' dir='ltr'><strong>observantibus</strong></span> 
     </span>
     <span class='ocr_line' id='line_1_15' title="bbox 264 904 968 943; baseline -0.003 -6"><span class='ocrx_word' id='word_1_75' title='bbox 264 915 403 937; x_wconf 82' lang='lat' dir='ltr'><strong>concessa</strong></span> <span class='ocrx_word' id='word_1_76' title='bbox 427 914 496 943; x_wconf 87' lang='lat' dir='ltr'><strong>pace</strong></span> <span class='ocrx_word' id='word_1_77' title='bbox 524 905 555 935; x_wconf 94' lang='lat' dir='ltr'><strong>D.</strong></span> <span class='ocrx_word' id='word_1_78' title='bbox 577 904 609 935; x_wconf 68' lang='lat' dir='ltr'><strong>N.</strong></span> <span class='ocrx_word' id='word_1_79' title='bbox 636 904 655 934; x_wconf 93' lang='lat' dir='ltr'><strong>l.</strong></span> <span class='ocrx_word' id='word_1_80' title='bbox 674 904 704 935; x_wconf 93' lang='lat' dir='ltr'><strong>C.</strong></span> <span class='ocrx_word' id='word_1_81' title='bbox 727 921 766 928; x_wconf 95' lang='lat'>—</span> <span class='ocrx_word' id='word_1_82' title='bbox 782 904 892 936; x_wconf 84' lang='lat' dir='ltr'><strong>Urbani</strong></span> <span class='ocrx_word' id='word_1_83' title='bbox 915 904 968 935; x_wconf 87' lang='lat' dir='ltr'><strong>PP.</strong></span> 
     </span>
     <span class='ocr_line' id='line_1_16' title="bbox 264 950 860 991; baseline -0.003 -9"><span class='ocrx_word' id='word_1_84' title='bbox 264 956 292 982; x_wconf 87' lang='lat' dir='ltr'><strong>et</strong></span> <span class='ocrx_word' id='word_1_85' title='bbox 312 950 341 982; x_wconf 90' lang='lat' dir='ltr'><strong>S.</strong></span> <span class='ocrx_word' id='word_1_86' title='bbox 363 950 396 982; x_wconf 79' lang='lat' dir='ltr'><strong>R.</strong></span> <span class='ocrx_word' id='word_1_87' title='bbox 418 950 494 981; x_wconf 87' lang='lat' dir='ltr'><strong>Eccl.</strong></span> <span class='ocrx_word' id='word_1_88' title='bbox 514 951 592 981; x_wconf 92' lang='lat' dir='ltr'><strong>card.</strong></span> <span class='ocrx_word' id='word_1_89' title='bbox 617 950 860 991; x_wconf 67' lang='lat' dir='ltr'><strong>subscriptiones.</strong></span> 
     </span>
    </p>
   </div>
   <div class='ocr_carea' id='block_1_3' title="bbox 222 1026 968 1215">
    <p class='ocr_par' dir='ltr' id='par_1_3' title="bbox 222 1026 968 1215">
     <span class='ocr_line' id='line_1_17' title="bbox 222 1026 968 1064; baseline -0.004 -6"><span class='ocrx_word' id='word_1_90' title='bbox 222 1029 342 1058; x_wconf 67' lang='lat' dir='ltr'><strong>monus</strong></span> <span class='ocrx_word' id='word_1_91' title='bbox 356 1027 496 1064; x_wconf 81' lang='lat' dir='ltr'><strong>episcopus</strong></span> <span class='ocrx_word' id='word_1_92' title='bbox 512 1034 605 1056; x_wconf 76' lang='lat' dir='ltr'><strong>servus</strong></span> <span class='ocrx_word' id='word_1_93' title='bbox 629 1033 768 1056; x_wconf 81' lang='lat' dir='ltr'><strong>servornm</strong></span> <span class='ocrx_word' id='word_1_94' title='bbox 784 1026 839 1060; x_wconf 82' lang='lat' dir='ltr'><strong>Dei,</strong></span> <span class='ocrx_word' id='word_1_95' title='bbox 859 1027 968 1056; x_wconf 81' lang='lat' dir='ltr'><strong>dilectis</strong></span> 
     </span>
     <span class='ocr_line' id='line_1_18' title="bbox 265 1075 966 1113; baseline -0.001 -7"><span class='ocrx_word' id='word_1_96' title='bbox 265 1077 330 1107; x_wconf 68' lang='lat' dir='ltr'><strong>fillis</strong></span> <span class='ocrx_word' id='word_1_97' title='bbox 359 1077 499 1106; x_wconf 75' lang='lat' dir='ltr'><strong>Gutuelmo</strong></span> <span class='ocrx_word' id='word_1_98' title='bbox 525 1076 611 1112; x_wconf 81' lang='lat' dir='ltr'><strong>priori</strong></span> <span class='ocrx_word' id='word_1_99' title='bbox 639 1075 833 1109; x_wconf 75' lang='lat' dir='ltr'><strong>Grandtmontt.</strong></span> <span class='ocrx_word' id='word_1_100' title='bbox 857 1076 966 1113; x_wconf 81' lang='lat' dir='ltr'><strong>eiusque</strong></span> 
     </span>
     <span class='ocr_line' id='line_1_19' title="bbox 266 1125 966 1163; baseline -0.004 -5"><span class='ocrx_word' id='word_1_101' title='bbox 266 1128 401 1158; x_wconf 71' lang='lat' dir='ltr'><strong>tratribus</strong></span> <span class='ocrx_word' id='word_1_102' title='bbox 430 1128 490 1156; x_wconf 72' lang='lat' dir='ltr'><strong>tam</strong></span> <span class='ocrx_word' id='word_1_103' title='bbox 512 1126 714 1163; x_wconf 74' lang='lat' dir='ltr'><strong>praesentibus.</strong></span> <span class='ocrx_word' id='word_1_104' title='bbox 743 1132 823 1162; x_wconf 78' lang='lat' dir='ltr'><strong>qnam</strong></span> <span class='ocrx_word' id='word_1_105' title='bbox 851 1125 966 1159; x_wconf 79' lang='lat' dir='ltr'><strong>tuturis.</strong></span> 
     </span>
     <span class='ocr_line' id='line_1_20' title="bbox 265 1175 931 1215; baseline -0.006 -7"><span class='ocrx_word' id='word_1_106' title='bbox 265 1178 420 1215; x_wconf 68' lang='lat' dir='ltr'><strong>regularem</strong></span> <span class='ocrx_word' id='word_1_107' title='bbox 443 1177 530 1206; x_wconf 68' lang='lat' dir='ltr'><strong>vitam</strong></span> <span class='ocrx_word' id='word_1_108' title='bbox 551 1175 695 1213; x_wconf 75' lang='lat' dir='ltr'><strong>protessis.</strong></span> <span class='ocrx_word' id='word_1_109' title='bbox 715 1175 742 1204; x_wconf 89' lang='lat' dir='ltr'><strong>in</strong></span> <span class='ocrx_word' id='word_1_110' title='bbox 759 1177 931 1212; x_wconf 81' lang='lat' dir='ltr'><strong>perpetuum.</strong></span> 
     </span>
    </p>
   </div>
   <div class='ocr_carea' id='block_1_4' title="bbox 23 1241 966 2645">
    <p class='ocr_par' dir='ltr' id='par_1_4' title="bbox 23 1241 966 2094">
     <span class='ocr_line' id='line_1_21' title="bbox 271 1241 966 1290; baseline -0.004 -9"><span class='ocrx_word' id='word_1_111' title='bbox 271 1245 398 1288; x_wconf 87' lang='lat' dir='ltr'><strong>Quanto</strong></span> <span class='ocrx_word' id='word_1_112' title='bbox 417 1255 472 1290; x_wconf 92' lang='lat' dir='ltr'><strong>per</strong></span> <span class='ocrx_word' id='word_1_113' title='bbox 492 1242 681 1278; x_wconf 82' lang='lat' dir='ltr'><strong>infusionem</strong></span> <span class='ocrx_word' id='word_1_114' title='bbox 705 1241 809 1277; x_wconf 89' lang='lat' dir='ltr'><strong>Sancti</strong></span> <span class='ocrx_word' id='word_1_115' title='bbox 827 1241 966 1288; x_wconf 84' lang='lat' dir='ltr'><strong>Spiritus</strong></span> 
     </span>
     <span class='ocr_line' id='line_1_22' title="bbox 223 1290 966 1337; baseline -0.005 -6"><span class='ocrx_word' id='word_1_116' title='bbox 223 1294 366 1331; x_wconf 86' lang='lat' dir='ltr'><strong>coelestis</strong></span> <span class='ocrx_word' id='word_1_117' title='bbox 410 1292 525 1328; x_wconf 89' lang='lat' dir='ltr'><strong>subditi</strong></span> <span class='ocrx_word' id='word_1_118' title='bbox 563 1290 743 1337; x_wconf 83' lang='lat' dir='ltr'><strong>magisterio</strong></span> <span class='ocrx_word' id='word_1_119' title='bbox 781 1291 966 1337; x_wconf 88' lang='lat' dir='ltr'><strong>disciplinae</strong></span> 
     </span>
     <span class='ocr_line' id='line_1_23' title="bbox 222 1340 965 1389; baseline 0 -12"><span class='ocrx_word' id='word_1_120' title='bbox 222 1345 352 1380; x_wconf 79' lang='lat' dir='ltr'><strong>odorem</strong></span> <span class='ocrx_word' id='word_1_121' title='bbox 372 1341 531 1389; x_wconf 77' lang='lat' dir='ltr'><strong>religionis</strong></span> <span class='ocrx_word' id='word_1_122' title='bbox 553 1341 583 1376; x_wconf 91' lang='lat' dir='ltr'><strong>in</strong></span> <span class='ocrx_word' id='word_1_123' title='bbox 607 1349 708 1376; x_wconf 68' lang='lat' dir='ltr'><strong>vestro</strong></span> <span class='ocrx_word' id='word_1_124' title='bbox 729 1340 839 1376; x_wconf 88' lang='lat' dir='ltr'><strong>ordine</strong></span> <span class='ocrx_word' id='word_1_125' title='bbox 857 1341 965 1377; x_wconf 91' lang='lat' dir='ltr'><strong>hacte-</strong></span> 
     </span>
     <span class='ocr_line' id='line_1_24' title="bbox 222 1389 964 1437; baseline -0.004 -9"><span class='ocrx_word' id='word_1_126' title='bbox 222 1406 283 1428; x_wconf 86' lang='lat' dir='ltr'><strong>nus</strong></span> <span class='ocrx_word' id='word_1_127' title='bbox 299 1393 480 1428; x_wconf 83' lang='lat' dir='ltr'><strong>observatae</strong></span> <span class='ocrx_word' id='word_1_128' title='bbox 501 1391 594 1426; x_wconf 87' lang='lat' dir='ltr'><strong>latius</strong></span> <span class='ocrx_word' id='word_1_129' title='bbox 615 1389 823 1437; x_wconf 80' lang='lat' dir='ltr'><strong>expandistis,</strong></span> <span class='ocrx_word' id='word_1_130' title='bbox 848 1397 881 1424; x_wconf 92' lang='lat' dir='ltr'><strong>ut</strong></span> <span class='ocrx_word' id='word_1_131' title='bbox 907 1402 964 1425; x_wconf 83' lang='lat' dir='ltr'><strong>se-</strong></span> 
     </span>
     <span class='ocr_line' id='line_1_25' title="bbox 220 1439 963 1488; baseline -0.005 -9"><span class='ocrx_word' id='word_1_132' title='bbox 220 1441 358 1479; x_wconf 86' lang='lat' dir='ltr'><strong>cundum</strong></span> <span class='ocrx_word' id='word_1_133' title='bbox 384 1440 571 1488; x_wconf 82' lang='lat' dir='ltr'><strong>Apostolum</strong></span> <span class='ocrx_word' id='word_1_134' title='bbox 594 1439 788 1475; x_wconf 89' lang='lat' dir='ltr'><strong>conversatio</strong></span> <span class='ocrx_word' id='word_1_135' title='bbox 811 1447 909 1474; x_wconf 90' lang='lat' dir='ltr'><strong>vestra</strong></span> <span class='ocrx_word' id='word_1_136' title='bbox 924 1441 963 1475; x_wconf 90' lang='lat' dir='ltr'><strong>sit</strong></span> 
     </span>
     <span class='ocr_line' id='line_1_26' title="bbox 220 1489 963 1536; baseline -0.004 -10"><span class='ocrx_word' id='word_1_137' title='bbox 220 1492 303 1528; x_wconf 84' lang='lat' dir='ltr'><strong>vitae</strong></span> <span class='ocrx_word' id='word_1_138' title='bbox 336 1491 368 1526; x_wconf 91' lang='lat' dir='ltr'><strong>in</strong></span> <span class='ocrx_word' id='word_1_139' title='bbox 405 1490 513 1525; x_wconf 88' lang='lat' dir='ltr'><strong>vitam:</strong></span> <span class='ocrx_word' id='word_1_140' title='bbox 558 1497 642 1524; x_wconf 88' lang='lat' dir='ltr'><strong>tanto</strong></span> <span class='ocrx_word' id='word_1_141' title='bbox 676 1496 782 1524; x_wconf 88' lang='lat' dir='ltr'><strong>nostro</strong></span> <span class='ocrx_word' id='word_1_142' title='bbox 820 1489 963 1536; x_wconf 68' lang='lat' dir='ltr'><strong>imtqinet</strong></span> 
     </span>
     <span class='ocr_line' id='line_1_27' title="bbox 219 1537 963 1578; baseline -0.005 -1"><span class='ocrx_word' id='word_1_143' title='bbox 219 1540 322 1578; x_wconf 85' lang='lat' dir='ltr'><strong>officio</strong></span> <span class='ocrx_word' id='word_1_144' title='bbox 354 1539 516 1575; x_wconf 86' lang='lat' dir='ltr'><strong>sollicitius</strong></span> <span class='ocrx_word' id='word_1_145' title='bbox 554 1537 801 1577; x_wconf 86' lang='lat' dir='ltr'><strong>attendendum,</strong></span> <span class='ocrx_word' id='word_1_146' title='bbox 828 1551 867 1574; x_wconf 91' lang='lat' dir='ltr'><strong>ne</strong></span> <span class='ocrx_word' id='word_1_147' title='bbox 901 1539 963 1574; x_wconf 89' lang='lat' dir='ltr'><strong>ini-</strong></span> 
     </span>
     <span class='ocr_line' id='line_1_28' title="bbox 219 1588 962 1635; baseline -0.005 -8"><span class='ocrx_word' id='word_1_148' title='bbox 219 1591 320 1627; x_wconf 85' lang='lat' dir='ltr'><strong>micus</strong></span> <span class='ocrx_word' id='word_1_149' title='bbox 339 1589 467 1625; x_wconf 87' lang='lat' dir='ltr'><strong>humani</strong></span> <span class='ocrx_word' id='word_1_150' title='bbox 500 1588 638 1635; x_wconf 84' lang='lat' dir='ltr'><strong>generis,</strong></span> <span class='ocrx_word' id='word_1_151' title='bbox 671 1588 724 1635; x_wconf 89' lang='lat' dir='ltr'><strong>qui</strong></span> <span class='ocrx_word' id='word_1_152' title='bbox 748 1600 874 1634; x_wconf 82' lang='lat' dir='ltr'><strong>semper</strong></span> <span class='ocrx_word' id='word_1_153' title='bbox 899 1589 962 1623; x_wconf 84' lang='lat' dir='ltr'><strong>cir-</strong></span> 
     </span>
     <span class='ocr_line' id='line_1_29' title="bbox 218 1638 962 1687; baseline -0.005 -11"><span class='ocrx_word' id='word_1_154' title='bbox 218 1641 297 1681; x_wconf 86' lang='lat' dir='ltr'><strong>cuit,</strong></span> <span class='ocrx_word' id='word_1_155' title='bbox 319 1651 472 1687; x_wconf 88' lang='lat' dir='ltr'><strong>quaereus</strong></span> <span class='ocrx_word' id='word_1_156' title='bbox 493 1650 587 1686; x_wconf 85' lang='lat' dir='ltr'><strong>quem</strong></span> <span class='ocrx_word' id='word_1_157' title='bbox 609 1638 755 1679; x_wconf 88' lang='lat' dir='ltr'><strong>devoret,</strong></span> <span class='ocrx_word' id='word_1_158' title='bbox 789 1638 848 1685; x_wconf 91' lang='lat' dir='ltr'><strong>piis</strong></span> <span class='ocrx_word' id='word_1_159' title='bbox 874 1638 962 1673; x_wconf 83' lang='lat' dir='ltr'><strong>invi-</strong></span> 
     </span>
     <span class='ocr_line' id='line_1_30' title="bbox 218 1688 962 1735; baseline -0.004 -9"><span class='ocrx_word' id='word_1_160' title='bbox 218 1691 296 1726; x_wconf 86' lang='lat' dir='ltr'><strong>dens</strong></span> <span class='ocrx_word' id='word_1_161' title='bbox 320 1688 433 1725; x_wconf 89' lang='lat' dir='ltr'><strong>studiis</strong></span> <span class='ocrx_word' id='word_1_162' title='bbox 453 1688 674 1734; x_wconf 83' lang='lat' dir='ltr'><strong>perfectorum,</strong></span> <span class='ocrx_word' id='word_1_163' title='bbox 702 1699 757 1735; x_wconf 91' lang='lat' dir='ltr'><strong>per</strong></span> <span class='ocrx_word' id='word_1_164' title='bbox 783 1700 858 1723; x_wconf 87' lang='lat' dir='ltr'><strong>suae</strong></span> <span class='ocrx_word' id='word_1_165' title='bbox 880 1688 962 1723; x_wconf 89' lang='lat' dir='ltr'><strong>calli-</strong></span> 
     </span>
     <span class='ocr_line' id='line_1_31' title="bbox 218 1738 961 1777; baseline -0.001 -2"><span class='ocrx_word' id='word_1_166' title='bbox 218 1738 323 1775; x_wconf 85' lang='lat' dir='ltr'><strong>ditatis</strong></span> <span class='ocrx_word' id='word_1_167' title='bbox 353 1738 499 1774; x_wconf 83' lang='lat' dir='ltr'><strong>astutiam</strong></span> <span class='ocrx_word' id='word_1_168' title='bbox 535 1738 686 1773; x_wconf 87' lang='lat' dir='ltr'><strong>adversus</strong></span> <span class='ocrx_word' id='word_1_169' title='bbox 712 1750 785 1777; x_wconf 80' lang='lat' dir='ltr'><strong>vos,</strong></span> <span class='ocrx_word' id='word_1_170' title='bbox 825 1738 961 1774; x_wconf 90' lang='lat' dir='ltr'><strong>Domino</strong></span> 
     </span>
     <span class='ocr_line' id='line_1_32' title="bbox 219 1787 961 1836; baseline -0.003 -12"><span class='ocrx_word' id='word_1_171' title='bbox 219 1789 392 1830; x_wconf 83' lang='lat' dir='ltr'><strong>resistente,</strong></span> <span class='ocrx_word' id='word_1_172' title='bbox 413 1787 598 1836; x_wconf 72' lang='lat' dir='ltr'><strong>praevaleat,</strong></span> <span class='ocrx_word' id='word_1_173' title='bbox 629 1796 659 1822; x_wconf 87' lang='lat' dir='ltr'><strong>et</strong></span> <span class='ocrx_word' id='word_1_174' title='bbox 687 1788 881 1834; x_wconf 88' lang='lat' dir='ltr'><strong>propositum</strong></span> <span class='ocrx_word' id='word_1_175' title='bbox 911 1801 961 1823; x_wconf 91' lang='lat' dir='ltr'><strong>re-</strong></span> 
     </span>
     <span class='ocr_line' id='line_1_33' title="bbox 218 1837 961 1885; baseline -0.001 -12"><span class='ocrx_word' id='word_1_176' title='bbox 218 1837 346 1885; x_wconf 76' lang='lat' dir='ltr'><strong>ligionis</strong></span> <span class='ocrx_word' id='word_1_177' title='bbox 368 1846 399 1874; x_wconf 86' lang='lat' dir='ltr'><strong>et</strong></span> <span class='ocrx_word' id='word_1_178' title='bbox 424 1837 563 1878; x_wconf 84' lang='lat' dir='ltr'><strong>ordinis,</strong></span> <span class='ocrx_word' id='word_1_179' title='bbox 590 1837 650 1872; x_wconf 89' lang='lat' dir='ltr'><strong>sub</strong></span> <span class='ocrx_word' id='word_1_180' title='bbox 676 1849 738 1884; x_wconf 92' lang='lat' dir='ltr'><strong>quo</strong></span> <span class='ocrx_word' id='word_1_181' title='bbox 764 1837 961 1873; x_wconf 84' lang='lat' dir='ltr'><strong>laudabiliter</strong></span> 
     </span>
     <span class='ocr_line' id='line_1_34' title="bbox 220 1886 961 1934; baseline 0 -11"><span class='ocrx_word' id='word_1_182' title='bbox 220 1887 373 1925; x_wconf 85' lang='lat' dir='ltr'><strong>militatis,</strong></span> <span class='ocrx_word' id='word_1_183' title='bbox 404 1886 555 1922; x_wconf 87' lang='lat' dir='ltr'><strong>virulenta</strong></span> <span class='ocrx_word' id='word_1_184' title='bbox 588 1887 790 1934; x_wconf 73' lang='lat' dir='ltr'><strong>suggestione</strong></span> <span class='ocrx_word' id='word_1_185' title='bbox 818 1887 961 1923; x_wconf 87' lang='lat' dir='ltr'><strong>immutet</strong></span> 
     </span>
     <span class='ocr_line' id='line_1_35' title="bbox 42 1936 960 1994; baseline -0.001 -21"><span class='ocrx_word' id='word_1_186' title='bbox 42 1972 158 1994; x_wconf 50' lang='lat' dir='ltr'><strong>&#39;omna</strong></span> <span class='ocrx_word' id='word_1_187' title='bbox 173 1972 207 1993; x_wconf 74' lang='lat' dir='ltr'><strong>‹n-</strong></span> <span class='ocrx_word' id='word_1_188' title='bbox 221 1937 428 1985; x_wconf 84' lang='lat' dir='ltr'><strong>aliquatenus,</strong></span> <span class='ocrx_word' id='word_1_189' title='bbox 449 1936 497 1972; x_wconf 88' lang='lat' dir='ltr'><strong>vel</strong></span> <span class='ocrx_word' id='word_1_190' title='bbox 520 1936 691 1984; x_wconf 88' lang='lat' dir='ltr'><strong>perturbet,</strong></span> <span class='ocrx_word' id='word_1_191' title='bbox 722 1937 752 1972; x_wconf 92' lang='lat' dir='ltr'><strong>in</strong></span> <span class='ocrx_word' id='word_1_192' title='bbox 782 1936 870 1972; x_wconf 89' lang='lat' dir='ltr'><strong>vobis</strong></span> <span class='ocrx_word' id='word_1_193' title='bbox 898 1938 960 1972; x_wconf 87' lang='lat' dir='ltr'><strong>fra-</strong></span> 
     </span>
     <span class='ocr_line' id='line_1_36' title="bbox 26 1986 961 2034; baseline -0.005 -8"><span class='ocrx_word' id='word_1_194' title='bbox 26 2001 206 2033; x_wconf 59' lang='lat' dir='ltr'><strong>neptia-inom-</strong></span> <span class='ocrx_word' id='word_1_195' title='bbox 221 1994 327 2022; x_wconf 85' lang='lat' dir='ltr'><strong>ternae</strong></span> <span class='ocrx_word' id='word_1_196' title='bbox 353 1986 439 2034; x_wconf 84' lang='lat' dir='ltr'><strong>pacis</strong></span> <span class='ocrx_word' id='word_1_197' title='bbox 467 1986 595 2033; x_wconf 79' lang='lat' dir='ltr'><strong>gratiam</strong></span> <span class='ocrx_word' id='word_1_198' title='bbox 622 1986 778 2022; x_wconf 83' lang='lat' dir='ltr'><strong>violando.</strong></span> <span class='ocrx_word' id='word_1_199' title='bbox 814 1986 890 2022; x_wconf 89' lang='lat' dir='ltr'><strong>Inde</strong></span> <span class='ocrx_word' id='word_1_200' title='bbox 917 1988 961 2022; x_wconf 87' lang='lat' dir='ltr'><strong>si-</strong></span> 
     </span>
     <span class='ocr_line' id='line_1_37' title="bbox 23 2035 962 2094; baseline -0.001 -22"><span class='ocrx_word' id='word_1_201' title='bbox 23 2036 205 2094; x_wconf 52' lang='grc' dir='ltr'><strong>ξξῖξζὲθω·</strong></span> <span class='ocrx_word' id='word_1_202' title='bbox 220 2035 346 2084; x_wconf 87' lang='lat' dir='ltr'><strong>quidem</strong></span> <span class='ocrx_word' id='word_1_203' title='bbox 368 2043 426 2079; x_wconf 89' lang='lat' dir='ltr'><strong>est,</strong></span> <span class='ocrx_word' id='word_1_204' title='bbox 451 2035 535 2082; x_wconf 88' lang='lat' dir='ltr'><strong>quod</strong></span> <span class='ocrx_word' id='word_1_205' title='bbox 561 2049 633 2071; x_wconf 90' lang='lat' dir='ltr'><strong>cum</strong></span> <span class='ocrx_word' id='word_1_206' title='bbox 648 2036 728 2072; x_wconf 90' lang='lat' dir='ltr'><strong>inter</strong></span> <span class='ocrx_word' id='word_1_207' title='bbox 749 2049 814 2080; x_wconf 88' lang='lat' dir='ltr'><strong>vos,</strong></span> <span class='ocrx_word' id='word_1_208' title='bbox 836 2037 962 2082; x_wconf 86' lang='lat' dir='ltr'><strong>permit-</strong></span> 
     </span>
    </p>

    <p class='ocr_par' dir='ltr' id='par_1_5' title="bbox 64 2084 959 2133">
     <span class='ocr_line' id='line_1_38' title="bbox 64 2084 959 2133; baseline 0.002 -13"><span class='ocrx_word' id='word_1_209' title='bbox 64 2087 68 2090; x_wconf 88' lang='grc'><strong>’</strong></span> <span class='ocrx_word' id='word_1_210' title='bbox 221 2093 305 2121; x_wconf 90' lang='lat' dir='ltr'><strong>tente</strong></span> <span class='ocrx_word' id='word_1_211' title='bbox 325 2084 412 2133; x_wconf 85' lang='lat' dir='ltr'><strong>ipso,</strong></span> <span class='ocrx_word' id='word_1_212' title='bbox 445 2084 499 2132; x_wconf 89' lang='lat' dir='ltr'><strong>qui</strong></span> <span class='ocrx_word' id='word_1_213' title='bbox 532 2084 640 2120; x_wconf 84' lang='lat' dir='ltr'><strong>fideles</strong></span> <span class='ocrx_word' id='word_1_214' title='bbox 668 2098 741 2121; x_wconf 87' lang='lat' dir='ltr'><strong>suos</strong></span> <span class='ocrx_word' id='word_1_215' title='bbox 765 2086 874 2125; x_wconf 89' lang='lat' dir='ltr'><strong>tentari</strong></span> <span class='ocrx_word' id='word_1_216' title='bbox 898 2099 959 2122; x_wconf 85' lang='lat' dir='ltr'><strong>non</strong></span> 
     </span>
    </p>

    <p class='ocr_par' dir='ltr' id='par_1_6' title="bbox 221 2133 960 2184">
     <span class='ocr_line' id='line_1_39' title="bbox 221 2133 960 2184; baseline 0.003 -15"><span class='ocrx_word' id='word_1_217' title='bbox 221 2135 336 2182; x_wconf 73' lang='lat' dir='ltr'><strong>patitur</strong></span> <span class='ocrx_word' id='word_1_218' title='bbox 369 2145 463 2181; x_wconf 88' lang='lat' dir='ltr'><strong>supra</strong></span> <span class='ocrx_word' id='word_1_219' title='bbox 489 2133 521 2168; x_wconf 88' lang='lat' dir='ltr'><strong>id</strong></span> <span class='ocrx_word' id='word_1_220' title='bbox 547 2135 630 2181; x_wconf 87' lang='lat' dir='ltr'><strong>quod</strong></span> <span class='ocrx_word' id='word_1_221' title='bbox 664 2144 787 2183; x_wconf 88' lang='lat' dir='ltr'><strong>portare</strong></span> <span class='ocrx_word' id='word_1_222' title='bbox 817 2136 960 2184; x_wconf 84' lang='lat' dir='ltr'><strong>possint,</strong></span> 
     </span>
    </p>

    <p class='ocr_par' dir='ltr' id='par_1_7' title="bbox 24 2183 961 2645">
     <span class='ocr_line' id='line_1_40' title="bbox 219 2183 959 2226; baseline -0.001 -5"><span class='ocrx_word' id='word_1_223' title='bbox 219 2184 421 2221; x_wconf 81' lang='lat' dir='ltr'><strong>seminarium</strong></span> <span class='ocrx_word' id='word_1_224' title='bbox 463 2183 600 2219; x_wconf 81' lang='lat' dir='ltr'><strong>scandali</strong></span> <span class='ocrx_word' id='word_1_225' title='bbox 643 2185 806 2221; x_wconf 79' lang='lat' dir='ltr'><strong>subortum</strong></span> <span class='ocrx_word' id='word_1_226' title='bbox 848 2186 959 2226; x_wconf 78' lang='lat' dir='ltr'><strong>fuerit,</strong></span> 
     </span>
     <span class='ocr_line' id='line_1_41' title="bbox 38 2232 959 2294; baseline -0.001 -23"><span class='ocrx_word' id='word_1_227' title='bbox 38 2234 303 2294; x_wconf 41' lang='lat' dir='ltr'><strong>”mnam—quod</strong></span> <span class='ocrx_word' id='word_1_228' title='bbox 338 2232 551 2269; x_wconf 84' lang='lat' dir='ltr'><strong>sollicitudine</strong></span> <span class='ocrx_word' id='word_1_229' title='bbox 581 2233 784 2280; x_wconf 89' lang='lat' dir='ltr'><strong>plurimorum</strong></span> <span class='ocrx_word' id='word_1_230' title='bbox 820 2235 959 2271; x_wconf 85' lang='lat' dir='ltr'><strong>adbibita</strong></span> 
     </span>
     <span class='ocr_line' id='line_1_42' title="bbox 24 2281 959 2330; baseline -0.001 -10"><span class='ocrx_word' id='word_1_231' title='bbox 24 2303 98 2325; x_wconf 64' lang='lat' dir='ltr'><strong>mm„</strong></span> <span class='ocrx_word' id='word_1_232' title='bbox 126 2306 206 2330; x_wconf 51' lang='lat' dir='ltr'><strong>nm.</strong></span> <span class='ocrx_word' id='word_1_233' title='bbox 219 2284 373 2320; x_wconf 84' lang='lat' dir='ltr'><strong>hactenus</strong></span> <span class='ocrx_word' id='word_1_234' title='bbox 405 2281 507 2318; x_wconf 82' lang='lat' dir='ltr'><strong>sedari</strong></span> <span class='ocrx_word' id='word_1_235' title='bbox 534 2283 722 2330; x_wconf 83' lang='lat' dir='ltr'><strong>nequiverit:</strong></span> <span class='ocrx_word' id='word_1_236' title='bbox 756 2285 794 2320; x_wconf 93' lang='lat' dir='ltr'><strong>ad</strong></span> <span class='ocrx_word' id='word_1_237' title='bbox 823 2292 959 2320; x_wconf 89' lang='lat' dir='ltr'><strong>nostram</strong></span> 
     </span>
     <span class='ocr_line' id='line_1_43' title="bbox 24 2331 961 2381; baseline 0 -12"><span class='ocrx_word' id='word_1_238' title='bbox 24 2335 66 2358; x_wconf 70' lang='lat'><strong>&#39;‘0-</strong></span> <span class='ocrx_word' id='word_1_239' title='bbox 220 2332 427 2381; x_wconf 85' lang='lat' dir='ltr'><strong>praesentiam</strong></span> <span class='ocrx_word' id='word_1_240' title='bbox 448 2331 576 2379; x_wconf 90' lang='lat' dir='ltr'><strong>quidam</strong></span> <span class='ocrx_word' id='word_1_241' title='bbox 594 2343 631 2367; x_wconf 84' lang='lat' dir='ltr'><strong>ex</strong></span> <span class='ocrx_word' id='word_1_242' title='bbox 651 2341 781 2380; x_wconf 82' lang='lat' dir='ltr'><strong>utraque</strong></span> <span class='ocrx_word' id='word_1_243' title='bbox 803 2342 889 2379; x_wconf 85' lang='lat' dir='ltr'><strong>parte</strong></span> <span class='ocrx_word' id='word_1_244' title='bbox 905 2335 961 2369; x_wconf 87' lang='lat' dir='ltr'><strong>fra-</strong></span> 
     </span>
     <span class='ocr_line' id='line_1_44' title="bbox 220 2381 961 2429; baseline 0.003 -12"><span class='ocrx_word' id='word_1_245' title='bbox 220 2391 303 2419; x_wconf 87' lang='lat' dir='ltr'><strong>trum</strong></span> <span class='ocrx_word' id='word_1_246' title='bbox 322 2381 511 2429; x_wconf 80' lang='lat' dir='ltr'><strong>litigantium</strong></span> <span class='ocrx_word' id='word_1_247' title='bbox 534 2390 730 2417; x_wconf 89' lang='lat' dir='ltr'><strong>accesserunt</strong></span> <span class='ocrx_word' id='word_1_248' title='bbox 744 2395 848 2419; x_wconf 88' lang='lat' dir='ltr'><strong>coram</strong></span> <span class='ocrx_word' id='word_1_249' title='bbox 871 2383 961 2419; x_wconf 89' lang='lat' dir='ltr'><strong>nobis</strong></span> 
     </span>
     <span class='ocr_line' id='line_1_45' title="bbox 219 2435 960 2483; baseline -0.001 -10"><span class='ocrx_word' id='word_1_250' title='bbox 219 2444 251 2473; x_wconf 90' lang='lat' dir='ltr'><strong>et</strong></span> <span class='ocrx_word' id='word_1_251' title='bbox 274 2436 420 2473; x_wconf 85' lang='lat' dir='ltr'><strong>fratribus</strong></span> <span class='ocrx_word' id='word_1_252' title='bbox 447 2435 572 2479; x_wconf 90' lang='lat' dir='ltr'><strong>nostris,</strong></span> <span class='ocrx_word' id='word_1_253' title='bbox 598 2435 732 2483; x_wconf 91' lang='lat' dir='ltr'><strong>plurima</strong></span> <span class='ocrx_word' id='word_1_254' title='bbox 765 2436 804 2472; x_wconf 89' lang='lat' dir='ltr'><strong>de</strong></span> <span class='ocrx_word' id='word_1_255' title='bbox 835 2437 960 2473; x_wconf 88' lang='lat' dir='ltr'><strong>institu-</strong></span> 
     </span>
     <span class='ocr_line' id='line_1_46' title="bbox 219 2488 961 2530; baseline -0.003 -3"><span class='ocrx_word' id='word_1_256' title='bbox 219 2491 306 2528; x_wconf 87' lang='lat' dir='ltr'><strong>tione</strong></span> <span class='ocrx_word' id='word_1_257' title='bbox 331 2490 424 2526; x_wconf 84' lang='lat' dir='ltr'><strong>vestri</strong></span> <span class='ocrx_word' id='word_1_258' title='bbox 458 2488 587 2530; x_wconf 77' lang='lat' dir='ltr'><strong>ordinis,</strong></span> <span class='ocrx_word' id='word_1_259' title='bbox 610 2496 639 2524; x_wconf 88' lang='lat' dir='ltr'><strong>et</strong></span> <span class='ocrx_word' id='word_1_260' title='bbox 669 2488 763 2524; x_wconf 85' lang='lat' dir='ltr'><strong>illatis</strong></span> <span class='ocrx_word' id='word_1_261' title='bbox 789 2489 864 2525; x_wconf 90' lang='lat' dir='ltr'><strong>hinc</strong></span> <span class='ocrx_word' id='word_1_262' title='bbox 889 2490 961 2525; x_wconf 83' lang='lat' dir='ltr'><strong>inde</strong></span> 
     </span>
     <span class='ocr_line' id='line_1_47' title="bbox 219 2541 960 2593; baseline -0.004 -12"><span class='ocrx_word' id='word_1_263' title='bbox 219 2544 354 2590; x_wconf 86' lang='lat' dir='ltr'><strong>iniuriis,</strong></span> <span class='ocrx_word' id='word_1_264' title='bbox 388 2553 609 2593; x_wconf 86' lang='lat' dir='ltr'><strong>proponentes.</strong></span> <span class='ocrx_word' id='word_1_265' title='bbox 644 2541 709 2579; x_wconf 86' lang='lat' dir='ltr'><strong>Nos</strong></span> <span class='ocrx_word' id='word_1_266' title='bbox 730 2555 814 2585; x_wconf 84' lang='lat' dir='ltr'><strong>vero,</strong></span> <span class='ocrx_word' id='word_1_267' title='bbox 845 2542 960 2579; x_wconf 90' lang='lat' dir='ltr'><strong>auditis</strong></span> 
     </span>
     <span class='ocr_line' id='line_1_48' title="bbox 219 2597 960 2645; baseline -0.003 -11"><span class='ocrx_word' id='word_1_268' title='bbox 219 2597 366 2634; x_wconf 87' lang='lat' dir='ltr'><strong>omnibus</strong></span> <span class='ocrx_word' id='word_1_269' title='bbox 386 2597 552 2645; x_wconf 84' lang='lat' dir='ltr'><strong>diligenter</strong></span> <span class='ocrx_word' id='word_1_270' title='bbox 572 2609 652 2645; x_wconf 83' lang='lat' dir='ltr'><strong>quae</strong></span> <span class='ocrx_word' id='word_1_271' title='bbox 673 2597 705 2632; x_wconf 89' lang='lat' dir='ltr'><strong>in</strong></span> <span class='ocrx_word' id='word_1_272' title='bbox 727 2605 833 2633; x_wconf 90' lang='lat' dir='ltr'><strong>nostro</strong></span> <span class='ocrx_word' id='word_1_273' title='bbox 854 2597 960 2633; x_wconf 87' lang='lat' dir='ltr'><strong>duxe-</strong></span> 
     </span>
    </p>
   </div>
   <div class='ocr_carea' id='block_1_5' title="bbox 220 2649 961 2701">
    <p class='ocr_par' dir='ltr' id='par_1_8' title="bbox 220 2649 961 2701">
     <span class='ocr_line' id='line_1_49' title="bbox 220 2649 961 2701; baseline 0 -14"><span class='ocrx_word' id='word_1_274' title='bbox 220 2658 293 2688; x_wconf 84' lang='lat' dir='ltr'><strong>runt</strong></span> <span class='ocrx_word' id='word_1_275' title='bbox 312 2650 467 2688; x_wconf 83' lang='lat' dir='ltr'><strong>auditorio</strong></span> <span class='ocrx_word' id='word_1_276' title='bbox 493 2649 707 2701; x_wconf 82' lang='lat' dir='ltr'><strong>proponenda,</strong></span> <span class='ocrx_word' id='word_1_277' title='bbox 733 2658 767 2686; x_wconf 87' lang='lat' dir='ltr'><strong>nt</strong></span> <span class='ocrx_word' id='word_1_278' title='bbox 788 2650 826 2687; x_wconf 91' lang='lat' dir='ltr'><strong>de</strong></span> <span class='ocrx_word' id='word_1_279' title='bbox 840 2659 961 2688; x_wconf 88' lang='lat' dir='ltr'><strong>caetero</strong></span> 
     </span>
    </p>
   </div>
   <div class='ocr_carea' id='block_1_6' title="bbox 59 1281 167 1305">
    <p class='ocr_par' dir='ltr' id='par_1_9' title="bbox 59 1281 167 1305">
     <span class='ocr_line' id='line_1_50' title="bbox 59 1281 167 1305; baseline -0.019 0"><span class='ocrx_word' id='word_1_280' title='bbox 59 1281 167 1305; x_wconf 72' lang='lat' dir='ltr'><strong>Exordium</strong></span> 
     </span>
    </p>
   </div>
   <div class='ocr_carea' id='block_1_7' title="bbox 849 260 1123 286">
    <p class='ocr_par' dir='ltr' id='par_1_10' title="bbox 849 260 1123 286">
     <span class='ocr_line' id='line_1_51' title="bbox 849 260 1123 286; baseline -0.007 -1"><span class='ocrx_word' id='word_1_281' title='bbox 849 260 993 285; x_wconf 61' lang='lat' dir='ltr'><strong>nunnus</strong></span> <span class='ocrx_word' id='word_1_282' title='bbox 1014 261 1051 285; x_wconf 86' lang='lat' dir='ltr'><strong>nt</strong></span> <span class='ocrx_word' id='word_1_283' title='bbox 1074 261 1123 286; x_wconf 73' lang='lat' dir='ltr'><strong>Pt’.</strong></span> 
     </span>
    </p>
   </div>
   <div class='ocr_carea' id='block_1_8' title="bbox 1666 255 1714 288">
    <p class='ocr_par' dir='ltr' id='par_1_11' title="bbox 1666 255 1714 288">
     <span class='ocr_line' id='line_1_52' title="bbox 1666 255 1714 288; baseline 0.021 -1"><span class='ocrx_word' id='word_1_284' title='bbox 1666 255 1714 288; x_wconf 76' lang='lat'><strong>45</strong></span> 
     </span>
    </p>
   </div>
   <div class='ocr_carea' id='block_1_9' title="bbox 999 316 1951 2645">
    <p class='ocr_par' dir='ltr' id='par_1_12' title="bbox 1014 316 1759 406">
     <span class='ocr_line' id='line_1_53' title="bbox 1015 316 1759 355; baseline 0.007 -5"><span class='ocrx_word' id='word_1_285' title='bbox 1015 316 1140 352; x_wconf 90' lang='lat' dir='ltr'><strong>inimico</strong></span> <span class='ocrx_word' id='word_1_286' title='bbox 1164 317 1311 352; x_wconf 88' lang='lat' dir='ltr'><strong>virtutum</strong></span> <span class='ocrx_word' id='word_1_287' title='bbox 1334 317 1473 353; x_wconf 89' lang='lat' dir='ltr'><strong>omnium</strong></span> <span class='ocrx_word' id='word_1_288' title='bbox 1496 318 1630 353; x_wconf 88' lang='lat' dir='ltr'><strong>nocendi</strong></span> <span class='ocrx_word' id='word_1_289' title='bbox 1657 318 1759 355; x_wconf 88' lang='lat' dir='ltr'><strong>aditus</strong></span> 
     </span>
     <span class='ocr_line' id='line_1_54' title="bbox 1014 365 1758 406; baseline 0.004 -5"><span class='ocrx_word' id='word_1_290' title='bbox 1014 365 1222 406; x_wconf 75' lang='lat' dir='ltr'><strong>clauderetur,</strong></span> <span class='ocrx_word' id='word_1_291' title='bbox 1239 374 1270 401; x_wconf 89' lang='lat' dir='ltr'><strong>et</strong></span> <span class='ocrx_word' id='word_1_292' title='bbox 1292 367 1323 401; x_wconf 91' lang='lat' dir='ltr'><strong>in</strong></span> <span class='ocrx_word' id='word_1_293' title='bbox 1345 366 1455 403; x_wconf 89' lang='lat' dir='ltr'><strong>ordine</strong></span> <span class='ocrx_word' id='word_1_294' title='bbox 1482 374 1583 403; x_wconf 87' lang='lat' dir='ltr'><strong>vestro</strong></span> <span class='ocrx_word' id='word_1_295' title='bbox 1606 367 1758 405; x_wconf 82' lang='lat' dir='ltr'><strong>fraternae</strong></span> 
     </span>
    </p>

    <p class='ocr_par' dir='ltr' id='par_1_13' title="bbox 1014 415 1757 464">
     <span class='ocr_line' id='line_1_55' title="bbox 1014 415 1757 464; baseline 0.003 -13"><span class='ocrx_word' id='word_1_296' title='bbox 1014 416 1099 462; x_wconf 85' lang='lat' dir='ltr'><strong>pacis</strong></span> <span class='ocrx_word' id='word_1_297' title='bbox 1125 415 1323 452; x_wconf 86' lang='lat' dir='ltr'><strong>concordiam</strong></span> <span class='ocrx_word' id='word_1_298' title='bbox 1351 424 1411 451; x_wconf 89' lang='lat' dir='ltr'><strong>tam</strong></span> <span class='ocrx_word' id='word_1_299' title='bbox 1439 416 1527 453; x_wconf 88' lang='lat' dir='ltr'><strong>facile</strong></span> <span class='ocrx_word' id='word_1_300' title='bbox 1545 417 1643 464; x_wconf 85' lang='lat' dir='ltr'><strong>ipsius</strong></span> <span class='ocrx_word' id='word_1_301' title='bbox 1665 418 1757 454; x_wconf 88' lang='lat' dir='ltr'><strong>calli-</strong></span> 
     </span>
    </p>

    <p class='ocr_par' dir='ltr' id='par_1_14' title="bbox 1012 464 1757 611">
     <span class='ocr_line' id='line_1_56' title="bbox 1012 464 1756 515; baseline 0.004 -15"><span class='ocrx_word' id='word_1_302' title='bbox 1012 464 1093 500; x_wconf 89' lang='lat' dir='ltr'><strong>ditas</strong></span> <span class='ocrx_word' id='word_1_303' title='bbox 1116 477 1177 501; x_wconf 91' lang='lat' dir='ltr'><strong>non</strong></span> <span class='ocrx_word' id='word_1_304' title='bbox 1200 466 1354 509; x_wconf 76' lang='lat' dir='ltr'><strong>turbaret&#39;,</strong></span> <span class='ocrx_word' id='word_1_305' title='bbox 1385 466 1415 500; x_wconf 87' lang='lat' dir='ltr'><strong>in</strong></span> <span class='ocrx_word' id='word_1_306' title='bbox 1438 466 1485 501; x_wconf 87' lang='lat' dir='ltr'><strong>his</strong></span> <span class='ocrx_word' id='word_1_307' title='bbox 1507 478 1588 514; x_wconf 85' lang='lat' dir='ltr'><strong>quae</strong></span> <span class='ocrx_word' id='word_1_308' title='bbox 1607 479 1756 515; x_wconf 83' lang='lat' dir='ltr'><strong>generare</strong></span> 
     </span>
     <span class='ocr_line' id='line_1_57' title="bbox 1015 515 1756 562; baseline 0.005 -14"><span class='ocrx_word' id='word_1_309' title='bbox 1015 515 1200 551; x_wconf 89' lang='lat' dir='ltr'><strong>videbantur</strong></span> <span class='ocrx_word' id='word_1_310' title='bbox 1223 516 1381 551; x_wconf 85' lang='lat' dir='ltr'><strong>materiam</strong></span> <span class='ocrx_word' id='word_1_311' title='bbox 1404 516 1596 562; x_wconf 86' lang='lat' dir='ltr'><strong>iurgiorum,</strong></span> <span class='ocrx_word' id='word_1_312' title='bbox 1630 529 1756 553; x_wconf 89' lang='lat' dir='ltr'><strong>manum</strong></span> 
     </span>
     <span class='ocr_line' id='line_1_58' title="bbox 1012 564 1757 611; baseline 0 -10"><span class='ocrx_word' id='word_1_313' title='bbox 1012 565 1216 601; x_wconf 88' lang='lat' dir='ltr'><strong>correctionis</strong></span> <span class='ocrx_word' id='word_1_314' title='bbox 1248 565 1435 611; x_wconf 88' lang='lat' dir='ltr'><strong>apostolicae</strong></span> <span class='ocrx_word' id='word_1_315' title='bbox 1462 565 1500 600; x_wconf 88' lang='lat' dir='ltr'><strong>de</strong></span> <span class='ocrx_word' id='word_1_316' title='bbox 1531 564 1659 601; x_wconf 86' lang='lat' dir='ltr'><strong>fratrum</strong></span> <span class='ocrx_word' id='word_1_317' title='bbox 1693 579 1757 601; x_wconf 88' lang='lat' dir='ltr'><strong>no-</strong></span> 
     </span>
    </p>

    <p class='ocr_par' dir='ltr' id='par_1_15' title="bbox 1011 614 1754 662">
     <span class='ocr_line' id='line_1_59' title="bbox 1011 614 1754 662; baseline 0.001 -12"><span class='ocrx_word' id='word_1_318' title='bbox 1011 623 1146 651; x_wconf 89' lang='lat' dir='ltr'><strong>strorum</strong></span> <span class='ocrx_word' id='word_1_319' title='bbox 1178 614 1308 650; x_wconf 87' lang='lat' dir='ltr'><strong>consilio</strong></span> <span class='ocrx_word' id='word_1_320' title='bbox 1342 615 1490 650; x_wconf 77' lang='lat' dir='ltr'><strong>duximus</strong></span> <span class='ocrx_word' id='word_1_321' title='bbox 1524 616 1754 662; x_wconf 86' lang='lat' dir='ltr'><strong>apponendam.</strong></span> 
     </span>
    </p>

    <p class='ocr_par' dir='ltr' id='par_1_16' title="bbox 1002 664 1951 1654">
     <span class='ocr_line' id='line_1_60' title="bbox 1012 664 1950 712; baseline -0.002 -13"><span class='ocrx_word' id='word_1_322' title='bbox 1012 664 1044 699; x_wconf 88' lang='lat' dir='ltr'><strong>ln</strong></span> <span class='ocrx_word' id='word_1_323' title='bbox 1078 666 1185 712; x_wconf 89' lang='lat' dir='ltr'><strong>primis</strong></span> <span class='ocrx_word' id='word_1_324' title='bbox 1223 664 1379 711; x_wconf 87' lang='lat' dir='ltr'><strong>siquidem</strong></span> <span class='ocrx_word' id='word_1_325' title='bbox 1418 673 1588 699; x_wconf 84' lang='lat' dir='ltr'><strong>statuentes</strong></span> <span class='ocrx_word' id='word_1_326' title='bbox 1624 673 1657 699; x_wconf 90' lang='lat' dir='ltr'><strong>ut</strong></span> <span class='ocrx_word' id='word_1_327' title='bbox 1682 667 1755 712; x_wconf 87' lang='lat' dir='ltr'><strong>qui,</strong></span> <span class='ocrx_word' id='word_1_328' title='bbox 1782 675 1906 698; x_wconf 52' lang='lat' dir='ltr'><strong>obeamus</strong></span> <span class='ocrx_word' id='word_1_329' title='bbox 1942 684 1950 697; x_wconf 83' lang='grc'><strong>.</strong></span> 
     </span>
     <span class='ocr_line' id='line_1_61' title="bbox 1012 709 1951 766; baseline 0.001 -18"><span class='ocrx_word' id='word_1_330' title='bbox 1012 715 1119 750; x_wconf 83' lang='lat' dir='ltr'><strong>relicto</strong></span> <span class='ocrx_word' id='word_1_331' title='bbox 1141 713 1275 753; x_wconf 75' lang='lat' dir='ltr'><strong>saeculo,</strong></span> <span class='ocrx_word' id='word_1_332' title='bbox 1298 714 1335 749; x_wconf 90' lang='lat' dir='ltr'><strong>ad</strong></span> <span class='ocrx_word' id='word_1_333' title='bbox 1359 713 1501 749; x_wconf 78' lang='lat' dir='ltr'><strong>ordinem</strong></span> <span class='ocrx_word' id='word_1_334' title='bbox 1527 722 1663 749; x_wconf 87' lang='lat' dir='ltr'><strong>vestrum</strong></span> <span class='ocrx_word' id='word_1_335' title='bbox 1680 727 1756 749; x_wconf 87' lang='lat' dir='ltr'><strong>cou-</strong></span> <span class='ocrx_word' id='word_1_336' title='bbox 1770 709 1951 766; x_wconf 54' lang='grc' dir='ltr'><strong>ξ’,ζξῇῗ“οξζ“ο“</strong></span> 
     </span>
     <span class='ocr_line' id='line_1_62' title="bbox 1011 763 1756 811; baseline 0.001 -13"><span class='ocrx_word' id='word_1_337' title='bbox 1011 764 1144 811; x_wconf 85' lang='lat' dir='ltr'><strong>fugiunt,</strong></span> <span class='ocrx_word' id='word_1_338' title='bbox 1168 764 1261 811; x_wconf 85' lang='lat' dir='ltr'><strong>priori</strong></span> <span class='ocrx_word' id='word_1_339' title='bbox 1285 764 1338 811; x_wconf 89' lang='lat' dir='ltr'><strong>qui</strong></span> <span class='ocrx_word' id='word_1_340' title='bbox 1367 775 1422 809; x_wconf 91' lang='lat' dir='ltr'><strong>pro</strong></span> <span class='ocrx_word' id='word_1_341' title='bbox 1445 771 1586 810; x_wconf 86' lang='lat' dir='ltr'><strong>tempore</strong></span> <span class='ocrx_word' id='word_1_342' title='bbox 1608 763 1711 807; x_wconf 83' lang='lat' dir='ltr'><strong>fuerit,</strong></span> <span class='ocrx_word' id='word_1_343' title='bbox 1727 774 1756 799; x_wconf 74' lang='lat' dir='ltr'><strong>vt</strong></span> 
     </span>
     <span class='ocr_line' id='line_1_63' title="bbox 1009 812 1754 860; baseline -0.005 -11"><span class='ocrx_word' id='word_1_344' title='bbox 1009 814 1246 849; x_wconf 88' lang='lat' dir='ltr'><strong>successoribus</strong></span> <span class='ocrx_word' id='word_1_345' title='bbox 1263 813 1333 848; x_wconf 87' lang='lat' dir='ltr'><strong>eius</strong></span> <span class='ocrx_word' id='word_1_346' title='bbox 1347 812 1520 853; x_wconf 85' lang='lat' dir='ltr'><strong>catholicis,</strong></span> <span class='ocrx_word' id='word_1_347' title='bbox 1544 813 1588 848; x_wconf 90' lang='lat' dir='ltr'><strong>vel</strong></span> <span class='ocrx_word' id='word_1_348' title='bbox 1609 814 1754 860; x_wconf 63' lang='lat' dir='ltr'><strong>capitulo,</strong></span> 
     </span>
     <span class='ocr_line' id='line_1_64' title="bbox 1009 862 1756 911; baseline 0 -13"><span class='ocrx_word' id='word_1_349' title='bbox 1009 864 1034 898; x_wconf 90' lang='lat' dir='ltr'><strong>si</strong></span> <span class='ocrx_word' id='word_1_350' title='bbox 1058 864 1142 911; x_wconf 89' lang='lat' dir='ltr'><strong>prior</strong></span> <span class='ocrx_word' id='word_1_351' title='bbox 1169 876 1230 898; x_wconf 91' lang='lat' dir='ltr'><strong>uon</strong></span> <span class='ocrx_word' id='word_1_352' title='bbox 1254 862 1357 903; x_wconf 84' lang='lat' dir='ltr'><strong>fuerit,</strong></span> <span class='ocrx_word' id='word_1_353' title='bbox 1374 862 1584 897; x_wconf 85' lang='lat' dir='ltr'><strong>obedientiam</strong></span> <span class='ocrx_word' id='word_1_354' title='bbox 1608 870 1640 897; x_wconf 87' lang='lat' dir='ltr'><strong>et</strong></span> <span class='ocrx_word' id='word_1_355' title='bbox 1667 875 1756 898; x_wconf 84' lang='lat' dir='ltr'><strong>reve-</strong></span> 
     </span>
     <span class='ocr_line' id='line_1_65' title="bbox 1010 910 1755 960; baseline -0.001 -11"><span class='ocrx_word' id='word_1_356' title='bbox 1010 914 1141 949; x_wconf 84' lang='lat' dir='ltr'><strong>rentiam</strong></span> <span class='ocrx_word' id='word_1_357' title='bbox 1181 913 1361 960; x_wconf 87' lang='lat' dir='ltr'><strong>promittant</strong></span> <span class='ocrx_word' id='word_1_358' title='bbox 1395 912 1549 948; x_wconf 80' lang='lat' dir='ltr'><strong>absolute.</strong></span> <span class='ocrx_word' id='word_1_359' title='bbox 1594 910 1755 948; x_wconf 88' lang='lat' dir='ltr'><strong>Fratribus</strong></span> 
     </span>
     <span class='ocr_line' id='line_1_66' title="bbox 1008 961 1756 1010; baseline -0.001 -12"><span class='ocrx_word' id='word_1_360' title='bbox 1008 972 1111 999; x_wconf 90' lang='lat' dir='ltr'><strong>autem</strong></span> <span class='ocrx_word' id='word_1_361' title='bbox 1138 962 1270 1010; x_wconf 80' lang='lat' dir='ltr'><strong>singulis</strong></span> <span class='ocrx_word' id='word_1_362' title='bbox 1303 964 1333 997; x_wconf 91' lang='lat' dir='ltr'><strong>in</strong></span> <span class='ocrx_word' id='word_1_363' title='bbox 1365 962 1413 996; x_wconf 82' lang='lat' dir='ltr'><strong>liis</strong></span> <span class='ocrx_word' id='word_1_364' title='bbox 1447 973 1527 1009; x_wconf 87' lang='lat' dir='ltr'><strong>quae</strong></span> <span class='ocrx_word' id='word_1_365' title='bbox 1548 961 1586 997; x_wconf 84' lang='lat' dir='ltr'><strong>ad</strong></span> <span class='ocrx_word' id='word_1_366' title='bbox 1613 973 1756 997; x_wconf 82' lang='lat' dir='ltr'><strong>commo-</strong></span> 
     </span>
     <span class='ocr_line' id='line_1_67' title="bbox 1008 1011 1755 1058; baseline -0.004 -9"><span class='ocrx_word' id='word_1_367' title='bbox 1008 1013 1083 1049; x_wconf 90' lang='lat' dir='ltr'><strong>dum</strong></span> <span class='ocrx_word' id='word_1_368' title='bbox 1106 1021 1134 1049; x_wconf 91' lang='lat' dir='ltr'><strong>et</strong></span> <span class='ocrx_word' id='word_1_369' title='bbox 1158 1013 1308 1047; x_wconf 83' lang='lat' dir='ltr'><strong>bonorem</strong></span> <span class='ocrx_word' id='word_1_370' title='bbox 1344 1012 1458 1046; x_wconf 89' lang='lat' dir='ltr'><strong>domus</strong></span> <span class='ocrx_word' id='word_1_371' title='bbox 1485 1011 1656 1058; x_wconf 85' lang='lat' dir='ltr'><strong>pertinent,</strong></span> <span class='ocrx_word' id='word_1_372' title='bbox 1691 1012 1755 1046; x_wconf 85' lang='lat' dir='ltr'><strong>sra-</strong></span> 
     </span>
     <span class='ocr_line' id='line_1_68' title="bbox 1009 1060 1755 1098; baseline 0 -2"><span class='ocrx_word' id='word_1_373' title='bbox 1009 1070 1113 1098; x_wconf 86' lang='lat' dir='ltr'><strong>ternae</strong></span> <span class='ocrx_word' id='word_1_374' title='bbox 1135 1062 1270 1097; x_wconf 83' lang='lat' dir='ltr'><strong>caritatis</strong></span> <span class='ocrx_word' id='word_1_375' title='bbox 1291 1060 1427 1096; x_wconf 85' lang='lat' dir='ltr'><strong>officium</strong></span> <span class='ocrx_word' id='word_1_376' title='bbox 1456 1069 1486 1095; x_wconf 92' lang='lat' dir='ltr'><strong>et</strong></span> <span class='ocrx_word' id='word_1_377' title='bbox 1512 1060 1662 1096; x_wconf 84' lang='lat' dir='ltr'><strong>auxilium</strong></span> <span class='ocrx_word' id='word_1_378' title='bbox 1691 1061 1755 1096; x_wconf 86' lang='lat' dir='ltr'><strong>dc·-</strong></span> 
     </span>
     <span class='ocr_line' id='line_1_69' title="bbox 1008 1109 1753 1157; baseline 0 -11"><span class='ocrx_word' id='word_1_379' title='bbox 1008 1112 1088 1148; x_wconf 88' lang='lat' dir='ltr'><strong>bitae</strong></span> <span class='ocrx_word' id='word_1_380' title='bbox 1111 1111 1329 1147; x_wconf 82' lang='lat' dir='ltr'><strong>subventionis</strong></span> <span class='ocrx_word' id='word_1_381' title='bbox 1347 1109 1541 1157; x_wconf 85' lang='lat' dir='ltr'><strong>impendant.</strong></span> <span class='ocrx_word' id='word_1_382' title='bbox 1569 1109 1702 1145; x_wconf 84' lang='lat' dir='ltr'><strong>Maiores</strong></span> <span class='ocrx_word' id='word_1_383' title='bbox 1720 1124 1753 1146; x_wconf 88' lang='lat' dir='ltr'><strong>se</strong></span> 
     </span>
     <span class='ocr_line' id='line_1_70' title="bbox 1008 1159 1753 1207; baseline -0.001 -12"><span class='ocrx_word' id='word_1_384' title='bbox 1008 1162 1154 1205; x_wconf 85' lang='lat' dir='ltr'><strong>invicem,</strong></span> <span class='ocrx_word' id='word_1_385' title='bbox 1176 1160 1350 1196; x_wconf 88' lang='lat' dir='ltr'><strong>secundum</strong></span> <span class='ocrx_word' id='word_1_386' title='bbox 1368 1159 1570 1207; x_wconf 84' lang='lat' dir='ltr'><strong>Apostolum,</strong></span> <span class='ocrx_word' id='word_1_387' title='bbox 1598 1159 1753 1194; x_wconf 85' lang='lat' dir='ltr'><strong>arbitran-</strong></span> 
     </span>
     <span class='ocr_line' id='line_1_71' title="bbox 1006 1209 1754 1259; baseline -0.004 -12"><span class='ocrx_word' id='word_1_388' title='bbox 1006 1218 1063 1252; x_wconf 80' lang='lat' dir='ltr'><strong>tes,</strong></span> <span class='ocrx_word' id='word_1_389' title='bbox 1085 1211 1233 1259; x_wconf 88' lang='lat' dir='ltr'><strong>quatinus</strong></span> <span class='ocrx_word' id='word_1_390' title='bbox 1255 1210 1336 1244; x_wconf 78' lang='lat' dir='ltr'><strong>iuxta</strong></span> <span class='ocrx_word' id='word_1_391' title='bbox 1359 1209 1562 1256; x_wconf 90' lang='lat' dir='ltr'><strong>apostolicam</strong></span> <span class='ocrx_word' id='word_1_392' title='bbox 1595 1210 1754 1255; x_wconf 78' lang='lat' dir='ltr'><strong>evangeli-</strong></span> 
     </span>
     <span class='ocr_line' id='line_1_72' title="bbox 1005 1258 1752 1309; baseline -0.001 -14"><span class='ocrx_word' id='word_1_393' title='bbox 1005 1273 1135 1309; x_wconf 90' lang='lat' dir='ltr'><strong>camque</strong></span> <span class='ocrx_word' id='word_1_394' title='bbox 1177 1260 1348 1294; x_wconf 88' lang='lat' dir='ltr'><strong>doctrinam</strong></span> <span class='ocrx_word' id='word_1_395' title='bbox 1389 1271 1423 1293; x_wconf 91' lang='lat' dir='ltr'><strong>se</strong></span> <span class='ocrx_word' id='word_1_396' title='bbox 1456 1258 1589 1293; x_wconf 82' lang='lat' dir='ltr'><strong>invicem</strong></span> <span class='ocrx_word' id='word_1_397' title='bbox 1634 1258 1752 1294; x_wconf 90' lang='lat' dir='ltr'><strong>honore</strong></span> 
     </span>
     <span class='ocr_line' id='line_1_73' title="bbox 1006 1307 1752 1356; baseline 0 -12"><span class='ocrx_word' id='word_1_398' title='bbox 1006 1311 1218 1356; x_wconf 81' lang='lat' dir='ltr'><strong>praeveniant,</strong></span> <span class='ocrx_word' id='word_1_399' title='bbox 1240 1308 1333 1355; x_wconf 88' lang='lat' dir='ltr'><strong>etqui</strong></span> <span class='ocrx_word' id='word_1_400' title='bbox 1349 1308 1427 1343; x_wconf 86' lang='lat' dir='ltr'><strong>forte</strong></span> <span class='ocrx_word' id='word_1_401' title='bbox 1443 1307 1541 1342; x_wconf 88' lang='lat' dir='ltr'><strong>maior</strong></span> <span class='ocrx_word' id='word_1_402' title='bbox 1561 1315 1609 1342; x_wconf 89' lang='lat' dir='ltr'><strong>est</strong></span> <span class='ocrx_word' id='word_1_403' title='bbox 1624 1309 1752 1352; x_wconf 82' lang='lat' dir='ltr'><strong>meritis,</strong></span> 
     </span>
     <span class='ocr_line' id='line_1_74' title="bbox 1005 1356 1751 1394; baseline -0.003 0"><span class='ocrx_word' id='word_1_404' title='bbox 1005 1371 1066 1394; x_wconf 90' lang='lat' dir='ltr'><strong>non</strong></span> <span class='ocrx_word' id='word_1_405' title='bbox 1094 1358 1257 1394; x_wconf 84' lang='lat' dir='ltr'><strong>erubescat</strong></span> <span class='ocrx_word' id='word_1_406' title='bbox 1280 1369 1387 1392; x_wconf 89' lang='lat' dir='ltr'><strong>amore</strong></span> <span class='ocrx_word' id='word_1_407' title='bbox 1412 1357 1539 1391; x_wconf 90' lang='lat' dir='ltr'><strong>Domini</strong></span> <span class='ocrx_word' id='word_1_408' title='bbox 1562 1356 1629 1391; x_wconf 90' lang='lat' dir='ltr'><strong>fieri</strong></span> <span class='ocrx_word' id='word_1_409' title='bbox 1650 1358 1751 1392; x_wconf 90' lang='lat' dir='ltr'><strong>mino-</strong></span> 
     </span>
     <span class='ocr_line' id='line_1_75' title="bbox 1004 1406 1946 1453; baseline -0.005 -11"><span class='ocrx_word' id='word_1_410' title='bbox 1004 1408 1090 1444; x_wconf 92' lang='lat' dir='ltr'><strong>ribus</strong></span> <span class='ocrx_word' id='word_1_411' title='bbox 1117 1408 1320 1444; x_wconf 84' lang='lat' dir='ltr'><strong>ministrator.</strong></span> <span class='ocrx_word' id='word_1_412' title='bbox 1348 1406 1422 1442; x_wconf 89' lang='lat' dir='ltr'><strong>Paci</strong></span> <span class='ocrx_word' id='word_1_413' title='bbox 1445 1414 1564 1441; x_wconf 79' lang='lat' dir='ltr'><strong>restrae</strong></span> <span class='ocrx_word' id='word_1_414' title='bbox 1593 1415 1750 1453; x_wconf 87' lang='lat' dir='ltr'><strong>praeterea</strong></span> <span class='ocrx_word' id='word_1_415' title='bbox 1779 1414 1901 1440; x_wconf 80' lang='lat' dir='ltr'><strong>Beretum.</strong></span> <span class='ocrx_word' id='word_1_416' title='bbox 1925 1421 1946 1437; x_wconf 64' lang='lat' dir='ltr'><strong>ut</strong></span> 
     </span>
     <span class='ocr_line' id='line_1_76' title="bbox 1004 1444 1947 1505; baseline 0.008 -14"><span class='ocrx_word' id='word_1_417' title='bbox 1004 1458 1214 1505; x_wconf 89' lang='lat' dir='ltr'><strong>providentes,</strong></span> <span class='ocrx_word' id='word_1_418' title='bbox 1237 1457 1406 1492; x_wconf 84' lang='lat' dir='ltr'><strong>statuimus</strong></span> <span class='ocrx_word' id='word_1_419' title='bbox 1423 1463 1456 1490; x_wconf 88' lang='lat' dir='ltr'><strong>ut</strong></span> <span class='ocrx_word' id='word_1_420' title='bbox 1477 1456 1514 1490; x_wconf 90' lang='lat' dir='ltr'><strong>ad</strong></span> <span class='ocrx_word' id='word_1_421' title='bbox 1534 1455 1749 1502; x_wconf 86' lang='lat' dir='ltr'><strong>recipiendum</strong></span> <span class='ocrx_word' id='word_1_422' title='bbox 1765 1444 1947 1499; x_wconf 54' lang='lat' dir='ltr'><strong>,22³{3‘Z‘1’50‘5i1</strong></span> 
     </span>
     <span class='ocr_line' id='line_1_77' title="bbox 1002 1506 1944 1553; baseline -0.001 -11"><span class='ocrx_word' id='word_1_423' title='bbox 1002 1507 1131 1543; x_wconf 85' lang='lat' dir='ltr'><strong>alterius</strong></span> <span class='ocrx_word' id='word_1_424' title='bbox 1172 1506 1332 1553; x_wconf 81' lang='lat' dir='ltr'><strong>religionis</strong></span> <span class='ocrx_word' id='word_1_425' title='bbox 1365 1506 1528 1541; x_wconf 89' lang='lat' dir='ltr'><strong>hominem</strong></span> <span class='ocrx_word' id='word_1_426' title='bbox 1567 1517 1661 1541; x_wconf 91' lang='lat' dir='ltr'><strong>nemo</strong></span> <span class='ocrx_word' id='word_1_427' title='bbox 1694 1518 1750 1542; x_wconf 90' lang='lat' dir='ltr'><strong>vos</strong></span> <span class='ocrx_word' id='word_1_428' title='bbox 1764 1508 1874 1544; x_wconf 53' lang='lat' dir='ltr'><strong>¹9¹iss³⁰¹¹ss</strong></span> <span class='ocrx_word' id='word_1_429' title='bbox 1906 1509 1944 1545; x_wconf 66' lang='lat'><strong>¹¹⁰,-</strong></span> 
     </span>
     <span class='ocr_line' id='line_1_78' title="bbox 1002 1544 1947 1604; baseline -0.001 -11"><span class='ocrx_word' id='word_1_430' title='bbox 1002 1565 1093 1604; x_wconf 77' lang='lat' dir='ltr'><strong>cogat</strong></span> <span class='ocrx_word' id='word_1_431' title='bbox 1125 1557 1254 1595; x_wconf 86' lang='lat' dir='ltr'><strong>invitos,</strong></span> <span class='ocrx_word' id='word_1_432' title='bbox 1294 1568 1332 1590; x_wconf 91' lang='lat' dir='ltr'><strong>ne</strong></span> <span class='ocrx_word' id='word_1_433' title='bbox 1363 1555 1439 1590; x_wconf 90' lang='lat' dir='ltr'><strong>dum</strong></span> <span class='ocrx_word' id='word_1_434' title='bbox 1474 1554 1614 1590; x_wconf 86' lang='lat' dir='ltr'><strong>instituta</strong></span> <span class='ocrx_word' id='word_1_435' title='bbox 1649 1554 1747 1591; x_wconf 86' lang='lat' dir='ltr'><strong>relicti</strong></span> <span class='ocrx_word' id='word_1_436' title='bbox 1763 1544 1860 1597; x_wconf 56' lang='lat' dir='ltr'><strong>ffifflm</strong></span> <span class='ocrx_word' id='word_1_437' title='bbox 1889 1544 1947 1597; x_wconf 50' lang='lat'><em>¹3¹.-</em></span> 
     </span>
     <span class='ocr_line' id='line_1_79' title="bbox 1002 1604 1870 1654; baseline -0.003 -12"><span class='ocrx_word' id='word_1_438' title='bbox 1002 1607 1122 1642; x_wconf 86' lang='lat' dir='ltr'><strong>ordinis</strong></span> <span class='ocrx_word' id='word_1_439' title='bbox 1143 1607 1195 1654; x_wconf 86' lang='lat' dir='ltr'><strong>qui</strong></span> <span class='ocrx_word' id='word_1_440' title='bbox 1218 1605 1255 1641; x_wconf 93' lang='lat' dir='ltr'><strong>ad</strong></span> <span class='ocrx_word' id='word_1_441' title='bbox 1280 1617 1333 1640; x_wconf 91' lang='lat' dir='ltr'><strong>vos</strong></span> <span class='ocrx_word' id='word_1_442' title='bbox 1354 1604 1529 1650; x_wconf 79' lang='lat' dir='ltr'><strong>confugerit</strong></span> <span class='ocrx_word' id='word_1_443' title='bbox 1555 1605 1748 1648; x_wconf 88' lang='lat' dir='ltr'><strong>aemulatur,</strong></span> <span class='ocrx_word' id='word_1_444' title='bbox 1764 1605 1870 1629; x_wconf 62' lang='lat' dir='ltr'><strong>⁰²q⁰⁵⁸m</strong></span> 
     </span>
    </p>

    <p class='ocr_par' dir='ltr' id='par_1_17' title="bbox 1001 1653 1749 1754">
     <span class='ocr_line' id='line_1_80' title="bbox 1002 1653 1749 1701; baseline -0.001 -10"><span class='ocrx_word' id='word_1_445' title='bbox 1002 1669 1017 1691; x_wconf 93' lang='lat' dir='ltr'><strong>a</strong></span> <span class='ocrx_word' id='word_1_446' title='bbox 1052 1664 1169 1692; x_wconf 88' lang='lat' dir='ltr'><strong>vestrae</strong></span> <span class='ocrx_word' id='word_1_447' title='bbox 1196 1655 1390 1691; x_wconf 86' lang='lat' dir='ltr'><strong>observantia</strong></span> <span class='ocrx_word' id='word_1_448' title='bbox 1417 1653 1602 1701; x_wconf 87' lang='lat' dir='ltr'><strong>disciplinae</strong></span> <span class='ocrx_word' id='word_1_449' title='bbox 1627 1655 1749 1690; x_wconf 89' lang='lat' dir='ltr'><strong>animos</strong></span> 
     </span>
     <span class='ocr_line' id='line_1_81' title="bbox 1001 1704 1748 1754; baseline -0.003 -14"><span class='ocrx_word' id='word_1_450' title='bbox 1001 1706 1229 1754; x_wconf 83' lang='lat' dir='ltr'><strong>simpliciorum</strong></span> <span class='ocrx_word' id='word_1_451' title='bbox 1253 1713 1380 1743; x_wconf 87' lang='lat' dir='ltr'><strong>avertat,</strong></span> <span class='ocrx_word' id='word_1_452' title='bbox 1401 1712 1431 1739; x_wconf 88' lang='lat' dir='ltr'><strong>et</strong></span> <span class='ocrx_word' id='word_1_453' title='bbox 1453 1704 1522 1739; x_wconf 89' lang='lat' dir='ltr'><strong>aliis</strong></span> <span class='ocrx_word' id='word_1_454' title='bbox 1544 1716 1598 1739; x_wconf 89' lang='lat' dir='ltr'><strong>vos</strong></span> <span class='ocrx_word' id='word_1_455' title='bbox 1625 1705 1748 1739; x_wconf 84' lang='lat' dir='ltr'><strong>contin-</strong></span> 
     </span>
    </p>

    <p class='ocr_par' dir='ltr' id='par_1_18' title="bbox 1000 1754 1746 1803">
     <span class='ocr_line' id='line_1_82' title="bbox 1000 1754 1746 1803; baseline -0.005 -12"><span class='ocrx_word' id='word_1_456' title='bbox 1000 1765 1050 1803; x_wconf 83' lang='lat' dir='ltr'><strong>gat</strong></span> <span class='ocrx_word' id='word_1_457' title='bbox 1085 1756 1253 1791; x_wconf 90' lang='lat' dir='ltr'><strong>iniuriosos</strong></span> <span class='ocrx_word' id='word_1_458' title='bbox 1287 1763 1317 1789; x_wconf 88' lang='lat' dir='ltr'><strong>et</strong></span> <span class='ocrx_word' id='word_1_459' title='bbox 1354 1754 1503 1788; x_wconf 87' lang='lat' dir='ltr'><strong>molestos</strong></span> <span class='ocrx_word' id='word_1_460' title='bbox 1539 1754 1689 1793; x_wconf 77' lang='lat' dir='ltr'><strong>existere,</strong></span> <span class='ocrx_word' id='word_1_461' title='bbox 1723 1755 1746 1788; x_wconf 85' lang='lat' dir='ltr'><strong>si</strong></span> 
     </span>
    </p>

    <p class='ocr_par' dir='ltr' id='par_1_19' title="bbox 1000 1803 1943 2052">
     <span class='ocr_line' id='line_1_83' title="bbox 1001 1803 1943 1853; baseline 0.001 -14"><span class='ocrx_word' id='word_1_462' title='bbox 1001 1805 1158 1853; x_wconf 84' lang='lat' dir='ltr'><strong>professos</strong></span> <span class='ocrx_word' id='word_1_463' title='bbox 1179 1816 1287 1840; x_wconf 84' lang='lat' dir='ltr'><strong>eorum</strong></span> <span class='ocrx_word' id='word_1_464' title='bbox 1304 1803 1462 1839; x_wconf 87' lang='lat' dir='ltr'><strong>volueritis</strong></span> <span class='ocrx_word' id='word_1_465' title='bbox 1478 1804 1622 1839; x_wconf 90' lang='lat' dir='ltr'><strong>retinere.</strong></span> <span class='ocrx_word' id='word_1_466' title='bbox 1645 1803 1744 1838; x_wconf 83' lang='lat' dir='ltr'><strong>Priori</strong></span> <span class='ocrx_word' id='word_1_467' title='bbox 1773 1809 1943 1847; x_wconf 50' lang='lat' dir='ltr'><strong>Prtortvemm·</strong></span> 
     </span>
     <span class='ocr_line' id='line_1_84' title="bbox 1000 1842 1943 1901; baseline -0.001 -11"><span class='ocrx_word' id='word_1_468' title='bbox 1000 1863 1105 1891; x_wconf 89' lang='lat' dir='ltr'><strong>autem</strong></span> <span class='ocrx_word' id='word_1_469' title='bbox 1128 1863 1188 1890; x_wconf 83' lang='lat' dir='ltr'><strong>tam</strong></span> <span class='ocrx_word' id='word_1_470' title='bbox 1212 1855 1241 1889; x_wconf 94' lang='lat' dir='ltr'><strong>in</strong></span> <span class='ocrx_word' id='word_1_471' title='bbox 1264 1853 1492 1901; x_wconf 73' lang='lat' dir='ltr'><strong>spiritualibus,</strong></span> <span class='ocrx_word' id='word_1_472' title='bbox 1514 1865 1606 1900; x_wconf 89' lang='lat' dir='ltr'><strong>quam</strong></span> <span class='ocrx_word' id='word_1_473' title='bbox 1626 1852 1656 1887; x_wconf 90' lang='lat' dir='ltr'><strong>in</strong></span> <span class='ocrx_word' id='word_1_474' title='bbox 1672 1861 1746 1887; x_wconf 88' lang='lat' dir='ltr'><strong>tem-</strong></span> <span class='ocrx_word' id='word_1_475' title='bbox 1760 1842 1943 1895; x_wconf 51' lang='grc' dir='ltr'><strong>Ῐξζὶῗξυζζῖῗξζζῖ</strong></span> 
     </span>
     <span class='ocr_line' id='line_1_85' title="bbox 1001 1902 1941 1956; baseline -0.001 -16"><span class='ocrx_word' id='word_1_476' title='bbox 1001 1905 1171 1952; x_wconf 85' lang='lat' dir='ltr'><strong>poralibus,</strong></span> <span class='ocrx_word' id='word_1_477' title='bbox 1196 1904 1318 1952; x_wconf 85' lang='lat' dir='ltr'><strong>plenam</strong></span> <span class='ocrx_word' id='word_1_478' title='bbox 1341 1903 1548 1939; x_wconf 90' lang='lat' dir='ltr'><strong>concedimus</strong></span> <span class='ocrx_word' id='word_1_479' title='bbox 1561 1902 1745 1938; x_wconf 82' lang='lat' dir='ltr'><strong>auctoritate</strong></span> <span class='ocrx_word' id='word_1_480' title='bbox 1760 1906 1867 1956; x_wconf 53' lang='lat' dir='ltr'><strong>P0ffi¹²⁵⁰³</strong></span> <span class='ocrx_word' id='word_1_481' title='bbox 1890 1911 1941 1926; x_wconf 74' lang='lat'><strong>⁰⁰¹¹·</strong></span> 
     </span>
     <span class='ocr_line' id='line_1_86' title="bbox 1000 1940 1842 2002; baseline -0.004 -12"><span class='ocrx_word' id='word_1_482' title='bbox 1000 1955 1170 2002; x_wconf 88' lang='lat' dir='ltr'><strong>apostolica</strong></span> <span class='ocrx_word' id='word_1_483' title='bbox 1193 1961 1396 2002; x_wconf 87' lang='lat' dir='ltr'><strong>potestatem:</strong></span> <span class='ocrx_word' id='word_1_484' title='bbox 1420 1953 1460 1987; x_wconf 91' lang='lat' dir='ltr'><strong>ita</strong></span> <span class='ocrx_word' id='word_1_485' title='bbox 1484 1960 1515 1987; x_wconf 91' lang='lat' dir='ltr'><strong>ut</strong></span> <span class='ocrx_word' id='word_1_486' title='bbox 1543 1953 1595 1987; x_wconf 91' lang='lat' dir='ltr'><strong>uni</strong></span> <span class='ocrx_word' id='word_1_487' title='bbox 1621 1940 1784 1987; x_wconf 67' lang='lat' dir='ltr'><strong>conver-⁰⁶</strong></span> <span class='ocrx_word' id='word_1_488' title='bbox 1802 1942 1842 1957; x_wconf 56' lang='grc' dir='ltr'><strong>’Ἦ</strong></span> 
     </span>
     <span class='ocr_line' id='line_1_87' title="bbox 1000 2001 1747 2052; baseline -0.004 -13"><span class='ocrx_word' id='word_1_489' title='bbox 1000 2016 1120 2048; x_wconf 91' lang='lat' dir='ltr'><strong>sorum,</strong></span> <span class='ocrx_word' id='word_1_490' title='bbox 1141 2005 1193 2052; x_wconf 92' lang='lat' dir='ltr'><strong>qui</strong></span> <span class='ocrx_word' id='word_1_491' title='bbox 1218 2003 1318 2048; x_wconf 81' lang='lat' dir='ltr'><strong>magis</strong></span> <span class='ocrx_word' id='word_1_492' title='bbox 1340 2003 1472 2038; x_wconf 84' lang='lat' dir='ltr'><strong>idoneus</strong></span> <span class='ocrx_word' id='word_1_493' title='bbox 1493 2002 1596 2041; x_wconf 68' lang='lat' dir='ltr'><strong>fuerit,</strong></span> <span class='ocrx_word' id='word_1_494' title='bbox 1614 2001 1645 2036; x_wconf 90' lang='lat' dir='ltr'><strong>in</strong></span> <span class='ocrx_word' id='word_1_495' title='bbox 1659 2002 1747 2037; x_wconf 85' lang='lat' dir='ltr'><strong>cellis</strong></span> 
     </span>
    </p>

    <p class='ocr_par' dir='ltr' id='par_1_20' title="bbox 1002 2051 1745 2100">
     <span class='ocr_line' id='line_1_88' title="bbox 1002 2051 1745 2100; baseline -0.003 -13"><span class='ocrx_word' id='word_1_496' title='bbox 1002 2055 1112 2090; x_wconf 87' lang='lat' dir='ltr'><strong>vestris</strong></span> <span class='ocrx_word' id='word_1_497' title='bbox 1134 2053 1317 2100; x_wconf 85' lang='lat' dir='ltr'><strong>temporalia</strong></span> <span class='ocrx_word' id='word_1_498' title='bbox 1343 2051 1538 2099; x_wconf 89' lang='lat' dir='ltr'><strong>disponenda</strong></span> <span class='ocrx_word' id='word_1_499' title='bbox 1561 2052 1745 2096; x_wconf 88' lang='lat' dir='ltr'><strong>committat,</strong></span> 
     </span>
    </p>

    <p class='ocr_par' dir='ltr' id='par_1_21' title="bbox 1000 2100 1746 2151">
     <span class='ocr_line' id='line_1_89' title="bbox 1000 2100 1746 2151; baseline -0.004 -12"><span class='ocrx_word' id='word_1_500' title='bbox 1000 2105 1053 2150; x_wconf 89' lang='lat' dir='ltr'><strong>qui</strong></span> <span class='ocrx_word' id='word_1_501' title='bbox 1076 2103 1115 2138; x_wconf 91' lang='lat' dir='ltr'><strong>de</strong></span> <span class='ocrx_word' id='word_1_502' title='bbox 1141 2103 1241 2151; x_wconf 90' lang='lat' dir='ltr'><strong>ipsius</strong></span> <span class='ocrx_word' id='word_1_503' title='bbox 1263 2102 1372 2150; x_wconf 88' lang='lat' dir='ltr'><strong>prioris</strong></span> <span class='ocrx_word' id='word_1_504' title='bbox 1393 2100 1553 2141; x_wconf 85' lang='lat' dir='ltr'><strong>mandato,</strong></span> <span class='ocrx_word' id='word_1_505' title='bbox 1579 2100 1746 2149; x_wconf 38' lang='lat' dir='ltr'><strong>eleemos-&#39;7‘e</strong></span> 
     </span>
    </p>

    <p class='ocr_par' dir='ltr' id='par_1_22' title="bbox 1000 2149 1745 2200">
     <span class='ocr_line' id='line_1_90' title="bbox 1000 2149 1745 2200; baseline -0.005 -11"><span class='ocrx_word' id='word_1_506' title='bbox 1000 2166 1056 2189; x_wconf 88' lang='lat' dir='ltr'><strong>nas</strong></span> <span class='ocrx_word' id='word_1_507' title='bbox 1081 2153 1285 2200; x_wconf 88' lang='lat' dir='ltr'><strong>depositaque</strong></span> <span class='ocrx_word' id='word_1_508' title='bbox 1307 2151 1453 2198; x_wconf 84' lang='lat' dir='ltr'><strong>recipiat,</strong></span> <span class='ocrx_word' id='word_1_509' title='bbox 1480 2158 1511 2186; x_wconf 88' lang='lat' dir='ltr'><strong>et</strong></span> <span class='ocrx_word' id='word_1_510' title='bbox 1536 2162 1589 2185; x_wconf 87' lang='lat' dir='ltr'><strong>eas</strong></span> <span class='ocrx_word' id='word_1_511' title='bbox 1611 2149 1641 2184; x_wconf 88' lang='lat' dir='ltr'><strong>in</strong></span> <span class='ocrx_word' id='word_1_512' title='bbox 1678 2150 1745 2196; x_wconf 84' lang='lat' dir='ltr'><strong>pios</strong></span> 
     </span>
    </p>

    <p class='ocr_par' dir='ltr' id='par_1_23' title="bbox 1000 2198 1745 2295">
     <span class='ocr_line' id='line_1_91' title="bbox 1000 2198 1743 2247; baseline -0.005 -9"><span class='ocrx_word' id='word_1_513' title='bbox 1000 2215 1074 2238; x_wconf 89' lang='lat' dir='ltr'><strong>usus</strong></span> <span class='ocrx_word' id='word_1_514' title='bbox 1100 2215 1136 2238; x_wconf 89' lang='lat' dir='ltr'><strong>ae</strong></span> <span class='ocrx_word' id='word_1_515' title='bbox 1157 2202 1375 2238; x_wconf 86' lang='lat' dir='ltr'><strong>necessitatem</strong></span> <span class='ocrx_word' id='word_1_516' title='bbox 1402 2201 1516 2236; x_wconf 89' lang='lat' dir='ltr'><strong>domus</strong></span> <span class='ocrx_word' id='word_1_517' title='bbox 1531 2198 1654 2247; x_wconf 80' lang='lat' dir='ltr'><strong>provida</strong></span> <span class='ocrx_word' id='word_1_518' title='bbox 1669 2211 1743 2234; x_wconf 78' lang='lat' dir='ltr'><strong>con—</strong></span> 
     </span>
     <span class='ocr_line' id='line_1_92' title="bbox 1000 2248 1745 2295; baseline -0.004 -8"><span class='ocrx_word' id='word_1_519' title='bbox 1000 2252 1189 2287; x_wconf 86' lang='lat' dir='ltr'><strong>sideratione</strong></span> <span class='ocrx_word' id='word_1_520' title='bbox 1214 2259 1383 2287; x_wconf 87' lang='lat' dir='ltr'><strong>convertat.</strong></span> <span class='ocrx_word' id='word_1_521' title='bbox 1406 2249 1491 2286; x_wconf 88' lang='lat' dir='ltr'><strong>Cura</strong></span> <span class='ocrx_word' id='word_1_522' title='bbox 1513 2261 1585 2284; x_wconf 90' lang='lat' dir='ltr'><strong>vero</strong></span> <span class='ocrx_word' id='word_1_523' title='bbox 1603 2248 1745 2295; x_wconf 87' lang='lat' dir='ltr'><strong>spiritua·</strong></span> 
     </span>
    </p>

    <p class='ocr_par' dir='ltr' id='par_1_24' title="bbox 999 2298 1744 2346">
     <span class='ocr_line' id='line_1_93' title="bbox 999 2298 1744 2346; baseline -0.007 -9"><span class='ocrx_word' id='word_1_524' title='bbox 999 2302 1076 2337; x_wconf 90' lang='lat' dir='ltr'><strong>lium</strong></span> <span class='ocrx_word' id='word_1_525' title='bbox 1098 2301 1194 2337; x_wconf 87' lang='lat' dir='ltr'><strong>libere</strong></span> <span class='ocrx_word' id='word_1_526' title='bbox 1215 2301 1254 2336; x_wconf 92' lang='lat' dir='ltr'><strong>de</strong></span> <span class='ocrx_word' id='word_1_527' title='bbox 1282 2300 1426 2335; x_wconf 83' lang='lat' dir='ltr'><strong>mandato</strong></span> <span class='ocrx_word' id='word_1_528' title='bbox 1449 2299 1561 2346; x_wconf 87' lang='lat' dir='ltr'><strong>prioris</strong></span> <span class='ocrx_word' id='word_1_529' title='bbox 1582 2300 1663 2333; x_wconf 86' lang='lat' dir='ltr'><strong>circa</strong></span> <span class='ocrx_word' id='word_1_530' title='bbox 1678 2298 1744 2333; x_wconf 83' lang='lat' dir='ltr'><strong>cle-</strong></span> 
     </span>
    </p>

    <p class='ocr_par' dir='ltr' id='par_1_25' title="bbox 999 2347 1745 2399">
     <span class='ocr_line' id='line_1_94' title="bbox 999 2347 1745 2399; baseline -0.008 -12"><span class='ocrx_word' id='word_1_531' title='bbox 999 2352 1080 2387; x_wconf 90' lang='lat' dir='ltr'><strong>ricos</strong></span> <span class='ocrx_word' id='word_1_532' title='bbox 1102 2351 1188 2399; x_wconf 85' lang='lat' dir='ltr'><strong>ipsos</strong></span> <span class='ocrx_word' id='word_1_533' title='bbox 1210 2349 1360 2385; x_wconf 90' lang='lat' dir='ltr'><strong>resideat:</strong></span> <span class='ocrx_word' id='word_1_534' title='bbox 1386 2349 1425 2383; x_wconf 90' lang='lat' dir='ltr'><strong>ita</strong></span> <span class='ocrx_word' id='word_1_535' title='bbox 1448 2348 1531 2395; x_wconf 91' lang='lat' dir='ltr'><strong>quod</strong></span> <span class='ocrx_word' id='word_1_536' title='bbox 1559 2347 1666 2382; x_wconf 89' lang='lat' dir='ltr'><strong>nullus</strong></span> <span class='ocrx_word' id='word_1_537' title='bbox 1687 2347 1745 2382; x_wconf 68' lang='lat' dir='ltr'><strong>laie</strong></span> 
     </span>
    </p>

    <p class='ocr_par' dir='ltr' id='par_1_26' title="bbox 999 2396 1743 2443">
     <span class='ocr_line' id='line_1_95' title="bbox 999 2396 1743 2443; baseline -0.007 -7"><span class='ocrx_word' id='word_1_538' title='bbox 999 2412 1107 2436; x_wconf 88' lang='lat' dir='ltr'><strong>corum</strong></span> <span class='ocrx_word' id='word_1_539' title='bbox 1135 2400 1263 2435; x_wconf 84' lang='lat' dir='ltr'><strong>fratrum</strong></span> <span class='ocrx_word' id='word_1_540' title='bbox 1291 2399 1322 2433; x_wconf 89' lang='lat' dir='ltr'><strong>iu</strong></span> <span class='ocrx_word' id='word_1_541' title='bbox 1345 2396 1607 2437; x_wconf 83' lang='lat' dir='ltr'><strong>confessionibus,</strong></span> <span class='ocrx_word' id='word_1_542' title='bbox 1630 2397 1743 2443; x_wconf 81' lang='lat' dir='ltr'><strong>poeni-</strong></span> 
     </span>
    </p>

    <p class='ocr_par' dir='ltr' id='par_1_27' title="bbox 999 2445 1742 2492">
     <span class='ocr_line' id='line_1_96' title="bbox 999 2445 1742 2492; baseline -0.007 -7"><span class='ocrx_word' id='word_1_543' title='bbox 999 2450 1117 2492; x_wconf 89' lang='lat' dir='ltr'><strong>tentiis,</strong></span> <span class='ocrx_word' id='word_1_544' title='bbox 1144 2449 1257 2484; x_wconf 89' lang='lat' dir='ltr'><strong>divinis</strong></span> <span class='ocrx_word' id='word_1_545' title='bbox 1278 2447 1388 2482; x_wconf 88' lang='lat' dir='ltr'><strong>officiis</strong></span> <span class='ocrx_word' id='word_1_546' title='bbox 1414 2445 1608 2482; x_wconf 87' lang='lat' dir='ltr'><strong>celebrandis</strong></span> <span class='ocrx_word' id='word_1_547' title='bbox 1633 2453 1664 2481; x_wconf 90' lang='lat' dir='ltr'><strong>et</strong></span> <span class='ocrx_word' id='word_1_548' title='bbox 1677 2458 1742 2481; x_wconf 87' lang='lat' dir='ltr'><strong>cor-</strong></span> 
     </span>
    </p>

    <p class='ocr_par' dir='ltr' id='par_1_28' title="bbox 1000 2494 1741 2546">
     <span class='ocr_line' id='line_1_97' title="bbox 1000 2494 1741 2546; baseline -0.007 -11"><span class='ocrx_word' id='word_1_549' title='bbox 1000 2499 1138 2546; x_wconf 84' lang='lat' dir='ltr'><strong>rigendis</strong></span> <span class='ocrx_word' id='word_1_550' title='bbox 1183 2497 1364 2533; x_wconf 83' lang='lat' dir='ltr'><strong>excessibus</strong></span> <span class='ocrx_word' id='word_1_551' title='bbox 1400 2495 1585 2531; x_wconf 89' lang='lat' dir='ltr'><strong>clericorum</strong></span> <span class='ocrx_word' id='word_1_552' title='bbox 1600 2523 1609 2539; x_wconf 96' lang='lat'><strong>,</strong></span> <span class='ocrx_word' id='word_1_553' title='bbox 1647 2494 1741 2531; x_wconf 87' lang='lat' dir='ltr'><strong>ullam</strong></span> 
     </span>
    </p>

    <p class='ocr_par' dir='ltr' id='par_1_29' title="bbox 999 2545 1741 2592">
     <span class='ocr_line' id='line_1_98' title="bbox 999 2545 1741 2592; baseline -0.007 -8"><span class='ocrx_word' id='word_1_554' title='bbox 999 2549 1058 2584; x_wconf 91' lang='lat' dir='ltr'><strong>sibi</strong></span> <span class='ocrx_word' id='word_1_555' title='bbox 1079 2548 1292 2584; x_wconf 86' lang='lat' dir='ltr'><strong>auctoritatem</strong></span> <span class='ocrx_word' id='word_1_556' title='bbox 1321 2554 1464 2592; x_wconf 88' lang='lat' dir='ltr'><strong>usurpet:</strong></span> <span class='ocrx_word' id='word_1_557' title='bbox 1492 2546 1546 2580; x_wconf 84' lang='lat' dir='ltr'><strong>sed</strong></span> <span class='ocrx_word' id='word_1_558' title='bbox 1569 2545 1646 2580; x_wconf 89' lang='lat' dir='ltr'><strong>haec</strong></span> <span class='ocrx_word' id='word_1_559' title='bbox 1671 2557 1741 2580; x_wconf 87' lang='lat' dir='ltr'><strong>om—</strong></span> 
     </span>
    </p>

    <p class='ocr_par' dir='ltr' id='par_1_30' title="bbox 1000 2594 1742 2645">
     <span class='ocr_line' id='line_1_99' title="bbox 1000 2594 1742 2645; baseline -0.007 -12"><span class='ocrx_word' id='word_1_560' title='bbox 1000 2598 1049 2634; x_wconf 88' lang='lat' dir='ltr'><strong>nia</strong></span> <span class='ocrx_word' id='word_1_561' title='bbox 1072 2609 1126 2644; x_wconf 89' lang='lat' dir='ltr'><strong>per</strong></span> <span class='ocrx_word' id='word_1_562' title='bbox 1148 2596 1281 2645; x_wconf 90' lang='lat' dir='ltr'><strong>priorem</strong></span> <span class='ocrx_word' id='word_1_563' title='bbox 1305 2597 1364 2631; x_wconf 86' lang='lat' dir='ltr'><strong>iam</strong></span> <span class='ocrx_word' id='word_1_564' title='bbox 1380 2595 1510 2635; x_wconf 89' lang='lat' dir='ltr'><strong>dictum,</strong></span> <span class='ocrx_word' id='word_1_565' title='bbox 1531 2594 1579 2629; x_wconf 84' lang='lat' dir='ltr'><strong>vel</strong></span> <span class='ocrx_word' id='word_1_566' title='bbox 1601 2594 1639 2629; x_wconf 91' lang='lat' dir='ltr'><strong>de</strong></span> <span class='ocrx_word' id='word_1_567' title='bbox 1657 2606 1742 2629; x_wconf 79' lang='lat' dir='ltr'><strong>mau=</strong></span> 
     </span>
    </p>
   </div>
   <div class='ocr_carea' id='block_1_10' title="bbox 999 2642 1739 2696">
    <p class='ocr_par' dir='ltr' id='par_1_31' title="bbox 999 2642 1739 2696">
     <span class='ocr_line' id='line_1_100' title="bbox 999 2642 1739 2696; baseline -0.007 -12"><span class='ocrx_word' id='word_1_568' title='bbox 999 2647 1072 2684; x_wconf 84' lang='lat' dir='ltr'><strong>dato</strong></span> <span class='ocrx_word' id='word_1_569' title='bbox 1092 2648 1209 2696; x_wconf 89' lang='lat' dir='ltr'><strong>ipsius.</strong></span> <span class='ocrx_word' id='word_1_570' title='bbox 1232 2658 1288 2694; x_wconf 86' lang='lat' dir='ltr'><strong>per</strong></span> <span class='ocrx_word' id='word_1_571' title='bbox 1309 2645 1438 2682; x_wconf 86' lang='lat' dir='ltr'><strong>clericos</strong></span> <span class='ocrx_word' id='word_1_572' title='bbox 1463 2643 1655 2693; x_wconf 73' lang='lat' dir='ltr'><strong>expleantur.</strong></span> <span class='ocrx_word' id='word_1_573' title='bbox 1693 2642 1739 2679; x_wconf 72' lang='lat' dir='ltr'><strong>Ad</strong></span> 
     </span>
    </p>
   </div>
   <div class='ocr_carea' id='block_1_11' title="bbox 1776 264 1954 293">
    <p class='ocr_par' dir='ltr' id='par_1_32' title="bbox 1776 264 1954 293">
     <span class='ocr_line' id='line_1_101' title="bbox 1776 264 1954 293; baseline 0.011 -1"><span class='ocrx_word' id='word_1_574' title='bbox 1776 270 1826 292; x_wconf 76' lang='lat' dir='ltr'><strong>An.</strong></span> <span class='ocrx_word' id='word_1_575' title='bbox 1840 264 1867 292; x_wconf 84' lang='lat' dir='ltr'><strong>C.</strong></span> <span class='ocrx_word' id='word_1_576' title='bbox 1888 265 1954 293; x_wconf 74' lang='grc'><strong>1186</strong></span> 
     </span>
    </p>
   </div>
   <div class='ocr_carea' id='block_1_12' title="bbox 1769 925 1950 1009">
    <p class='ocr_par' dir='ltr' id='par_1_33' title="bbox 1769 925 1950 1009">
     <span class='ocr_line' id='line_1_102' title="bbox 1783 925 1949 948; baseline 0.012 -2"><span class='ocrx_word' id='word_1_577' title='bbox 1783 925 1888 947; x_wconf 74' lang='lat' dir='ltr'><strong>Fratribus</strong></span> <span class='ocrx_word' id='word_1_578' title='bbox 1905 934 1949 948; x_wconf 86' lang='lat' dir='ltr'><strong>mu-</strong></span> 
     </span>
     <span class='ocr_line' id='line_1_103' title="bbox 1769 958 1950 984; baseline 0 -7"><span class='ocrx_word' id='word_1_579' title='bbox 1769 960 1803 978; x_wconf 79' lang='lat' dir='ltr'><strong>tua</strong></span> <span class='ocrx_word' id='word_1_580' title='bbox 1814 958 1950 984; x_wconf 51' lang='lat' dir='ltr'><strong>impendenda</strong></span> 
     </span>
     <span class='ocr_line' id='line_1_104' title="bbox 1769 988 1879 1009; baseline 0 0"><span class='ocrx_word' id='word_1_581' title='bbox 1769 988 1879 1009; x_wconf 71' lang='lat' dir='ltr'><strong>subi-sntio</strong></span> 
     </span>
    </p>
   </div>
   <div class='ocr_carea' id='block_1_13' title="bbox 1768 1117 1946 1172">
    <p class='ocr_par' dir='ltr' id='par_1_34' title="bbox 1768 1117 1946 1172">
     <span class='ocr_line' id='line_1_105' title="bbox 1781 1117 1946 1148; baseline 0.006 -8"><span class='ocrx_word' id='word_1_582' title='bbox 1781 1117 1889 1148; x_wconf 64' lang='lat' dir='ltr'><strong>nuruique</strong></span> <span class='ocrx_word' id='word_1_583' title='bbox 1903 1121 1946 1141; x_wconf 54' lang='lat' dir='ltr'><strong>eb»</strong></span> 
     </span>
     <span class='ocr_line' id='line_1_106' title="bbox 1768 1152 1818 1172; baseline -0.02 0"><span class='ocrx_word' id='word_1_584' title='bbox 1768 1152 1818 1172; x_wconf 70' lang='lat' dir='ltr'><strong>rita·</strong></span> 
     </span>
    </p>
   </div>
  </div>
 </body>
</html>
