2129 3223
157 245 204 270 An⁴
224 245 251 270 C.
271 244 336 271 ¹2⁶&

404 233 473 267 720

946 239 1135 264 BULLARtUM
1156 239 1320 263 ROMANUM

353 298 474 334 cendat.
505 297 545 332 Et
567 295 695 344 quando
717 294 897 330 monasterii
924 295 1100 330 clausuram
1142 305 1158 328 a
1185 293 1355 334 visitatore,
1389 302 1451 330 tam
1478 294 1653 340 abbatissa,
1675 307 1768 341 quam
1791 296 1885 339 atiae,

352 347 390 382 ad
415 345 601 381 visitandum
628 345 805 382 intraverit.
833 343 915 379 duos
937 344 1101 390 religiosos
1142 342 1258 388 debite,
1282 345 1544 390 proutconvenit,
1563 345 1745 392 puniantur.
1765 344 1887 382 Omnes

353 406 381 430 et
405 396 533 430 idoneos
555 394 658 430 socios
679 406 787 429 secum
810 393 915 438 ducat,
943 394 995 440 qui
1018 393 1102 428 vide-

353 446 422 480 licet
445 444 520 479 socii
553 443 647 479 simul
671 451 828 482 maneant,
855 451 885 478 et
907 443 981 477 dum
1011 442 1100 477 fuerit

353 494 430 528 intra
461 494 650 535 claustrum,
685 492 724 527 ab
753 493 887 528 invicem
923 491 1101 526 nullatenus

351 551 546 590 separentur.
570 542 719 578 Visitator
744 551 860 581 autem,
885 541 988 587 regula
1015 543 1101 586 prius

352 592 428 627 lecta
451 601 481 628 et
510 592 668 639 exposita,
704 591 744 626 ab
768 568 936 625 abbatissaU
959 589 1099 636 sigillum

351 641 494 687 recipiat,
522 642 606 688 quod
630 642 694 688 ipsa
720 640 779 675 sibi
802 640 971 686 assignare,
993 646 1023 673 et
1039 639 1101 673 ab-

350 690 539 725 solutionem
569 698 599 725 et
632 689 871 725 concessionem
898 688 937 723 ab
963 688 1101 723 abbatis-

350 751 402 774 sae
431 740 605 775 ministerio
632 747 752 795 petere
774 738 916 774 absolute
943 749 978 772 30
1004 737 1100 772 111)010

351 796 501 823 teneatur.
526 788 615 831 Quae
643 789 669 823 si
692 799 896 823 communem
924 787 1017 821 vitam
1037 799 1099 821 non

351 838 465 893 poterit
486 837 615 880 ducere,
635 838 681 873 vel
705 837 852 877 30130111,
876 848 931 884 per
952 836 1099 871 eumdem

351 887 541 922 visitatorem
575 899 592 922 a
622 899 680 922 suo
712 886 866 932 regimine
902 885 1101 929 absolvatur,

352 936 411 970 nisi
439 948 495 971 sua
523 947 609 971 mora
638 936 669 970 in
697 935 800 970 officio
827 934 1017 969 monasterio
1051 933 1101 967 di-

350 985 517 1031 spendiosa
544 997 607 1020 non
630 992 728 1025 esset,
756 983 810 1018 sed
839 984 1026 1022 necessaria,
1053 983 1099 1017 vel

350 1033 511 1069 evidenter
564 1033 649 1069 utilis
690 1041 867 1080 appareret.
912 1032 1102 1067 Absolvatur

350 1082 442 1117 etiam
471 1095 526 1130 per
546 1083 707 1126 eumdem,
735 1094 760 1117 51
783 1082 859 1116 31135
886 1094 947 1116 303
972 1081 1100 1136 idonea,

351 1131 397 1166 vel
435 1131 631 1168 insufficiens
669 1132 707 1166 ad
743 1131 923 1165 monasterii
961 1130 1100 1176 regimen

351 1180 511 1223 videatur;
544 1189 575 1216 et
609 1182 668 1216 1100
696 1181 748 1215 fiat
769 1180 945 1215 secundum
969 1179 1100 1214 formam

350 1237 381 1264 et
404 1209 556 1271 moduin,
589 1242 668 1278 quos
702 1242 719 1265 a
745 1229 895 1264 cardinali
921 1229 1158 1276 supradictoe

351 1280 505 1326 receperit
526 1280 677 1323 visitator,
699 1279 751 1326 qui
780 1286 841 1313 tam
869 1278 908 1313 (10
930 1278 1029 1325 ipsius
1048 1277 1102 1312 31)-

350 1327 496 1369 batissae,
518 1341 612 1376 quam
636 1340 779 1364 sororum
811 1334 909 1371 statu,
934 1334 965 1361 et
991 1327 1102 1362 obser-

353 1378 455 1412 vantia
481 1390 557 1413 suae
588 1378 766 1424 religionis,
799 1376 838 1411 ab
865 1354 1013 1411 omnibus
1046 1388 1103 1431 ge-

352 1425 501 1461 neraliter
521 1435 552 1462 et
573 1426 750 1474 specialiter
770 1438 786 1460 a
814 1425 946 1471 singulis
968 1426 1103 1472 inquirat

352 1475 529 1510 studiosius
554 1477 732 1520 veritatem,
760 1482 791 1510 et
818 1474 870 1509 ubi
899 1475 1019 1529 aliquid
1051 1487 1103 1509 re-

353 1523 552 1560 formandum
589 1526 635 1560 vel
670 1523 893 1570 corrigendum
934 1523 1102 1564 invenerit,

352 1573 419 1608 zelo
453 1573 614 1609 charitatis
640 1582 671 1609 et
700 1572 995 1616 amore‘iustitiae,
1029 1585 1124 1607 cum*

352 1621 542 1658 discretione
569 1624 704 1669 corrigat
735 1630 765 1657 et
787 1622 951 1663 reformet,
983 1630 1043 1655 tam
1073 1623 1101 1656 in

353 1673 471 1717 capite,
501 1684 595 1719 quam
624 1673 655 1707 in
685 1671 854 1712 membris,
882 1672 962 1705 sicut
989 1671 1104 1706 melius

353 1721 465 1755 viderit
503 1721 661 1767 expedire.
698 1721 855 1755 Excessus
887 1727 1014 1764 autem,
1050 1721 1103 1766 qui

353 1769 446 1805 fuerit
478 1770 670 1806 sufficienter
704 1778 864 1805 correctus
889 1781 906 1804 a
932 1770 1104 1809 visitatore,

353 1818 536 1855 nullatenus
571 1820 682 1855 iterum
723 1819 908 1865 corrigatur.
949 1818 1044 1860 Quod
1078 1819 1103 1853 si

353 1868 471 1915 aliquid
507 1869 567 1905 tale
594 1869 654 1904 sibi
676 1869 860 1908 occurrerit,
887 1867 972 1914 quod
997 1879 1051 1914 per
1072 1880 1105 1902 se

354 1926 490 1964 nequeat
503 1918 684 1959 emendare,
707 1918 745 1952 ad
764 1917 960 1964 superiorem
981 1917 1105 1961 referat,

355 1974 388 2000 ut
406 1967 579 2013 corrigatur
604 1968 686 2003 sicut
712 1967 850 2014 expedit,
872 1966 940 2001 eius
973 1966 1106 2001 consilio

355 2027 390 2050 ac
410 2025 587 2064 praecepto.
610 2016 726 2052 Caveat
746 2024 850 2052 autem
866 2015 1040 2056 abbatissa,
1067 2027 1106 2050 ne

355 2076 372 2100 a
405 2078 438 2100 se
471 2065 518 2100 vel
545 2066 584 2101 ab
610 2066 677 2101 aliis
708 2065 886 2108 sororibus,
924 2072 1022 2099 status
1056 2064 1106 2099 sui

356 2115 539 2149 monasterii
575 2116 721 2149 visitatori
749 2115 946 2162 aliquatenus
971 2113 1108 2148 abscon-

356 2163 458 2204 datur,
485 2164 557 2218 quia
579 2164 696 2199 malum
719 2171 801 2198 esset
825 2162 989 2207 indicium,
1011 2171 1041 2197 et
1059 2163 1103 2197 of-

358 2213 444 2248 fensa
466 2213 602 2259 graviter
623 2213 793 2261 punienda.
824 2212 890 2246 1310
912 2211 1057 2246 volumus
1078 2219 1107 2246 et

358 2262 562 2304 mandamus,
596 2271 628 2297 ut
659 2275 693 2297 ea
716 2274 797 2309 quae
830 2260 1005 2296 secundum
1028 2261 1108 2295 vitae

359 2323 435 2346 suae
461 2311 592 2347 formam
615 2320 645 2347 et
667 2313 842 2358 regularem
866 2310 1108 2351 observantiam,

361 2361 551 2396 instituenda
578 2361 624 2396 vel
652 2361 846 2396 emendanda
881 2360 1013 2403 fuerint,
1043 2372 1109 2406 pu-

361 2410 442 2445 blice
474 2423 509 2446 ac
550 2411 710 2458 privatim,
744 2411 827 2445 sicut
853 2409 965 2444 melius
998 2409 1110 2443 viderit

362 2458 551 2504 faciendum,
580 2459 726 2494 visitatori
754 2466 924 2505 suggerant
948 2466 978 2492 et
1001 2470 1110 2505 propo-

363 2516 448 2548 nant,
471 2509 521 2543 cui
544 2517 711 2544 teneantur
733 2508 763 2542 in
787 2508 946 2546 omnibus,
974 2519 1054 2553 quae
1071 2506 1108 2541 ad

363 2556 499 2591 officium
522 2569 596 2592 suae
632 2557 815 2592 visitationis
850 2557 1024 2603 pertinent,
1058 2556 1110 2589 tir-

364 2605 456 2639 miter
477 2606 613 2641 obedire.
636 2607 724 2647 Quae
739 2614 843 2641 autem
862 2606 950 2641 aliter
968 2604 1109 2646 fecerint,

1141 401 1243 427 autem
1268 401 1328 428 tam
1344 392 1510 435 abbatissa,
1533 406 1626 441 quam
1653 406 1788 435 sorores,
1816 407 1889 430 con-

1142 442 1281 476 siderent
1318 451 1346 477 et
1373 451 1503 478 caveant
1532 444 1718 489 diligenter,
1746 451 1780 478 ut
1813 443 1887 479 nihil

1142 490 1248 531 aliud,
1281 504 1375 539 quam
1413 505 1501 527 amor
1535 492 1659 528 divinus
1702 501 1732 528 et
1758 505 1887 528 suarum

1142 552 1286 575 sororum
1323 542 1474 576 correctio
1513 553 1549 576 ac
1582 543 1763 577 monasterii
1791 542 1889 578 refor-

1143 590 1236 624 matio
1251 602 1304 625 035
1320 598 1442 625 moveat
1464 590 1502 625 ad
1525 591 1730 637 loquendum.
1758 591 1888 627 Modum

1141 647 1245 673 autem
1268 639 1416 686 loquendi
1445 640 1582 675 visitator
1607 640 1761 675 custodiat
1782 652 1890 688 supra-

1142 687 1279 730 dictum,
1308 697 1339 722 111
1361 688 1527 728 videlicet,
1560 696 1613 723 aut
1640 701 1713 724 cum
1740 690 1890 724 omnibus

1141 745 1193 771 aut
1209 750 1281 772 cum
1305 738 1450 785 pluribus
1471 738 1566 772 simul
1589 738 1747 784 loquatur,
1770 738 1817 773 vel
1837 751 1890 774 se-

1142 794 1225 821 crete
1257 798 1328 821 cum
1366 799 1443 830 una,
1481 787 1549 822 aliis
1576 795 1692 831 tamen,
1714 787 1751 822 ad
1783 789 1890 823 minus

1142 835 1276 876 duabus,
1295 836 1325 870 in
1341 845 1468 883 aspectu
1490 837 1561 871 eius
1577 848 1637 871 non
1661 836 1754 883 longe
1775 836 1890 872 seden-

1143 885 1247 926 tibus,
1280 893 1312 920 ut
1345 897 1400 931 per
1427 886 1531 920 omnia
1559 885 1660 921 bonae
1686 886 1787 920 famae
1808 887 1891 921 inte-

1141 934 1238 979 gritas
1271 941 1491 975 conservetur,
1530 935 1590 969 nisi
1629 934 1666 969 ad
1700 935 1890 970 locutorium

1141 995 1212 1017 cum
1244 995 1304 1018 3113
1334 982 1380 1017 νο1
1411 983 1554 1029 pluribus
1581 984 1667 1031 loqui
1694 984 1824 1018 voluerit
1851 983 1892 1019 de

1142 1032 1194 1072 iis,
1222 1044 1301 1078 quae
1323 1031 1361 1066 ad
1389 1031 1524 1067 officium
1547 1045 1639 1068 suum
1664 1033 1820 1080 pertinere
1838 1045 1892 1068 no-

1142 1088 1279 1116 scantur.
1314 1080 1399 1116 Idem
1424 1081 1516 1116 etiam
1546 1082 1702 1127 visitator,
1730 1090 1791 1117 tam
1813 1093 1893 1129 cap-

1145 1131 1316 1176 pellanum,
1350 1142 1445 1177 quam
1474 1143 1661 1175 conversos,
1696 1138 1726 1166 et
1751 1138 1891 1167 caeteros

1142 1179 1181 1214 de
1214 1179 1328 1214 familia
1362 1180 1536 1215 extrinseca
1564 1180 1746 1215 monasterii
1775 1181 1890 1221 visitet,

1143 1237 1173 1263 et
1195 1228 1226 1262 in
1249 1229 1294 1263 eis
1316 1228 1451 1274 corrigat
1477 1237 1507 1263 et
1534 1229 1693 1273 reformet,
1720 1241 1800 1276 quae
1818 1241 1892 1264 cor-

1145 1278 1293 1312 rectionis
1315 1285 1345 1312 et
1373 1277 1604 1314 reformationis
1637 1278 1739 1313 officio
1773 1278 1893 1314 noverit

1144 1326 1302 1373 indigere;
1330 1339 1447 1374 poenas
1482 1335 1544 1362 tam
1577 1328 1744 1362 amotionis
1778 1339 1894 1374 perpe-

1144 1384 1215 1411 tuae
1237 1388 1252 1411 a
1278 1377 1486 1418 monasterio,
1519 1376 1711 1412 licentiando
1736 1376 1893 1432 professos

1143 1426 1180 1460 ad
1208 1425 1268 1460 alia
1292 1426 1479 1461 monasteria
1507 1426 1553 1461 vel
1580 1426 1720 1467 ordines,
1742 1426 1823 1461 sicut
1846 1426 1894 1461 vi-

1143 1475 1223 1509 derit
1245 1475 1411 1521 expediiqe
1433 1487 1528 1522 quam
1553 1475 1644 1516 alias,
1669 1483 1761 1522 prout
1783 1475 1894 1520 culpae

1144 1524 1280 1568 gravitas
1300 1532 1331 1558 ct
1356 1524 1489 1570 qualitas
1513 1525 1666 1571 exegerit,
1688 1523 1892 1579 imponendo.

1145 1573 1187 1607 Ut
1214 1581 1318 1607 autem
1346 1585 1409 1607 non
1442 1583 1611 1627 graventur
1642 1573 1830 1608 monasteria
1861 1573 1892 1607 in

1145 1623 1308 1669 expensis,
1336 1630 1366 1657 et
1393 1622 1533 1657 visitator
1559 1635 1685 1657 omnem
1710 1631 1813 1657 notam
1836 1634 1893 1657 cu-

1146 1671 1276 1717 iuspiam
1300 1671 1494 1718 suspicionis
1520 1672 1629 1711 evitet,
1657 1671 1802 1707 volumus
1823 1683 1894 1706 om-

1146 1721 1234 1765 nino,
1262 1721 1347 1766 quod
1370 1721 1528 1765 visitator,
1550 1721 1589 1756 de
1617 1720 1802 1755 visitationis
1823 1720 1894 1755 offi-

1145 1770 1213 1809 cio,
1240 1781 1334 1816 quam
1370 1770 1464 1804 citius
1497 1769 1664 1805 commode
1698 1770 1827 1815 poterit,
1860 1781 1894 1805 se

1147 1818 1271 1853 studeat
1296 1819 1463 1865 expedire,
1494 1828 1612 1865 quanto
1645 1819 1744 1853 rarius
1777 1818 1895 1865 absque

1147 1868 1195 1902 sui
1223 1867 1317 1902 officii
1351 1867 1519 1915 dispendio
1551 1868 1682 1915 poterit,
1711 1867 1894 1903 monasterii

1146 1917 1324 1952 clausuram
1352 1917 1542 1952 intrinsecus
1563 1917 1776 1963 ingressurus.

1436 1991 1515 2027 CAP.
1548 1994 1606 2028 25.

1196 2062 1313 2098 Verum
1329 2074 1368 2097 ne
1382 2062 1420 2097 ab
1434 2062 1628 2098 observantia
1646 2064 1819 2111 praesentis
1846 2076 1895 2100 re-

1147 2113 1236 2158 gulae
1263 2113 1328 2146 sive
1356 2111 1508 2146 formulae
1532 2114 1763 2160 suprascriptae
1789 2116 1893 2160 (quam

1150 2161 1345 2196 uniformiter
1372 2161 1487 2207 ubique
1512 2161 1552 2196 31)
1577 2161 1724 2196 omnibus
1751 2163 1895 2196 volumus

1149 2218 1179 2245 et
1215 2210 1402 2245 mandamus
1427 2210 1608 2256 diligentius
1638 2211 1823 2255 observari),
1840 2223 1895 2258 pro

1149 2260 1275 2294 defectu
1306 2261 1381 2294 certi
1409 2260 1571 2303 regiminis
1596 2260 1627 2294 in
1655 2268 1812 2307 posterum
1845 2272 1895 2294 rc-

1150 2309 1262 2345 cedere
1295 2321 1349 2343 vos
1375 2310 1554 2355 contingam
1587 2316 1639 2343 aut
1670 2309 1729 2343 sub
1755 2308 1897 2344 diverso-

1150 2371 1218 2392 rum
1242 2359 1433 2404 magisterio,
1456 2357 1579 2393 vivendi
1601 2358 1715 2392 modus
1736 2358 1896 2393 incurrere

1151 2408 1344 2451 dill'erenteS,
1366 2407 1483 2442 dilecto
1506 2407 1589 2441 fratri
1614 2415 1720 2442 nostro
1741 2406 1764 2441 l.
1788 2405 1894 2442 Sancti

1150 2457 1269 2491 Nicolai
1299 2458 1329 2491 in
1353 2456 1487 2492 Carcere
1509 2456 1655 2491 Tulliano
1682 2455 1814 2490 diacono
1832 2468 1897 2491 car-

1152 2505 1265 2549 dinali,
1292 2506 1511 2551 gubernatori,
1540 2506 1705 2551 protectori
1738 2513 1768 2539 et
1790 2517 1898 2541 corre-

1151 2556 1227 2589 ctori
1252 2555 1371 2589 ordinis
1398 2555 1525 2589 fratrum
1548 2553 1716 2597 Minorum,
1738 2566 1844 2589 curam
1867 2562 1898 2589 et

1153 2605 1292 2650 regimen
1315 2605 1408 2639 vestri
1431 2603 1562 2646 ordinis,
1583 2615 1707 2637 necnon
1725 2610 1756 2637 et
1783 2615 1898 2650 perso-

1900 244 1949 270 An.
1967 243 1996 271 C.
2016 244 2083 272 ¹262

1923 2073 1950 2094 De
1978 2071 2088 2094 cnrdtnntt·

1908 2103 2035 2130 protectoris
2051 2107 2087 2122 nu-

1908 2135 2014 2156 ctoritate.

2105 3088 2112 3223 1———223⁴
2106 3062 2110 3075 Ᾰ-
2111 3026 2113 3031 Α

2120 3078 2129 3223 ..ιιι-51-.
2122 3049 2128 3069 ,ψ
