2129 3223
146 256 195 282 An.
214 256 242 281 C.
260 255 328 282 ¹267

394 246 462 278 788

344 311 452 357 pratis,
480 310 592 352 vineis,
615 310 808 349 nemoribus,
830 308 997 353 aediliciis,
1027 321 1086 343 nn-

344 359 462 393 trituris
483 366 512 393 et
535 358 728 393 huiusmodi.
751 358 887 394 Fructus
908 359 993 393 enim
1016 358 1086 393 inde

343 416 506 452 exeuntes,
531 407 676 442 deductis
708 408 878 455 expensis,
910 407 1084 443 secundum

344 457 544 492 rationabiles
570 457 789 492 extimationes
814 457 945 492 ministri
974 465 1004 491 et
1026 456 1086 492 sra-

343 517 436 547 trum,
460 507 489 541 in
515 515 577 541 tres
601 515 703 553 partes
726 506 907 542 dividantur
929 506 1086 553 aequales;

342 557 395 591 sed
413 568 493 604 quae
520 567 635 603 paucas
659 557 703 590 vel
739 557 840 592 nullas
862 556 1017 602 recipiunt
1037 567 1088 590 ex-

343 618 477 653 pensas.
518 618 628 640 omnes
669 606 858 641 dividantur.
897 604 978 640 Cum
1015 617 1087 639 vero

344 656 452 703 panni,
491 654 702 690 calceamenta
738 656 784 690 vel
817 656 934 689 minuta
969 654 1087 688 huius—

343 705 439 748 modi,
459 704 578 751 quibus
593 705 633 739 sit
651 717 779 740 necesse
803 705 860 749 uti,
883 716 962 751 quae
982 703 1086 745 vendi,

343 755 390 789 vel
414 754 590 789 conservari
620 766 680 788 non
703 754 846 802 expedit,
868 754 937 788 data
960 753 1086 795 fuerint,

344 804 388 839 vel
411 815 427 838 a
449 816 482 838 se
506 804 583 850 ipsis
611 803 788 842 habuerint,
812 816 872 837 non
896 802 1086 841 dividantur,

344 854 399 887 nisi
433 852 576 887 ministro
607 853 719 887 domus
749 861 777 887 et
807 852 951 887 fratribus
987 853 1085 886 visum

343 902 434 937 fuerit
466 902 624 949 expedire.
647 902 694 936 De
727 902 844 949 quibus
876 901 1009 947 singulis
1035 900 1088 935 do-

343 951 465 986 minicis
492 951 616 991 diebus,
649 951 672 986 si
702 952 767 986 fieri
799 959 910 997 potest,
937 951 966 984 in
1000 950 1088 997 capi-

343 1000 406 1036 tulo
428 999 630 1035 deliberetur.
658 999 691 1035 Si
722 1010 822 1035 tamen
858 999 1027 1047 praedicta,
1055 1007 1088 1034 ut

345 1050 449 1096 panni,
464 1058 577 1092 terrae,
597 1050 781 1093 nutriturae,
797 1061 852 1084 seu
875 1049 993 1084 minuta
1011 1060 1088 1084 ven-

343 1099 505 1134 derentur:
537 1099 673 1146 pretium
709 1099 782 1133 inde
818 1099 1017 1145 proveniens,
1056 1098 1086 1132 in

343 1159 403 1184 tres
435 1157 538 1195 partes
574 1157 607 1183 ut
640 1160 734 1195 supra
758 1147 925 1183 dividatur.
954 1147 1001 1182 De
1031 1159 1087 1182 ne-

343 1198 481 1232 moribus
503 1206 619 1242 autem,
641 1197 743 1233 foenis
766 1206 939 1245 pratorum,
962 1197 1088 1231 strami—

343 1247 434 1282 nibus
462 1247 736 1294 agriculturaruni,
763 1255 792 1281 et
820 1246 973 1282 fructibus
995 1246 1088 1280 arbo—

343 1309 433 1341 rum,
461 1308 611 1344 pecorum
651 1305 681 1332 et
718 1297 901 1340 hortorum,
935 1295 973 1330 ad
1012 1308 1088 1330 usus

343 1347 536 1381 necessarios
570 1345 660 1380 liceat
692 1345 838 1380 fratribus
870 1345 1022 1391 accipere.
1052 1344 1085 1379 Si

342 1395 417 1442 quid
440 1407 512 1430 vero
539 1394 577 1429 de
605 1394 772 1441 praedictis
795 1395 887 1429 vendi
920 1394 1088 1440 contigerit

344 1444 390 1478 vel
429 1444 466 1478 de
504 1443 659 1478 fructibus
694 1444 841 1478 arborum
872 1451 965 1491 potus
998 1443 1086 1477 fieri:

345 1494 433 1528 tertia
462 1505 532 1540 pars
565 1492 711 1527 reddatur
744 1492 886 1539 captivis,
913 1492 1086 1527 secundum

344 1543 474 1577 sormam
503 1542 646 1588 superius
673 1549 863 1582 annotatam.v
890 1541 923 1576 Si
954 1541 1086 1581 domus,

344 1591 390 1626 vel
413 1603 629 1639 quaecumque
651 1591 722 1634 alia,
748 1603 762 1624 a
791 1591 900 1637 quovis
922 1590 1003 1625 licite
1029 1590 1088 1624 sub

344 1653 547 1688 quocumque
569 1641 696 1675 nomine
717 1639 862 1675 fratribus
877 1639 1087 1683 conserantur,

345 1689 550 1725 donatoribus
572 1697 756 1736 exponatur,
783 1689 917 1736 qualiter
938 1688 976 1723 de
998 1688 1088 1723 bonis

344 1739 409 1773 suis
437 1747 499 1773 tres
520 1738 656 1774 debeant
682 1738 782 1773 facere
811 1739 984 1785 portiones:
1009 1746 1039 1772 et
1061 1738 1087 1772 si

345 1788 476 1823 donator
501 1788 634 1822 voluerit
657 1787 688 1823 in
720 1796 781 1822 tres
807 1787 920 1831 dividi,
947 1786 1088 1821 dividan-

345 1846 406 1882 tur,
428 1845 458 1872 et
485 1838 509 1872 si
527 1849 603 1877 non,
626 1849 687 1872 non
714 1837 904 1871 dividantur.
927 1836 1015 1878 Quae
1031 1848 1089 1870 au-

346 1896 405 1922 tem
435 1899 534 1934 usque
562 1887 655 1921 modo
687 1886 833 1920 fratribus
862 1886 971 1921 collata
1002 1893 1088 1929 sunt,

345 1935 529 1971 secundum
549 1936 631 1983 quod
656 1936 693 1971 de
718 1936 874 1970 voluntate
900 1935 1088 1970 donatorum

345 1999 380 2022 ea
403 1994 598 2033 receperunt,
627 1985 717 2020 liceat
744 1987 791 2020 eis
812 1985 850 2020 de
873 1985 947 2032 ipsis
981 1985 1089 2031 dispo-

346 2047 433 2079 nere,
448 2043 478 2070 et
499 2036 687 2070 voluntatem
711 2035 896 2070 donatorum
920 2047 975 2080 pro
999 2046 1090 2081 posse

346 2097 404 2120 suo
425 2085 606 2131 adimplere.
629 2083 764 2119 Fructus
788 2097 858 2119 vero
885 2084 1033 2118 collectos
1052 2084 1089 2118 de

346 2135 439 2170 bonis
470 2143 575 2181 postea
604 2134 776 2181 acquisitis,
804 2134 945 2168 deductis
971 2145 1090 2180 expen-

347 2185 401 2224 sis,
420 2184 598 2220 secundum
621 2184 704 2230 quod
728 2184 766 2218 de
783 2183 853 2218 aliis
874 2182 1088 2229 supradictum

348 2242 410 2271 est,
437 2234 576 2268 dividere
603 2232 804 2268 tenebuntur.
836 2231 882 2267 De
909 2232 984 2275 iltis,
1011 2244 1090 2279 quae

349 2285 379 2318 in
405 2283 541 2318 Ecclesia
564 2282 750 2323 offeruntur,
774 2282 818 2316 vel
838 2282 898 2316 alio
925 2281 1018 2316 modo
1035 2293 1091 2328 ap-

351 2341 522 2380 portantur,
559 2340 590 2366 ut
625 2333 821 2372 vestimenta,
858 2332 952 2378 panni
980 2331 1089 2370 serici,

349 2382 523 2417 oblationes
545 2390 574 2416 et
596 2381 772 2425 huiumodi,
799 2381 858 2428 ipsi
878 2380 1036 2416 Ecclesiae
1060 2381 1089 2415 in

350 2432 416 2466 suis
445 2431 640 2475 necessariis,
670 2440 702 2465 ut
730 2430 828 2469 libris,
856 2442 941 2469 cera,
965 2430 1034 2465 oleo
1061 2437 1092 2465 et

350 2481 418 2516 aliis
443 2480 584 2516 eiusdem
619 2480 833 2519 ornamentis,
869 2479 1089 2526 provideatur:

351 2530 434 2576 quod
456 2538 559 2565 autem
582 2530 756 2577 supererit,
778 2528 944 2564 dividatur.
974 2528 1006 2564 Si
1035 2529 1091 2563 do-

353 2592 433 2619 mus,
456 2586 566 2619 terrae,
595 2579 821 2627 possessiones,
845 2579 891 2613 vel
918 2579 986 2619 alia,
1010 2578 1091 2613 unde

352 2628 490 2663 redditus
513 2629 699 2676 proveniunt
722 2628 767 2664 vel
789 2628 1011 2663 conservandis
1025 2627 1092 2663 fru-

918 254 1105 278 BCLLAthM
1128 253 1291 278 ROMANUM

1126 307 1228 342 ctibus
1254 315 1326 343 sunt
1354 309 1539 351 necessaria,
1561 308 1737 344 calamitate
1767 307 1869 356 aliqua

1128 357 1173 392 vel
1200 369 1274 392 casu
1297 357 1515 399 destruantur,
1536 359 1625 394 liceat
1659 357 1807 393 fratribus
1832 357 1871 393 de

1127 406 1351 442 communibus
1380 407 1482 449 bonis,
1511 408 1664 455 praedicta
1692 408 1722 441 in
1741 412 1869 442 'statum

1127 456 1267 491 debitum
1296 456 1478 496 reformare:
1505 466 1536 492 et
1563 458 1622 493 hoc
1648 457 1687 492 de
1713 469 1868 493 consensu

1128 507 1253 541 maioris
1281 506 1413 540 ministri
1437 508 1481 542 vel
1509 508 1578 542 eius
1600 507 1702 542 vicarii
1726 518 1782 542 seu
1805 507 1871 541 visi-

1128 563 1260 590 tatorum
1298 555 1382 590 illius
1405 557 1591 602 provinciae.
1619 555 1653 591 Si
1682 564 1786 592 tamen
1815 569 1872 604 pro

1128 604 1255 640 fratrum
1285 616 1422 651 congrua
1443 606 1682 645 sustentatione,
1705 607 1873 641 necessitas

1127 655 1288 701 exegerit,
1312 655 1492 689 huiusmodi
1515 655 1627 689 divisio
1648 667 1686 689 ex
1709 655 1800 690 bonis
1818 655 1871 690 in—

1127 703 1305 739 differenter
1328 703 1455 744 relictis,
1482 704 1612 739 arbitrio
1638 704 1773 739 ministri
1799 716 1873 751 pro-

1128 753 1277 797 vincialis,
1311 765 1366 801 pro
1388 762 1529 800 tempore
1562 754 1746 798 existentis,
1782 753 1874 788 relin-

1127 810 1256 849 quatum
1279 802 1451 837 dummodo
1474 803 1522 837 illa
1547 815 1608 837 non
1628 802 1664 837 ad
1687 802 1765 838 alios
1786 815 1873 846 usus,

1127 863 1220 898 quam
1241 851 1279 887 ad
1295 851 1544 899 redemptionem
1563 860 1592 887 et
1608 864 1784 899 pauperum
1802 852 1875 888 sub-

1128 901 1319 942 ventionem,
1352 913 1388 936 ac
1414 901 1614 948 hospitalium
1645 903 1872 949 reparationem

1127 962 1182 985 seu
1216 950 1499 991 constructionem,
1528 963 1564 985 ac
1590 950 1719 986 fratrum
1753 951 1874 987 ordinis

1127 1000 1390 1035 sustentationem
1413 1008 1646 1041 convertantur,
1672 1009 1701 1034 et
1729 1002 1774 1035 sic
1797 1001 1874 1036 ultra

1129 1051 1249 1084 tertiam
1282 1056 1400 1097 partem
1434 1049 1632 1089 huiusmodi,
1658 1050 1778 1097 absque
1807 1050 1874 1085 ali—

1128 1099 1219 1134 cuius
1254 1098 1466 1134 conscientiae
1508 1099 1677 1146 scrupulo,
1712 1100 1871 1147 percipere

1130 1149 1186 1195 ipsi
1217 1148 1325 1183 fratres
1348 1157 1378 1183 et
1407 1147 1507 1182 levare
1530 1148 1661 1184 valeant.

1435 1224 1514 1259 Car.
1538 1228 1572 1258 2.

1176 1295 1297 1331 Omnes
1323 1295 1482 1330 Ecclesiae
1518 1296 1608 1330 istius
1636 1295 1756 1330 ordinis
1783 1298 1873 1342 (quas

1129 1346 1237 1379 fratres
1257 1345 1316 1379 sibi
1338 1344 1584 1389 aedificaverint)
1607 1344 1805 1379 intitulentur
1819 1357 1872 1379 no-

1128 1394 1202 1429 mini
1225 1394 1357 1429 Sanctae
1378 1394 1548 1433 Trinitatis,
1567 1402 1597 1429 et
1613 1394 1675 1428 sint
1695 1394 1777 1441 plani
1793 1405 1870 1440 ope-

1886 255 1934 281 An.
1952 253 1980 280 C.
2002 252 2067 279 t257

1900 1307 1929 1328 De
1944 1307 2006 1328 titulo
2021 1312 2067 1328 moe

1886 1344 1923 1359 nas
1915 1340 2033 1359 <terior-nm.

1130 1444 1180 1479 ris.
1209 1443 1268 1478 Tot
1297 1443 1408 1478 fratres
1435 1446 1558 1491 possint
1584 1455 1654 1478 esse
1680 1444 1711 1477 in
1735 1455 1796 1478 una
1817 1455 1882 1478 co-v

1128 1493 1319 1528 habitatione
1346 1501 1408 1527 tam
1435 1493 1538 1528 clerici
1565 1505 1659 1548 quam
1686 1492 1767 1536 laici,
1795 1502 1871 1540 quot

1129 1542 1279 1576 ministris
1304 1550 1334 1576 et
1362 1541 1507 1576 fratribus
1533 1541 1782 1588 uniuscuiusque
1807 1541 1872 1576 do—

1129 1603 1197 1625 mus
1220 1591 1319 1625 visum
1337 1590 1429 1625 fuerit
1446 1591 1614 1638 expedire;
1635 1602 1772 1637 quorum
1790 1603 1872 1625 unus

1130 1648 1311 1695 procurator
1337 1640 1387 1679 sit,
1418 1652 1556 1686 quinon
1589 1648 1781 1687 procurator,
1816 1640 1870 1675 sed

1130 1689 1288 1728 minister,
1311 1698 1344 1723 ut
1366 1689 1485 1723 dictum
1516 1697 1576 1728 est,
1602 1689 1795 1730 nominetur,
1821 1690 1870 1724 cui

1130 1738 1238 1773 fratres
1271 1738 1488 1785 repromittere
1522 1749 1559 1773 ac
1584 1737 1770 1784 impendere
1796 1737 1873 1772 obe-

1129 1787 1281 1822 dientiam
1321 1795 1496 1822 teneantur.
1535 1786 1694 1822 Omnibus
1728 1787 1874 1822 fratribus

1129 1837 1195 1871 suis
1220 1836 1313 1871 sicuti
1341 1836 1478 1881 sibimet,
1505 1837 1590 1872 iuxta
1615 1848 1708 1883 posse
1740 1835 1873 1875 domus,

1131 1894 1223 1932 prout
1248 1886 1420 1932 unicuique
1441 1899 1521 1933 opus
1542 1886 1648 1931 fuerit,
1669 1886 1813 1921 minister
1834 1886 1873 1920 fi-

1129 1935 1239 1970 deliter
1260 1935 1467 1971 administret.
1488 1935 1682 1971 Vestimenta
1705 1935 1767 1970 sint
1785 1935 1872 1970 lanea

1129 1994 1159 2020 et
1185 1985 1265 2025 alba,
1298 1993 1424 2032 excepta
1452 1998 1560 2033 cappa,
1587 1997 1666 2032 quae
1701 1985 1873 2020 honestatis

1129 2046 1234 2075 causa,
1262 2034 1356 2069 bruni
1391 2035 1505 2069 coloris
1531 2035 1602 2078 erit,
1628 2047 1723 2082 quam
1756 2035 1871 2079 etiam,

1130 2084 1205 2118 dum
1229 2084 1266 2119 ad
1291 2092 1392 2131 partes
1412 2084 1584 2120 infidelium
1605 2097 1660 2131 pro
1682 2083 1873 2119 redimendis

1130 2133 1259 2189 captivis
1280 2145 1314 2168 se
1334 2134 1540 2177 contulerint,
1562 2133 1600 2168 de
1622 2145 1752 2168 suorum
1777 2145 1873 2181 supe·

1130 2184 1247 2218 riorum
1275 2182 1412 2228 licentia,
1434 2191 1553 2218 mutare
1573 2183 1703 2230 possint.
1726 2182 1764 2218 Et
1783 2183 1872 2217 liceat

1130 2233 1174 2267 eis
1204 2232 1319 2267 habere
1345 2232 1509 2288 pelliceas,
1543 2241 1636 2280 prout
1670 2232 1872 2267 uniuscuius-

1131 2294 1192 2337 que
1206 2281 1346 2330 exposcit
1367 2283 1548 2326 necessitas,
1569 2289 1600 2317 et
1616 2281 1776 2337 bracchas,
1794 2293 1873 2329 quas

1131 2332 1266 2366 iacentes
1283 2343 1346 2367 non
1367 2331 1537 2379 deponant.
1560 2330 1684 2370 Iaceant
1710 2331 1740 2365 in
1763 2330 1872 2374 laneis,

1133 2381 1169 2415 ita
1197 2381 1279 2427 quod
1309 2381 1432 2428 plumea
1461 2380 1557 2415 fulcra
1583 2381 1630 2416 vel
1657 2380 1813 2425 culcitras,
1840 2380 1872 2415 in

1131 2429 1277 2465 domibus
1312 2431 1457 2478 propriis,
1492 2431 1521 2465 id
1545 2438 1603 2475 est,
1637 2431 1665 2465 in
1693 2428 1810 2476 quibus
1835 2430 1873 2465 ad

1132 2479 1323 2514 manendum
1340 2479 1454 2514 fuerint
1468 2479 1625 2526 deputati,
1648 2479 1708 2514 nisi
1729 2478 1759 2513 in
1775 2480 1875 2526 aegri-

1132 2528 1240 2563 tudine
1262 2529 1435 2564 laborantes
1456 2537 1486 2564 et
1504 2529 1541 2564 de
1558 2529 1632 2564 foris
1652 2527 1824 2573 venientes,
1843 2539 1870 2565 et

1133 2578 1190 2612 hoc
1212 2586 1297 2614 extra
1319 2578 1549 2620 dormitorium,
1573 2577 1703 2613 minime
1727 2577 1870 2618 habeant.

1132 2626 1166 2662 ln
1190 2627 1255 2662 aliis
1279 2639 1349 2663 vero
1371 2628 1518 2663 domibus
1539 2627 1587 2663 sui
1607 2626 1728 2662 ordinis
1751 2635 1782 2662 et
1799 2627 1871 2664 alibi

1899 1500 1928 1522 De
1935 1501 2021 1522 fratrum
2030 1506 2068 1522 ltu-⁴

1885 1537 1951 1556 mero.

1899 1952 1928 1974 De
1939 1954 2033 1974 vestibus
2048 1956 2068 1974 et

1885 1984 1976 2009 tectum,
