2129 3223
172 243 219 270 Au.
238 246 264 271 s„
289 247 351 274 teia

189 1890 245 1909 Mau:
253 1889 305 1908 ulae.

417 237 487 270 294

366 302 404 337 ab
437 300 606 348 apostolica
641 300 832 347 benignitate
869 301 955 336 vobis
990 301 1107 335 indulta

365 359 450 394 sunt,
482 362 537 385 seu
574 350 788 386 benefactores
821 359 941 386 vestros
975 363 1031 398 pro
1059 363 1106 388 eo,

364 400 448 448 quod
476 399 578 446 aliqua
596 400 683 435 vobis
717 399 866 435 beneficia
890 401 935 435 vel
958 400 1106 447 obsequia

363 463 399 485 ex
426 449 576 485 charitate
597 450 817 497 praestiterint,
841 450 885 484 vel
908 449 946 484 ad
970 449 1106 484 laboran-

362 499 436 534 dum
471 498 649 535 adiuverint
683 499 714 534 in
749 499 809 534 illis
843 499 966 538 diebus,
993 498 1106 546 quibus

362 561 417 583 vos
442 548 600 589 laboratis,
629 557 659 585 et
691 549 741 583 alii
777 549 935 588 feriantur,
974 548 1103 583 eandem

361 598 548 633 sententiam
588 598 783 645 protulerint,
814 599 911 645 ipsam
948 607 1103 644 tamqnam

360 655 467 683 contra
489 647 582 683 Sedis
595 648 794 695 Apostolicae
809 648 929 683 indulta
953 646 1103 694 prolatam

359 697 507 732 duximus
542 697 732 732 irritandam.
760 697 825 732 Nec
855 697 974 732 litterae
1010 696 1102 730 ullam

359 747 535 782 firmitatem
559 746 709 786 habeant,
744 759 821 794 quas
855 747 948 782 tacito
976 745 1103 780 nomine

358 796 579 831 Cisterciensis
608 796 747 836 ordinis,
775 804 803 831 et
825 804 932 831 contra
963 803 1101 830 tenorem

357 845 604 894 apostolicorum
653 846 885 893 privilegiorum
930 845 1099 880 constiterit

357 895 526 944 impetrari.
555 895 716 930 Praeterea
752 907 822 929 cum
850 907 1019 929 commune
1054 895 1102 928 iu—

357 945 523 980 terdictum
550 953 649 979 terrae
673 945 785 983 fuerit,
809 944 901 979 liceat
931 944 1018 979 vobis
1052 945 1101 978 ni-

357 995 526 1029 hilominus
554 994 582 1028 in
610 1002 711 1028 vestro
744 993 944 1032 monasterio.
966 994 1101 1029 exclusis

355 1043 635 1078 excommunicatis
647 1051 677 1077 et
689 1043 872 1083 interdictis,
885 1043 986 1077 divina
1002 1043 1099 1077 officia

354 1093 521 1128 celebrare.
551 1092 622 1127 Paci
644 1104 787 1140 qnoque,
818 1101 847 1126 et
883 1092 1098 1140 tranquillitati

355 1150 473 1177 vestrae
497 1151 623 1189 paterna
652 1143 681 1175 in
710 1150 867 1188 posterum
891 1142 1100 1176 sollicitudine

355 1191 518 1238 providere
547 1191 697 1234 volentes,
724 1192 907 1225 auctoritate
929 1191 1099 1237 apostolica

355 1240 572 1287 prohibemus,
593 1249 628 1275 ut
651 1241 726 1275 iufra
748 1240 923 1275 clausuram
945 1241 1098 1285 locorum,

352 1302 408 1325 seu
420 1291 619 1337 grangiarum
647 1298 816 1324 vestrarum
834 1290 939 1324 nullus
957 1290 1097 1337 rapinam

352 1351 406 1374 seu
435 1340 550 1374 furtum
575 1339 684 1379 facere,
707 1339 810 1385 ignem
834 1351 1004 1386 apponere,
1031 1352 1099 1374 san-

352 1389 480 1435 gninem
499 1388 646 1429 fundere,
671 1388 830 1422 hominem
847 1397 963 1423 temere
974 1401 1097 1436 capere,

353 1438 399 1472 vel
429 1438 626 1475 interficere.
669 1450 722 1472 seu
766 1437 943 1471 violentiam
987 1438 1097 1472 audeat

351 1499 506 1523 exercere.
536 1486 698 1522 Praeterea
732 1487 1032 1526 omneslibertates,
1069 1495 1097 1521 et

353 1538 567 1572 immunitates
601 1549 616 1570 a
654 1536 946 1583 praedecessoribus
984 1537 1098 1571 nostris

352 1586 504 1621 Romanis
532 1585 735 1620 Pontificibus
759 1584 871 1619 Ordini
898 1593 999 1620 vestro
1021 1597 1098 1620 con-

351 1648 472 1679 cessas,
505 1647 626 1670 necnon
658 1643 688 1669 et
720 1634 880 1670 libertates
919 1644 949 1669 et
988 1647 1097 1669 exem-

352 1686 472 1732 ptiones
490 1684 697 1719 saecularium
721 1684 919 1719 exactionum
935 1696 950 1718 a
970 1684 1098 1730 regibus

351 1744 381 1770 et
405 1733 612 1782 principibus,
637 1733 682 1768 vel
710 1733 778 1768 aliis
800 1733 944 1768 fidelibus
967 1735 1097 1768 rationa-

352 1784 454 1819 biliter
469 1784 556 1819 vobis
579 1783 714 1818 indultas
727 1783 910 1818 auctoritate
927 1784 1097 1830 apostolica

352 1834 592 1877 confirmamus,
617 1841 648 1867 et
676 1832 847 1879 praesentis
868 1833 975 1879 scripti
1000 1832 1098 1879 privi-

353 1884 434 1930 legio
455 1882 702 1918 communimus.
730 1882 938 1917 Decernimus
956 1895 1042 1928 ergo,
1064 1890 1098 1916 ut

353 1933 429 1968 nulli
458 1933 587 1967 omnino
617 1931 780 1966 hominum
810 1932 899 1966 liceat
927 1931 1097 1977 praefatum

353 1982 578 2018 monasterium
601 1989 718 2016 temere
740 1981 934 2027 perturbare,
959 1989 1011 2015 aut
1030 1981 1098 2015 eius

353 2032 570 2080 possessiones
590 2030 724 2069 auferre,
749 2030 793 2064 vel
816 2030 933 2064 ablatas
953 2031 1098 2072 retinere,

353 2083 506 2124 minuere,
519 2093 574 2116 seu
590 2079 783 2128 quibuslibet
800 2079 1017 2114 vexationibus
1035 2079 1097 2114 l'ati-

352 2143 436 2178 gare‚
445 2131 498 2165 sed
510 2131 614 2166 omnia
628 2131 747 2176 integra
755 2137 980 2164 conserventur
990 2141 1097 2164 eorum

353 2193 410 2228 pro
421 2193 554 2228 quorum
573 2179 800 2226 gubernatione
819 2191 855 2212 ac
874 2179 1099 2213 sustentatione

353 2242 500 2265 concessa
513 2237 587 2265 sunt
601 2228 710 2263 usibus
721 2228 910 2262 omnimodis
926 2228 1097 2275 profutura.

352 2280 443 2315 Salva
471 2279 564 2314 Sedis
600 2277 799 2325 Apostolicae
832 2278 1026 2312 auctoritate.
1066 2276 1098 2311 Si

353 2341 414 2376 qna
442 2330 538 2377 igitur
560 2329 589 2363 in
619 2328 758 2362 futurum
777 2327 1001 2362 ecclesiastiea.
1031 2338 1100 2361 sae—

353 2379 508 2414 cularisve
531 2389 662 2425 persona
691 2377 771 2411 hanc
799 2384 921 2411 nostrae
948 2376 1100 2410 constitu-

355 2428 449 2462 tionis
472 2428 615 2474 paginam
638 2427 755 2466 sciens,
777 2434 883 2460 contra
901 2438 967 2460 eam
983 2433 1098 2459 temere

356 2478 459 2511 venire
482 2477 688 2523 temptaverit,
701 2475 842 2510 secundo
877 2475 1004 2510 tertiove
1018 2487 1101 2509 com-

357 2534 485 2561 monita.
510 2539 566 2560 nist
586 2533 704 2559 reatum
727 2537 819 2559 suum
848 2537 985 2569 congrua
1007 2532 1100 2559 satis-

942 246 1127 270 Butuntum
1155 246 1314 269 nonnum!

1150 300 1266 336 iudicio
1292 301 1424 335 existere
1455 300 1494 335 de
1521 306 1697 348 perpetrata
1729 297 1892 345 iniquitate

1148 359 1329 397 cognoscat,
1364 358 1393 385 et
1421 363 1436 386 a
1458 350 1667 385 sacratissimo
1697 347 1837 395 Corpore
1861 357 1891 383 et

1148 399 1310 446 Sanguine
1348 399 1417 439 Dei,
1453 408 1483 434 et
1516 399 1642 434 Domini
1670 398 1892 445 Redemptoris

1148 450 1244 484 nostri
1272 449 1341 484 lesu
1363 449 1477 484 Christi
1505 449 1603 484 aliena
1635 448 1708 484 fiat.
1743 455 1837 495 atque
1859 448 1890 482 in

1147 507 1287 534 extremo
1313 499 1456 534 examine
1477 498 1634 533 districtae
1660 497 1820 533 subiaceat
1845 497 1892 532 ul-

1147 549 1232 583 tioni.
1250 548 1381 583 Cunctis
1401 556 1505 583 autem
1533 547 1634 583 eidem
1661 547 1732 582 loco
1744 559 1801 582 sua
1823 547 1890 582 iura

1146 598 1345 633 servantibus
1373 598 1411 633 sit
1447 611 1503 645 pax
1538 597 1665 632 Domini
1695 597 1793 632 nostri
1818 596 1888 632 lesu

1145 648 1274 687 Christi,
1302 656 1457 695 quatenus
1482 655 1510 682 et
1546 647 1595 681 hic
1627 646 1763 683 fructum
1789 645 1890 682 bonae

1145 697 1276 732 actionis
1305 697 1498 745 percipiant,
1530 704 1560 732 et
1596 696 1679 743 apud
1714 695 1888 731 districtum

1144 746 1282 782 Iudicem
1299 749 1433 794 praemia
1449 755 1592 782 aeternae
1613 745 1698 792 pacis
1719 745 1888 780 inveniant.

1145 797 1255 830 Amen.

1193 845 1307 880 Datum
1331 845 1450 880 Romae
1483 845 1565 892 apud
1588 845 1738 880 Sanctum
1761 843 1888 879 Petrum

1145 907 1198 941 per
1219 907 1345 930 manum
1378 894 1529 942 Raynaldi
1562 894 1679 929 domini
1714 893 1888 929 Innocentii

1145 944 1246 991 Papae
1268 945 1349 979 tertii
1371 946 1496 992 acolyti,
1522 952 1550 979 et
1579 943 1741 992 capellani,
1763 943 1890 979 decimo

1144 994 1290 1028 kalendas
1312 994 1430 1042 aprilis,
1464 994 1632 1029 indictione
1653 992 1810 1035 secunda,
1837 993 1890 1027 in-

1142 1044 1330 1078 carnationis
1348 1043 1525 1079 dominicae
1547 1055 1627 1078 anno
1648 1054 1790 1083 arccxw,
1814 1054 1889 1090 pon-

1142 1093 1279 1128 tificatus
1299 1105 1370 1128 vero
1394 1093 1536 1129 eiusdem
1564 1093 1682 1127 domini
1711 1092 1887 1128 Innocentii

1141 1155 1223 1177 anno
1249 1143 1382 1188 septimo
1403 1143 1536 1178 decimo.

1165 1199 1224 1230 [tat.
1244 1200 1290 1230 die
1308 1200 1346 1230 ⁹23
1368 1200 1464 1230 martii
1484 1200 1570 1235 wll,
1589 1199 1689 1238 pontif.
1708 1208 1785 1229 anno
1799 1206 1866 1229 xvir,

1477 1379 1542 1414 etl.

1142 1458 1317 1490 Commissio
1365 1458 1558 1501 Apostolicae
1597 1458 1685 1489 Sedis
1723 1458 1881 1501 delegatis,

1188 1515 1218 1539 ut
1247 1507 1379 1550 :lnqliae
1406 1508 1494 1550 requi
1507 1507 1632 1539 barones
1655 1507 1719 1550 reqi
1751 1518 1806 1540 suo
1842 1518 1885 1540 re-

1187 1557 1273 1589 belles
1300 1557 1575 1589 excommunicalos
1597 1557 1775 1589 ‹leiittttcienl
1804 1559 1858 1601 (i).

1404 1628 1616 1658 sntlatttttt'u

1138 1696 1355 1726 Camuarieusis
1387 1695 1514 1734 archiep.
1544 1705 1608 1724 eum
1639 1695 1800 1726 baronibus
1830 1705 1884 1725 suo

1179 1740 1237 1778 regi
1266 1741 1382 1772 infesti,
1404 1757 1443 1762 —
1464 1739 1498 1768 Et
1517 1739 1662 1777 negotium
1685 1739 1792 1770 Terrae
1812 1739 1885 1770 San-

1178 1790 1239 1814 ctae
1269 1785 1478 1824 impedientes,
1513 1801 1552 1806 -—
1581 1784 1884 1815 Excommunicantur.

1177 1847 1216 1852 —
1245 1829 1381 1859 Executio
1413 1830 1573 1859 sententiae
1599 1829 1741 1867 delegatis
1767 1833 1885 1869 aposto—

1179 1874 1243 1903 licis
1261 1874 1428 1903 commissa.

1139 1936 1307 1964 Innocentius
1332 1936 1473 1971 episcopus
1494 1942 1588 1964 servus
1608 1942 1748 1964 servornm
1766 1935 1822 1968 Dei.
1857 1935 1884 1963 P.

1184 1984 1360 2013 wintoniensi
1394 1985 1518 2021 episcopo
1538 1985 1630 2014 abbati
1660 1985 1692 2013 ‹10
1710 1985 1836 2021 Reainge.
1856 1985 1887 2013 et

1184 2034 1335 2070 randulpho
1352 2034 1485 2063 Ecclesiae
1505 2034 1636 2063 Romanae
1648 2034 1819 2067 subdiacono.
1840 2040 1886 2062 sa-

1182 2084 1269 2111 lutem
1289 2085 1318 2111 et
1334 2083 1512 2119 apostolicam
1530 2084 1751 2112 benedictionem.

1190 2150 1338 2186 Miramur
1362 2152 1545 2198 plurimum,
1560 2159 1589 2185 et
1606 2151 1782 2190 movemur.
1798 2151 1881 2199 quod

1141 2213 1211 2234 cnm
1235 2201 1437 2235 charissimus
1464 2201 1492 2235 iu
1515 2200 1639 2235 Christo
1672 2200 1754 2235 fitius
1776 2209 1884 2235 noster

1142 2250 1272 2284 loannes
1296 2251 1421 2284 illustris
1441 2262 1493 2284 rex
1516 2249 1647 2296 Angliae
1673 2262 1765 2296 supra
1793 2261 1881 2296 spem

1140 2299 1288 2336 Domino,
1326 2309 1354 2334 et
1400 2299 1556 2334 Ecclesiae
1603 2298 1808 2335 satisfecerit:
1852 2307 1882 2333 et

1143 2350 1321 2395 praesertim
1352 2350 1433 2384 fratri
1463 2357 1568 2383 nostro
1602 2348 1763 2395 Stephano
1791 2347 1884 2382 Can-

1142 2405 1288 2438 tnariensi
1312 2403 1561 2450 archiepiscopo,
1584 2410 1614 2436 et
1627 2402 1784 2449 episcopis
1806 2401 1883 2439 eius,

1141 2456 1266 2503 quitiam
1304 2469 1410 2491 eorum
1448 2457 1552 2491 minus
1584 2468 1677 2502 quam
1711 2457 1883 2502 oportuerit

1141 2518 1170 2545 et
1197 2512 1336 2545 ‹hrt-uerit
1358 2507 1395 2544 ad
1423 2510 1557 2545 Sanctae
1583 2509 1694 2544 Crucis
1722 2510 1882 2557 negotium

357 2575 489 2609 factione
518 2575 698 2617 correxerit,
722 2574 882 2620 potestatis
910 2568 1101 2620 honorisque
1141 2565 1340 2611 APOSiOllffle
1367 2564 1459 2600 Sedis
1496 2563 1689 2605 mandalum,
1719 2574 1749 2598 θῑ
1783 2563 1884 2598 fideli‘

357 2637 404 2656 stit
434 2623 582 2670 dignitate
605 2631 719 2663 careat,
755 2635 903 2669 reamque
933 2636 965 2657 sc
993 2623 1101 2657 divino

1177 2639 1213 2669 (ι)
1235 2635 1319 2662 Edidzt
1334 2635 1423 2662 Matth.
1436 2635 1528 2666 Paris,
1540 2634 1605 2661 nist.
1621 2634 1732 2669 Angue„
1746 2642 1804 2670 pag.
1820 2633 1883 2661 27⁰.

1906 240 1957 267 An.
1970 240 1998 267 C⁴
2018 236 2085 268 ΠΗ

1910 2162 2068 2182 (Lautuariemis

1897 2193 1991 2220 archiep>
2033 2199 2078 2214 cnm

1898 2224 2010 2245 baronibus
2041 2229 2079 2245 sno

1897 2257 1941 2281 regi
1956 2254 2036 2279 intrati.
