2129 3223
41 239 90 267 Aa.
108 238 136 265 C.
148 238 223 266 '1226

235 297 382 344 suffragia
400 299 538 344 petituri,
561 298 670 346 viginti
685 298 752 334 dies
771 299 809 334 de
832 299 979 334 iniunctis

234 347 293 382 sibi
311 347 515 394 poenitentiis
531 348 777 384 misericorditer
791 349 977 384 relaxamus.

282 396 397 432 Datum
426 396 543 442 Reate,
572 399 662 434 tertio
698 399 767 434 idus
801 398 979 434 decembris

233 458 316 482 anno
336 446 470 482 decimo.

255 508 313 539 Dat.
337 509 383 539 die
401 510 431 539 ti
453 511 620 541 decembris
640 511 725 545 1225.
751 512 850 550 pontit'.
871 521 915 540 an.
937 520 960 540 x.

530 675 703 711 LXXVIII.

233 752 424 796 Approbatt'o
451 754 572 795 requlae
602 754 720 786 ordinis
741 753 874 796 fratrum
902 754 980 785 Ere—

280 803 429 836 mnarum
480 803 594 836 Beatae
642 803 765 836 Mariae
804 804 839 835 de
878 803 980 836 Monte

284 851 431 886 Carmelo.

499 925 712 956 sUttMAtttttttt

289 987 485 1027 Approbatam
503 987 633 1025 regulam
653 987 761 1017 servari
787 988 914 1017 mandat.

229 1058 360 1087 nonarius
379 1058 521 1094 episcopus
540 1065 635 1087 servus
654 1066 792 1088 servorum
804 1059 860 1092 Dei.
871 1059 980 1088 dilectis

272 1108 338 1138 tuiis
355 1108 441 1144 priori
464 1110 492 1137 et
515 1108 652 1136 fratribus
681 1108 809 1136 Iti-emitis
840 1109 871 1136 de
890 1108 980 1137 Monte

274 1157 407 1191 cai-meto.
427 1158 546 1187 salutem
565 1159 595 1186 et
613 1157 791 1193 apostoticam
815 1157 981 1186 benedictio-

273 1215 343 1238 nem.

10 978 52 1134 &²⁴³5
19 957 23 960 .

279 1279 322 1315 Ut
343 1279 465 1314 vivendi
489 1292 629 1314 normam
645 1307 652 1321 ,
680 1279 862 1326 regulariter
888 1291 903 1313 a
926 1278 980 1313 bo-

233 1341 290 1365 nae
326 1330 496 1364 memoriae
527 1328 811 1376 Hierosolymitano
856 1328 980 1375 patriar-

232 1379 290 1414 clta
316 1378 443 1419 editam,
470 1391 565 1426 quam
597 1387 669 1414 ante
695 1383 840 1424 generate
876 1378 980 1412 conci-

232 1428 308 1464 lium
331 1440 385 1464 vos
412 1428 519 1463 dicitis
539 1428 701 1463 humiliter
722 1427 917 1474 suscepisse,
947 1428 977 1461 in

232 1485 393 1525 posterum
409 1490 464 1513 vos
485 1486 515 1513 et
536 1489 735 1513 successores
758 1477 861 1521 vestri⁷
884 1489 979 1521 quan-

231 1537 295 1564 tum
323 1539 397 1564 cum
432 1527 489 1563 Dei
517 1527 671 1562 adiutorio
695 1527 852 1574 poteritis⁷
875 1526 978 1561 obser·

230 1578 322 1618 vetis,
351 1577 380 1613 in
417 1577 632 1613 remissionem
662 1577 750 1612 vohis
783 1576 977 1622 iniungimus

231 1635 443 1674 peccatorum.

279 1676 393 1712 Datum
414 1676 523 1714 Reate.
547 1677 636 1712 tertio
652 1676 800 1711 kalendas
817 1675 978 1719 februarii,

232 1725 430 1774 pontificatus
453 1726 550 1761 nostri
574 1738 655 1761 anno
677 1726 810 1760 decimo.

269 1787 330 1818 Dat.
345 1788 392 1818 die
411 1787 449 1818 30
466 1788 591 1818 ianuarii
612 1787 696 1823 1226,
720 1787 820 1825 pontit'.
846 1796 890 1815 an.
914 1796 938 1814 x.

35 1323 175 1351 Appi-abatem
186 1328 218 1345 re-

11 1354 102 1385 lgulum
138 1356 217 1376 servari

34 1385 124 1407 mitat.

269 1896 406 1940 Reyulae
429 1896 605 1940 praedictae
630 1901 713 1927 tenor
739 1894 939 1937 subsequitur.

500 1980 713 2011 SUMMARIUM

229 2052 372 2091 Prologus
399 2051 536 2091 regulae:
567 2067 605 2073 —-
632 2050 670 2080 De
691 2051 796 2089 priore:
823 2068 861 2073 -
882 2050 979 2080 Cettu-

270 2097 317 2128 lis:
337 2113 377 2119 ·—
392 2095 550 2127 Mutatione
562 2104 673 2125 eorum:
687 2112 725 2116 —
736 2095 844 2125 Cellula
861 2095 978 2134 prioris:

268 2158 308 2164 —
329 2140 480 2172 mansione
503 2140 531 2170 in
563 2139 689 2169 cellulis:
712 2156 749 2161 —
777 2137 923 2169 Oratione:
942 2157 978 2161 —
998 2144 1000 2174 j·

269 2185 460 2226 Proprietate:
477 2201 516 2207 —-
537 2183 669 2214 Oratorio
695 2189 721 2213 et
741 2184 841 2213 missa:
864 2201 903 2205 —
920 2184 976 2214 Ca·
998 2191 999 2207 1

270 2230 382 2269 pituitis,
400 2234 428 2260 et
446 2229 635 2259 correctione:
657 2245 696 2250 -
717 2227 838 2258 leiunio:
861 2245 898 2250 ——
921 2229 977 2259 Esu

269 2275 412 2306 carnium:
430 2290 469 2296 —-
484 2273 580 2302 Armis
600 2271 815 2311 spiritualibus:
833 2289 871 2294 ——
893 2274 976 2302 Assi-

270 2318 380 2349 duitate
391 2318 420 2348 in
439 2326 534 2355 opere:
552 2333 592 2339 —
608 2315 742 2346 Silentioz
756 2332 794 2337 —
809 2315 977 2346 Humilitate
997 2314 999 2342 3

271 2363 386 2402 priorts:
404 2379 443 2385 —
459 2361 492 2391 Et
509 2361 695 2392 veneratione
714 2369 780 2398 erga
805 2360 899 2390 illum.

280 2433 430 2469 Albertus
456 2432 513 2468 Dei
549 2432 644 2478 gratia
678 2430 977 2479 Hierosolymitanae

36 2472 392 2526 &⁰¹⁰⁸'m‘fflbEcclesiae
420 2490 547 2518 vocatus
580 2480 764 2529 patriarcha,
799 2480 921 2515 dilectis
945 2481 975 2515 in

232 2532 359 2568 Christo
383 2532 456 2567 titiis
477 2531 635 2567 Brocardo
657 2538 686 2564 et
708 2530 839 2565 caeteris
854 2529 976 2565 Eremi-

233 2581 292 2626 tis‚
314 2584 367 2629 qui
382 2582 442 2617 sub
460 2583 528 2617 eius
545 2579 722 2616 obedientia
753 2580 836 2614 iuxta
858 2579 974 2614 fontem

233 2632 264 2666 iu
286 2630 393 2667 Monte
419 2630 554 2667 Carmeli
582 2637 757 2673 morantur,
790 2629 920 2664 salutem
944 2629 975 2663 in

858 244 1021 267 floxotttus
1043 244 1079 265 ttt
1104 244 1151 265 ΙΨ.

1644 233 1713 266 415

1022 298 1176 339 Domino,
1213 308 1242 333 et
1268 299 1373 334 Sancti
1400 301 1536 346 Spiritus
1570 300 1765 335 benedictio—

1022 360 1104 383 nem.
1132 348 1312 391 Mutttsane,
1340 352 1509 397 multisque
1532 350 1634 384 modis
1655 349 1762 385 Sancti

1022 398 1130 433 Patres
1162 399 1375 438 instituerunt,
1410 400 1543 447 qualiter
1568 400 1701 447 quisque
1733 400 1762 434 in

1021 460 1222 494 quocumque
1249 450 1358 483 ordine
1381 450 1483 489 suerit,
1507 450 1551 484 vel
1579 461 1764 496 quemcum-

1021 509 1082 544 que
1104 497 1231 532 modum
1255 499 1417 541 religiosae
1452 500 1529 534 vitae
1555 499 1704 544 elegerit,
1732 499 1762 533 in

1021 546 1173 594 obsequio
1206 547 1276 583 lesu
1299 548 1414 583 Christi
1447 551 1549 584 vivere
1577 549 1706 589 debeat,
1734 558 1763 584 et

1021 596 1122 632 eidem
1145 597 1277 632 fideliter
1303 597 1341 632 de
1368 598 1462 633 corde
1504 611 1581 646 puro
1621 607 1650 633 et
1681 599 1762 634 bona

1021 647 1211 682 conscientia
1238 647 1404 682 deservire.
1432 648 1548 683 Verum
1567 649 1639 695 quia
1663 649 1765 695 requi-

1021 697 1086 731 ritis
1113 709 1128 732 a
1164 696 1267 737 nobis,
1305 706 1336 732 ut
1363 698 1446 732 iuxta
1483 699 1678 744 propositum
1714 710 1765 733 ve-

1020 755 1132 787 strum,
1159 746 1319 782 tradamus
1348 747 1435 782 vobis
1468 748 1547 782 vitae.
1581 748 1762 788 formulam,

997 808 1113 1118 ¹quam
1137 806 1243 832 tenere
1271 797 1300 831 in
1333 805 1492 844 posterum
1519 797 1669 832 debeatis:

1326 868 1407 903 Cap.
1436 868 1458 903 I.

1069 940 1148 974 Illud
1173 941 1202 975 in
1226 941 1334 987 primis
1357 941 1534 983 statuimus,
1558 949 1589 975 ut
1612 953 1708 976 unum
1728 953 1764 975 ex

1021 989 1109 1025 vobis
1135 990 1276 1025 habeatis
1303 990 1454 1036 priorem:
1481 991 1535 1037 qui
1564 1003 1601 1025 ex
1624 991 1763 1025 unanimi

1020 1040 1160 1074 onmium
1188 1052 1330 1077 assensu,
1360 1040 1404 1073 vel
1434 1040 1559 1074 maioris
1581 1049 1611 1075 et
1632 1040 1765 1074 sanioris

1021 1090 1131 1136 pariis,
1153 1089 1189 1123 ad
1218 1089 1277 1124 ltoc
1304 1090 1440 1124 officium
1463 1089 1608 1135 eligatur,
1629 1090 1678 1124 rui
1694 1089 1765 1124 obe-

1021 1139 1166 1173 dientiam
1196 1140 1353 1185 promittat
1388 1138 1519 1185 quilibet
1550 1139 1703 1177 aliorum,
1735 1147 1764 1173 et

1022 1189 1205 1235 promissam
1221 1188 1345 1224 studeat
1363 1188 1468 1235 operis
1489 1188 1616 1223 veritate
1630 1200 1762 1224 servare.

1319 1259 1400 1294 Cae.
1426 1259 1464 1294 Il.

1070 1332 1230 1366 Praeterea
1251 1332 1335 1366 iuxta
1354 1331 1448 1366 situm
1472 1331 1544 1372 toci,
1565 1343 1657 1379 quem
1680 1331 1766 1366 inha-

1021 1381 1117 1416 bitare
1146 1380 1382 1428 proposueritis,
1409 1380 1524 1427 singuli
1547 1389 1682 1416 vestrum
1698 1381 1765 1416 sin-

1019 1431 1107 1476 gulas
1122 1431 1256 1466 habeant
1277 1430 1404 1466 cellulas
1425 1438 1594 1477 separatas,
1616 1431 1696 1466 sicut
1710 1443 1765 1478 per

1019 1480 1256 1527 dispositionem
1285 1480 1398 1528 prioris
1429 1480 1542 1528 ipsius,
1581 1488 1610 1515 et
1644 1480 1683 1515 de
1715 1493 1765 1515 as-

1019 1542 1111 1565 sensu
1140 1530 1273 1566 aliorum
1300 1530 1440 1571 fratrum,
1469 1530 1514 1564 vel
1541 1530 1674 1566 sanioris
1693 1542 1764 1577 par-

1020 1580 1077 1620 tis,
1114 1580 1231 1616 eaedem
1258 1579 1389 1615 cellulae
1411 1579 1524 1626 cuique
1547 1579 1662 1615 fuerint
1686 1581 1765 1615 assi-

1019 1638 1141 1677 gnatae.

1313 1701 1392 1735 Cw.
1420 1701 1472 1735 III.

1070 1773 1134 1807 Nec
1160 1773 1249 1808 liceat
1271 1772 1360 1807 alicui
1391 1772 1539 1813 fratrum,
1572 1772 1631 1807 nisi
1664 1771 1703 1806 de
1725 1771 1764 1806 li-

1020 1822 1120 1857 centia
1157 1822 1281 1868 prioris,
1321 1822 1374 1869 qui
1405 1834 1461 1869 pro
1496 1830 1636 1868 tempore
1671 1820 1762 1856 fuerit

1020 1872 1205 1919 deputatus,
1240 1871 1297 1907 sibi
1320 1872 1422 1906 locum
1445 1879 1576 1912 mutare,
1611 1870 1659 1906 vel
1690 1883 1762 1905 cum

1019 1921 1080 1957 alio
1108 1929 1293 1969 permutare.

1314 1992 1394 2027 Cn).
1417 1992 1468 2026 IV.

998 2040 1000 2105 l
1069 2062 1190 2098 Cellula
1208 2064 1318 2110 prioris
1339 2063 1376 2096 sit
1402 2063 1484 2098 iuxta
1508 2063 1667 2098 introitum
1690 2063 1760 2104 loci,

999 2138 1000 2143 ,
1021 2121 1053 2147 ut
1076 2113 1274 2148 venientibus
1301 2113 1336 2147 ad
1352 2112 1498 2147 eumdem
1520 2111 1621 2147 locum
1642 2112 1762 2159 primus

1019 2171 1175 2197 occurrat:
1210 2171 1239 2197 et
1270 2162 1308 2197 de
1337 2162 1464 2197 arbitrio
1496 2170 1524 2195 et
1558 2161 1762 2207 dispositione

1020 2216 1132 2262 ipsius,
1172 2215 1372 2263 postmodum
1413 2227 1492 2263 quae
1527 2215 1646 2261 agenda
1677 2225 1761 2258 sunt,

1019 2278 1128 2304 cuncta
1157 2269 1336 2316 procedant.

1317 2339 1396 2374 Ciu).
1425 2339 1460 2373 V.

1068 2411 1212 2445 Maneant
1247 2409 1361 2456 singuli
1391 2410 1420 2444 in
1443 2408 1563 2445 cellulis
1593 2411 1676 2454 suis,
1713 2411 1759 2447 vel

1018 2465 1098 2499 iuxta
1122 2476 1185 2508 eas,
1212 2463 1261 2499 die
1288 2476 1323 2498 ac
1355 2472 1444 2499 nocte
1473 2464 1503 2498 in
1538 2464 1605 2511 lege
1632 2463 1759 2500 Domini

1019 2519 1221 2557 meditantes,
1257 2526 1285 2552 et
1311 2517 1507 2553 orationibus
1539 2518 1606 2554 suis
1629 2519 1760 2566 vigilan-

1019 2582 1081 2616 tes,
1108 2572 1166 2607 nisi
1195 2571 1264 2607 aliis
1289 2572 1380 2607 iustis
1413 2572 1630 2608 occasionibus
1663 2585 1760 2609 occu-

1018 2635 1140 2674 pentus.

1779 241 1829 274 an.
1850 244 1878 266 ι..
1892 240 1958 266 ¹226

1805 940 1832 961 Dc
1847 942 1931 967 primu

1822 1331 1919 1352 Cettutn:

1791 1765 1905 1788 Minatium
1923 1772 1959 1787 ca·-

1778 1803 1834 1817 rum:

1777 2058 1855 2080 cottuta
1868 2060 1956 2086 pneris:

1786 2407 1894 2430 Manstone
1921 2409 1944 2431 ln

1817 2438 1909 2460 cellatis:
