2129 3223
26 274 82 304 Au.
99 275 128 303 C.
146 276 212 304 ¹236

33 529 122 557 Quinam
131 530 152 550 in
161 535 212 550 con-

29 564 149 583 servatore·
169 560 211 581 eli-

29 591 98 619 cendi.

40 924 147 958 Quaenam
171 928 210 944 eo-

27 959 72 976 :um
87 959 163 976 inu-in.

3 1676 10 1683 “
41 1672 81 1699 Qui
98 1679 148 1694 vcro
171 1673 211 1694 h·-

27 1700 79 1725 imre
120 1704 211 1724 debeant

29 1739 209 1756 conservatorem.

59 2642 175 2667 amulae.

828 277 1024 301 AtssxANDEn
1046 277 1079 299 tv
1101 277 1148 298 PP.

229 333 335 368 ximus
356 345 452 380 super
473 333 522 367 his
547 340 662 368 attenta
690 332 903 367 sollicitudine
929 343 978 366 co-

227 383 335 427 gitare,
377 395 411 417 ac
442 383 479 416 ad
515 383 684 417 arcendum
727 394 781 428 pro
816 381 975 417 communi

227 431 396 466 commodo
434 440 464 466 et
488 432 594 477 quiete
616 430 724 465 talium
762 431 976 466 immoderan-

227 481 286 515 tias
325 488 354 515 et
377 492 527 515 excessus
545 488 720 527 opportuna
754 480 889 515 remedia
929 480 976 514 in-

227 529 343 564 venire.
366 528 542 564 Statuimus
565 531 670 576 itaque
692 529 731 563 de
753 529 880 563 fratrum
919 541 976 563 no-

226 586 362 615 strorum
379 579 523 622 consilio,
546 578 630 626 quod
658 577 810 625 deinceps
831 578 887 613 soli
915 578 977 625 epi-

225 627 326 674 scopi,
353 627 483 662 abbates
505 636 534 662 et
573 627 717 662 canonici
748 626 974 662 cathedralium

226 676 450 721 Eccleshrum,
483 677 619 711 maxime
660 677 702 716 hi,
737 677 790 722 qui
834 685 907 711 sunt
946 677 974 710 in

226 726 303 772 ipsis
330 725 483 761 Ecclesiis
516 725 726 773 dignitatibus
759 725 912 772 praediti,
946 734 975 760 et

225 775 328 810 nullae
355 775 436 810 aliae
466 787 618 822 personae
644 774 872 809 ecclesiasticae
899 787 976 809 con-

224 833 400 859 servatores
420 825 562 859 existant.
592 823 751 870 Quodque
779 823 910 858 ulterius
933 824 977 858 in-

226 882 272 907 ter
309 872 434 920 aliquos
476 873 634 920 reciproca
682 885 744 908 non
791 873 975 907 interveniat

224 923 435 962 conservatio,
462 934 521 957 nec
543 921 597 957 ulli
622 922 680 957 sibi
709 930 818 956 mutuo
855 922 976 968 praesi—

225 971 312 1005 dium
335 971 582 1006 conservationis
615 970 809 1018 impendant,
833 970 872 1005 ita
890 971 974 1017 quod

225 1020 333 1055 nullus
360 1020 500 1067 deputati
542 1019 601 1055 sibi
642 1020 870 1055 conservatoris
907 1032 975 1055 esse

225 1069 324 1104 valeat
363 1078 572 1110 conservator3
607 1077 637 1103 et
675 1081 748 1103 cum
793 1069 973 1104 huiusmodi

224 1127 460 1154 conservatores
481 1130 497 1153 a
520 1118 693 1153 manifestis
715 1118 816 1152 solum
852 1118 976 1153 iniuriis

224 1176 254 1201 et
281 1167 438 1203 violentiis
465 1179 530 1206 eos,
563 1168 599 1202 ad
636 1179 770 1215 quornm
809 1168 973 1202 tuitionem

224 1215 365 1263 deputati
393 1225 479 1256 sunt,
502 1218 622 1263 possint
650 1217 830 1256 defendere,
858 1228 916 1251 nec
938 1216 973 1249 ad

223 1265 295 1306 atta,
317 1277 398 1312 quae
427 1266 602 1300 iudicialem
633 1266 812 1311 indaginem
836 1267 974 1311 exigunt,

224 1326 313 1350 suam
336 1315 458 1350 valeant
484 1315 655 1349 extendere
678 1323 882 1361 potestatem⁷
917 1314 976 1349 de-

224 1364 396 1406 cernimus,
419 1364 504 1411 quod
527 1365 551 1398 si
579 1363 618 1398 de
641 1364 708 1398 aliis
742 1376 837 1410 quam
872 1364 975 1398 mani-

226 1412 314 1448 festis
333 1413 472 1449 scienter
492 1425 526 1447 se
561 1413 799 1457 inu-omiserim,
835 1421 975 1459 potesta-

225 1469 289 1497 tem
303 1463 350 1497 vel
372 1462 618 1497 iurisdictionem
633 1461 768 1509 aliquam
784 1461 974 1502 exercendo,

223 1527 262 1550 eo
288 1515 357 1562 ipso
380 1528 435 1562 per
462 1527 559 1549 unum
583 1527 701 1550 annum
725 1514 763 1549 ab
785 1514 886 1549 officio
914 1515 972 1549 sint

223 1568 381 1615 suspensi.
411 1568 485 1603 Pars
507 1576 625 1613 autem,
651 1580 732 1615 quae
763 1567 793 1601 id
830 1580 975 1615 procura-

225 1623 313 1666 verit,
334 1633 489 1669 expensas
515 1621 600 1657 alteri
630 1630 759 1669 propter
787 1621 844 1656 hoc
881 1622 975 1656 factas

227 1676 388 1711 restituere
424 1685 576 1711 teneatur.
617 1675 793 1711 Statnimus
834 1675 975 1722 insuper,

225 1729 310 1776 quod
337 1729 421 1765 nulla
435 1730 657 1771 ecclesiastica,
679 1729 887 1764 saecularisve
904 1741 976 1776 per-

225 1795 314 1825 sona,
340 1785 480 1831 exceptis
501 1784 630 1830 regibus
664 1792 694 1818 et
721 1784 838 1830 reginis
875 1795 976 1830 quan-

224 1844 292 1872 tum
313 1836 352 1872 ad
374 1850 468 1884 regna
501 1850 570 1878 sua,
604 1838 656 1884 qui
695 1837 776 1871 sicut
815 1836 976 1882 dignitatis

225 1890 390 1926 altitudine
427 1891 641 1938 praeeminent.
689 1890 733 1925 sic
765 1890 974 1937 praerogativa

225 1944 343 1990 gratiae
367 1944 452 1992 ipsos
473 1944 620 1979 convenit
645 1942 807 1987 anteferri,
845 1955 976 1977 conser-

226 2006 365 2034 vatorem
402 1997 534 2037 habeat,
569 1997 621 2044 qui
657 1997 718 2031 sub
753 2009 809 2031 sua
847 1996 976 2031 iurisdi-

226 2053 344 2096 ctione,
366 2052 412 2086 vel
435 2052 474 2086 de
502 2051 600 2099 ipsius
621 2051 760 2086 dominio
783 2059 812 2086 et
833 2050 974 2085 districtu

226 2105 440 2141 ecclesiastico
465 2105 509 2139 vel
537 2104 698 2151 temporali
734 2104 895 2139 consistat.
941 2103 974 2139 Si

227 2171 300 2194 vero
325 2159 421 2206 aliqui
443 2159 521 2194 tales
536 2158 703 2201 habentur,
716 2165 778 2192 tam
795 2158 865 2204 ipsi,
880 2169 973 2204 quam

227 2224 339 2247 omnes
360 2211 408 2246 alii
423 2220 658 2247 conservatores
679 2223 695 2245 a
722 2211 975 2257 quibuscumque

227 2265 370 2313 deputati
399 2266 553 2313 personis,
576 2265 633 2300 nisi
668 2265 729 2299 sint
756 2265 895 2311 episcopi
930 2265 974 2299 rel

226 2317 366 2364 abbates,
405 2326 458 2353 aut
492 2318 702 2353 Ecclesiarum
745 2317 974 2352 cathedralium

227 2373 385 2417 canonici,
407 2372 469 2407 sint
492 2380 522 2405 et
549 2371 732 2414 habeantur,
759 2371 866 2417 elapso
881 2382 975 2414 anno,

227 2427 356 2474 penitus
376 2425 524 2463 revocati.
549 2426 588 2459 ita
628 2424 714 2471 quod
752 2436 790 2458 ex
822 2432 897 2459 tunc
936 2423 975 2458 de

227 2480 388 2516 itiusmodi
415 2479 652 2515 conservatione
674 2478 855 2513 nullatenus
876 2491 910 2513 se
926 2479 975 2513 iu-

227 2534 402 2569 tromittere
430 2534 561 2573 valeant,
585 2544 641 2566 nec
670 2531 765 2566 ullam
792 2543 888 2578 super
916 2531 976 2567 hoc

228 2585 375 2631 habeant,
394 2587 440 2622 vel
463 2587 617 2621 retineant
641 2593 837 2632 potestatem.

277 2639 363 2674 Nulli
384 2653 458 2686 ergo
479 2640 609 2674 omnino
631 2639 795 2673 hominum
817 2645 870 2671 etc.

308 2696 373 2727 Bul!
399 2696 477 2726 Rotn.
501 2696 555 2725 t'ol.
572 2695 623 2725 111.
781 2694 820 2725 80

1646 265 1718 298 633

1065 330 1179 366 Datum
1203 331 1346 366 Laterani
1370 330 1494 367 decimo
1516 329 1664 366 kalendas
1688 330 1768 377 apri-

1015 380 1066 421 lis,
1086 380 1287 428 pontificatus
1310 381 1404 415 nostri
1427 392 1509 415 anno
1540 378 1692 415 secundo.

1175 435 1235 467 Dat.
1255 437 1301 467 die
1334 446 1468 476 annoque
1495 436 1608 467 eodem.

1782 274 1822 299 An
1850 272 1880 300 C.
1895 273 1962 300 ¹25ss

1328 611 1470 646 xthtt.

1016 693 1140 728 Fratres
1152 694 1270 727 ordinis
1304 695 1469 726 Servorum
1499 695 1611 726 Bootae
1633 693 1767 730 Mariae,

1064 754 1226 788 eorumque
1248 743 1328 776 bona
1362 743 1416 775 sub
1449 743 1640 787 Apostolicae
1678 742 1768 776 Sedis

1061 792 1246 836 protectione
1264 792 1463 836 recipiuntur,
1485 802 1552 824 cum
1574 791 1768 835 paupertatis

1064 841 1128 874 voti
1148 841 1338 885 professione
1361 840 1415 884 (1).

1284 917 1499 948 ΞΕΜΜΑΒΙΕΜ

1013 984 1182 1015 Exordium.
1215 1001 1253 1006 —
1285 984 1402 1014 Fratres
1438 984 1526 1014 huius
1556 983 1670 1013 ordinis
1701 992 1769 1013 cum

1055 1030 1140 1059 bonis
1175 1029 1314 1059 omnibus
1344 1028 1399 1058 sub
1433 1028 1522 1058 tutela
1555 1027 1640 1058 Sedis
1668 1027 1767 1066 Apost.

1055 1074 1270 1112 suscipiuntur.
1283 1072 1437 1102 —Eornm
1455 1072 1573 1110 regulae
1589 1071 1681 1101 robur
1694 1071 1769 1101 adii-

1055 1118 1131 1147 citur
1163 1118 1368 1156 apostolieum.
1393 1133 1431 1138 -—-
1454 1115 1557 1145 Votum
1588 1115 1767 1155 paupertatis

1055 1162 1091 1191 ab
1115 1162 1187 1200 ipsis
1212 1163 1366 1190 emissum.

1014 1237 1163 1265 Alexander
1179 1237 1320 1272 episcopus
1330 1242 1423 1264 servus
1442 1241 1582 1264 servorum
1592 1234 1650 1267 net,
1659 1234 1769 1264 ‹tttectis

1058 1285 1123 1314 filiis
1154 1284 1240 1321 priori
1276 1286 1305 1314 et
1334 1283 1473 1314 fratribus
1492 1283 1589 1312 Beatae
1612 1283 1713 1313 mariae
1736 1283 1768 1312 do

1058 1334 1145 1363 monto
1165 1334 1283 1367 senario,
1293 1334 1382 1362 servis
1398 1333 1513 1362 sanotae
1529 1332 1631 1361 Mariae
1643 1332 1769 1367 vulgari—

1059 1386 1104 1414 ter
1121 1384 1295 1420 nuncupatis,
1310 1384 1412 1412 ordinis
1432 1383 1523 1412 sancti
1541 1382 1687 1418 Augustini
1710 1382 1769 1411 Flo-

1058 1434 1159 1462 rentiu-
1179 1433 1319 1465 dioecesis,
1344 1431 1460 1460 satutem
1479 1432 1507 1460 et
1527 1431 1706 1466 apostoticam
1724 1431 1776 1466 bag

1059 1483 1246 1511 nedictionen.

1063 1559 1130 1593 Deo
1152 1566 1249 1604 grata,
1277 1566 1307 1592 et
1330 1556 1513 1592 hominihus
1540 1556 1651 1603 placita
1678 1568 1763 1590 sacra
1812 1564 1921 1584 Etordmm

1016 1617 1114 1643 vestra
1139 1607 1247 1652 religio
1264 1619 1321 1642 nos
1344 1607 1474 1647 inducit,
1499 1615 1530 1640 ut
1546 1618 1600 1640 vos
1621 1606 1686 1653 qui,
1704 1605 1765 1639 hu-

1016 1658 1064 1692 ius
1086 1657 1194 1692 mundi
1223 1656 1383 1702 abnegatis
1411 1655 1577 1698 illecebris,
1610 1663 1764 1702 perpetuo

1015 1707 1130 1753 cupitis
1149 1706 1285 1740 Domino
1307 1705 1368 1739 sub
1401 1704 1534 1750 regulari
1568 1703 1763 1738 observantia

1017 1755 1171 1799 famulari⁷
1194 1755 1297 1789 favore
1337 1766 1565 1801 prosequamur
1600 1752 1765 1796 benevolo,

1016 1805 1189 1851 vestrisque
1212 1804 1425 1850 petitionibus,
1447 1805 1475 1836 iu
1495 1811 1648 1849 quantum
1669 1801 1764 1847 digne

1017 1865 1197 1900 possumus,
1230 1864 1414 1887 annuamus.
1449 1851 1636 1897 Eapropter‚
1658 1851 1762 1885 dilecti
1792 1853 1875 1904 fgfssl‘ffi
1901 1854 1962 1903 *¹⁰ss⁴ss

1017 1903 1045 1936 in
1076 1902 1209 1937 Domino
1230 1901 1295 1940 filii,
1322 1901 1433 1935 vestris
1463 1900 1553 1935 iustis
1576 1890 1963 1946 postulatio-,ffis'ssnssiffisfi'i

1016 1951 1108 1985 nibus
1129 1960 1216 1997 grato
1243 1957 1468 1985 concurrentes
1507 1961 1648 1993 assensu,
1684 1961 1762 1995 per-
1778 1945 1962 2003 ἑᾟξιξῃξζξῑζζζ

1015 2012 1107 2035 sonas
1134 2009 1263 2043 vestras7
1285 2008 1315 2034 et
1338 2000 1454 2043 locum,
1491 1999 1520 2033 in
1555 2011 1618 2045 quo
1657 1998 1764 2032 divino
1781 2008 1902 2033 *⁷³r·11=1=ur-

1016 2050 1129 2084 vacatis
1156 2049 1320 2096 obsequio‚
1354 2060 1426 2083 cum
1465 2047 1615 2082 omnibus
1649 2047 1763 2081 honis.

1015 2110 1094 2145 quae
1117 2099 1147 2133 in
1177 2098 1422 2145 praesentiarum
1448 2096 1671 2132 rationabiliter
1691 2108 1762 2141 pos-

1015 2148 1107 2185 sidet,
1130 2159 1185 2182 seu
1216 2149 1243 2180 in
1267 2147 1406 2181 futurum
1432 2154 1608 2193 praestante
1628 2145 1762 2179 Domina

1016 2197 1104 2231 iustis
1125 2197 1227 2231 modis
1255 2197 1365 2242 poterit
1405 2195 1548 2242 adipisci,
1588 2194 1626 2228 ad
1668 2195 1764 2228 instar

1017 2245 1114 2280 felicis
1127 2246 1352 2280 recordationis
1365 2244 1539 2278 Innocentii
1551 2243 1663 2289 Papae,
1674 2255 1763 2288 prae-

1015 2295 1190 2329 decessoris
1210 2295 1323 2336 nostri,
1345 2293 1404 2327 sub
1427 2293 1506 2327 beati
1544 2292 1627 2325 Petri
1657 2299 1763 2336 prote-

1016 2346 1149 2378 tectione
1189 2343 1393 2389 suscipimus,
1432 2351 1524 2388 atque
1561 2350 1678 2376 nostra.
1712 2341 1760 2374 Ad

1016 2393 1091 2427 haec
1117 2404 1188 2427 cum
1211 2391 1364 2438 quaedam
1387 2399 1501 2425 statuta
1528 2390 1681 2436 regularia
1712 2402 1762 2424 sa-

1016 2442 1115 2477 lubria
1138 2449 1168 2476 et
1190 2441 1317 2475 honesta
1341 2452 1396 2487 per
1424 2452 1488 2484 vos,
1504 2448 1538 2474 ut
1557 2439 1708 2480 asseritis,
1730 2439 1759 2472 in

1016 2492 1084 2525 loco
1100 2491 1257 2537 praedicto
1275 2490 1368 2526 editas
1391 2489 1492 2524 bonae
1515 2489 1684 2524 memoriae
1698 2488 1759 2522 A...
1788 2490 1958 2543 Rhamma-'3913

1014 2539 1218 2575 Florentinus
1248 2539 1416 2585 episcopus
1456 2537 1542 2573 vobis
1580 2524 1958 2579 auctoritaie{203502R⁵³¹'a‘¹²“‘

1015 2589 1170 2624 ordinaria
1192 2588 1394 2628 concesserit,
1417 2587 1475 2621 sub
1497 2587 1578 2621 beati
1591 2587 1760 2633 Augustini

1051 2654 1089 2688 (t)
1107 2653 1144 2680 Ex
1162 2653 1266 2688 Regest.
1284 2652 1366 2679 vatic.
