2129 3223
82 230 130 256 An.
149 229 177 256 C.
195 229 264 258 '⁸255

901 232 1086 255 uttEGontt’s
1113 233 1142 254 ΙΧ
1171 233 1218 255 Pr.

1695 228 1765 258 475
1829 237 1877 262 Α...
1897 237 1922 263 c.
1946 239 2010 264 ¹233

279 298 336 321 nae
361 286 504 321 videlicet
530 285 691 321 Ecclesiae
726 288 898 322 reverentia
931 300 1023 334 sepa·
1064 288 1206 322 conferre
1233 288 1427 330 decreveris,
1451 291 1479 324 in
1508 300 1594 331 rota,
1628 304 1708 338 quae
1733 288 1810 328 tnffl'a

279 343 372 369 ratae.
399 334 492 376 Quod
519 333 769 373 Chrisostomus,
795 335 1021 376 Nazianzenus,
1063 344 1160 370 rotam
1187 337 1342 372 Ezechieli
1368 348 1491 374 ostensa
1509 349 1570 383 est,
1607 353 1808 389 vocem·p0—

277 396 410 430 magnus
441 383 579 418 Basilius
608 391 638 418 et
664 382 802 431 Cyrillns
830 386 1021 420 emicuerint
1063 385 1136 419 teris
1168 386 1278 420 audire
1317 389 1465 425 tonitrui,
1493 398 1522 423 et
1552 390 1580 423 in
1605 384 1680 424 mari
1709 392 1807 426 vitreo

276 434 305 467 in
327 440 417 468 coetu
445 432 712 477 dissentientium,
739 433 849 468 eadem
877 434 934 468 fnit
953 446 1019 469 cae-

274 481 360 516 lestis
383 481 515 517 altitudo
541 482 678 521 consilii,
700 495 761 529 qna
784 482 899 529 degere
922 484 1020 518 voluit

273 530 353 565 inter
380 530 539 570 idolatras,
561 531 696 571 Heliam,
719 531 894 575 Heliseum,
923 541 951 566 et
975 533 1018 566 li—

271 579 329 613 lios
357 579 592 626 prophetarum.

319 634 334 671 ἕ
355 633 388 663 ⁰2.
411 629 503 664 Nunc
530 630 623 673 igitur
648 629 720 676 quia
750 629 780 663 in
804 629 871 664 aliis
892 629 1016 671 litteris,

85 682 256 719 Βψην-ιιξοᾱικν
268 689 347 724 quas
368 678 488 713 dudum
516 677 572 712 tibi
594 678 791 721 remisimus,
814 678 905 713 latius
935 678 1014 714 hanc

71 714 253 772 ζζῗζαῗΐέζᾞᾷῗζ
267 734 298 760 et
324 726 400 761 alias
425 727 645 762 auctoritatum
673 738 700 762 et
725 727 893 767 rationum,
933 740 1014 774 quae

266 787 323 822 pro
349 775 512 810 Romanae
539 776 675 822 primatu
697 775 861 810 Ecclesiae
884 776 1012 818 faciunt,

265 824 410 859 materias
431 824 670 872 explicavimus,
696 824 772 859 illud
797 833 915 859 tantum
934 825 1012 859 adii-

262 873 382 917 cimus,
408 874 494 921 quod
525 881 694 920 utrumque
715 873 853 919 gladium
881 874 918 908 ad
948 873 1007 908 Ro-

263 933 393 957 manum
421 923 576 970 pertinere
617 922 820 965 Pontificem,
851 935 888 957 ex
915 935 1011 958 evan-

261 970 361 1016 gelica
380 971 513 1006 lectione
532 979 688 1006 tenemus.
712 971 838 1006 Etenim
862 972 1009 1018 loquente

261 1019 333 1055 lesu
378 1020 544 1067 discipulis
589 1020 628 1054 de
666 1021 872 1067 acquisitione
913 1021 1006 1067 gladii

260 1068 424 1115 spiritalis,
453 1070 493 1104 illi
527 1069 607 1104 duos
635 1070 673 1103 ihi
708 1071 824 1116 positos
858 1070 1007 1104 ostende—

260 1126 350 1157 runt,
379 1130 460 1165 quos
480 1118 639 1153 Dominus
672 1118 751 1152 dixit
777 1118 940 1157 sufficere,
968 1119 1004 1153 ad

257 1166 482 1202 cohibitionem
511 1167 655 1202 videlicet
695 1167 843 1213 spiritalis
877 1176 907 1202 et
935 1180 1002 1202 cor-

259 1215 376 1262 poralis
402 1216 551 1251 offensae.
584 1216 617 1250 Si
649 1216 841 1250 materialem
864 1217 1003 1262 gladium

259 1265 414 1310 pertinere
440 1264 590 1301 concedis
616 1265 653 1299 ad
687 1266 858 1311 potentiam
882 1274 1005 1312 tempo-

257 1313 365 1358 ralem,
391 1315 517 1350 attende
551 1314 636 1362 quod
666 1314 695 1348 in
727 1312 873 1349 Matthaei
904 1314 1004 1348 Evan-

255 1361 338 1407 gelio
377 1362 534 1399 Dominus
576 1363 659 1398 dieat
693 1362 806 1397 Petro:
846 1362 1002 1398 Converte

253 1409 394 1456 gladium
431 1420 521 1448 tuum
541 1413 573 1448 in
596 1411 699 1446 locum
732 1423 838 1446 suum:
866 1411 1000 1446 dicendo

253 1461 576 1504 tuum,‹materialem
599 1461 733 1507 signavit
758 1460 910 1506 gladium.
938 1473 1001 1507 quo

253 1518 453 1554 percusserat
484 1510 537 1546 ille
570 1521 696 1545 servum
725 1510 876 1556 principis
901 1521 1001 1544 sacer-

248 1580 249 1584 «
296 1566 376 1593 tum.
403 1559 451 1594 De
472 1559 602 1606 spiritali
630 1558 747 1594 nemini
771 1559 853 1594 venit
881 1558 910 1592 in
940 1558 1000 1592 du-

274 1616 351 1648 tum,
370 1619 442 1642 cum
465 1609 506 1653 ei,
529 1608 612 1643 idest
640 1608 743 1651 Petro,
767 1620 822 1655 per
835 1607 998 1642 cuiusdam

251 1656 456 1702 specialitatis
484 1657 625 1704 apicem,
656 1656 772 1703 ligandi
800 1664 830 1692 et
856 1656 998 1691 solvendi

251 1703 445 1741 commiserit
484 1714 681 1752 potestatem.
726 1705 866 1752 Uterque
905 1706 999 1751 igitur

66 1760 189 1798 §.esuque
200 1763 238 1783 mt-
249 1753 374 1800 gladius
404 1755 567 1790 Ecclesiae
594 1754 740 1797 traditur,
774 1755 831 1789 sed
859 1753 898 1789 ab
929 1754 997 1789 Ec-

54 1792 238 1844 :mea-„2⁹02-
250 1801 345 1837 clesia
360 1803 558 1838 exercendus
579 1812 626 1838 est
648 1815 743 1846 unus,
769 1803 850 1837 alius
872 1815 928 1850 pro
944 1802 997 1837 Ec·

250 1850 358 1895 clesia,
384 1864 478 1887 manu
494 1852 663 1887 saecularis
685 1852 836 1899 principis
861 1851 997 1886 eximen-

250 1899 328 1934 dus:
359 1913 442 1936 unus
463 1913 478 1935 a
514 1901 687 1944 sacerdote,
713 1900 793 1935 alius
819 1900 858 1935 ad
886 1909 995 1934 nutum

249 1948 420 1983 sacerdotis
446 1949 712 1984 administrandus
733 1961 749 1984 a
777 1949 884 1984 milite.
917 1948 997 1983 Pro-

251 2005 320 2043 pter
355 1997 413 2032 hoc
440 2010 527 2044 ergo,
562 2006 592 2033 et
623 1998 693 2041 alia,
726 2010 806 2044 quae
833 2007 903 2045 post
929 1998 998 2032 dili-

249 2054 375 2092 gentem
405 2047 541 2081 veritatis
579 2047 781 2092 indaginem,
819 2047 994 2081 ordinatam

249 2102 280 2129 te
300 2095 417 2130 sentire
437 2095 549 2130 taciani
568 2095 761 2133 charitatem,
783 2094 896 2131 latores
913 2108 997 2142 prae-

249 2144 408 2188 sentium,
435 2144 602 2190 Hugonem
629 2152 659 2179 et
684 2144 814 2179 Petrum
841 2145 879 2179 de
906 2144 996 2180 Prae-

249 2192 441 2233 dicatorum,
465 2193 653 2240 Alymonem
676 2202 706 2227 et
732 2192 937 2240 Rodulphum
957 2193 995 2227 de

248 2240 407 2277 Minorum
434 2242 599 2277 ordinibus
624 2242 745 2282 fratres,
769 2242 848 2276 viros
873 2242 994 2280 virtute,

250 2290 401 2337 religione
428 2291 634 2337 conspicuos,
671 2302 794 2325 morum
832 2290 994 2326 honestate

251 2339 448 2385 praeclaros,
491 2348 522 2374 et
559 2339 796 2386 Scripturarum
835 2352 994 2375 sacrarum

249 2389 379 2424 scientia
414 2388 585 2436 praeditos,
616 2388 702 2423 iuxta
733 2388 817 2435 quod
854 2389 908 2423 tibi
941 2401 996 2435 per

250 2446 438 2473 memoratas
474 2437 594 2472 litteras
625 2437 767 2472 intimare
800 2438 994 2478 curavimus,

249 2485 287 2521 ad
315 2495 345 2521 te
367 2487 519 2522 duximus
548 2486 769 2527 destinandos;
797 2494 832 2521 ut
863 2488 888 2521 si
922 2499 993 2521 cuni

249 2535 295 2570 eis
325 2535 366 2571 de
400 2535 569 2575 omnibus,
609 2547 687 2582 quae
714 2536 745 2570 in
779 2535 992 2581 quaestionem

251 2583 398 2626 veniunt,
438 2593 569 2619 tractare
603 2584 734 2619 fideliter
771 2593 802 2618 et
837 2584 995 2620 socialiter

330 2640 402 2670 Butl.
418 2640 495 2669 Rom.
519 2640 571 2669 Vol.
590 2639 640 2670 III.
799 2640 837 2670 60

1020 1234 1027 1468 l

1060 435 1229 482 speculari,
1253 436 1337 483 quod
1357 450 1440 471 unus
1459 438 1556 472 Adam
1579 439 1752 475 collocatus
1767 440 1804 475 ad
1834 445 1861 481 ⁰7
1896 446 2004 467 Uest-¹³0

1059 495 1140 530 opus
1182 492 1214 518 et
1246 486 1419 520 custodiam
1449 487 1601 532 paradisi.
1637 501 1729 523 unam
1757 481 1900 528 cstffl-{iie
1939 479 2002 498 '⁰⁰⁵¹'

1058 533 1188 568 sortitus
1210 545 1352 573 uxorem,
1377 548 1472 569 unuin
1504 537 1673 571 Dominum
1699 538 1800 573 lesum

1058 581 1232 623 Christum,
1262 583 1291 617 in
1320 583 1448 623 iustitia,
1476 593 1505 618 et
1534 586 1671 621 veritatis
1693 589 1801 622 sanctiv

1056 638 1118 666 tate
1151 640 1303 675 creatum,
1337 640 1367 666 et
1403 634 1524 668 unicam
1551 647 1698 681 sponsam
1733 637 1801 670 eins

1056 679 1228 715 Ecclesiam
1258 682 1489 728 praetigurans;
1528 684 1612 729 qnod
1640 684 1798 728 Lamech,

1054 729 1108 775 qui
1129 729 1327 764 humiliatum
1349 740 1451 771 sonat,
1465 731 1540 766 dum
1560 745 1688 767 uxorem
1706 746 1798 768 unam

1053 778 1157 812 divisit
1181 779 1210 813 in
1234 779 1331 823 duas,
1359 781 1580 826 sanguinarius
1606 781 1708 816 factus
1740 793 1797 821 est.

1052 834 1083 861 et
1110 827 1210 862 virum
1238 828 1267 862 in
1290 840 1384 863 suum
1410 829 1522 863 vulnus
1555 831 1679 870 occidit;
1713 832 1796 877 qnod

1051 876 1108 910 alia
1129 884 1253 923 praeter
1271 889 1379 919 unam,
1401 889 1469 912 arca
1490 891 1552 913 non
1571 878 1697 925 legitur,
1719 892 1797 926 quae

1051 934 1161 960 cuncta
1181 934 1319 961 vastante
1342 925 1460 961 diluvio
1474 927 1534 962 snb
1557 929 1651 963 unius
1673 929 1798 975 patriar-

1050 974 1126 1008 chae
1146 975 1309 1020 regiminis
1337 983 1512 1022 potentatu,
1543 989 1658 1021 paucas
1676 978 1795 1012 animas

1048 1023 1109 1057 sub
1137 1024 1336 1069 perfectionis
1360 1037 1492 1059 nurnero
1520 1027 1677 1070 reseravit,
1709 1029 1793 1072 quod

1049 1073 1147 1118 legem
1172 1072 1326 1108 Dominus
1348 1074 1490 1108 secundo
1517 1074 1615 1118 dedit,
1643 1088 1703 1109 non
1724 1076 1792 1110 alte-

1048 1133 1132 1163 ram,
1167 1122 1222 1156 sed
1245 1123 1404 1162 eainde1n;
1433 1123 1515 1169 quod
1545 1123 1678 1158 duorum
1707 1123 1794 1159 Cliv-

1048 1170 1166 1209 rubim,
1192 1171 1246 1217 qui
1271 1172 1519 1218 propitiatorium
1547 1172 1791 1213 obumbrabant,

1047 1231 1107 1253 non
1131 1219 1280 1254 aliorsum
1301 1221 1392 1259 versi,
1414 1221 1468 1255 sed
1485 1222 1690 1267 respicientes
1704 1231 1792 1257 erant

1045 1268 1149 1302 vultus
1175 1269 1212 1303 ad
1237 1281 1357 1309 uuum;
1379 1278 1409 1303 et
1438 1282 1530 1304 unam
1560 1270 1671 1316 loseph
1704 1272 1792 1305 tuui-

1044 1329 1111 1351 cam
1135 1317 1232 1353 fuisse
1259 1318 1406 1361 talarem,
1440 1326 1469 1353 et
1498 1320 1598 1353 nostri
1622 1319 1791 1355 Salvatoris

1044 1365 1267 1400 inconsutilem
1291 1375 1408 1401 vestem
1438 1379 1543 1401 unam.

1091 1418 1106 1457 ἓ
1129 1417 1160 1449 5.
1183 1414 1408 1450 Verumtamen
1425 1416 1448 1449 si
1467 1417 1638 1451 dubietatis
1659 1424 1787 1452 sensnm

1041 1463 1121 1497 circa
1164 1463 1380 1499 Eucharistiae
1406 1474 1655 1510 sacramentum,
1690 1475 1789 1501 vester

1041 1512 1185 1547 diversus
1212 1525 1227 1546 a
1251 1522 1357 1548 nostro
1380 1514 1459 1548 ritus
1480 1515 1621 1555 inducit;
1648 1516 1786 1555 attende,

1040 1561 1214 1606 quod'mon
1242 1563 1281 1596 sit
1299 1562 1401 1605 aliud,
1430 1575 1487 1597 nec
1510 1564 1670 1598 diversum
1695 1566 1788 1599 nnius

1041 1609 1168 1645 Domini
1194 1611 1262 1645 Iesu
1299 1610 1416 1646 Christi
1454 1613 1541 1658 prius
1570 1613 1599 1646 in
1627 1624 1785 1661 assumpta

1040 1669 1166 1706 propter
1190 1672 1246 1694 nos
1268 1672 1361 1694 earne
1381 1661 1549 1707 passibilis,
1578 1670 1647 1707 post
1670 1663 1753 1697 sicut
1771 1675 1785 1696 a

1040 1717 1138 1743 morte
1160 1709 1203 1742 sic
1226 1709 1264 1742 ab
1299 1710 1384 1743 omni
1421 1710 1625 1756 passibilitate
1657 1723 1786 1757 prorsus

1040 1757 1203 1801 immunis,
1219 1757 1304 1804 qnod
1320 1770 1335 1792 a
1354 1757 1484 1793 Graecis
1499 1759 1614 1805 pariter
1623 1768 1653 1794 et
1665 1759 1785 1795 Latinis

1040 1814 1163 1840 nostrae
1197 1807 1306 1840 salutis
1338 1808 1518 1853 mysterium
1558 1808 1782 1854 frequentatur.

1038 1853 1177 1889 Graecus
1200 1855 1237 1889 ad
1262 1855 1356 1889 fidem
1381 1868 1454 1890 cum
1477 1856 1633 1903 discipulo
1663 1858 1783 1892 iuniore

1039 1915 1256 1950 praecurrens,
1283 1913 1313 1938 et
1336 1912 1437 1939 tantae
1458 1914 1573 1950 gratiae
1593 1917 1655 1940 non
1678 1919 1784 1952 ingra-

1038 1960 1099 1995 tus,
1122 1952 1204 1986 illius
1226 1953 1425 1998 dignationis,
1449 1966 1508 2001 qua
1536 1953 1623 1989 Dens
1645 1967 1782 2001 compas-

1037 2013 1091 2035 sus
1118 2001 1264 2036 miseriae
1293 2001 1447 2036 liumanae
1477 2003 1570 2037 homo
1594 2003 1690 2037 voluit
1714 2016 1782 2039 esse

1038 2050 1206 2096 passibilis,
1227 2051 1348 2097 eligens
1373 2051 1515 2097 quotidie
1538 2053 1708 2092 reminisci,
1733 2054 1784 2086 lis»-

1036 2099 1127 2132 stiam
1150 2099 1254 2134 offerri
1287 2101 1446 2134 constituit
1481 2100 1715 2139 fermentatam,
1752 2112 1778 2134 n!

1036 2148 1188 2193 Apostolo
1204 2149 1337 2188 dicente,
1360 2150 1443 2194 quod
1459 2162 1496 2183 ex
1511 2149 1663 2183 fermento
1682 2162 1780 2183 massa

1036 2198 1267 2243 corrumpitur,
1294 2198 1324 2231 in
1365 2198 1517 2231 fermento
1555 2199 1779 2243 corruptionis

1036 2245 1086 2279 cui
1114 2254 1184 2280 ante
1207 2247 1481 2285 resurrectionem,
1506 2258 1622 2292 eorpus
1645 2246 1782 2280 Domini-

1035 2305 1107 2327 cum
1133 2294 1296 2329 subiacere
1324 2296 1438 2340 potuit,
1465 2296 1657 2329 ostendatur.
1697 2295 1781 2329 Lati-

1037 2355 1096 2376 nus
1120 2355 1191 2377 vero
1213 2355 1285 2377 cum
1314 2343 1407 2377 Petro
1428 2343 1562 2378 Seniore
1585 2352 1711 2378 secutus
1735 2343 1781 2377 lit-

1817 1425 1839 1447 E«
1856 1428 1880 1447 de
1904 1428 1986 1449 ἀπομι]

1804 1459 1843 1477 ritu
1868 1460 1886 1479 in
1912 1465 1985 1480 sum-

1803 1495 1873 1510 menm
1903 1489 1986 1511 Eucha-

1803 1521 1883 1541 eisthe.

1037 2400 1118 2427 terae
1161 2401 1421 2435 monumentum,
1462 2392 1500 2426 de
1537 2404 1596 2439 qna
1641 2393 1780 2439 procedit

1035 2441 1208 2488 spiritualis
1234 2453 1357 2483 sensus,
1377 2441 1461 2487 prior
1489 2441 1643 2484 introivit,
1672 2450 1702 2476 et
1728 2442 1780 2476 lin-

1036 2491 1168 2524 teamina
1192 2489 1292 2536 posita
1320 2501 1399 2535 quae
1425 2489 1667 2524 Sacrosanctum
1698 2490 1779 2525 Cor-

1037 2551 1105 2585 pus,
1127 2539 1211 2586 quod
1239 2538 1413 2573 Ecclesiam
1437 2539 1550 2584 signat,
1578 2539 1780 2581 involverant,

1035 2597 1275 2635 separatumque
1300 2587 1463 2621 sudarium
1491 2587 1575 2634 quod
1604 2587 1702 2623 fuerat
1723 2600 1781 2623 su-
