2129 3223
51 235 98 263 Αη,
117 235 144 262 C.
166 236 231 262 ¹228

55 1355 172 1378 rudericus

49 1392 59 1404 ν
67 1389 213 1408 immunitam<

41 1418 78 1439 tib
93 1420 222 1439 conditione:

53 1707 97 1730 N'on
107 1710 221 1736 resipiscit.

41 1743 131 1767 votaque
178 1740 221 1761 ltu*
239 1748 244 1752 ·

41 1773 118 1791 stratur
127 1779 131 1791 z

54 2190 125 2213 Potius
140 2194 223 2213 indure-

41 2225 88 2247 teit.
103 2223 221 2251 flagitiaque

41 2254 96 2275 aedit
115 2253 204 2279 flagitiis*

848 234 1031 257 Gumonms
1053 236 1083 257 tx
1108 236 1154 257 ΡΙ.

1654 227 1722 258 429

244 292 388 327 Gregorius
411 294 550 328 episcopus
569 299 663 320 servus
683 299 819 320 servorum
838 292 891 325 Dei.
912 299 991 321 vene·
1032 298 1168 323 teramus
1199 289 1311 323 obduci
1336 291 1465 336 neglecti
1491 291 1626 325 iulneris
1648 291 1772 326 cicatri—

289 341 419 370 rabilihus
449 340 585 369 fratribus
604 341 738 369 universis
768 341 988 377 archiepiscopis.

287 390 428 426 episcopis.
452 391 481 418 et
500 390 608 418 dilectis
638 390 703 418 filiis
727 390 789 418 attis
813 391 989 419 aeclesiarum

285 440 420 475 praetatis
438 441 466 468 et
485 439 591 468 clericis
610 446 658 475 per
679 440 800 474 Apuliam
813 441 984 473 constitutis

286 490 404 518 salutem
427 490 456 518 et
479 488 656 524 apostoticam
677 490 897 518 benedictionem.

289 562 415 604 Quanto
443 560 578 596 nobilius
605 560 781 596 membrum
813 561 842 595 iu
875 561 986 596 Eccle-

241 611 304 646 siae
339 622 470 658 corpore
503 610 655 648 laeditur,
696 618 780 644 tauto
813 611 986 646 acrioribus

241 660 405 695 doloribus
429 660 619 701 cruciamur,
647 660 700 706 qui
726 659 853 706 Cephae
880 660 984 696 locunt

242 711 311 744 licet
341 709 601 744 insufficientibus
636 709 755 743 meritis
791 709 982 744 obtinemus.

243 759 357 794 Verum
381 760 450 806 quia
475 767 589 793 tectum
616 759 740 801 vulnus,
762 759 786 792 si
812 759 984 794 dimittatur

242 817 412 847 intactum,
450 809 530 843 solet
557 809 586 842 in
624 808 805 842 scandalum
843 811 984 856 corporis

242 858 334 893 latius
355 859 496 903 evagari3
524 870 580 892 nos
606 858 680 892 olim
706 859 782 897 viso,
804 858 887 905 quod
912 858 983 894 Fri-

241 907 365 943 ‹lericus
397 907 611 942 Romanorum
651 908 818 953 imperator
851 908 981 943 salutem

242 957 397 1004 propriam
422 957 609 1004 negligebat.
628 957 702 990 dum
720 957 843 991 salubre
866 967 982 995 votum.

239 1006 322 1053 quod
349 1006 486 1041 Domino
513 1006 579 1041 Deo
606 1014 730 1041 voverat
756 1006 870 1040 additis
900 1007 983 1042 iura-

239 1056 352 1091 mentis
373 1056 564 1091 detrectabat
586 1055 729 1090 exolvere
751 1067 812 1089 non
837 1057 903 1091 sine
925 1056 982 1091 ‹lc-

240 1105 387 1140 trimento
410 1105 494 1149 fidei,
529 1114 558 1140 et
593 1106 675 1151 gravi
703 1105 852 1140 scandalo
886 1107 982 1141 totius

240 1155 345 1202 populi
368 1155 543 1197 christiani,
566 1155 637 1202 qnia
654 1156 736 1189 iuxta
751 1155 902 1200 sapientis
920 1156 983 1190 cdi-

237 1212 337 1239 ctnm:
354 1204 490 1239 Vulnera
512 1205 586 1238 dum
615 1216 716 1247 sanas,
744 1204 833 1239 dolor
854 1212 901 1239 est
922 1218 981 1239 me-

238 1254 339 1288 dicina
358 1253 486 1295 doloris,
509 1253 727 1288 medicinalem
742 1253 826 1288 Petri
841 1254 980 1299 gladium

240 1304 356 1338 meum
375 1304 556 1338 exeruimus
579 1303 608 1337 in
637 1303 747 1349 spiritu
775 1303 910 1338 lenitatis
927 1317 981 1338 ex—

189 1364 223 1378 ψ
237 1352 533 1387 communicationis
560 1352 745 1386 sententiam
778 1352 980 1398 publicando,

238 1413 331 1448 quam
355 1402 422 1449 ipse
442 1402 473 1436 in
496 1414 529 1436 se
556 1401 751 1436 voluntarius
774 1403 887 1436 l'ecerat
908 1415 981 1449 pro-

239 1451 387 1497 mulgari,
411 1452 468 1485 nisi
485 1458 600 1485 statuto
614 1451 747 1485 termino
769 1451 981 1486 transfretaret

239 1501 267 1535 in
289 1499 404 1536 Terrae
419 1500 551 1536 Sanctae
570 1500 761 1543 subsidium,
783 1507 813 1534 et
834 1501 891 1535 alia
906 1514 980 1548 pro-

237 1549 332 1584 missa
355 1550 488 1585 fideliter
509 1549 712 1595 adimpleret,
739 1558 918 1596 sperantes,
946 1559 981 1585 ut

238 1611 406 1644 percussus
429 1599 540 1634 dolens
564 1599 601 1633 ad
627 1599 850 1646 percutientem
889 1612 921 1634 se
949 1601 978 1634 in

238 1649 411 1684 humilitate
436 1649 562 1693 rediret,
590 1648 759 1683 Dominum
783 1649 978 1683 exercituum

239 1698 439 1745 requirendo;
461 1698 514 1733 sed
534 1698 617 1745 quod
641 1698 783 1732 dolentes
802 1698 979 1738 referimus,

239 1749 384 1782 indurato
409 1748 504 1782 corde
531 1748 717 1781 medicinam
741 1747 921 1789 exhorrens,
950 1759 980 1783 et

239 1794 480 1844 increpationem
525 1797 732 1831 abhominaris
774 1796 979 1843 disciplinae,

238 1846 334 1880 immo
372 1847 518 1880 malleum
546 1847 629 1879 velut
655 1845 800 1892 stipulam
820 1855 979 1892 reputans,

238 1907 299 1929 non
321 1895 422 1930 solum
451 1896 534 1929 nulla
564 1895 766 1941 poenitudine
784 1907 817 1929 se
830 1897 978 1936 correxit,

238 1957 342 1979 rerum
383 1946 474 1980 etiam
514 1944 666 1978 adiiciens
689 1953 811 1990 peccata
832 1947 979 1991 peccatis,

236 2002 342 2029 contra
365 2006 399 2028 se
412 1993 583 2028 Dominum
602 1994 748 2028 audacter
771 1994 879 2036 irritat„
903 1996 979 2030 ultra

236 2055 329 2090 quam
352 2056 515 2078 recensere
539 2056 594 2077 nos
616 2043 735 2083 deceat,
759 2056 796 2078 ne
821 2044 981 2079 videamur

238 2094 266 2127 in
289 2094 359 2128 eius
381 2093 525 2128 convitiis
547 2093 708 2135 delectari,
730 2093 782 2140 qui
805 2095 981 2129 conversio-

238 2155 308 2178 nem
323 2142 574 2177 desiderabiliter
589 2149 798 2188 expectamus.
823 2143 906 2177 luter
921 2145 978 2178 alia

238 2205 372 2240 namque
410 2192 512 2226 clares
553 2200 760 2226 contemnens
800 2191 979 2237 Ecclesiae,

236 2241 352 2287 quibus
376 2241 530 2276 Dominus
557 2241 647 2275 heato
683 2240 774 2275 Petro
799 2249 829 2275 et
850 2255 979 2277 succes-

236 2291 361 2326 soribus
387 2291 455 2325 eius
485 2291 599 2337 ligandi
627 2298 657 2323 et
683 2290 822 2324 solvendi
849 2292 980 2326 comulit

239 2348 434 2387 potestatem,
456 2340 513 2374 sibi
540 2340 609 2375 facit
624 2339 786 2383 celebrari,
800 2340 845 2373 vel
864 2342 980 2387 potius,

236 2402 386 2442 quantum
413 2394 443 2428 in
472 2394 540 2440 ipso
573 2403 630 2433 est,
654 2393 839 2440 prophanari
876 2395 979 2430 divina

238 2450 268 2482 in
290 2448 452 2483 enormius
475 2449 595 2482 animae
622 2459 697 2481 suae
729 2447 916 2493 periculum,
950 2457 980 2483 et

237 2503 467 2537 enervationem
504 2503 599 2536 totius
625 2500 853 2535 ecclesiasticae
884 2503 980 2537 disci-

239 2556 355 2603 plinae.
381 2555 472 2591 Unde
494 2556 640 2590 timentes
664 2567 701 2588 ne
725 2554 812 2600 plaga
834 2555 903 2589 eius
926 2557 980 2590 tie-

239 2619 284 2645 ret
306 2610 430 2649 penitus
455 2609 671 2657 dsssperabilis,
699 2608 724 2642 si
750 2607 829 2642 male
851 2610 981 2654 permit-

1031 350 1110 381 cem‚
1129 346 1158 373 et
1172 350 1209 373 eo
1226 339 1409 383 insanabile,
1424 352 1488 386 quo
1504 339 1685 375 insensibile
1699 340 1771 375 red-

1029 388 1177 425 deretur
1213 388 1365 434 malagma
1400 390 1577 424 studuimus
1615 402 1771 437 apponere

1029 438 1213 476 sanativum
1242 438 1359 472 utinam
1383 439 1521 473 studium
1550 447 1691 474 nostrum
1713 452 1772 487 op-

1029 495 1124 521 tatum
1149 486 1309 522 habuisset
1324 488 1480 521 effectum
1500 488 1581 522 Cum
1604 489 1687 523 enim
1704 502 1771 536 prae

1029 535 1253 571 recordationis
1275 536 1433 571 Honorius
1447 537 1528 584 Papa
1550 537 1771 584 praedecessor

1029 594 1134 620 noster
1155 598 1210 633 per
1232 585 1331 621 bonae
1362 587 1529 621 memoriae
1555 586 1769 623 Tusculanum

1027 642 1057 669 et
1091 635 1298 670 Sabineusem
1333 636 1521 682 episcopos,
1556 643 1586 671 et
1619 637 1769 672 dilectum

1027 684 1122 718 tilium
1166 685 1347 731 magistrum
1394 685 1577 720 Gualterum
1617 687 1769 721 notarium

1027 742 1183 774 nostrum,
1208 743 1239 769 et
1265 734 1440 769 Roffridum
1462 734 1610 769 clericum
1630 748 1770 771 camerae

1026 792 1159 823 nostrae,
1187 792 1217 819 et
1251 783 1394 818 abbatem
1421 783 1529 818 Sancti
1560 784 1685 819 Martini
1709 785 1770 820 Vi-

1024 833 1155 868 terbien.
1179 833 1364 868 Cistercien.
1392 833 1510 867 ordinis
1535 833 1682 868 eumdem
1711 835 1770 870 im-

1026 890 1197 929 peratorem
1221 882 1351 917 diversis
1373 883 1586 929 temporibus,
1611 896 1706 931 super
1727 885 1771 918 di-

1024 933 1120 966 versis
1147 932 1298 972 articulis,
1321 933 1351 966 in
1375 932 1493 979 quibus
1514 933 1617 967 Deum
1645 940 1676 967 et
1709 933 1770 968 Ec-

1024 982 1149 1016 clesiam
1188 982 1323 1029 graviter
1362 982 1554 1018 offendebat,
1601 981 1769 1029 diligenter

1024 1032 1215 1065 commoneri
1240 1031 1377 1071 fecissen
1401 1043 1458 1065 nos
1480 1031 1584 1065 adhuc
1607 1032 1767 1067 humilian-

1024 1089 1069 1114 tes
1097 1081 1157 1114 vim
1185 1081 1379 1115 auctoritatis
1414 1080 1572 1115 Ecclesiae
1605 1081 1643 1115 ad
1672 1094 1768 1127 prae-

1023 1130 1153 1164 sentiam
1169 1131 1237 1164 eius
1256 1130 1387 1164 dilectos
1409 1129 1488 1164 filios
1510 1129 1664 1165 Thomam
1685 1131 1766 1165 tituli

1022 1179 1155 1214 Sanctae
1181 1179 1318 1214 Sabinae
1351 1179 1582 1226 presby,terum
1609 1188 1639 1214 et
1664 1179 1767 1215 Otho-

1024 1240 1092 1263 nem
1121 1229 1226 1263 Sancti
1254 1227 1373 1263 Nicolai
1403 1241 1431 1262 in
1461 1227 1596 1263 Carcere
1621 1228 1767 1265 Tulliano

1023 1277 1200 1315 diaconum
1216 1277 1402 1317 cardinales,
1417 1278 1767 1319 curavimusdestinare

1024 1335 1056 1361 ut
1082 1339 1154 1361 eum
1190 1339 1286 1373 super
1311 1327 1492 1373 praemissis
1519 1336 1549 1362 et
1570 1327 1768 1375 subsequen-

1022 1376 1106 1410 tibus
1122 1377 1186 1411 vice
1208 1384 1314 1410 nostra
1335 1376 1503 1410 salubriter
1518 1387 1764 1413 commonerent.

1790 236 1826 262 Αη
1852 235 1879 260 (ἶ.
1901 236 1965 260 izv-»q

1797 551 1879 576 Quanto
1900 553 1967 572 ‹tudifl

1786 584 1804 602 ei
1808 588 1831 602 us
1878 582 1966 603 «alutem

1785 614 1889 633 curaverit
1901 611 1967 633 Sados

1787 643 1919 669 Apostoliea:

1021 1425 1082 1467 Qui
1105 1425 1177 1459 licet
1195 1425 1234 1459 de
1246 1425 1505 1471 contingentibus
1528 1426 1569 1460 nil
1591 1427 1766 1466 omiserint;
1802 1441 1827 1460 a>
1858 1441 1919 1461 ‘tu-11

1022 1487 1219 1529 nequaquam
1241 1482 1344 1509 tamen
1367 1487 1438 1509 eum
1456 1483 1626 1522 potuerunt
1644 1476 1681 1511 ad
1697 1490 1768 1532 poe-

1023 1525 1186 1558 nitentiam
1211 1536 1371 1568 revocare,
1406 1525 1525 1559 utinam
1549 1525 1585 1559 ad
1616 1527 1764 1573 nequiora

1022 1585 1220 1621 nequaquam
1259 1586 1371 1608 manus
1408 1574 1530 1608 illicitas
1563 1576 1764 1611 extendisset.

1022 1623 1125 1664 Quare
1148 1635 1186 1657 ne
1208 1622 1385 1657 videremur
1406 1623 1528 1658 deferre
1550 1624 1669 1659 homini
1689 1637 1765 1660 con-

1023 1681 1066 1706 tra
1106 1671 1231 1711 Deum,
1258 1684 1331 1707 ecce
1367 1673 1515 1707 iustitiam
1551 1673 1580 1706 in
1615 1674 1763 1709 iudicium

1022 1729 1239 1756 convertentes
1261 1721 1291 1755 in
1319 1723 1462 1768 proxime
1490 1723 1658 1769 praeterito
1686 1723 1764 1759 festo

1021 1770 1147 1805 Coenae
1170 1770 1354 1806 Dominicae
1381 1771 1412 1806 in
1441 1771 1633 1818 praedictum
1657 1773 1763 1820 impe-

1022 1827 1156 1854 ratorem
1197 1831 1532 1856 excommunicationis
1577 1824 1763 1858 sententiam

1021 1870 1202 1904 solemniter
1222 1869 1370 1904 duximus
1395 1870 1670 1917 promulgandam,
1697 1881 1763 1908 tum

1023 1932 1078 1965 pro
1100 1931 1137 1953 eo
1164 1919 1266 1965 quod,
1303 1928 1335 1954 ut
1366 1921 1575 1966 praemissum
1601 1930 1666 1964 est,
1702 1935 1763 1957 non

1022 1969 1228 2003 transfretavit
1247 1969 1275 2002 in
1293 1969 1470 2003 subsidium
1492 1969 1607 2004 Terrae
1620 1971 1763 2008 Sanctae.

1023 2030 1078 2052 nec
1106 2018 1294 2065 promissum
1317 2031 1482 2053 numerum
1511 2020 1642 2054 militum
1663 2021 1692 2055 in
1709 2033 1765 2056 ex-

1023 2070 1128 2114 pensis
1155 2068 1219 2102 suis
1253 2068 1369 2107 tenuit,
1404 2069 1449 2103 vel
1484 2069 1673 2106 transmisit.
1708 2083 1763 2104 nec

1023 2118 1200 2164 pecuniam,
1234 2130 1326 2163 quam
1364 2117 1550 2164 promiserat
1583 2118 1763 2155 destinavit,

1022 2175 1086 2200 tum
1121 2167 1193 2213 quia
1227 2166 1434 2201 venerabilem
1463 2167 1587 2201 fratrem
1623 2177 1761 2202 nostrum

1021 2216 1225 2250 Tarentinum
1270 2216 1540 2263 archiepiscopum
1576 2217 1612 2250 ad
1655 2217 1762 2252 sedem

1023 2265 1176 2311 propriam
1204 2265 1354 2299 accedere
1377 2277 1438 2298 non
1462 2265 1665 2312 permittens,
1691 2278 1762 2301 eum

1023 2314 1172 2368 populum
1200 2326 1292 2348 suum
1318 2326 1378 2348 non
1404 2315 1518 2359 patitur
1540 2314 1674 2355 visitare,
1698 2323 1763 2350 tum

1022 2365 1114 2397 etiam
1142 2363 1211 2409 quia
1251 2363 1447 2409 Templarios
1482 2371 1511 2397 et
1542 2362 1765 2410 Hospitatarios

1023 2413 1112 2447 bonis
1152 2412 1321 2446 mobilibus
1355 2419 1385 2445 et
1419 2412 1650 2453 immobilibus,
1684 2425 1766 2461 quae

1022 2461 1178 2496 habebant
1206 2462 1234 2494 in
1264 2473 1372 2506 regno,
1399 2469 1516 2496 temere
1542 2461 1700 2508 spoliavit
1734 2471 1765 2498 et

1022 2512 1094 2558 qnia
1116 2510 1376 2556 compositionem
1400 2509 1508 2545 factam
1538 2511 1619 2546 inter
1643 2512 1764 2558 ipsum,

1021 2569 1051 2595 et
1085 2561 1215 2594 comites
1242 2559 1392 2595 Celanen.
1433 2567 1464 2594 et
1497 2560 1693 2608 Raynaldum
1725 2562 1764 2597 de

1023 2611 1139 2644 Aversa
1172 2621 1228 2656 pro
1261 2610 1350 2644 cuius
1383 2609 1598 2645 observatione
1623 2610 1763 2646 Romana

1794 1635 1961 1658 &communica-

1780 1670 1812 1688 tus
1841 1668 1959 1688 declaratur

1780 1705 1789 1716 a
1813 1697 1916 1724 Gregorio
1940 1700 1959 1719 in

1780 1731 1811 1748 dtr*
1827 1730 1847 1750 C*
1865 1730 1886 1751 D,

1791 2180 1960 2199 musac-excom-

1778 2210 1959 2231 mtrnirationisl21

1778 2244 1819 2260 tae.
