2129 3223
123 275 174 302 An.
192 275 221 303 c.
238 274 303 302 testi
373 266 443 300 594

121 332 307 386 ,Ιῇῐίεῗῐῑιῑῐῑῑῐεῑῖζ
321 339 401 373 sent,
431 332 460 364 in
491 343 547 364 nos
569 330 696 366 demum
725 344 816 366 suum
847 341 1067 367 converterunt

122 395 224 416 mmm,
284 381 290 385 “
322 380 480 422 intuitum,
503 380 686 415 direxerunt
708 381 830 416 animos
851 389 879 415 et
895 389 1068 428 conceptus

320 439 513 473 expressere,
539 441 575 464 ac
602 429 764 465 firmavere
785 442 970 470 consensus,
994 442 1069 477 piae-

317 476 469 522 eligentes
499 477 720 525 indignitatem
749 487 886 514 nostram
919 480 956 514 ad
993 492 1068 514 exe-

316 525 478 572 quendum
506 535 609 562 tantae
642 528 778 563 officium
807 528 968 575 dignitatis
995 540 1065 562 cum

316 583 494 610 nostrorum
519 577 705 623 parvitatem
729 578 911 612 meritorum
941 577 1067 612 deceret

314 623 445 659 subesse
469 627 585 672 potius,
613 638 706 673 quam
731 635 814 662 tanto
833 626 962 661 culmini
982 638 1068 673 prae·
1087 650 1089 661 i

313 673 427 707 sidere.

364 722 427 756 Nos
448 730 553 758 autem
578 733 716 759 nostram
745 723 943 758 attendentes
966 723 1067 758 imbe-

128 778 154 799 Se
170 782 238 799 suum
262 782 299 812 τε,-
313 770 490 815 cillitatem,
507 781 536 806 et
579 773 831 808 insufficientiam
875 773 1066 819 cogitantes;

114 808 300 865 {2ss32‘}‚¹²⁹⁹¹¹'
315 829 483 866 pensantes
516 834 642 869 quoque
682 831 742 857 tam
782 822 885 868 gravis
924 823 1066 857 sarcinae

315 870 448 914 molem,
479 879 508 906 et
538 872 613 905 tanti
637 871 766 906 lionoris
787 870 989 906 altitudinem
1010 872 1065 906 ad·

314 927 481 963 vertentes,
519 920 651 955 nimium
681 920 920 967 trepidavimus,
944 920 1065 955 valido-

312 980 373 1013 que
397 968 537 1003 membra
560 978 664 1004 nostra
687 969 855 1016 obriguere
878 981 1003 1016 pavore,
1030 982 1065 1004 ac

312 1017 390 1050 intra
420 1029 478 1052 uos
511 1030 566 1052 cor
597 1026 747 1053 nostrum·
769 1017 946 1053 vehementi
974 1019 1064 1065 quasi

310 1073 439 1112 stupore
467 1066 598 1112 gelavit,
634 1076 663 1102 et
689 1067 872 1101 eorumdem
898 1068 1062 1102 intentioni

309 1113 439 1149 fratrum
463 1127 520 1162 pro
537 1127 630 1162 posse
652 1117 837 1156 restitimus,
865 1124 974 1150 contra
987 1128 1064 1151 eon-

308 1163 420 1198 cordes
447 1165 588 1212 ipsorum
621 1165 755 1200 affectus
777 1164 949 1212 plurimum
979 1165 1064 1200 relu-

307 1220 448 1257 ctantes,
499 1214 660 1249 renuendo
700 1226 832 1261 prorsus
867 1213 905 1248 ad
947 1214 1063 1248 summi

309 1262 512 1307 pontificatus
531 1264 653 1310 apicem
671 1263 845 1306 sublimari,
860 1271 890 1298 et
903 1263 1062 1298 exorando

308 1311 470 1353 instanter,
500 1322 531 1346 ut
554 1314 754 1359 imponerent
776 1311 827 1346 alii
857 1324 938 1347 onus
972 1311 1060 1347 illud.

308 1358 370 1404 lpsi
394 1372 467 1395 vero
486 1373 543 1396 suo
558 1361 718 1407 proposito
736 1361 848 1395 fortius
866 1361 1061 1405 insistentes,

309 1416 413 1442 nostra
442 1410 639 1445 recusatione
667 1422 702 1444 ac
729 1410 950 1457 deprecatione
991 1422 1063 1445 om·

309 1457 385 1492 nino
409 1458 546 1504 repulsa,
570 1471 737 1505 personam
774 1467 932 1499 nostram,
959 1470 1061 1505 quau-

309 1514 515 1554 tumcumque
538 1508 738 1548 renitentem,
757 1508 894 1555 quadam
915 1507 1061 1542 violentia

308 1565 492 1602 coegerunt,
526 1565 557 1591 et
579 1558 717 1592 extensis
751 1557 868 1591 ineam
902 1555 1060 1596 manibus,

306 1604 344 1639 ad
380 1605 618 1641 assentiendum
659 1618 768 1641 eorum
803 1605 970 1640 desideriis
1002 1617 1061 1640 nos

309 1654 513 1698 pertinaciter
539 1663 702 1690 attraxere.

357 1701 448 1737 Unde
476 1715 515 1738 ne
537 1703 661 1738 divinae
689 1703 866 1737 videremur
887 1702 1060 1737 Providen-

307 1751 367 1785 tiae
389 1751 525 1793 obviare,
552 1764 693 1799 suaeque
715 1752 913 1799 dispositioni
937 1751 1058 1785 obicem

307 1808 470 1845 protervae
489 1801 684 1836 difficultatis
702 1801 827 1841 inferre,
855 1813 890 1834 ac
913 1811 951 1834 ne
971 1812 1059 1834 scan-

306 1848 367 1882 dali
408 1850 455 1884 vel
493 1850 702 1885 dissensionis
728 1850 889 1885 materiam
926 1849 1059 1895 praebe-

307 1909 429 1942 remus,
457 1898 570 1934 devicti
599 1899 677 1934 dura
714 1908 744 1934 et
784 1897 915 1933 ferventi
940 1897 1061 1944 praedi-

306 1955 428 1982 ctorum
463 1947 591 1983 fratrum
621 1948 784 1987 instantia,
812 1947 891 1982 votis
918 1946 957 1981 ad
985 1946 1061 1981 ulti-

307 2008 406 2037 mum,
429 2009 622 2043 quamquam
644 1997 743 2042 inviti,
766 1997 982 2043 acquievimus
1004 2007 1060 2030 eo-

308 2045 465 2087 rumdem,
493 2046 719 2081 submittentes
741 2054 866 2080 nostrae
888 2044 1060 2079 debilitatis

307 2095 458 2129 humeros
486 2095 522 2129 ad
558 2095 765 2143 portandum:
803 2106 865 2129 non
903 2093 989 2140 quod
1020 2093 1081 2132 ‹le¹

307 2143 408 2190 aliqua
438 2153 541 2179 nostra
565 2145 676 2179 virtute
699 2143 848 2178 fiduciam
875 2143 1059 2186 habeamus,
1079 2176 1081 2183 ,

307 2193 360 2227 sed
389 2193 462 2240 quia
485 2195 522 2228 ‹le
543 2193 631 2228 Illius
657 2205 822 2240 speramus
843 2193 977 2233 auxilio,
1005 2191 1058 2238 qui

308 2254 364 2288 pro
390 2254 428 2277 eo
449 2242 666 2277 laborantibus
692 2242 745 2277 dat
772 2241 852 2276 serre
869 2242 977 2288 iugum
994 2252 1058 2274 sua-

308 2292 396 2332 viter,
420 2301 449 2325 et
471 2291 581 2326 leviter
608 2303 690 2326 onus
718 2303 811 2326 suum
840 2298 982 2337 portare;
1004 2289 1058 2336 qui

309 2339 466 2375 affluentis
493 2341 532 2376 de
553 2354 628 2376 suae
662 2340 809 2375 bonitatis
846 2339 963 2386 irriguo
993 2350 1060 2385 spe-

311 2390 444 2424 rantium
468 2390 498 2424 in
526 2403 560 2425 se
587 2398 712 2437 pectora
739 2388 879 2435 largiflue.
908 2387 1060 2435 compulit

310 2447 339 2472 et
367 2438 549 2479 foecundat;
585 2440 638 2486 qui
668 2438 908 2474 balbutientium
937 2438 1060 2484 linguas

310 2499 384 2522 suae
407 2488 528 2524 virtutis
551 2488 689 2536 potentia
710 2487 897 2535 eloquentes
918 2485 1009 2521 efficii
1028 2493 1060 2521 et

311 2535 472 2572 facundas.
504 2537 602 2572 Porro
634 2537 707 2584 quia
736 2546 876 2572 nostrum
905 2547 1061 2582 recogno-

312 2585 429 2620 scimus
461 2587 679 2634 imperfectum
716 2594 843 2632 propter
872 2584 957 2633 quod
991 2584 1060 2619 aliis

311 2634 466 2669 subsidiis
491 2636 653 2683 potissime
675 2635 871 2682 indigemus,
902 2633 940 2668 ad
963 2635 1060 2669 siuce-

909 278 1009 301 BULLA
1015 279 1045 301 ΙῑΙ
1052 277 1097 301 tm
1118 278 1281 301 nonAstm

1873 277 1923 303 An.
1940 275 1970 302 C.
1986 274 2054 302 tatu

1086 337 1174 366 tram
1197 331 1394 367 devotionem
1424 341 1554 368 vestram
1587 331 1780 367 confidenter
1812 343 1857 366 re·
1878 336 2056 373 {newembu-

1109 381 1276 422 currimus,
1307 389 1469 429 vestraque
1495 381 1642 428 suffragia
1672 371 2054 425 fiducialiterfssi'ffwssfliffii.

1088 467 1089 483 χ
1109 430 1305 476 postulamus
1327 439 1471 477 rogantes
1498 444 1563 475 vos,
1585 438 1616 465 et
1637 431 1787 466 attentius
1805 441 1858 464 ex·
1872 430 1977 450 “flmm-

1110 479 1292 520 liortantes,
1335 487 1492 526 quatenus
1531 480 1640 515 sedula
1681 491 1737 514 uos
1774 478 1856 526 apud

1109 527 1210 563 Deum
1259 529 1483 564 intercessione
1531 529 1661 564 iuvetis:
1701 529 1859 564 solventes

1109 577 1234 623 linguas
1255 578 1286 612 in
1310 589 1433 623 preces,
1462 586 1493 612 et
1519 579 1549 613 in
1579 578 1667 623 iuges
1690 589 1746 625 pro
1767 576 1859 612 nobis

1109 627 1266 661 orationes
1304 626 1382 662 labia
1417 635 1618 662 exercentes:
1654 639 1691 662 ex
1719 626 1859 669 intimis,

1108 687 1311 722 quaesumus,
1346 675 1510 710 affectibus
1537 675 1782 723 supplicationes
1819 675 1857 710 ad

1108 725 1233 759 coelum
1249 725 1388 771 dirigite,
1410 737 1445 760 ac
1460 725 1528 760 sine
1551 725 1784 760 intermissione
1801 736 1859 760 nos

1103 773 1175 808 ‘Deo
1202 774 1300 809 sacris
1327 774 1437 809 vestris
1464 773 1748 809 interventionibus
1777 785 1860 809 com-

1108 823 1266 863 mendate,
1294 823 1401 858 crebra
1430 823 1469 857 ob
1498 824 1556 858 boc
1578 823 1638 858 sibi
1668 834 1796 858 munera
1828 830 1859 857 et

1107 872 1258 907 sacrificia
1281 871 1459 912 offerentes,
1484 881 1625 918 utsupra
1646 884 1702 906 nos
1725 871 1858 906 imbrem

1106 922 1224 967 gratiae
1257 933 1334 956 suae
1364 922 1449 968 pluat
1478 929 1507 956 et
1542 934 1643 957 rorem
1667 921 1777 956 solitae
1800 920 1859 955 be-

1108 971 1268 1016 nignitatis
1302 969 1458 1010 infundat,
1493 971 1577 1017 quod
1614 983 1671 1006 nos
1695 978 1784 1006 actus
1806 981 1860 1004 no-

1106 1028 1189 1054 stros
1202 1019 1375 1064 dirigentes
1393 1019 1429 1054 ad
1447 1020 1545 1066 ipsam
1561 1019 1737 1055 Ecclesiam
1752 1030 1857 1062 suam,

1106 1080 1200 1115 quam
1224 1069 1314 1103 uobis
1341 1069 1536 1104 committere
1559 1068 1666 1113 voluit,
1689 1068 1858 1103 salubriter

1106 1129 1226 1163 regere,
1253 1129 1289 1152 ae
1310 1119 1350 1152 de
1378 1119 1528 1153 universo
1548 1117 1646 1165 ipsius
1663 1129 1757 1164 grege
1783 1117 1857 1162 vigi-

1105 1167 1217 1202 lantiae
1239 1175 1366 1202 nostrae
1394 1167 1514 1202 credito
1540 1178 1647 1201 curam
1675 1178 1784 1213 gerere
1805 1165 1855 1200 de-

1105 1215 1200 1250 bitam
1241 1216 1326 1250 iuxta
1361 1228 1454 1250 suum
1491 1215 1722 1263 beneplacitum
1758 1215 1855 1250 valea-

1105 1277 1176 1299 mus
1201 1273 1254 1299 etc.

1153 1313 1267 1349 Datum
1291 1313 1442 1361 Neapoli,
1469 1313 1611 1349 secundo
1639 1312 1788 1348 kalendas
1816 1312 1853 1347 ia·

1105 1363 1218 1407 nuarii,
1241 1363 1443 1410 pontificatus
1469 1363 1566 1398 nostri
1586 1375 1668 1398 anno
1690 1363 1803 1410 primo.

1138 1424 1198 1455 Dat.
1215 1425 1261 1455 die
1280 1425 1313 1454 31
1332 1424 1500 1455 decembris
1520 1424 1605 1461 1254,
1621 1423 1724 1463 pontit.
1738 1433 1786 1454 an.
1801 1432 1822 1453 1.

1456 1559 1494 1595 ΙΙ.

1080 1663 1081 1672 ¹
1105 1627 1266 1661 Revocatt‘o
1288 1628 1495 1672 quarumdam
1531 1628 1702 1660 litterarum
1732 1634 1759 1660 ee
1784 1638 1852 1660 sen-

1151 1677 1261 1710 tenciae
1294 1677 1333 1710 ab
1365 1676 1543 1709 Innocentio
1566 1676 1656 1720 Papa
1694 1675 1748 1708 IV
1771 1675 1853 1709 latae

1151 1726 1295 1759 adt-ersus
1316 1726 1470 1768 reltyiosos
1494 1727 1555 1767 (1).

1368 1792 1582 1823 SUMMARtUM

1078 1878 1081 1903 Ι
1100 1850 1268 1881 Exordium.
1291 1867 1328 1873 —
1350 1849 1450 1880 lunoc.
1475 1849 1623 1894 religiosis
1651 1849 1796 1894 prohibet,
1816 1859 1852 1879 ne

1079 1904 1081 1921 i
1140 1891 1253 1920 alienos
1284 1890 1477 1929 parochianos
1509 1889 1614 1919 diebus
1641 1889 1753 1920 festivis
1778 1890 1854 1919 reci—

1080 1924 1081 1969 l
1141 1931 1231 1976 piant.
1249 1947 1287 1952 —
1310 1931 1349 1959 Ac
1378 1930 1413 1959 de
1437 1929 1560 1958 mortuis
1579 1929 1741 1968 portionem
1765 1938 1853 1958 cano—

1079 1981 1081 2001 t
1140 1967 1677 2000 nicamsolverentEcclesiiS.-Haec
1695 1969 1793 1998 omnia
1806 1977 1854 1998 re-

1141 2015 1290 2044 vocantur,
1311 2018 1466 2048 quousque
1485 2009 1628 2038 maturius
1641 2009 1853 2038 examinentur.

1099 2075 1250 2103 Alexander
1273 2075 1415 2111 episcopus
1443 2080 1537 2102 servus
1567 2079 1708 2102 servorum
1731 2073 1787 2106 Dei.
1806 2080 1854 2102 ve-

1145 2119 1311 2148 nerabilibus
1329 2118 1466 2147 universis
1482 2117 1693 2152 archiepiscopis
1711 2118 1741 2146 et
1749 2118 1854 2153 episco-

1144 2165 1198 2200 pis,
1231 2171 1261 2192 ac
1285 2164 1396 2192 dilectis
1428 2162 1494 2191 filiis
1530 2162 1681 2195 abbatibus,
1706 2161 1853 2197 prioribus,

1079 2187 1081 2257 l
1144 2208 1265 2242 decanis,
1290 2208 1496 2239 archidiaconis.
1532 2206 1792 2242 archipresbyteris,
1822 2207 1853 2235 at

1145 2254 1263 2282 altarum
1285 2253 1464 2281 Ecclesiarum
1501 2251 1646 2287 praelatis.
1679 2252 1708 2280 et
1735 2250 1853 2279 caeteris

1145 2298 1267 2334 personis
1277 2296 1482 2329 ecelesiasticis,
1496 2297 1554 2325 tam
1566 2295 1760 2328 saecutasihus,
1771 2301 1852 2331 qnam

1079 2361 1082 2402 ι
1145 2343 1319 2378 regularibus
1352 2342 1540 2377 cuiuscumque
1573 2340 1676 2369 ordinis
1693 2340 1722 2368 et
1744 2338 1852 2375 prores-

1146 2387 1229 2415 sionis
1250 2387 1385 2418 existant.
1406 2385 1522 2414 salutem
1538 2386 1568 2413 ot
1578 2384 1754 2420 apostoticam
1771 2384 1850 2411 bene·

1145 2431 1299 2460 dictionem.

1151 2489 1218 2525 Non
1243 2489 1403 2525 insolitum
1430 2498 1492 2531 est,
1527 2499 1628 2535 neque
1660 2498 1788 2528 novum,
1816 2497 1846 2521 ut

1101 2552 1148 2581 ea,
1176 2552 1256 2585 quae
1280 2551 1335 2586 per
1361 2537 1613 2584 occupationem,
1636 2536 1682 2570 vel
1709 2535 1739 2570 in
1767 2535 1849 2570 festi-

1078 2600 1082 2662 }
1135 2605 1175 2639 (ί)
1198 2603 1286 2631 Edidit
1303 2604 1433 2634 martene,
1450 2601 1578 2629 Thesaur.
1596 2600 1740 2632 Auecdot.,
1751 2604 1814 2627 tom.
1829 2608 1850 2633 i,

1075 2663 1081 2673 1
1099 2645 1148 2672 col.
1170 2645 1246 2671 ¹059.

1895 2495 2008 2518 Exordtum
