2129 3223
128 278 178 304 An.
197 278 225 304 C.
245 278 311 304 1186

153 583 269 605 (tau-uiae.

126 2475 223 2496 Prohibet
270 2480 294 2494 no

113 2509 185 2527 domu<
206 2506 295 2525 anoni-

113 2538 163 2556 ralia

114 2570 138 2585 ·
142 2573 184 2590 ι»
190 2567 286 2586 νεῐποιιεῑ
292 2558 529 2605 -pr,ohibemus
553 2574 590 2594 nc
619 2563 730 2594 domos
752 2563 951 2594 canonicales
980 2560 1059 2594 ulte-

127 2599 180 2616 Q-lUl

112 1993 119 2000 ²
128 1991 166 2009 *cti
178 1993 283 2016 erpa-mo

205 2537 253 2556 inho
243 2542 295 2556 nne

376 269 420 299 38

916 275 1016 298 BULLA
1023 275 1104 297 num
1133 274 1293 297 nonrANmr

326 343 475 385 praesens
498 342 551 377 pti
578 340 705 363 manum
729 328 812 363 Petri
840 329 949 363 notarii
979 328 1075 363 Vien-
1118 329 1181 362 rius
1205 328 1308 371 laicis,
1345 340 1399 374 per
1425 339 1504 374 quos
1535 327 1689 363 honestati
1715 328 1865 363 ecclesia-

325 381 431 415 nensis
453 379 492 414 dc
518 385 684 425 praecepto
707 386 825 418 nostro,
852 387 882 413 et
908 377 1074 424 diligenter
1117 380 1211 415 sticac
1235 379 1416 438 derogetur,
1444 387 1497 414 aut
1519 380 1613 415 etiam
1637 380 1696 415 sub
1714 392 1865 427 quacum-

323 430 508 468 examinata,
528 427 654 467 nostris,
671 434 702 462 et
719 426 850 462 aliarum
869 438 1071 474 personarum

323 477 442 512 munita
464 476 589 523 sigillis.

370 533 453 569 Nulli
492 545 567 580 ergo
605 533 735 568 omnino
775 533 938 568 hominum
982 532 1071 567 liceat

321 583 401 617 banc
422 583 568 630 paginam
596 590 720 617 nostrae
748 581 994 617 confirmationis
1023 581 1071 615 in-

321 631 467 687 fringere,
489 631 537 666 vel
559 631 587 666 ci
609 642 686 666 ausu
715 631 881 666 temerario
903 630 1069 673 contraire,

318 693 342 715 st
362 681 435 728 quis
463 688 568 715 autem
595 680 655 715 hoc
677 688 826 714 attentare
850 691 1069 725 praesumpse-

318 729 376 773 rit,
411 729 659 775 indignationem
695 728 921 775 omnipotentis
949 727 1006 761 Dei
1037 735 1068 761 et

318 777 479 813 beatorum
511 778 593 813 Petri
621 786 651 812 et
680 777 768 811 Pauli
796 777 1008 823 apostolorum
1034 787 1067 811 se

316 827 462 862 noverit
457 838 670 861 incursurum.

364 874 480 911 Datum
509 875 662 915 Veronae,
686 887 710 909 ιι
734 874 805 909 idus
827 874 1015 909 decembris.

335 936 395 967 Dat.
413 936 460 967 die
486 936 520 966 12
536 935 702 966 decembris
722 945 798 965 anno
817 935 932 965 Domini
964 935 1046 972 1185,

565 979 666 1019 pontif.
686 988 763 1009 anno
786 988 805 1009 1.

662 1151 714 1185 lv.

333 1226 489 1257 ,Cratinum
513 1235 547 1256 ne
569 1224 677 1256 domus
709 1223 903 1256 canonicales
933 1222 1037 1255 laicis.

309 1282 333 1305 et
362 1277 538 1305 muneribus
579 1274 680 1305 malae
711 1278 800 1304 notae
836 1272 970 1303 locentur
1001 1272 1061 1312 (r).

580 1348 795 1379 SUMMAPAUM

310 1416 389 1445 Facti
408 1416 561 1453 expositio.
578 1431 617 1436 —
636 1414 775 1443 Prohibet
794 1422 829 1442 ne
849 1413 953 1442 domus
978 1421 1063 1441 cano-

349 1461 459 1488 nicales
505 1459 670 1488 inhonestis
710 1459 842 1497 personis
878 1458 997 1486 locetur.
1025 1473 1064 1477 —

347 1503 522 1533 constitutio
552 1512 602 1541 pro
635 1502 776 1532 domibus
796 1511 869 1540 (tuas
900 1501 967 1530 laici
1000 1500 1062 1529 iure

349 1547 544 1576 haereditario
564 1547 717 1586 possident
737 1546 766 1575 in
787 1547 923 1575 claustro.
943 1561 982 1567 —
1010 1544 1063 1574 he-

347 1596 460 1620 cretum
488 1591 682 1620 immunitatis
706 1600 757 1629 pro
786 1589 943 1619 stabilitate
972 1590 1061 1618 huius

345 1635 566 1664 constitutionis
590 1637 631 1671 (a.
661 1637 709 1671 iz).

307 1709 428 1737 urbanus
447 1710 586 1744 episcopus
606 1715 700 1736 servus
724 1714 861 1736 servorum
874 1707 930 1739 Dei.
952 1713 1061 1735 venera·

351 1759 401 1786 biti
418 1759 504 1787 fratri
522 1759 552 1786 R.
569 1759 707 1793 episcopo,
729 1758 759 1785 et
786 1757 896 1785 dilectis
919 1756 984 1784 filiis
1018 1756 1062 1784 de-

352 1814 428 1840 cano,
449 1809 480 1836 et
497 1807 620 1843 capitulo
645 1807 814 1839 carnotensi.
835 1806 950 1834 salutem
974 1806 1004 1833 et
1033 1811 1061 1833 a·

351 1856 512 1891 postolicam
531 1855 757 1884 benedictionem.

357 1923 545 1958 Audivimus
585 1931 615 1958 ct
656 1922 820 1958 audientes
861 1922 1061 1969 acquirimus

309 1985 370 2007 non
395 1972 515 2016 mirari,
542 1972 627 2019 quod
657 1972 726 2006 laici
763 1971 889 2018 quidam
920 1973 950 2005 in
974 1971 1061 2005 clau-

308 2030 372 2056 stro
391 2029 494 2056 vestro
508 2021 621 2055 domos
643 2021 709 2055 iure
729 2020 934 2055 haereditario
958 2020 1060 2066 possi-

309 2071 432 2114 dentes,
460 2070 535 2104 tales
562 2082 713 2117 personas
740 2069 925 2115 plerumque
953 2070 1060 2102 admit

310 2127 390 2158 tunt
407 2131 461 2166 pei
477 2131 555 2166 quas
569 2119 757 2153 clericorum
781 2131 871 2164 quies
895 2118 1059 2152 inhonesto

309 2169 441 2215 strepitu
469 2180 562 2214 saepe
597 2167 739 2202 turbatur
752 2194 761 2210 ,
788 2175 818 2201 ct
852 2167 976 2201 ‹leiotio
1003 2178 1060 2214 po-

311 2218 388 2264 puli,
416 2229 454 2251 ne
476 2217 592 2251 divinis
616 2217 757 2251 intendat
788 2215 898 2250 olliciis
930 2227 1060 2262 praepe-

309 2270 404 2306 ditur,
434 2266 658 2300 iocutaioiibus
691 2266 818 2311 quidem
851 2264 1058 2303 aleatoiibus

309 2315 507 2368 cauponibus
528 2323 558 2349 et
584 2315 768 2349 mulieribus
798 2313 940 2360 turpibus
970 2326 1059 2360 piae-

309 2374 442 2411 scripiae
477 2365 590 2398 domus
626 2364 664 2398 de
700 2364 932 2397 consuetudine
968 2375 1058 2409 prava

311 2415 463 2446 locantur.

359 2461 507 2495 Volentes
531 2463 625 2507 igitur
646 2461 806 2496 communi
831 2460 988 2497 Ecclesiae
1009 2461 1060 2495 ho-
1079 2489 1082 2516 3

312 2517 422 2544 nestati
457 2514 639 2554 consulere,
676 2512 859 2544 anctoritate
888 2513 1059 2558 apostolica

346 2625 385 2658 (l)
403 2624 438 2650 Ex
458 2624 576 2651 Dacherii
589 2626 722 2659 Spiciltg„
745 2629 807 2650 toni
827 2632 866 2655 ιιι
886 2632 933 2658 pag
937 2645 942 2648 .
961 2624 1021 2649 550.

1115 444 1175 479 que
1198 433 1364 467 occasione
1391 432 1544 467 locentur.

1164 486 1394 521 Constituimns
1421 486 1513 520 ctiam
1533 485 1572 520 dc
1591 485 1756 527 domibus,
1787 499 1864 534 quas

1114 539 1182 574 laici
1211 552 1242 574 ιιι
1265 540 1400 574 claustro
1423 539 1491 573 iure
1509 538 1719 574 haereditario
1742 547 1862 580 tenent,

1112 593 1137 627 si
1159 605 1213 628 eas
1235 593 1264 627 in
1299 592 1444 640 personis
1475 593 1609 639 propriis
1635 604 1707 628 cum
1731 593 1862 629 honesta

1113 645 1580 686 familia,exclusismulieribus
1598 645 1756 693 turpibus,
1773 646 1863 682 inha-

1112 699 1209 733 bitare
1231 699 1401 739 noluerint,
1426 706 1459 733 ut
1481 710 1543 733 non
1568 698 1627 733 uisi
1651 699 1785 741 clericis,
1814 701 1860 734 vel

1112 753 1256 799 personis
1278 753 1455 799 regularem
1473 751 1565 786 vitam
1589 751 1749 799 professis,
1765 754 1861 799 gratis

1111 806 1157 840 vel
1186 817 1241 852 pro
1275 814 1377 853 pretio
1405 804 1600 846 concedant,
1636 806 1660 840 si
1683 817 1859 853 congruum

1109 860 1154 894 eis
1177 859 1313 906 pretium
1344 859 1501 893 voluerint
1529 859 1692 894 exhibere.

1157 912 1241 947 Nulli
1286 924 1360 958 ergo
1400 912 1529 946 omnino
1570 911 1733 947 hominum
1770 913 1859 948 liceat

1108 966 1188 1001 hanc
1212 966 1355 1013 paginam
1383 974 1507 1001 nostrae
1544 966 1780 1001 constitutionis
1811 967 1860 1001 in-

1109 1019 1258 1065 fringere,
1289 1019 1334 1053 vcl
1358 1020 1387 1053 ei
1404 1031 1483 1055 ausu
1507 1020 1675 1054 temerario
1690 1021 1857 1056 contraire.

1106 1072 1139 1107 Si
1167 1075 1238 1120 quis
1270 1081 1376 1108 autem
1407 1073 1467 1108 hoc
1503 1080 1656 1108 attentare
1693 1085 1860 1121 praesum-

1109 1127 1216 1171 psci-it7
1243 1125 1493 1171 indignationem
1523 1126 1752 1173 omnipotentis
1785 1127 1858 1168 Dei,

1106 1187 1137 1212 et
1159 1179 1322 1213 beatorum
1353 1179 1437 1213 Petri
1466 1187 1497 1213 ct
1525 1179 1611 1213 Pauli
1644 1181 1857 1227 apostolorum

1106 1244 1174 1266 eius
1200 1245 1233 1266 sc
1267 1241 1389 1266 noverit
1417 1244 1630 1267 incursurum.

1154 1285 1270 1320 Datum
1294 1285 1391 1325 Vcn.,
1415 1297 1464 1319 xii
1488 1285 1548 1319 kal.
1573 1285 1685 1319 martii.

1139 1342 1198 1371 Dat.
1218 1342 1265 1372 die
1287 1342 1320 1371 18
1340 1341 1482 1371 februarii
1510 1351 1586 1371 anno
1609 1341 1725 1371 Domini
1744 1343 1826 1379 1186,

1360 1384 1462 1424 pontif.
1482 1394 1559 1414 anno
1582 1394 1600 1414 1.

1465 1544 1499 1578 V.

1107 1622 1305 1667 Confirmatio
1328 1622 1555 1666 compositionis
1578 1624 1671 1656 initae
1692 1624 1769 1656 iuter
1794 1636 1854 1657 mo-

1153 1676 1265 1704 nachos
1303 1673 1425 1704 Ai'cnses
1455 1672 1573 1705 ordinis
1602 1672 1807 1705 Clnniacensis
1828 1679 1854 1705 el

1152 1721 1444 1764 archipresbyterum
1462 1721 1498 1752 (le
1528 1721 1655 1764 Rupelta
1679 1724 1734 1763 (l).

1368 1796 1582 1842 §malamort

1103 1857 1269 1887 Exordium.
1291 1874 1330 1880 —
1347 1857 1535 1888 Confirmatio
1558 1859 1791 1898 compositionis.
1814 1877 1853 1883 -—

1143 1901 1239 1931 Tenor
1261 1902 1448 1932 instrumenti
1467 1903 1690 1942 compositionis
1712 1905 1787 1934 inter
1802 1904 1851 1934 Pe-

1145 1951 1219 1976 trum
1239 1947 1527 1986 archipresbyterum
1551 1947 1586 1977 de
1602 1947 1723 1987 Rupella
1743 1952 1771 1978 et
1787 1958 1850 1978 mo-

1143 1991 1254 2020 nachos
1274 1991 1409 2020 Aienses.
1431 2007 1470 2012 —
1499 1991 1596 2020 Series
1625 1992 1850 2022 controversiae.

1141 2053 1179 2059 —
1202 2035 1340 2065 Rationes
1358 2044 1372 2064 a
1393 2036 1545 2064 monachis
1561 2035 1677 2065 allatae.
1700 2035 1850 2066 —Testes

1142 2079 1283 2110 advocati.
1315 2094 1354 2100 -
1381 2078 1528 2108 Sententia
1553 2077 1693 2109 Bernardi
1721 2080 1851 2119 episcopi

1143 2125 1315 2154 Sanc-tenen.
1346 2139 1384 2144 ——
1411 2122 1598 2161 Transcripta
1634 2123 1669 2152 de
1697 2123 1784 2152 verbo
1814 2124 1850 2152 ad

1143 2168 1262 2198 verbum
1286 2177 1319 2197 ex
1349 2177 1401 2196 suo
1425 2166 1560 2204 originali
1588 2183 1626 2188 —
1654 2166 1722 2196 Data
1745 2167 1791 2196 die
1812 2166 1849 2195 22

1143 2216 1214 2251 sept.
1238 2212 1320 2241 1149.
1345 2227 1383 2232 —
1413 2209 1544 2239 Testium
1573 2211 1699 2240 nomina.
1729 2225 1769 2232 —·
1794 2209 1848 2240 Ur-

1142 2257 1208 2285 bani
1242 2255 1335 2293 Papae
1372 2254 1554 2284 conssrmatio
1588 2255 1777 2284 donationum
1814 2256 1849 2282 ab

1142 2301 1286 2329 Ademaro
1312 2298 1485 2329 Sanctonen.
1512 2299 1650 2337 episcopo
1681 2296 1849 2327 Cluniacen.

1142 2345 1292 2372 laetarum.
1321 2359 1359 2364 ——
1393 2342 1488 2372 Tenor
1511 2342 1676 2372 donationis
1703 2342 1848 2371 Ademari.

1140 2404 1178 2409 —
1208 2387 1274 2416 Data
1306 2387 1341 2415 19
1365 2386 1430 2415 iulii
1461 2395 1538 2415 anno
1561 2385 1674 2414 Domini
1694 2385 1770 2414 «1182
1792 2386 1848 2415 sub

1142 2431 1272 2460 Romano
1296 2430 1434 2460 Pontiiice
1456 2430 1545 2459 Lucio
1564 2429 1596 2458 11.
1611 2445 1650 2451 -—
1667 2428 1789 2458 Nomina
1810 2434 1848 2458 te<

1142 2476 1229 2504 stium
1257 2482 1310 2513 qur
1329 2476 1495 2503 adsuerunt.
1517 2489 1556 2495 —
1580 2472 1736 2502 Roboratio
1760 2482 1845 2511 praem

1141 2521 1232 2550 sentis
1252 2520 1408 2557 pratili-51..

1135 2582 1220 2616 ς1)1ιι
1242 2580 1360 2607 ΒὼΙιοίΙιΔ
1384 2583 1499 2607 ‹Aninac-
1526 2581 1607 2606 edidit
1628 2581 1753 2608 Martinus
1778 2583 1845 2608 Μαι·-

1101 2632 1162 2654 rter,
1176 2625 1224 2650 col.
1251 2625 1325 2649 lloltU.

1882 276 1932 302 Αη.
1947 275 1974 302 C.
1996 276 2063 303 1186

1887 503 2011 526 Constitutio
2024 512 2061 532 pro

1879 536 1973 557 domibus
2010 542 2060 563 qut·

1879 566 1925 587 laici
1941 567 1987 588 iuro
2008 566 2060 586 lias:-

1877 598 1978 618 rodhario
1995 599 2062 623 possi>

1878 627 1952 648 ‹lontin
1960 627 2059 649 claustro.

1889 938 1999 960 Decretum
2017 940 2056 959 im-

1874 969 1982 990 munitatis
2020 975 2057 996 pro

1875 999 1989 1020 stabilitam
2017 1000 2056 1021 hu-

1874 1031 1906 1051 ius
1950 1031 2057 1051 eonstitu-

1874 1062 1944 1082 tionis.
