2129 3223
41 223 94 252 Μ.
113 224 141 251 C.
159 224 226 250 12¹5

241 279 322 315 nolle
357 279 540 326 perturbare
580 291 761 326 perversos,
792 279 866 313 niliil
899 278 982 313 alind

238 337 285 365 est
307 341 400 376 quam
423 327 539 369 fovere,
562 340 619 364 nec
641 336 724 364 caret
752 328 902 376 scrupulo
930 341 982 363 so-

239 378 359 415 cietatis
377 377 530 419 occultae,
557 378 609 425 qui
649 377 815 412 manifesto
854 378 982 413 facinori

240 427 354 464 desinit
372 427 510 473 obviare,
534 428 563 462 in
588 439 737 475 personas
764 435 795 461 et
817 435 914 462 terras
935 440 982 461 eo-

239 491 306 514 rum
324 488 380 524 per
406 477 619 513 Ecclesiarum
643 477 799 524 praelatos
831 477 982 511 severita-

236 537 298 564 oem
321 528 562 563 ecclesiasticam
586 527 730 562 volumus
761 535 790 561 et
828 527 981 573 praecipi-

237 590 308 614 mus
330 578 479 613 exerceri.

283 632 299 671 5
328 630 382 662 15.
410 626 733 662 Excommunicamns
757 633 914 672 praeterea
952 634 980 660 et

47 676 220 727 ξξωξζζξζξξ
233 677 535 714 anathematizamus
561 676 631 711 illos
672 675 764 710 falsos
798 683 826 708 ct
867 674 980 721 impios

35 713 218 764 ειηἰιιοήῑειιομιιο-
233 727 433 768 christianos,
455 727 509 774 qui
532 734 639 761 contra
673 726 775 771 ipsum
816 723 978 759 Christum

44 771 138 790 ‘'⁸¹²¹‘⁵'
232 785 263 812 et
289 776 442 825 populum
465 777 671 811 christianum
695 774 860 809 Saracenis
882 786 978 815 arma,

233 827 348 862 ferrum
370 834 401 861 et
426 826 597 873 lignamina
627 825 773 859 defernnt
804 823 977 869 galearum.

231 876 295 912 Eos
320 875 414 912 etiam
436 877 491 924 qui
514 875 619 922 galeas
650 875 696 909 eis
731 873 869 908 vendunt
887 901 894 912 ,
930 873 977 907 vel

230 938 336 969 naves,
357 926 475 973 quique
509 926 538 959 in
574 925 711 972 piraticis
749 924 975 958 Saracenorum

229 976 360 1011 navibus
387 987 494 1010 curam
529 983 559 1009 et
586 973 845 1020 gubernationem
885 984 977 1007 exer-

226 1033 310 1067 cent,
336 1025 384 1060 vel
425 1025 456 1059 in
490 1024 661 1068 machinis,
700 1031 752 1058 aut
786 1021 977 1070 quibuslibet

226 1074 296 1110 aliis
330 1074 459 1122 aliquod
491 1074 536 1108 eis
569 1073 755 1120 impendunt
798 1071 974 1111 auxilium,

0 1123 9 1167 ζ
225 1123 394 1159 consilinm
443 1123 491 1158 vel
525 1123 659 1157 favorem
708 1124 739 1157 in
773 1121 974 1169 dispendium

0 1171 12 1221 ἶ
228 1173 344 1210 Terrae
364 1173 510 1213 Sanctae,
533 1173 670 1220 ipsarum
708 1184 812 1207 rerum
845 1183 973 1206 suarum

0 1229 6 1249 ¹
229 1223 401 1267 privatione
424 1223 580 1263 mulctari,
602 1230 632 1257 et
659 1221 852 1269 capientium
867 1233 974 1256 servos

227 1272 293 1307 fore
317 1284 503 1313 censemus,
528 1272 756 1318 praecipientes
784 1279 816 1305 ut
840 1283 895 1318 per
908 1282 974 1305 om-

228 1334 283 1367 nes
310 1323 404 1358 urbes
426 1321 597 1356 maritimas
618 1320 730 1356 diebus
756 1320 924 1355 dominicis
943 1328 973 1354 et

226 1371 345 1408 festivis
363 1370 546 1407 huiusmodi
570 1371 722 1405 sententia
751 1371 928 1413 innovetur,
943 1377 972 1403 et

227 1420 342 1457 talibus
367 1420 521 1468 gremium
537 1432 599 1454 non
623 1420 778 1466 aperiatur
796 1419 971 1463 Ecclesiae,

226 1469 485 1518 nisitotumquod
506 1482 542 1504 ex
564 1469 736 1504 substantia
753 1477 813 1504 tam
827 1469 972 1504 damnata

226 1521 435 1568 perceperint,
459 1528 488 1554 et
510 1518 692 1553 tantundem
729 1519 767 1553 de
800 1531 856 1553 sua
894 1518 972 1553 sub-

224 1570 340 1606 sidium
375 1568 551 1618 praedictae
587 1568 702 1603 Terrae
729 1569 969 1613 transmiserint,

226 1628 257 1654 nt
279 1632 381 1668 aequo
403 1618 532 1658 iudicio,
556 1618 585 1651 in
608 1630 671 1664 quo
697 1617 900 1664 deliquerint,
918 1631 972 1665 pu-

225 1669 360 1704 niantur.
383 1668 476 1711 Quod
498 1668 523 1702 si
553 1668 628 1702 forte
647 1666 797 1702 solvendo
820 1680 882 1702 non
906 1668 972 1703 fue-

225 1719 298 1762 rint,
324 1719 400 1753 alias
430 1717 481 1752 liic
510 1725 614 1751 reatus
647 1716 753 1751 talium
789 1717 970 1763 castigetur,

223 1768 307 1815 quod
334 1769 365 1803 in
387 1779 488 1814 poena
511 1767 650 1813 ipsorum
673 1767 741 1801 aliis
769 1767 971 1802 interdicatur

225 1817 355 1852 audacia
377 1816 492 1852 similia
517 1815 748 1862 praesumendi.

272 1868 368 1911 §hh
406 1864 617 1900 prohibemus
658 1866 787 1912 insuper
823 1865 970 1900 omnibus

29 1912 140 1970 '‘Jssffi'ss'gffi
151 1919 211 1966 2212*—
224 1916 415 1959 christianis,
441 1923 472 1949 et
494 1913 555 1948 sub
577 1915 772 1949 anathemate
803 1915 969 1950 interdici—

0 2003 3 2005 >
29 1976 90 1996 unani
107 1981 155 1996 suas
170 1983 210 1997 na-
224 1977 307 2006 mus,
329 1977 368 2000 ne
392 1966 420 1999 in
444 1972 542 1999 terras
565 1962 806 2008 Saracenorum,
819 1965 872 2011 qui
896 1978 968 2012 par-

0 2008 211 2063 sssffisse'ssussffioeuj
224 2022 271 2050 tes
292 2015 458 2050 orientales
481 2012 671 2057 inhabitant,
699 2026 797 2061 usque
825 2014 862 2048 ad
891 2027 969 2062 qua-

0 2059 108 2096 Quorum.
222 2063 402 2100 driennium
455 2063 666 2098 transmittant
719 2073 770 2098 aut
813 2073 968 2100 transeant

0 2110 19 2151 ³..
224 2126 317 2150 naves
343 2126 427 2154 suas,
451 2122 483 2147 ut
505 2124 559 2158 per
577 2112 636 2146 hoc
662 2113 838 2148 volentibus
867 2123 968 2150 trans-

223 2163 336 2200 fretare
363 2163 392 2198 in
416 2161 589 2197 subsidium
612 2161 726 2197 Terrae
743 2162 887 2206 Sanctae,
903 2177 968 2199 ma·
988 2180 991 2196 ι

223 2214 270 2248 ior
296 2213 408 2259 navigii
430 2212 518 2259 copia
549 2221 758 2258 praeparetur,
798 2221 827 2247 et
873 2213 968 2249 Sara-

223 2263 310 2298 cenis
344 2261 514 2309 praedictis
551 2260 751 2296 subtrabatur
795 2263 967 2303 auxilium,

222 2312 307 2360 qnod
324 2312 370 2346 eis
390 2311 551 2359 consu-evit
572 2322 609 2344 ex
637 2309 695 2344 lioc
719 2323 779 2346 non
809 2311 966 2348 modicum

224 2373 400 2409 provenire.

43 2450 60 2471 Δ
74 2455 210 2473 tornet-men-

30 2482 58 2502 tt!
77 2481 120 2503 ruti
143 2482 210 2503 absti-

29 2513 83 2533 mi:

828 224 1040 247 INNOCRNTOES
1061 225 1096 248 tlt
1122 226 1168 248 Pr.

987 2258 990 2303 i

1653 222 1721 254 503

1025 279 1116 315 miter
1143 281 1348 327 probibemus
1384 297 1483 332 usqne
1522 285 1559 320 ad
1600 287 1769 322 trienninm

1024 341 1173 364 exerceri.

1072 379 1168 425 516.
1201 380 1282 422 Quia
1319 394 1389 417 vero
1427 385 1465 418 ad
1507 386 1564 420 lior
1601 387 1767 431 negocium

1023 430 1256 475 exequendum,
1273 439 1319 465 est
1335 435 1525 478 permaxime
1542 436 1767 479 necessarium,

1024 485 1056 511 ut
1080 478 1238 526 principes
1259 489 1289 515 et
1314 481 1420 528 populi
1443 484 1602 519 christiani
1625 484 1664 519 ad
1688 485 1768 520 invi-

1023 539 1089 561 cem
1115 540 1222 574 pacem
1257 530 1433 567 observent:
1461 541 1565 568 sancta
1602 535 1767 570 universali

1023 578 1141 623 synodo
1167 578 1320 614 suadente
1336 582 1512 621 statuimus,
1531 592 1560 617 ut
1580 584 1688 619 saltem
1716 597 1769 631 per

1022 627 1265 673 quadriennium
1309 630 1338 664 in
1388 639 1451 667 toto
1489 632 1564 668 orbe
1597 633 1768 670 christiano

1022 685 1162 712 servetur
1185 690 1242 725 pax
1282 681 1480 725 generaliter,
1519 683 1558 717 ita
1593 684 1676 728 quod
1714 696 1769 729 per

1022 725 1233 762 Ecclesiarum
1257 729 1409 775 praelatos
1430 731 1646 767 discordantes
1673 733 1767 767 redu-

1021 785 1131 810 cantur
1161 777 1198 811 ad
1236 778 1359 824 plenam
1393 792 1513 826 paceni,
1557 789 1608 815 aut
1646 782 1765 817 firmam

1020 832 1160 871 treguam
1200 827 1418 864 inviolabiliter
1455 830 1691 866 observandam.
1728 832 1763 866 Ei

1019 876 1070 921 qui
1091 876 1292 922 acquiescere
1315 877 1393 913 forte
1419 881 1688 927 contempserint,
1712 894 1767 928 per

1018 927 1377 963 excommunicationem
1406 928 1435 962 in
1476 941 1626 976 personas
1657 940 1688 965 et
1723 932 1767 965 in-

1019 974 1184 1010 terdictum
1218 977 1249 1011 in
1290 984 1388 1012 terras
1418 978 1594 1014 arctissime
1627 980 1766 1028 compel—

1018 1022 1130 1064 lantur,
1154 1026 1211 1060 nisi
1240 1034 1321 1061 tanta
1344 1026 1438 1062 fuerit
1473 1028 1657 1064 iniuriarum
1699 1042 1764 1064 ma—

1018 1072 1094 1115 litia,
1121 1076 1206 1122 quod
1231 1076 1287 1122 ipsi
1331 1077 1380 1111 tali
1415 1089 1476 1112 non
1518 1078 1651 1113 debeant
1689 1092 1764 1126 pace

1015 1123 1162 1167 gaudere.
1185 1124 1278 1166 Quod
1302 1126 1328 1160 si
1351 1125 1429 1161 forte
1464 1140 1627 1162 censuram
1661 1129 1764 1163 eccle-

1015 1172 1172 1208 siasticam
1195 1174 1426 1221 vilipenderint,
1451 1185 1595 1223 poterunt
1619 1189 1681 1212 non
1708 1178 1764 1213 im-

1017 1223 1127 1257 merito
1158 1223 1342 1264 formidare,
1377 1237 1416 1259 ne
1452 1238 1506 1273 per
1545 1227 1762 1263 auctoritatem

1014 1270 1188 1314 Ecclesiae,
1212 1274 1294 1308 circa
1317 1286 1384 1318 eos,
1407 1283 1555 1322 tanquam
1590 1277 1763 1323 perturba-

1015 1329 1096 1355 tores
1118 1322 1241 1369 negocii
1262 1323 1421 1365 Crucifixi,
1437 1325 1605 1360 saecularis
1625 1327 1761 1373 potentia

1015 1370 1191 1407 induratur.

1061 1421 1160 1466 547.
1199 1421 1263 1456 Nos
1303 1422 1399 1468 igitur
1433 1424 1661 1470 omnipotentis
1702 1425 1758 1460 Dei

1013 1470 1227 1506 misericordia
1260 1479 1291 1506 et
1330 1472 1491 1507 beatorum
1544 1474 1758 1520 apostolorum

1014 1518 1096 1554 Petri
1120 1528 1150 1555 et
1177 1520 1266 1555 Pauli
1290 1521 1474 1556 auctoritate
1503 1522 1627 1565 confisi,
1649 1535 1686 1559 ex
1710 1524 1758 1559 illa

1013 1582 1105 1616 quarn
1134 1569 1225 1605 nohis
1246 1570 1329 1614 (licet
1353 1571 1504 1618 indignis)
1537 1572 1625 1608 Deus
1640 1572 1757 1621 ligandi

1012 1627 1106 1665 atque
1127 1619 1268 1654 solvendi
1291 1621 1426 1656 contulit
1452 1630 1651 1669 potestatem,
1690 1635 1759 1658 om-

1013 1668 1105 1703 nibus
1119 1669 1171 1716 qui
1199 1669 1338 1705 laborem
1367 1672 1504 1718 propriis
1528 1672 1668 1718 personis
1687 1673 1760 1707 sub-

1013 1718 1103 1752 ierint
1125 1727 1155 1753 et
1177 1720 1337 1766 expensis,
1367 1719 1491 1766 plenam
1522 1733 1651 1756 suorum
1685 1734 1758 1769 pec-

1012 1768 1184 1812 caminum,
1216 1768 1255 1803 de
1291 1769 1408 1816 quibus
1443 1770 1612 1806 liberaliter
1642 1771 1757 1806 fuerint

1011 1817 1105 1851 corde
1132 1818 1256 1852 contriti
1278 1826 1309 1852 et
1330 1819 1478 1859 confessi,
1503 1820 1623 1855 veniam
1658 1820 1756 1856 indul-

1011 1878 1135 1912 gemus,
1158 1876 1188 1902 et
1215 1868 1246 1902 in
1270 1868 1474 1903 retributione
1498 1869 1650 1905 iustorum
1671 1899 1677 1903 .
1707 1883 1757 1905 sa-

1012 1916 1085 1951 lutis
1116 1925 1260 1952 aeternae
1295 1917 1479 1964 pollicemur
1517 1928 1754 1965 augumentum.

1011 1965 1066 2000 Eis
1092 1974 1196 2001 autem
1215 1967 1267 2013 qui
1296 1979 1357 2001 non
1382 1968 1414 2002 in
1448 1970 1589 2015 personis
1623 1970 1756 2017 propriis

1011 2015 1083 2050 illuc
1111 2017 1313 2059 accesserint,
1339 2017 1394 2051 sed
1425 2017 1455 2052 in
1495 2018 1560 2052 snis
1595 2018 1755 2053 dumtaxat

1010 2066 1157 2112 expensis
1183 2066 1268 2100 iuxta
1291 2065 1467 2102 facultatem
1507 2075 1536 2102 et
1574 2069 1753 2115 qualitatem

1010 2127 1097 2149 suam
1122 2116 1203 2149 viros
1227 2115 1359 2150 idoneos
1381 2116 1592 2157 destinarim3
1627 2126 1656 2151 et
1695 2117 1755 2151 illis

1009 2165 1152 2199 similiter
1173 2166 1226 2212 qui
1250 2164 1319 2199 licet
1345 2166 1374 2199 in
1397 2165 1508 2200 alienis
1529 2167 1677 2213 expensis
1692 2195 1700 2210 ,
1724 2168 1754 2201 in

1011 2215 1142 2260 propriis
1166 2223 1268 2248 tamen
1294 2215 1436 2260 personis
1464 2215 1662 2256 accesserint,
1691 2216 1755 2262 ple-

1009 2274 1080 2297 nam
1100 2275 1230 2298 suorum
1254 2264 1459 2298 concedimus
1483 2264 1603 2298 veniam
1641 2276 1755 2311 pccca-

1009 2320 1122 2346 torum.
1147 2312 1249 2346 Huius
1283 2324 1410 2359 quoque
1438 2313 1630 2348 remissionis
1666 2314 1754 2349 volu—

987 2351 989 2407 ἶ
1008 2374 1080 2396 mus
1101 2370 1131 2396 et
1158 2361 1368 2396 concedimus
1382 2374 1450 2396 esse
1475 2363 1654 2410 participes,
1669 2364 1752 2398 iuxta

271 2415 287 2454 ξ
310 2412 366 2445 15.
382 2409 472 2444 Licet
493 2419 596 2444 autem
612 2417 825 2445 torno-amenta
853 2414 913 2446 sint
937 2414 966 2445 in
986 2418 989 2465 ξ
1008 2412 1187 2458 qualitatem
1221 2410 1356 2445 subsidii
1389 2419 1418 2445 et
1458 2411 1634 2446 devotionis
1671 2412 1753 2447 alfe-

223 2459 354 2495 diversis
374 2459 516 2494 conciliis
550 2459 610 2493 snb
649 2470 747 2505 poena
781 2461 968 2506 generaliter
986 2470 989 2498 ς
1008 2468 1106 2504 ctum,
1133 2472 1245 2495 omnes
1266 2461 1320 2507 qui
1335 2460 1371 2494 ad
1395 2460 1635 2496 subventionem
1651 2462 1752 2509 ipsius

225 2508 401 2549 interdicta,
427 2510 500 2556 quia
524 2518 625 2544 tamen
646 2508 705 2542 hoc
728 2517 868 2555 tempore
885 2510 967 2545 Cru-
986 2519 988 2543 ι
1007 2509 1121 2545 Terrae
1144 2510 1182 2545 de
1205 2509 1296 2545 bonis
1314 2511 1379 2544 suis
1417 2521 1554 2557 congrue
1589 2511 1752 2546 ministra-

225 2557 269 2592 cis
305 2561 470 2606 negocium
497 2562 543 2593 eis
581 2559 749 2606 plurimum
786 2560 965 2607 impeditur,
985 2553 988 2561 '
1007 2559 1099 2605 bunt,
1126 2566 1178 2594 aut
1199 2560 1366 2594 consilium
1389 2567 1420 2594 et
1448 2560 1598 2594 auxilium
1632 2560 1749 2608 impen-

214 2618 283 2642 ·nos
303 2607 352 2642 illa
374 2608 434 2643 sub
453 2620 550 2655 poena
570 2609 902 2644 excommunicationis
918 2609 967 2645 fir·
983 2651 989 2660 ι
1007 2608 1111 2644 derint
1134 2618 1360 2657 opportunum.
1385 2608 1543 2644 Omnibus
1571 2610 1662 2645 etiam
1699 2611 1748 2658 pie

1789 234 1838 258 An.
1857 233 1966 260 01915

1799 394 1914 422 parentque
1934 402 1966 421 ςε-

1784 433 1795 445 t.
1805 426 1877 446 *talem
1929 434 1963 452 per

1794 458 1952 483 quadriennium

1830 489 1903 508 indicit

1788 1428 1941 1455 indulgentiam

1780 1464 1933 1485 uruceStguatts
1945 1479 1949 1485 ,

1775 1495 1795 1510 et
1842 1491 1956 1513 subsiliunt

1788 1523 1944 1549 quomodolibet

1786 1555 1943 1580 praestantibus

1814 1585 1921 1611 elargitur,
