2129 3223
65 279 105 308 An
132 279 159 307 C.
182 281 248 308 tt87

861 280 1046 303 Gal-:nonius
1068 281 1127 302 vn!
1149 281 1198 303 ΡΙ).

1700 272 1738 304 51
1809 283 1856 309 An.
1875 282 1901 309 c.
1925 284 1987 309 tt87

262 345 325 371 tare
348 343 460 384 potest,
490 343 640 384 quantum
676 336 766 370 nobis
799 344 829 371 et
860 335 1005 371 universo
1047 335 1186 381 iigiist).
1203 334 1292 370 Unde
1308 336 1530 371 hocuniversis
1545 344 1575 371 et
1589 335 1791 382 cogitandum
1821 337 1916 358 ⁸⁰¹²·¹''¹¹
1936 344 1988 362 “⁶¹¹-

1807 371 1840 388 tis
1864 370 1888 388 ad
1913 370 1987 394 poeni*

259 385 431 422 dolendum
454 386 494 421 sit
517 386 635 434 populo
660 385 845 429 christiano,
871 385 955 433 quod
974 384 1002 419 id
1045 384 1184 419 imminet
1208 393 1239 418 et
1260 386 1428 431 agendum,
1461 394 1494 419 ut
1528 395 1651 432 peccata
1687 394 1791 422 nostra
1806 400 1923 420 remmam
1939 406 1987 426 „pe-

258 447 344 471 nunc
361 446 509 482 perpessa
541 445 589 472 est
623 442 703 470 terra
730 434 793 478 illa,
826 435 911 482 quod
945 434 1004 469 sub

256 484 352 519 veteri
380 484 499 531 populo
521 485 636 532 legitur
659 484 838 530 pertulisse.
862 484 926 518 Nos
946 496 1004 518 au-

257 542 318 569 tem
346 533 476 569 credere
498 546 560 569 non
583 534 748 575 debemus,
770 533 855 581 quod
895 546 932 568 ex
960 534 1004 567 in-

256 583 373 618 iustitia
395 583 510 618 iudicis
532 583 683 626 ferientis,
696 583 749 617 sed
773 596 809 618 ex
838 583 1003 629 iniquitate

255 633 360 680 potius
390 632 497 680 populi
532 632 756 680 delinquentis,
785 633 842 668 ista
889 644 1004 678 prove-

254 688 380 722 nerunt;
402 693 472 716 cum
497 682 639 727 legamus
660 682 745 728 quod
779 682 905 729 quando
945 693 1003 728 po·

255 731 347 779 pulus
364 731 606 766 convertebatur
623 731 661 765 ad
686 731 868 771 Dominum,
891 742 1003 778 perse-

253 780 410 828 quebatur
445 793 526 816 unus
565 780 664 821 mille,
702 790 734 816 et
766 781 830 816 duo
853 780 1000 827 fugabant

253 831 364 866 decem
387 829 497 870 millia,
518 830 626 870 immo,
650 831 719 878 ipso
757 830 876 878 populo
910 830 1001 877 quie—

253 887 375 924 scente,
397 880 570 915 exercitum
603 879 823 916 Sennacherib
859 879 999 926 angelica

255 942 349 965 manu
384 937 624 977 consumptum,
671 930 728 965 sed
767 938 798 965 et
831 938 912 965 terra
951 929 1000 964 illa

254 979 414 1015 devoravit
442 978 631 1014 habitatores
664 992 750 1020 suos,
786 988 816 1015 et
852 991 912 1014 nce
945 978 999 1013 diu

254 1029 371 1065 habere
397 1028 539 1076 quietum
570 1036 697 1069 statum,
733 1041 791 1064 nec
824 1037 1001 1075 transgres-

253 1090 342 1114 sores
367 1078 449 1125 legis
471 1077 595 1112 divinae
624 1078 723 1125 potuit
753 1079 903 1120 retinere,
941 1078 1000 1113 do-

254 1128 384 1164 ctrinam
407 1135 439 1162 et
465 1127 648 1173 exemplum
678 1127 819 1162 tribuens
849 1127 910 1162 illis
945 1127 998 1174 qui

254 1177 292 1212 ad
319 1177 484 1212 coelestem
503 1176 672 1211 Ierusalem
689 1177 898 1214 intenderent,
915 1176 998 1222 quod

256 1238 317 1260 non
340 1233 473 1272 possunt
494 1225 530 1260 ad
554 1237 621 1260 eam
649 1226 707 1260 nisi
737 1237 791 1270 per
818 1225 998 1260 exercitium

257 1275 328 1309 honi
350 1274 453 1320 operis
479 1281 508 1308 et
545 1286 601 1320 per
634 1275 820 1309 tentationes
851 1275 1000 1321 plurimas

257 1323 429 1369 pervenire.
457 1323 629 1358 Potuerunt
657 1331 761 1358 autem
803 1324 859 1358 ista
897 1324 997 1357 timeri

257 1371 453 1419 iampridem,
476 1372 602 1419 quando
624 1372 770 1408 Arroasia
792 1382 821 1407 et
843 1372 901 1407 alia
919 1379 997 1407 terra

256 1421 285 1455 in
325 1429 507 1468 potestatem
555 1422 676 1456 transiit
718 1433 927 1468 paganorum,
969 1430 996 1455 et

255 1470 361 1505 fuisset
395 1470 473 1505 bene
511 1470 682 1516 provisum,
713 1471 739 1505 si
774 1470 910 1518 populus
944 1471 995 1517 qui

254 1519 403 1554 remansit
443 1519 481 1554 ad
521 1519 746 1566 poenitentiam
786 1519 941 1562 rediisset,
968 1528 994 1553 et

253 1568 366 1613 Deum,
389 1580 481 1614 quem
510 1569 774 1614 praevaricatione
815 1568 996 1612 offenderat,

252 1617 456 1652 conversione
482 1618 645 1664 placasset.
675 1617 740 1653 Nec
773 1618 855 1653 enim
891 1617 997 1652 subito

253 1667 334 1701 venit
356 1667 398 1701 ira
425 1667 506 1709 eius,
528 1667 581 1701 sed
604 1675 632 1701 et
658 1667 809 1703 ultionem
832 1666 933 1701 dissert
968 1676 995 1701 ct

253 1724 376 1763 tempus
398 1716 504 1750 tribuit
538 1717 719 1763 poenitenti.
743 1717 883 1751 Tandem
913 1729 994 1754 vero,

250 1765 303 1812 qui
328 1765 357 1799 in
381 1765 592 1801 misericordia
609 1766 758 1801 iudicium
788 1778 848 1801 non
870 1766 994 1805 amittit,

251 1814 418 1849 vindictam
461 1827 549 1850 suam
591 1815 628 1849 ad
671 1827 803 1862 poenam
836 1823 995 1862 transgre-

250 1863 415 1905 dientium,
452 1873 483 1898 et
516 1865 668 1900 cautelam
703 1865 920 1900 salvandorum
960 1877 995 1900 e·

251 1921 366 1948 xercet.

298 1966 369 2005 §2
396 1962 494 1997 Porro
529 1974 587 1997 nos
619 1963 672 2010 qui
706 1964 736 1998 in
775 1971 857 1998 tanta
896 1971 995 1999 terrae

56 2007 237 2067 ef‘gfflssomss
252 2010 334 2046 illius
370 2011 557 2047 contritione
591 2025 653 2048 non
688 2013 789 2048 solum
832 2020 992 2060 peccatum

56 2072 110 2090 irata
123 2070 148 2091 aa
169 2070 236 2092 nomi-
251 2060 459 2096 habitatorum
496 2060 590 2103 illius,
618 2062 671 2097 sed
706 2071 735 2097 et
759 2070 935 2098 nostrorum
963 2070 993 2097 et

56 2101 128 2126 nibus,
174 2107 236 2122 rausa

55 2135 103 2154 mi
126 2133 234 2154 ...norumv
251 2115 345 2150 totius
366 2114 473 2162 populi
497 2115 671 2160 christiani,
706 2116 860 2151 debemus
893 2124 993 2151 atten-

249 2168 324 2204 dere
344 2181 380 2204 ac
416 2169 526 2209 vereri.
561 2182 600 2204 ne
635 2171 717 2218 quod
757 2171 911 2218 reliquum
947 2178 993 2205 est

251 2222 335 2258 illius
356 2231 454 2257 terrae
475 2222 632 2269 depereat,
664 2232 693 2258 et
722 2224 750 2258 in
787 2224 862 2259 alias
900 2224 991 2258 etiam

250 2283 386 2324 potestas
406 2287 513 2310 eorum
535 2275 691 2311 desaeviat
720 2278 874 2325 regiones.
910 2278 990 2312 Cum

248 2342 285 2365 ex
311 2329 459 2366 omnibus
481 2329 622 2377 partibus
643 2330 721 2365 inter
744 2343 831 2377 reges
852 2338 883 2366 et
905 2331 991 2378 prin-

248 2383 346 2432 cipes,
368 2383 509 2419 civitates
546 2391 576 2418 et
606 2382 758 2425 civitates,
780 2384 991 2420 dissentiones

248 2437 414 2481 audiamus
446 2445 476 2472 et
514 2436 670 2477 scandata,
707 2446 740 2472 ut
773 2438 880 2485 lugere
917 2451 988 2474 cum

249 2490 417 2539 Propheta,
435 2499 467 2525 et
493 2491 598 2526 dicere
624 2490 799 2525 valeamus:
834 2491 903 2526 Non
943 2501 989 2528 est

250 2545 372 2588 veritas,
393 2556 454 2580 non
482 2552 529 2579 est
560 2543 691 2579 scientia
724 2543 780 2578 Dei
819 2545 850 2579 in
889 2552 988 2587 terra3

249 2599 457 2638 mendacium,
492 2597 696 2634 homicidium
739 2606 770 2632 et
802 2598 987 2635 adulterium

248 2652 511 2697 innundaverunt,
537 2651 706 2688 etsaneuis
727 2652 912 2697 sangninem
942 2660 1010 2696 (ε-Δ

1044 434 1247 480 castigatione
1269 433 1441 468 voluntaria
1475 435 1695 475 emendantes,
1738 431 1987 482 pcrfssdss‘essJ‘ssgfffsg

1044 483 1266 529 poenitentiam
1290 491 1320 518 et
1354 495 1447 529 opera
1491 485 1612 531 pietatis
1657 497 1790 520 conver·
1804 489 1988 525 S⁸÷0¹³⁰¹²0¹¹rffi

1044 540 1146 567 tamur
1167 532 1205 567 ad
1233 532 1405 567 Dominum
1428 532 1530 567 Deum
1566 543 1726 575 nostrum,
1760 525 1915 570 munionem,

1044 582 1074 616 in
1111 582 1202 616 nobis
1248 582 1349 628 primo
1392 581 1475 628 quod
1509 583 1587 618 male
1620 585 1789 630 gessimus,

1042 630 1260 670 emendemus,
1284 630 1397 665 deinde
1420 630 1570 666 feritatem
1594 642 1623 667 et
1639 633 1789 669 malitiam

1043 680 1179 715 hostium
1207 680 1417 720 attendamus,
1444 688 1474 714 et
1495 681 1578 727 quod
1607 682 1647 716 illi
1682 692 1788 718 contra

1042 729 1144 764 Deum
1172 737 1290 764 tentare
1318 742 1380 764 non
1402 730 1525 772 timent,
1550 742 1607 765 nos
1630 743 1686 778 pro
1720 733 1788 767 Deo

1041 791 1134 826 agere
1179 779 1360 814 nullatenus
1405 779 1607 814 haesitemus.
1645 779 1789 827 Cogitate

1042 829 1159 876 itaque.
1185 829 1252 872 filii,
1274 829 1408 876 qualiter
1447 828 1478 863 in
1514 829 1599 864 hunc
1637 831 1787 866 mundum

1042 878 1181 918 venistis,
1220 886 1251 912 et
1298 878 1429 925 qualiter
1481 878 1595 914 exituri
1631 879 1719 923 estis,
1759 889 1790 915 et

1041 928 1174 975 qualiter
1214 935 1371 962 transeant
1405 928 1563 968 universa,
1604 936 1635 963 et
1677 930 1789 976 pariter

1041 978 1207 1013 transeatis
1229 985 1259 1012 et
1278 989 1341 1012 vos:
1370 985 1400 1012 et
1419 977 1600 1024 poenitendi
1642 985 1672 1012 et
1707 979 1786 1013 bene

1039 1027 1153 1073 agendi
1196 1035 1342 1073 tempus,
1387 1035 1539 1074 quantum
1586 1036 1704 1073 spectat
1749 1028 1786 1062 ad

1041 1089 1107 1116 vos,
1126 1089 1197 1110 cum
1217 1076 1386 1122 gratiarum
1422 1076 1546 1110 actione
1586 1077 1713 1123 recipite
1757 1086 1788 1112 et

1040 1125 1110 1160 date
1145 1133 1256 1163 vestra,
1290 1124 1360 1159 date
1393 1133 1461 1172 post
1499 1137 1553 1159 vos
1589 1125 1684 1172 ipsos,
1715 1127 1793 1173 quia¹

1041 1186 1100 1209 non
1124 1175 1198 1209 estis
1220 1186 1256 1208 ex
1279 1173 1378 1217 vobis,
1400 1186 1458 1208 uec
1473 1174 1645 1221 quidquam
1662 1187 1677 1208 a
1699 1175 1786 1209 vohis

1040 1223 1171 1267 habetis,
1193 1223 1245 1270 qui
1274 1235 1331 1257 nec
1351 1223 1484 1258 culicem
1517 1236 1612 1257 unum
1656 1224 1785 1270 potestis

1040 1272 1139 1307 facere
1148 1284 1242 1319 super
1253 1279 1378 1307 terram.
1391 1271 1453 1307 Nec
1466 1272 1604 1307 dicimus
1624 1272 1785 1318 dimittite,

1039 1321 1092 1355 sed
1131 1321 1321 1368 praemittite
1365 1322 1395 1355 in
1446 1322 1583 1356 coeleste
1622 1322 1783 1362 horreum,

1039 1382 1117 1416 quae
1156 1370 1294 1409 habetis,
1333 1378 1364 1404 et
1401 1370 1549 1416 deponite
1582 1370 1664 1416 apud
1699 1383 1783 1415 eum,

1038 1419 1120 1465 apud
1158 1432 1251 1466 «alitem
1290 1431 1405 1465 aerugo
1437 1431 1471 1454 ea
1508 1433 1567 1454 nou
1604 1420 1784 1465 demolitur,

1037 1476 1089 1502 aut
1117 1469 1210 1511 tinea,
1226 1480 1283 1503 nec
1305 1468 1389 1503 fures
1410 1468 1562 1503 effodiunt
1584 1477 1615 1503 et
1630 1468 1782 1505 furantur:

1038 1517 1214 1552 laborantes
1235 1518 1272 1552 ad
1291 1518 1557 1564 recuperationem
1572 1526 1670 1553 terrae
1685 1519 1782 1562 illius,
1810 1531 1831 1553 in
1848 1539 1886 1559 qua
1899 1533 1976 1554 nanum

1038 1566 1068 1600 in
1091 1579 1150 1613 qua
1177 1580 1231 1614 pro
1258 1567 1358 1602 salute
1380 1575 1484 1603 nostra
1513 1568 1624 1602 veritas
1646 1568 1684 1603 de
1700 1576 1779 1604 terra
1795 1563 1977 1616 ississussssfflffil

1037 1625 1102 1650 orta
1125 1625 1183 1654 est,
1213 1627 1243 1651 et
1271 1617 1427 1651 sustinere
1461 1630 1516 1664 pro
1545 1617 1635 1652 nobis
1678 1611 1890 1653 crucisrem’ne·
1909 1633 1974 1653 quw

1038 1665 1212 1711 patibulum
1240 1679 1301 1700 non
1329 1666 1486 1713 despexit,
1507 1675 1536 1701 et
1559 1667 1653 1701 nolite
1671 1667 1708 1701 ad
1732 1668 1780 1702 lu-
1795 1662 1842 1677 ‘m
1858 1658 1941 1678 dmm·

1036 1727 1136 1757 crum,
1164 1716 1209 1749 tel
1232 1716 1361 1762 gloriam
1380 1716 1583 1763 temporalem
1606 1716 1778 1761 attendere,

1036 1763 1090 1797 sed
1120 1765 1312 1800 voluntatem
1340 1765 1411 1807 Dei,
1449 1765 1501 1812 qui
1538 1778 1593 1812 pro
1631 1765 1779 1801 fratribus

1035 1814 1154 1849 animas
1182 1815 1210 1848 in
1238 1827 1271 1850 se
1299 1815 1365 1861 ipso
1392 1814 1501 1849 docuit
1523 1826 1591 1849 esse
1606 1816 1779 1861 ponendas,

1035 1863 1113 1897 etei
1138 1871 1254 1898 vestras
1285 1864 1503 1898 commendate
1541 1864 1675 1908 divitias,
1702 1877 1779 1911 quas

1035 1912 1100 1947 sire
1126 1913 1276 1958 volentes,
1297 1913 1361 1947 sive
1385 1913 1537 1954 nolentes,
1565 1914 1690 1949 nescitis
1703 1922 1778 1949 tan-

1035 1960 1106 1996 dem
1144 1962 1259 2009 quibus
1302 1963 1489 1997 haeredibus
1522 1963 1590 1997 sitis
1628 1963 1776 1998 relicturi.

1034 2011 1103 2045 Non
1131 2019 1176 2046 est
1198 2011 1343 2059 equidem
1368 2024 1495 2053 novum,
1517 2013 1600 2060 quod
1623 2020 1704 2048 terra
1728 2013 1775 2048 illa

1035 2059 1149 2095 iudicio
1171 2061 1276 2096 divino
1303 2062 1484 2106 percutitur,
1519 2061 1574 2096 sed
1601 2074 1658 2097 nec
1690 2063 1777 2096 inso-

1034 2109 1137 2149 litum,
1164 2119 1197 2144 ut
1219 2110 1370 2156 flagellata
1405 2119 1435 2146 et
1464 2111 1611 2157 castigata
1647 2112 1775 2146 miseri-

1033 2159 1168 2193 cordiam
1203 2167 1423 2207 consequatur.
1471 2161 1589 2196 Poterit
1624 2160 1775 2196 Dominus

1034 2208 1160 2255 quidem
1183 2209 1246 2243 sola
1270 2221 1337 2244 cam
1365 2210 1520 2245 voluntate
1546 2222 1682 2245 servare:
1718 2210 1773 2245 sed

1033 2269 1095 2292 non
1121 2257 1274 2293 habemus
1295 2260 1322 2293 ei
1351 2259 1468 2302 dicere,
1489 2271 1545 2294 cur
1574 2259 1613 2294 ita
1654 2259 1771 2294 fecerit.

1032 2306 1137 2343 Voluit
1163 2308 1246 2342 enim
1275 2307 1401 2342 forsitan
1423 2308 1568 2354 experiri,
1586 2316 1615 2342 et
1651 2309 1680 2342 in
1715 2321 1772 2342 no-

1033 2356 1132 2391 titiam
1154 2357 1268 2392 ducere
1287 2357 1432 2400 aliorum,
1453 2358 1478 2392 si
1507 2358 1576 2404 quis
1604 2358 1643 2391 sit
1674 2358 1771 2393 intel-

1032 2405 1142 2451 ligeris,
1164 2414 1216 2440 aut
1237 2407 1400 2452 requirens
1422 2406 1535 2447 Deum,
1557 2406 1609 2453 qui
1631 2406 1769 2442 oblatum

1030 2455 1088 2489 sibi
1112 2455 1324 2502 poenitentiae
1346 2463 1471 2502 tempus
1498 2455 1637 2490 hilariter
1657 2456 1769 2502 ample-

1029 2512 1141 2544 ctatur,
1161 2512 1193 2539 et
1213 2505 1346 2540 animam
1370 2504 1517 2551 ponendo
1545 2517 1601 2552 pro
1625 2504 1770 2541 fratribus

1029 2563 1266 2589 consummetur
1288 2554 1319 2588 in
1338 2554 1436 2598 brevi,
1463 2562 1494 2588 et
1511 2554 1667 2601 compleat
1695 2563 1767 2590 teui-

1030 2615 1102 2650 pora
1125 2603 1231 2637 multa.
1249 2603 1409 2638 Attendite
1435 2603 1566 2651 qualiter
1588 2604 1766 2641 Machabaei

1063 2663 1101 2697 (t)
1120 2664 1197 2697 Osee,
1216 2671 1241 2690 ιν
1273 2665 1297 2691 2,
