2129 3223
146 269 195 294 An.
213 266 243 295 C.
262 268 328 295 ¹248

392 261 461 294 558
922 271 1107 294 nouatum
1130 270 1290 292 nonaxon

342 336 435 371 quam
471 323 626 371 pestilenti
665 323 777 359 colono
809 324 857 359 bic
899 336 972 371 ager
996 336 1085 360 com-

341 374 456 408 missus
478 374 579 408 extitit
606 383 666 408 tam
686 373 1009 418 fertilisetamoenuS,
1030 374 1082 421 qui
1104 385 1106 408 t

341 435 500 470 nunquam
523 435 594 457 eum
618 423 724 465 coluit,
745 422 800 458 sed
821 435 947 471 semper
960 423 1022 458 de
1016 435 1084 470 ipso
1104 446 1105 456 t

340 472 482 518 collegit,
521 485 582 507 non
621 472 746 507 adauxit
783 473 903 508 cultura
944 485 1082 517 congrua

340 519 458 556 fructus
491 521 574 564 eius,
609 521 663 557 sed
698 522 800 557 verius
834 522 904 557 illos
937 522 1084 556 indebitis

338 570 478 605 collectis
512 571 675 611 exhausit,
714 584 867 619 nusquam
905 571 943 606 ad
980 572 1081 618 ipsum
1103 589 1104 593 =

338 619 468 655 cultoris
490 633 595 655 curam
615 621 769 661 adhibuit,
792 621 845 656 sed
871 621 1081 655 curiositatem
1102 653 1105 663 K

141 674 275 725 sssssmnwb
297 680 323 696 ⁶⁰
337 669 454 704 assidui
509 670 701 705 collectoris:
753 683 771 705 o
804 682 896 717 quam
937 682 1083 717 perverso

177 711 208 725 ειιι
224 705 287 727 illata.

337 720 448 754 rectori
481 728 599 754 tantum
628 732 663 755 ac
692 720 749 754 tale
777 721 928 755 creditum
953 719 1009 754 l'uit
1033 732 1083 754 re-

337 780 446 812 gnum,
466 771 518 816 qui
542 770 608 804 suis
622 770 838 804 tantummodo
861 768 987 804 nefariis
1003 771 1083 804 votis

337 818 487 862 intentus,
515 819 609 866 impie
642 818 678 853 ad
715 818 790 853 illud
815 818 959 865 prosiluit
996 820 1083 854 exci-

336 867 434 908 dium,
457 877 488 902 ut
508 881 600 903 suum
625 868 758 903 ferinum
781 869 919 902 animum
943 867 1081 903 inltuma-

336 916 441 951 nitatis
467 917 659 952 immanitate
693 919 841 965 placeret,
863 925 995 952 cunctos
1018 919 1082 953 uti-

335 978 397 1013 que
420 968 587 1013 praedans,
609 966 799 1012 gubernator
827 967 996 1014 dissipans,
1024 967 1082 1001 de-

334 1015 441 1050 fensor
461 1016 634 1054 offendens,
661 1017 723 1050 dux
751 1015 898 1056 devians,
934 1017 1081 1064 princeps

335 1066 543 1120 praecipitans
569 1074 596 1099 et
633 1078 684 1100 rex
712 1065 786 1100 rod«
780 1079 838 1101 ns
872 1065 940 1100 Heu
976 1065 1080 1122 itaque

333 1115 404 1160 quia
426 1115 596 1170 gratiosum
621 1124 650 1150 et
667 1117 836 1163 pretiosum
859 1128 1004 1162 rtgnum,
1028 1117 1077 1150 eui
1099 1136 1101 1161 5

1099 1169 1100 1172 ’
1121 1165 1213 1200 tualia
1236 1177 1297 1200 non
1320 1172 1424 1200 esseut
1447 1166 1476 1198 in
1501 1163 1731 1212 provisionibus
1757 1162 1864 1198 cathe-

333 1163 511 1200 Dominus
506 1176 535 1198 tn
559 1165 708 1200 omnibus
730 1165 940 1208 benedixerat,
958 1165 996 1199 de
1017 1165 1078 1200 alto

331 1214 448 1259 gloriae
475 1214 505 1248 in
540 1214 637 1248 imum
673 1215 815 1249 miseriae
849 1215 984 1255 corruit,
1020 1214 1079 1249 sub

334 1264 478 1298 inimicae
504 1264 701 1299 adversitatis
727 1264 868 1298 dominio
899 1264 990 1298 variis
1023 1265 1079 1299 tri-

332 1311 546 1348 bulationibus
568 1314 797 1354 contristatum,
830 1313 912 1361 quod
940 1314 1012 1347 olim
1041 1325 1076 1348 ex

331 1362 449 1396 amicae
489 1362 702 1410 prosperitatis
739 1363 837 1397 arrisu
877 1362 1079 1398 affluentibus

332 1411 505 1446 commodis
520 1411 698 1447 laetabatur!
722 1411 791 1446 Heu
811 1412 881 1458 quia
900 1412 1076 1458 speciosum

334 1472 463 1507 regnum
492 1469 574 1496 tanta
609 1470 763 1496 mutatum
800 1461 981 1496 alteratione
1009 1461 1099 1499 cer-l

333 1511 430 1551 nitur,
452 1510 536 1557 quod
559 1511 687 1545 omnino
710 1522 724 1544 a
747 1523 780 1545 se
803 1511 871 1557 ipso
899 1512 1003 1557 priore
1029 1511 1078 1545 di-

331 1571 476 1607 screpare
502 1559 635 1598 videtur,
658 1569 687 1595 et
711 1560 758 1594 rix
785 1559 872 1603 illud,
894 1561 947 1606 qui
965 1561 1023 1594 boc
1046 1561 1075 1595 in

331 1620 385 1643 sua
413 1610 510 1656 prima
543 1610 746 1656 inspexerunt
778 1608 898 1655 effigie,
925 1621 1078 1655 recogno-

331 1667 437 1692 scunt:
478 1658 659 1693 defecerunt
694 1659 776 1693 enim
813 1659 912 1705 ipsius
944 1660 1077 1705 optima,

332 1708 394 1742 imo
417 1708 447 1742 in
467 1708 619 1742 contraria
640 1707 842 1743 diverterunt!
864 1707 932 1742 Heu
949 1708 1075 1755 quidem

331 1757 532 1802 pulchritudo
556 1756 715 1796 deformis,
729 1758 903 1803 ingenuitas
922 1756 1076 1804 degener,

333 1807 457 1841 libertas
487 1806 616 1846 ancilla,
643 1806 840 1842 foecunditas
864 1806 992 1848 sterilis,
1021 1819 1078 1854 po-

333 1856 484 1902 pulositas
517 1856 655 1901 deserta,
690 1864 717 1890 et
760 1856 907 1890 tortitudo
939 1856 1076 1897 infimum

332 1905 490 1952 subripuit
515 1905 608 1940 fletus
641 1906 736 1939 risum
763 1906 842 1949 eius,
871 1913 900 1940 et
926 1905 1075 1951 gaudium

333 1966 424 1989 suum
460 1955 552 1989 desiit
584 1955 614 1989 in
648 1955 835 1990 lamentum!
871 1954 900 1989 Ο
933 1955 1078 2002 quotiens

333 2004 476 2039 doloroso
514 2004 648 2051 suspirat
673 2012 702 2039 et
731 2004 942 2051 laclrrymatur
975 2016 1079 2039 amare

334 2053 514 2101 Apostolica
537 2053 648 2094 Sedes,
675 2054 757 2101 quod
785 2066 917 2099 regnum
952 2054 1028 2088 iuris
1049 2061 1079 2088 et

336 2104 532 2150 proprietatis
553 2115 639 2144 snae,
654 2115 759 2137 carum
775 2104 891 2150 quippe
912 2102 986 2147 sibi,
1001 2103 1077 2137 dura

336 2152 548 2188 pharaonicae
556 2153 778 2208 oppressionis
798 2153 877 2187 mole
906 2152 1079 2199 prosterni-

335 2211 400 2243 ῑιιι·
424 2214 481 2237 nec
502 2202 616 2237 sinitur
638 2214 684 2249 pta
704 2201 926 2237 consolationis
951 2209 1079 2248 aposto-

152 2257 191 2278 ΠΜ
213 2257 320 2278 Ecclesiae
336 2251 414 2288 licae
435 2252 540 2286 dextra
555 2252 702 2287 relevari:
725 2264 817 2299 porro
834 2263 891 2286 nec
913 2250 1079 2291 Ecclesias,

138 2290 167 2307 ιι(
163 2289 236 2308 ttae.

336 2313 394 2337 nee
415 2314 566 2349 personas
587 2301 822 2341 (¹CClGSlasllfssS‚
844 2313 1015 2348 earumque
1037 2301 1078 2335 itl-

337 2363 367 2385 ra
401 2359 432 2386 et
461 2350 540 2386 bona
567 2352 597 2385 in
626 2362 721 2397 regno
748 2351 815 2406 ipso
848 2350 994 2385 draconis
1019 2349 1101 2390 hu-;

337 2400 470 2436 iusmotli
499 2400 584 2435 furor
612 2400 784 2447 praeteriit,
813 2399 897 2435 sed
892 2413 922 2434 tn
946 2400 1022 2434 baec
1043 2412 1101 2450 eo¹

338 2449 471 2485 strocius
493 2450 678 2489 excanduit
713 2461 778 2505 quo
800 2449 954 2497 quidquid
977 2448 1080 2484 eccle-

336 2500 462 2535 siastico
484 2500 672 2534 discernitur
696 2499 838 2555 nomine,
872 2499 943 2533 odio
964 2498 1080 2533 ablior-

337 2549 397 2582 ruit
418 2549 563 2594 gratiori.
590 2548 686 2583 Tanta
710 2548 793 2584 enim
817 2549 977 2596 impietate
1003 2560 1080 2583 cor-

337 2609 397 2644 pus
420 2598 459 2632 ibi
475 2598 658 2633 obtrectavit
677 2598 847 2639 Ecclesiae,
869 2597 953 2645 quod
976 2598 1079 2645 ipsum

338 2647 399 2680 buc
421 2654 449 2680 et
472 2647 546 2683 illuc
568 2659 655 2683 more
677 2648 761 2683 ferali
785 2647 971 2693 distrahens,
989 2656 1020 2682 et
1038 2646 1081 2681 di-

1103 323 1289 367 scindens,
1322 323 1408 370 quasi
1433 323 1468 358 ad
1499 322 1632 357 nihilum
1654 321 1714 356 boc
1734 320 1868 368 redegit;

1126 385 1197 408 nam
1221 373 1296 407 illud
1325 373 1457 420 primum
1485 372 1570 407 omni
1598 378 1783 407 ornamento
1812 370 1870 406 de-

1126 422 1263 459 nudans,
1287 430 1317 456 et
1343 421 1458 457 deinde
1492 421 1700 457 incalescente
1725 420 1868 463 saevitia,

1125 471 1224 507 factus
1250 471 1374 506 Herode
1401 472 1450 506 hic
1483 483 1616 518 nequam
1630 469 1797 512 Herodior,
1819 481 1869 504 ra-

1126 521 1221 556 biosis
1248 521 1466 563 demembrans
1494 521 1660 561 morsibus,
1683 528 1777 555 totam
1810 519 1869 554 de—

1126 583 1212 605 mum
1226 583 1350 606 carnem
1367 571 1481 606 voravit
1497 570 1606 615 ipsius,
1627 569 1759 605 corrosit
1776 568 1867 604 etiam

1124 632 1206 659 ossa.
1233 629 1263 655 et
1290 621 1418 667 insuper
1448 619 1615 655 medullam
1645 619 1757 660 exusit,
1791 630 1868 654 suae

1102 670 1260 717 'denique
1288 669 1447 717 potestatis
1476 670 1594 704 bonore
1617 668 1693 703 illud
1720 668 1759 703 de
1788 668 1869 703 facto

1124 719 1279 763 destituit,
1306 731 1369 754 non
1401 719 1503 754 solum
1527 731 1588 753 non
1618 717 1868 765 praetermittens

1125 768 1238 804 ibidem
1264 769 1361 804 libere
1388 768 1602 804 auctoritatem
1625 767 1867 802 ecclesiasticam

1102 825 1103 842 ³
1123 819 1278 860 exerceri3
1300 818 1354 853 sed
1382 825 1413 853 ct
1432 817 1579 864 superbe,
1605 829 1641 852 ac
1663 816 1868 852 irreverenter

1122 879 1190 904 eam
1213 868 1403 915 despiciens,
1440 876 1469 902 et
1495 865 1700 910 conculcans,
1733 873 1764 901 et
1788 874 1867 901 tam—

1122 929 1215 964 quam
1251 918 1322 959 itte,
1355 918 1448 953 cuius
1481 916 1642 951 ambitioni
1678 915 1772 951 totius
1797 915 1864 950 orbi

1123 979 1184 1002 nou
1207 966 1365 1002 sufficeret
1386 967 1538 1008 ambitus,
1561 964 1742 1000 huiusmodi
1763 972 1865 1000 aucto·

1123 1016 1241 1051 ritatem
1272 1017 1301 1051 in
1330 1015 1437 1051 multis
1465 1016 1663 1063 impudenter
1692 1027 1864 1070 usurpans,

1122 1065 1295 1111 reputando
1316 1067 1404 1113 quasi
1426 1066 1585 1100 modicum
1609 1077 1642 1099 se
1668 1064 1805 1108 babere,
1839 1064 1864 1099 si

1120 1115 1195 1150 solis
1219 1125 1363 1163 praeesset
1386 1115 1622 1161 temporalibus
1645 1123 1673 1149 et
1695 1113 1752 1148 sibi
1775 1113 1865 1161 spiri-

1120 1213 1267 1255 dralium,
1303 1223 1333 1250 et
1365 1214 1496 1249 aliarum
1521 1213 1728 1249 Ecclesiarum
1752 1224 1865 1248 vacan-

1121 1265 1197 1299 tium
1220 1264 1455 1308 beneficiorum,
1478 1264 1615 1311 ipsarum
1631 1261 1864 1306 collationibus,

1120 1313 1304 1349 clericorum
1328 1314 1446 1354 causis,
1481 1321 1511 1347 et
1539 1312 1608 1347 aliis
1630 1311 1666 1347 ad
1695 1310 1796 1347 forum
1818 1324 1866 1347 ec-

1119 1363 1326 1398 clesiasticum
1350 1362 1607 1410 pertinentibus
1601 1373 1665 1408 ipsa
1688 1361 1763 1396 inibi
1779 1360 1864 1396 abuti

1121 1413 1301 1459 praesumit
1325 1412 1372 1447 Ad
1398 1412 1551 1468 praelatos
1571 1423 1711 1459 quoque,
1731 1423 1768 1446 ac
1786 1409 1865 1446 alios

1119 1462 1251 1497 clericali
1291 1462 1499 1509 pratsiguitos
1527 1461 1633 1496 militia
1669 1472 1761 1495 manu
1797 1472 1865 1495 cru-

1119 1511 1254 1546 delitatis
1293 1511 1504 1546 indifferenter
1535 1517 1670 1553 extenta,
1701 1509 1865 1557 quamplu-

1119 1561 1215 1595 rimos
1242 1572 1278 1595 ex
1313 1561 1389 1607 ipsis
1420 1559 1625 1607 ignominiosa
1652 1560 1796 1607 captione
1823 1567 1863 1594 te·

1120 1611 1203 1653 neri,
1238 1618 1266 1644 et
1289 1610 1318 1643 in
1352 1618 1474 1644 atroces
1494 1609 1617 1644 detrudi
1645 1620 1801 1648 carceres,
1827 1620 1863 1644 ae

1096 1691 1099 1710 1
1120 1659 1244 1694 tandem
1273 1659 1363 1693 morti
1386 1659 1586 1706 turpissimae
1609 1657 1688 1692 tradi
1716 1658 1801 1701 fecit,
1832 1666 1863 1693 et

1121 1717 1153 1744 ut
1189 1708 1228 1743 de
1257 1709 1420 1743 immensis
1452 1721 1488 1743 ac
1522 1708 1694 1743 innumeris
1730 1706 1864 1747 iniuriis,

1119 1768 1147 1792 et
1176 1757 1352 1804 dispendiis
1377 1757 1604 1800 Ecclesiarum,
1630 1765 1659 1792 et
1680 1757 1752 1792 cleri
1777 1758 1863 1802 regni

1121 1807 1278 1852 praemissi
1324 1807 1442 1842 tristem
1475 1815 1505 1842 et
1529 1807 1680 1841 infinitam
1704 1806 1862 1840 materiam

1120 1856 1203 1891 brevi
1244 1857 1370 1891 oraculo
1405 1856 1561 1896 finiamus,
1588 1857 1633 1890 sio
1667 1856 1709 1890 ibi
1745 1855 1866 1890 iurisdi-

1098 1907 1230 1941 lctionis
1269 1906 1498 1941 ecclesiasticae
1538 1904 1699 1953 plenitudo
1737 1916 1865 1952 prorsus

1098 1959 1099 1988 ζ
1120 1963 1284 1996 evacuata,
1312 1963 1342 1990 et
1364 1955 1518 1990 libertatis
1544 1955 1704 2001 integritas
1727 1966 1764 1989 ex
1793 1962 1864 1990 voto

1119 2005 1310 2040 comminuta
1333 2005 1540 2053 conspicitur,
1566 2004 1650 2052 quod
1673 2016 1734 2038 non
1761 2003 1863 2038 solum

1121 2054 1182 2089 illic
1210 2055 1331 2101 species
1353 2067 1415 2090 non
1432 2063 1560 2102 apparet
1582 2053 1740 2089 Ecclesiae
1762 2065 1864 2100 neque

1120 2103 1230 2143 decor,
1266 2104 1320 2139 sed
1353 2104 1444 2139 etiam
1472 2104 1511 2138 de
1544 2104 1643 2151 ipsius
1670 2103 1761 2150 plene
1792 2102 1864 2137 sub-

1120 2153 1230 2187 stantia
1255 2153 1297 2188 nil
1316 2153 1401 2188 subsi
1425 2155 1468 2189 tit.
1503 2152 1595 2188 Unde
1615 2152 1784 2199 respiciens
1806 2151 1865 2186 Do-

1121 2203 1226 2236 minus
1244 2211 1305 2237 tam
1329 2215 1466 2249 gravem,
1493 2210 1620 2250 tamque
1641 2201 1792 2236 diutinam
1815 2201 1862 2236 sui

1120 2252 1315 2287 afflictionem
1345 2252 1467 2300 populi,
1494 2260 1524 2287 et
1550 2260 1654 2286 motus
1682 2251 1776 2285 multa
1803 2250 1864 2285 mi-

1120 2302 1285 2336 sericordia
1298 2314 1392 2349 super
1409 2314 1493 2345 eum,
1509 2301 1685 2336 insultantis
1700 2299 1864 2356 superbiae

1121 2351 1332 2386 extollentiam
1357 2351 1507 2391 deiicere
1529 2362 1564 2385 ac
1591 2350 1710 2398 tyranni
1734 2349 1864 2384 furentis

1123 2400 1212 2435 ferire
1233 2401 1332 2435 voluit
1358 2400 1521 2436 feritatem.
1550 2398 1654 2442 Quare
1679 2412 1709 2433 tn
1742 2398 1863 2446 ipsum,

1121 2450 1173 2497 qui
1201 2462 1272 2485 cnm
1296 2451 1328 2485 in
1359 2450 1479 2485 honore
1501 2459 1606 2490 esset,
1632 2447 1730 2483 noluit
1753 2447 1865 2482 intelli·

1121 2510 1205 2545 gere
1244 2507 1277 2534 ut
1303 2500 1382 2535 bene
1417 2507 1540 2546 ageret,
1573 2498 1627 2534 sed
1668 2497 1864 2544 iniquitatem

1121 2549 1271 2584 continue
1302 2550 1475 2589 meditans,
1510 2548 1615 2596 peiora
1641 2559 1766 2593 semper
1786 2558 1864 2594 ope-

1123 2606 1208 2633 ratus
1222 2607 1324 2633 extitit
1339 2598 1540 2645 (dignum
1551 2605 1580 2632 et
1595 2597 1722 2640 iustum,
1737 2597 1865 2644 exigen-

1157 2659 1195 2696 (1)
1213 2659 1329 2686 Forsitan
1347 2663 1392 2686 est.

1883 266 1932 293 An.
1947 263 1967 292 C
1996 264 2064 292 12118

1891 1019 2063 1042 Reetesinsuwu

1878 1051 2024 1072 auctomatem
2040 1052 2061 1071 tn

1877 1080 1904 1102 bo
1912 1081 1950 1102 sibi
1962 1081 2061 1104 rtudteat.
