2129 3223
87 261 137 288 An.
156 260 266 287 011816

280 314 373 349 libata
407 321 619 361 permaneant.
656 313 762 348 Liceat
796 325 923 361 quoque
961 313 1022 348 illis

94 365 152 418 0va
175 373 265 389 confes·
280 375 429 411 personas
461 363 575 398 liberas
606 371 636 398 et
670 362 828 398 absolutas
850 375 865 397 a
894 362 1022 398 saeculo

81 403 264 450 :iiiubrii‘u'ss-iif
277 412 431 459 fugientes
464 412 502 448 ad
537 412 774 448 conversionem
810 412 965 459 recipere,
991 420 1020 447 et

81 460 138 481 “¹²¹⁴
275 462 461 505 easabsque
482 461 728 498 contradictione
749 461 850 509 aliqua
873 461 1018 497 retinere.

275 511 484 547 prohibemus
512 512 657 559 insuper,
690 519 724 546 ut
749 511 827 546 nulli
850 512 1018 547 canonico-

275 573 342 596 rum
370 570 440 609 post
462 561 573 596 factam
601 562 631 596 in
659 561 769 596 eodem
797 561 866 596 loco
899 561 1019 609 profes-

272 611 391 646 sionem
420 611 464 646 sas
497 612 536 645 sit
567 611 684 658 absque
714 611 881 659 praepositi
905 611 953 646 sui
980 611 1018 645 li-

271 662 372 696 centia
399 661 439 696 de
459 661 570 696 eodem
598 660 773 701 discedere,
801 660 1015 696 discedentem

272 721 343 746 vero
364 710 482 759 absque
508 710 724 745 communium
755 710 926 745 litterarum
948 722 1015 746 cau-

39 759 45 767 '
87 763 188 791 'ww‘
222 764 256 783 ⁵¹¹·
271 759 354 796 tione
372 762 478 796 nullus
499 760 611 795 audeat
638 760 780 795 retinere.
809 758 890 794 Cum
911 769 1013 795 autern

75 796 158 847 iiiiii?
173 794 253 852 iiiiii}
268 810 413 855 generale
446 809 643 845 interdictum
672 817 771 844 terrae
793 809 902 854 fuerit,
925 809 1014 844 liceat

73 856 143 910 322⁸
194 856 255 879 ⁶²¹⁶·
267 859 356 906 ipsis,
377 858 491 895 clausis
505 860 616 903 ianuis,
633 858 768 894 exclusis
789 858 1014 893 excommuni-

267 908 343 944 catis
364 917 395 944 et
421 908 611 948 interdictis,
644 920 706 943 non
735 907 865 955 pulsatis
885 920 1013 955 campa-

266 958 327 1004 nis,
349 970 518 1006 suppressa
549 969 637 999 voce,
671 957 775 992 divina
802 957 902 993 officia
929 956 1013 992 cele-

265 1006 365 1044 brare.
393 1007 465 1043 Paci
487 1019 613 1056 quoque
640 1015 671 1042 et
698 1007 915 1054 tranquillitati
951 1006 1013 1042 sra-

264 1064 347 1092 trum
370 1065 498 1106 paterna
526 1057 737 1093 sollicitudine
764 1056 926 1104 providere
955 1069 1012 1092 vo-

263 1105 374 1152 lentes,
395 1107 579 1142 auctoritate
601 1106 769 1154 apostoliea
794 1105 1010 1153 prohibemus,

263 1165 298 1191 ut
331 1156 436 1192 nullus
474 1156 552 1191 infra
590 1155 750 1191 clausuras
783 1155 922 1190 locorum
954 1167 1008 1189 seu

261 1207 461 1252 grangiarum
484 1217 612 1241 suarum
635 1205 827 1248 violentiam,
855 1203 902 1238 vel
927 1204 1011 1252 rapi-

263 1266 346 1296 nam,
373 1267 427 1290 seu
451 1255 568 1290 furtum
587 1254 802 1298 committere,
830 1253 934 1300 ignem
954 1265 1010 1300 ap-

264 1315 392 1351 ponere,
414 1303 574 1340 hominem
602 1315 713 1351 capere
750 1303 797 1337 vel
833 1301 1009 1337 interficere

68 1353 250 1406 bssfghffifflsssffg
261 1351 391 1394 audeat;
418 1353 612 1401 sepulturam
637 1360 794 1403 praeterea
822 1351 922 1399 ipsius
949 1350 1008 1386 loci

67 1416 194 1436 decernitur.
261 1409 323 1437 tam
345 1401 383 1437 ad
405 1414 485 1450 opus
508 1401 650 1445 fratrum,
677 1413 770 1448 quam
791 1400 928 1436 familiae
952 1412 1009 1448 pe-

260 1451 477 1498 regrinorum,
503 1464 559 1487 seu
595 1451 753 1498 hospitum
794 1450 869 1485 inibi
911 1450 1007 1485 dece-

260 1499 414 1541 dentium,
436 1500 497 1536 nisi
511 1500 588 1536 forte
606 1499 870 1536 excommunicati
893 1498 1007 1534 fuerint

260 1551 306 1585 vel
333 1550 509 1590 interdicti,
540 1549 670 1585 liberam
696 1561 765 1584 esse
792 1549 1005 1584 decernimus.

66 1602 188 1656 'affixam
206 1602 247 1654 ΝΞ
259 1598 467 1635 Decernimus
483 1612 568 1646 ergo,
591 1608 623 1634 ut
646 1599 721 1634 nulli
744 1599 874 1633 omnino
902 1598 1007 1633 homi-

66 1639 334 1692 supnnensoin-num
356 1649 402 1685 fas
431 1650 471 1685 sit
493 1649 657 1697 praefatam
688 1647 858 1683 Ecclesiam
889 1655 1006 1683 temere

64 1696 140 1717 ”³⁰³²
259 1699 452 1747 perturbare,
473 1707 526 1734 aut
547 1699 615 1734 eius
638 1698 854 1746 possessiones
872 1697 1006 1737 auferre,

260 1749 305 1784 vel
338 1749 456 1785 ablatas
482 1749 630 1792 retinere,
665 1748 820 1788 minuere,
848 1759 904 1782 seu
935 1748 1006 1794 qui-

257 1797 395 1835 buslibet
416 1798 631 1834 vexationibus
652 1796 797 1843 fatigare3
825 1797 878 1832 sed
901 1797 1005 1832 omnia
1024 1802 1029 1815 ¹

258 1847 379 1895 integra
406 1856 630 1883 conserventur
649 1858 770 1891 eorum,
794 1858 849 1894 pro
871 1858 1004 1893 quorum

257 1897 482 1943 gubernatione
528 1905 558 1932 et
592 1896 817 1931 sustentatione
857 1907 1004 1931 concessa

258 1954 343 1987 sunt,
375 1946 484 1982 usibus
504 1946 695 1981 omnimodis
717 1944 893 1992 profutura:
922 1946 1005 1980 salva

258 1994 352 2030 Sedis
367 1996 564 2043 Apostolicae
580 1995 761 2031 auctoritate
777 2003 807 2029 et
827 1995 1003 2030 dioecesani

89 2049 223 2103 (tuqus-⁰¹⁵3?
259 2044 400 2092 episcopi
422 2045 570 2080 canonica
592 2045 719 2080 iustitia.
755 2043 790 2079 Si
821 2056 882 2091 qua
911 2044 1005 2090 igitur

64 2087 202 2142 ,fss'ffd'ssffss'
217 2086 242 2102 ¹¹¹
260 2094 292 2129 in
313 2094 452 2129 futurum
475 2095 680 2130 ecclesiastica
708 2093 914 2129 saecularisve
939 2106 1006 2140 per-

260 2156 348 2188 sona,
362 2153 469 2179 contra
479 2143 559 2179 hanc
577 2153 700 2179 nostrae
710 2142 942 2178 constitutionis
958 2155 1003 2189 pa-

259 2193 364 2240 ginam
380 2203 497 2229 temere
513 2193 615 2228 venire
628 2193 842 2240 temptaverit,
863 2191 1004 2228 secundo

260 2251 390 2279 tertiove
422 2250 630 2284 commonita,
661 2255 722 2278 nist
756 2251 875 2278 reatum
910 2254 1002 2277 suum

259 2304 398 2340 congrua
412 2291 621 2328 satisfactione
635 2292 814 2332 correxerit,
830 2292 1003 2340 potestatis,

257 2342 451 2390 honorisque
477 2342 524 2377 sui
547 2341 695 2388 dignitate
709 2349 828 2382 careat,
856 2353 1003 2388 reamque

259 2404 293 2428 se
318 2391 426 2427 divino
452 2390 569 2426 iudicio
596 2391 729 2426 existere
754 2391 793 2427 de
828 2398 1003 2438 perpetrata

259 2441 422 2490 iniquitate
456 2448 647 2487 cognoscat,
687 2448 718 2474 et
742 2452 759 2475 a
793 2440 1003 2476 sacratissimo

259 2491 398 2538 Corpore
419 2503 455 2526 ac
480 2490 639 2537 Sanguine
661 2488 789 2524 Domini
811 2490 907 2524 nostri
933 2489 1001 2524 Iesu

259 2540 374 2576 Christi
401 2540 501 2576 altena
522 2540 584 2580 fiat,
611 2547 703 2586 atque
722 2539 752 2573 in
775 2548 915 2575 extremo
930 2551 1004 2574 exa-

260 2590 344 2625 mine
370 2590 529 2625 districtae
563 2589 671 2624 ultioni
711 2588 885 2630 subiaceat3
924 2601 1004 2623 cun-

259 2639 317 2676 ctis
337 2648 440 2675 autem
469 2638 570 2674 eidem
598 2639 667 2673 loco
688 2650 743 2674 sua
766 2637 830 2673 iura
854 2639 1005 2673 servanti-

336 2696 411 2728 Ball.
427 2695 502 2727 Rom,
531 2696 582 2726 l'ol.
599 2696 650 2726 ΙΙΙ,
820 2703 838 2724 4

923 258 1032 282 [Fetus
1055 260 1090 282 ΙΙΙ
1115 259 1163 282 ΡΡ.

1711 251 1757 284 25

1064 313 1122 348 bus
1151 314 1190 348 sit
1218 327 1276 362 pax
1303 314 1428 350 Domini
1457 316 1552 351 nostri
1579 315 1650 351 Iesu
1677 314 1807 360 Christi,

1062 363 1209 410 quatinus
1243 372 1273 399 et
1303 364 1352 399 hic
1381 365 1514 400 fructum
1542 365 1642 400 bonae
1675 365 1807 400 actionis

1063 412 1254 460 percipiant,
1287 422 1318 448 et
1344 414 1426 462 apud
1458 415 1632 450 districtum
1665 414 1805 450 Iudicem

1062 464 1196 510 praemia
1219 471 1363 500 aeternae
1386 464 1471 512 pacis
1495 465 1663 501 inveniant.
1691 465 1806 509 Amen,

1060 524 1162 554 amen,
1185 525 1288 549 amen.

1107 562 1222 598 Datum
1259 563 1401 599 Veronae
1442 575 1496 609 per
1522 575 1648 598 manum
1684 563 1804 598 Alberti

1058 623 1183 649 sanctae
1226 612 1386 649 Romanae
1428 613 1587 648 Ecclesiae
1634 614 1803 661 presbyteri

1058 662 1226 698 cardinalis
1251 671 1281 698 et
1315 663 1505 707 cancellarii,
1539 661 1598 696 kal.
1637 663 1721 704 maii,
1753 663 1804 698 in-

1057 711 1130 747 dict.
1159 725 1216 753 m,
1252 713 1475 748 incarnationis
1510 711 1685 747 dominicae
1722 725 1804 748 anno

1055 773 1228 805 atetxxxv,
1259 762 1457 809 pontificatus
1483 773 1556 798 vero
1578 760 1685 797 domni
1713 760 1803 797 Lucii

1055 811 1159 859 Papae
1180 811 1222 846 llt
1253 823 1335 847 anno
1357 824 1401 846 iv.

1133 868 1194 900 Dat.
1217 869 1264 900 die
1287 869 1300 900 1
1323 869 1391 900 maii
1411 878 1487 900 anno
1509 868 1624 900 Domini
1643 868 1729 908 1185,

1300 913 1402 955 pontis.
1425 922 1501 945 anno
1518 921 1554 944 tv.

1406 1073 1446 1110 X.

1054 1148 1141 1181 Bona
1173 1155 1199 1181 et
1234 1147 1398 1192 privilegia
1437 1147 1651 1181 Adinontensis
1689 1157 1800 1180 mona-

1099 1198 1185 1231 sterii
1204 1198 1375 1242 confirmat,
1401 1202 1427 1230 et
1453 1208 1533 1230 nova
1554 1197 1590 1230 de
1605 1197 1799 1229 electionibus

1098 1247 1335 1286 abbatissarum,
1352 1253 1378 1280 et
1397 1246 1531 1280 aliorum
1544 1246 1799 1280 monasteriorum

1100 1297 1246 1340 reyimine
1270 1297 1367 1330 sancit
1388 1302 1502 1329 statuta
1526 1297 1587 1338 (1).

1318 1368 1532 1400 SUMMARIUM

1050 1436 1216 1468 Exordium.
1238 1452 1278 1459 —
1303 1435 1512 1467 Monasterium
1540 1434 1595 1465 hoc
1623 1435 1797 1474 praedeces-

1089 1491 1188 1512 sorum
1211 1489 1292 1511 more
1310 1480 1364 1510 sub
1386 1479 1470 1510 Sedis
1489 1480 1675 1519 Apostolicae
1694 1480 1797 1519 recipit

1089 1526 1283 1567 protectione:
1301 1541 1340 1547 —
1357 1523 1496 1554 Universa
1521 1523 1614 1554 eidem
1639 1523 1722 1560 bona,
1745 1525 1797 1554 do-

1087 1572 1221 1602 nationes
1235 1576 1263 1601 et
1281 1570 1489 1600 concessiones
1508 1569 1671 1599 confirmat.
1689 1585 1727 1592 --
1741 1568 1797 1599 Ea-

1087 1617 1152 1646 dem
1186 1619 1348 1645 enumerat.
1376 1612 1487 1643 —Illa
1517 1615 1545 1643 in
1575 1613 1712 1649 feudum,
1735 1615 1796 1643 sive

1087 1659 1263 1690 beneficium
1280 1658 1430 1698 aliquibus
1449 1658 1527 1695 dare,
1547 1662 1596 1687 aut
1618 1658 1713 1688 modis
1729 1659 1795 1688 aliis

1087 1705 1215 1735 alienare
1233 1709 1289 1734 tarn
1308 1703 1409 1743 episc,
1426 1711 1513 1741 quam
1533 1701 1629 1732 abbati
1650 1703 1794 1741 prohibet.

1086 1766 1123 1772 -
1155 1748 1341 1788 Sepulturam
1374 1747 1496 1777 liberam
1520 1746 1658 1776 declarat.
1685 1763 1725 1770 —
1752 1748 1793 1777 Ad

1088 1794 1220 1824 habitum
1244 1797 1368 1823 monast.
1385 1791 1544 1830 recipiendi
1564 1791 1650 1821 etiarn
1670 1791 1792 1821 aliorum

1087 1839 1331 1869 monasteriorum
1362 1845 1502 1877 personas
1536 1835 1701 1866 facultatem
1734 1837 1791 1866 im-

1087 1885 1218 1924 pertitur.
1240 1899 1279 1905 -
1296 1880 1453 1911 Monachus
1473 1879 1658 1910 discedentes
1681 1880 1793 1920 absque

1086 1928 1209 1964 abbatis,
1230 1927 1378 1966 totiusque
1401 1929 1569 1963 congregat.
1598 1923 1713 1954 licentia
1743 1934 1791 1955 re-

1086 1974 1178 2003 tinere
1198 1971 1342 2012 prohibet.
1359 1987 1399 1993 —
1412 1968 1562 2009 Exemptio
1578 1979 1592 1999 a
1612 1969 1792 1999 decimarum

1085 2017 1242 2047 solutione.
1260 2032 1299 2039 -
1316 2015 1358 2046 Ab
1377 2014 1478 2045 eodem
1499 2012 1645 2043 indebitas
1664 2014 1791 2043 exactio-

1085 2071 1138 2092 nes
1157 2061 1231 2100 exigi
1254 2065 1338 2091 vetat.
1367 2076 1405 2082 —-
1426 2058 1539 2089 Indulta
1565 2057 1705 2087 Friderici
1734 2058 1790 2087 im-

1085 2106 1228 2145 peratoris
1249 2105 1420 2135 auctoritate
1443 2102 1601 2142 apostolica
1631 2102 1791 2132 confirmat.

1084 2167 1124 2173 —
1154 2149 1184 2179 ln
1214 2148 1356 2179 Ecclesiis
1394 2148 1428 2178 ad
1462 2148 1558 2186 ipsum
1592 2145 1791 2183 spectantibus

1085 2193 1277 2234 praesentatis
1305 2191 1508 2223 sacerdotibus
1530 2190 1655 2226 idoneis,
1679 2190 1792 2228 episco-

1085 2248 1138 2278 pus
1167 2239 1332 2268 animarum
1351 2245 1450 2267 curam
1477 2234 1648 2264 committat.
1668 2250 1707 2256 -—
1729 2233 1789 2264 Ab·

1084 2282 1263 2312 batissarum
1282 2282 1378 2312 eidem
1398 2279 1573 2310 monasterio
1591 2278 1790 2309 subiectarum

1084 2337 1098 2358 a
1123 2326 1274 2357 sororibus
1297 2335 1363 2356 cum
1393 2324 1516 2354 consilio
1539 2328 1565 2353 et
1592 2332 1716 2353 assensu
1740 2323 1792 2354 ab·

1084 2372 1160 2402 batis
1188 2376 1217 2401 et
1242 2370 1364 2400 fratrum
1393 2369 1564 2399 electionem
1596 2369 1791 2399 communiter

1085 2417 1148 2446 fieri
1179 2415 1270 2445 iubet.
1298 2430 1337 2437 —
1365 2413 1506 2443 Personas
1533 2412 1641 2443 electas
1670 2411 1789 2450 episco-

1085 2461 1128 2500 pis
1151 2464 1308 2499 antequam
1335 2462 1579 2498 praesententur,
1609 2456 1705 2487 abbati
1741 2458 1789 2487 cui

1093 2504 1288 2536 obedientiam
1323 2508 1349 2533 et
1381 2502 1591 2532 subiectionem
1621 2502 1789 2540 promittere

1085 2555 1228 2586 tenentur,
1247 2548 1420 2579 benedicere
1439 2546 1582 2586 probibet.
1602 2562 1641 2568 -
1658 2544 1740 2585 lpsos
1754 2545 1788 2575 ad

1080 2611 1158 2647 (t)1n
1171 2610 1234 2638 Cod.
1247 2610 1388 2646 Dipiomat.
1404 2608 1563 2636 Admonten.
1573 2607 1654 2635 edidit
1672 2607 1787 2639 Penius,

1044 2652 1171 2680 Thesaur.
1191 2650 1332 2683 Anecdot.,
1353 2653 1415 2677 tom.
1434 2656 1475 2681 ιιι,
1490 2657 1546 2685 par.
1565 2655 1604 2681 ιιι,
1622 2656 1647 2675 u.
1665 2654 1694 2674 v.

1823 260 1872 287 An.
1890 260 1918 287 C.
1938 261 2003 288 ¹¹85
