2129 3223
118 278 168 304 Αιι.
182 275 211 304 C.
232 276 301 304 tuti

128 1963 237 1989 :scrileg'i'i
251 1967 298 1984 sce·

123 1999 158 2014 ere
182 1998 204 2014 se
225 1994 296 2019 tuqui-

143 2025 170 2036 νῦν

364 269 433 303 514

313 332 491 368 huiusmodi
519 332 691 380 adimplere
713 335 911 380 contempsit.
941 333 1055 381 Liquet

313 394 448 429 namque
482 382 648 423 undecim,
677 390 731 418 aut
766 382 872 430 plures
897 383 1055 430 archiepi-

313 431 465 477 scopales‚
487 439 518 466 et
532 432 645 466 multas
666 432 860 479 episcopales
880 432 982 475 sedes,
999 431 1055 466 ab-

313 480 409 515 batias
434 491 561 528 quoque.
586 490 617 516 et
634 481 708 516 alias
729 481 888 516 Ecclesias
910 481 947 516 ad
966 492 1055 528 prae-

311 541 384 564 sens
411 529 440 564 in
469 541 564 576 regno
598 542 704 566 vacare
736 530 912 578 praedicto,
939 541 1055 576 easque

312 587 497 624 procurante
520 579 598 625 ipso,
615 580 697 614 sicut
717 588 822 635 aperte
838 587 932 627 patet,
959 579 1054 613 fuisse

311 627 431 663 diutius
468 627 673 683 praelatorum
710 629 860 675 regimine
893 628 1054 663 destitutas

312 677 340 711 in
367 688 459 723 grave
492 678 628 724 ipsarum
662 679 884 725 praeiudicium
907 686 937 712 et
971 677 1054 723 peri-

311 725 416 761 culum
439 726 614 762 animarum
637 727 815 763 multarum.
838 727 876 761 Et
890 726 961 761 licet
977 726 1054 761 forte

312 775 342 810 in
368 775 526 824 aliquibus
546 776 686 811 eiusdem
715 777 800 823 regni
824 776 971 811 Ecclesiis
989 774 1054 810 ele-

310 824 430 860 ctiones
462 826 522 860 sint
549 837 565 859 a
595 826 738 872 capitulis
749 804 955 868 t>celebratae,
981 826 1053 872 quia

311 882 414 909 tamen
448 887 503 922 per
529 874 578 910 illa
613 875 720 909 eadem
748 875 924 910 familiares
948 874 1052 909 clerici

310 932 385 958 sunt
421 923 532 964 electi,
561 924 713 971 probabili
743 932 843 971 potest
869 932 1053 970 argumento

310 972 467 1014 concludi,
489 973 574 1021 quod
602 973 777 1008 facultatem
800 985 861 1008 non
882 973 996 1008 habent
1014 972 1053 1006 li-

311 1022 416 1057 beram
432 1022 577 1069 eligendi.
599 1022 809 1057 Ecclesiarum
832 1031 935 1057 autem
955 1023 1053 1069 ipsius

312 1073 396 1117 regni
420 1084 481 1107 non
504 1072 604 1107 solum
621 1071 792 1112 facultates,
818 1079 848 1107 et
870 1071 950 1107 bona
969 1071 1052 1115 fecit,

312 1130 402 1166 prout
425 1121 532 1165 voluit,
553 1122 718 1168 occupari;
735 1121 789 1156 sed
809 1130 839 1156 et
859 1133 979 1162 cruces,
1000 1133 1053 1156 ca-

310 1170 404 1210 lices,
432 1170 606 1211 thuribula,
641 1179 671 1205 et
703 1170 780 1205 alios
805 1182 911 1206 sacros
944 1182 1050 1206 earum

311 1220 488 1265 thesauros,
515 1229 544 1255 et
568 1231 686 1267 pannos
707 1220 824 1255 sericos
846 1219 930 1255 velut
951 1220 1053 1255 cultus

310 1269 407 1304 divini
431 1278 639 1316 contemptor,
660 1269 790 1309 auferri,
813 1270 895 1310 licet,
924 1277 957 1304 ut
975 1269 1054 1304 dici-

311 1327 372 1364 tur,
399 1319 474 1366 ipsis
508 1318 669 1359 Ecclesiis,
696 1327 803 1353 exacto
837 1328 942 1354 tamen
969 1319 1054 1365 prius

313 1380 368 1415 pro
394 1369 438 1403 eis
459 1376 544 1403 certo
572 1367 682 1416 pretio,
710 1368 741 1402 in
764 1376 848 1414 parte
870 1368 985 1403 fuerint
1004 1380 1054 1402 re-

311 1418 422 1452 stituti.
449 1416 563 1452 Clerici
593 1417 711 1464 quippe
739 1417 878 1452 collectis
910 1426 940 1452 et
962 1416 1053 1452 talliis

313 1466 527 1514 multipliciter
547 1466 744 1512 affliguntur,
771 1479 832 1501 non
855 1466 956 1501 solum
985 1475 1052 1500 tra-

313 1516 431 1550 huntur
456 1515 494 1551 ad
528 1516 676 1551 iudicium
712 1516 887 1556 saeculare,
921 1515 994 1559 sed,
1022 1524 1053 1549 ut

312 1566 471 1609 asseritur,
493 1573 653 1611 coguntur
678 1564 782 1600 subire
804 1564 919 1610 duella,
945 1564 1053 1599 incar-

311 1623 468 1659 cerantur,
494 1614 682 1649 occiduntur
703 1623 733 1648 et
748 1614 895 1661 patibulis
916 1614 1054 1650 crucian-

311 1673 372 1708 tur,
399 1664 428 1698 in
463 1663 680 1699 confusionem
709 1673 738 1698 et
769 1664 971 1711 opprobrium
1002 1676 1054 1698 or-

310 1713 392 1748 dinis
413 1713 575 1748 clericalis.
602 1712 753 1748 Praefatis
775 1721 876 1747 autem
898 1713 1054 1759 Templa-

311 1763 381 1805 riis,
409 1761 642 1809 Hospitalariis,
669 1770 699 1796 et
724 1764 866 1808 personis
900 1762 1054 1797 ecclesia-

311 1812 410 1852 sticis,
437 1824 500 1846 non
521 1820 567 1846 cst
595 1811 634 1846 de
656 1811 779 1845 damnis
806 1811 897 1846 illatis
921 1811 1052 1851 eisdem,

310 1869 340 1895 et
368 1861 493 1895 iniuriis
514 1860 717 1895 satisfactum.

359 1910 378 1958 S
410 1914 461 1945 to.
483 1910 564 1944 Eum
587 1921 714 1956 quoque
740 1918 858 1944 certum
887 1917 932 1943 est
957 1910 1053 1943 sacri-

310 1959 381 2006 legii
404 1971 472 1994 esse
499 1967 761 2006 perpetratorem:
790 1971 860 1993 nam
880 1970 951 1993 cum
969 1970 1053 2005 prae-

311 2008 362 2042 sati
387 2008 569 2044 Portuensis
593 2015 622 2042 et
645 2007 866 2042 Praenestinus
899 2008 1051 2054 episcopi,

310 2067 338 2092 et
365 2058 566 2105 quamplures
598 2056 807 2092 Ecclesiarum
843 2056 990 2104 praelati,
1024 2064 1053 2090 et

309 2108 432 2147 clerici,
465 2116 525 2142 tam
561 2106 716 2151 religiosi,
753 2118 846 2152 qnam
880 2105 1052 2140 saeculares

309 2157 346 2191 ad
374 2156 582 2202 Apostolicam
610 2155 743 2210 Sedem,
779 2167 834 2202 pro
867 2155 1052 2189 celebrando

310 2205 455 2261 concilio,
479 2205 561 2252 quod
595 2205 682 2252 prius
708 2205 773 2259 ipse
801 2204 949 2259 petiverat
975 2216 1052 2239 con-

310 2255 424 2297 vocari,
452 2267 507 2302 pei
533 2266 618 2289 mare
645 2255 798 2297 venirent,
822 2254 880 2288 viis
906 2253 1052 2287 omnibns

311 2313 408 2340 terrae
436 2304 554 2351 ipsius,
587 2303 625 2337 de
654 2303 799 2338 mandato
825 2304 892 2337 eius
925 2303 1052 2337 omnino

302 2353 498 2400 ,praeculsis
530 2352 612 2387 idem
647 2353 803 2387 destinato
838 2351 956 2386 Hensio
991 2351 1052 2386 silio

310 2415 366 2437 suo
387 2415 458 2438 cum
487 2401 688 2437 multitudine
719 2402 905 2448 galeiarum,
938 2410 981 2440 et
998 2413 1053 2448 per

311 2452 385 2486 alias
417 2451 618 2500 quamplures
641 2452 731 2497 longe
752 2459 823 2486 ante
856 2452 938 2486 serio
960 2463 1051 2506 prae-

313 2509 432 2545 paratas
470 2514 499 2536 in
529 2500 672 2556 partibus
694 2479 842 2535 DTusciae
891 2500 1052 2535 maritimis

312 2550 431 2585 insidiis
458 2550 576 2605 ‘positis
607 2558 713 2584 contra
751 2562 822 2593 eos,
866 2558 897 2584 ut
927 2550 1051 2604 gravius

312 2607 416 2655 posset
439 2599 523 2634 virus
537 2610 661 2634 vomere
674 2606 946 2645 praeconceptum,
967 2599 1052 2645 ipsos

311 2658 387 2695 ausu
407 2648 555 2694 sacuilego
571 2648 636 2695 rapi
654 2648 739 2705 fecit.
761 2647 948 2697 quibusdam
967 2659 1051 2695 prae-

889 280 1022 303 nucum
1028 280 1074 302 tm
1101 279 1263 302 Ronlanum

1845 278 1897 305 Αι.
1913 276 1944 305 C.
1958 277 2025 305 ms

1095 333 1224 367 latorum
1249 334 1408 380 ipsorum,
1441 341 1469 367 et
1502 333 1569 368 aliis
1597 333 1627 367 in
1655 332 1834 368 huiusmodi

1094 382 1237 437 captione
1262 382 1449 424 submersis,
1478 382 1636 418 nonnullis
1660 383 1755 417 etiam
1779 383 1835 416 in-

1096 432 1266 478 teremptis,
1292 439 1323 466 et
1344 432 1499 479 aliquibus
1519 431 1644 467 hostili
1637 432 1833 466 insecutione

1095 479 1226 526 fugatis;
1267 481 1393 528 reliquis
1433 490 1534 516 autem
1571 481 1661 516 bonis
1694 481 1835 529 spoliatis

1095 507 1253 571 omnibtis,
1279 541 1309 565 et
1339 531 1377 565 de
1399 531 1468 565 loco
1492 530 1530 565 ad
1552 529 1685 566 locum
1677 542 1708 565 in
1737 541 1835 576 regno

1094 578 1219 614 Siciliae
1241 579 1443 626 opprobriose
1464 579 1618 624 deductis,
1644 587 1675 614 et
1700 579 1836 615 circum-

1094 627 1209 667 ductis,
1237 640 1270 663 ac
1293 628 1408 663 ibidem
1435 628 1514 663 diris
1538 628 1718 664 carceribus
1743 640 1835 663 man-

1094 677 1215 723 cipatis,
1241 690 1373 724 quorum
1396 677 1492 725 aliqui
1520 681 1665 713 macerati
1698 678 1836 725 squallo-

1095 726 1182 761 ribus
1203 735 1233 761 et
1267 727 1369 762 inedia
1403 727 1500 774 pressi
1529 726 1748 762 miserabiliter
1772 726 1836 762 de-

1094 774 1243 810 fecerunt

1142 825 1162 872 g
1185 828 1239 859 tt.
1263 824 1376 863 Mem
1409 826 1536 873 insuper
1566 833 1673 860 contra
1701 836 1773 860 eum
1797 824 1836 859 de
1862 839 1920 861 lusui
1933 839 2030 862 numm

1095 872 1248 909 haeretica
1282 880 1432 922 pravitate
1458 875 1599 930 suspicio
1630 883 1679 910 est
1709 870 1968 929 exorta‚;‘;{¹‚'f,‘}³f'¹¹⁹
1993 876 2028 891 ⁴⁵·

1094 935 1165 957 cum
1203 933 1366 971 postquam
1401 924 1734 959 excommunicationis
1768 935 1838 958 sen-

1094 973 1223 1007 tentiam
1245 986 1261 1007 a
1288 973 1435 1020 praefatis
1454 973 1478 1008 l.
1497 973 1664 1009 Sabinensi
1686 973 1836 1028 episcopo

1094 1029 1123 1056 et
1135 1021 1305 1057 Thomasio
1326 1022 1472 1058 cardinali
1497 1024 1644 1070 prolatam
1661 1023 1835 1063 incurrerit,

1093 1080 1124 1105 et
1147 1071 1323 1118 praedictus
1344 1071 1516 1118 Gregorius
1539 1072 1623 1120 Papa
1650 1072 1752 1119 ipsum
1767 1083 1838 1106 ana-

1093 1120 1238 1156 thematis
1258 1121 1382 1156 vinculo
1404 1121 1608 1166 innodaverit,
1630 1133 1665 1156 ac
1687 1128 1758 1168 post
1780 1120 1838 1155 Ec·

1094 1169 1206 1205 clesiae
1232 1170 1391 1206 Romanae
1418 1170 1639 1212 cardinalium,
1674 1170 1837 1217 praelato-

1094 1231 1163 1254 rum
1185 1228 1215 1255 et
1240 1220 1438 1260 clericorum,
1464 1232 1500 1255 ac
1520 1220 1650 1255 alioruin
1673 1220 1766 1254 etiam
1787 1219 1837 1254 di-

1095 1269 1192 1304 versis
1224 1281 1241 1304 e
1264 1269 1405 1317 partibus
1427 1269 1464 1305 ad
1490 1269 1604 1305 Sedem
1622 1269 1835 1315 Apostolicam

1094 1319 1285 1354 venientium
1322 1320 1447 1367 caption
1539 1319 1640 1354 claves
1675 1317 1837 1353 Ecclesiae

1093 1369 1321 1415 contempserit
1354 1378 1384 1404 et
1410 1381 1446 1403 co
1472 1377 1606 1408 temnat,
1633 1367 1692 1402 sibi
1719 1367 1838 1403 faciens

1094 1416 1253 1459 celebrari,
1281 1418 1328 1453 vel
1356 1418 1461 1466 potius
1485 1426 1635 1465 quantum
1664 1418 1692 1451 in
1719 1429 1758 1452 eo
1778 1425 1837 1456 est,

1095 1467 1282 1513 prophanari
1315 1467 1438 1502 divina:
1480 1477 1511 1501 et
1542 1474 1722 1502 constanter
1757 1477 1837 1500 asse·

1095 1516 1166 1556 ruit,
1190 1524 1223 1550 ut
1241 1517 1386 1564 superius
1407 1525 1453 1550 est
1467 1525 1637 1558 narratum,
1660 1516 1689 1549 in
1705 1527 1739 1549 se
1753 1527 1838 1562 prae-

1094 1565 1145 1599 tati
1171 1564 1315 1612 Gregorii
1336 1565 1439 1612 Papae
1465 1565 1635 1601 sententias
1660 1576 1838 1599 excommu-

1094 1616 1257 1650 nicationis
1279 1627 1341 1649 non
1369 1615 1477 1649 vereri.

1142 1664 1161 1710 S
1185 1666 1239 1698 19..
1266 1664 1428 1699 Praeterea
1459 1664 1646 1699 coniunctus
1672 1662 1836 1698 Saracenis
1862 1667 2032 1718 §bucon-2221?

1093 1714 1228 1748 amicitia
1255 1713 1444 1757 detestabili,
1480 1713 1611 1748 nuncios
1644 1720 1675 1747 et
1704 1723 1834 1747 munera
1848 1699 2031 1754 {iiuiswiune‘ui-

1095 1763 1211 1809 pluries
1231 1762 1397 1797 destinaiit
1423 1762 1560 1803 eisdem,
1594 1769 1624 1796 et
1656 1761 1696 1797 ab
1716 1761 1763 1796 eis
1787 1761 1833 1796 vi-
1847 1758 1921 1779 ‘⁰⁰4²‘
1911 1764 1940 1779 ‘²

1093 1812 1200 1846 cissim
1233 1823 1304 1846 cum
1345 1811 1581 1846 honorificentia
1614 1818 1644 1846 et
1682 1810 1834 1846 hilaritate

1095 1862 1222 1916 recepit,
1243 1861 1448 1908 ipsorumque
1469 1861 1549 1895 ritus
1569 1859 1781 1907 amplectitur,
1803 1859 1837 1894 il-

1094 1909 1140 1945 los
1166 1911 1196 1944 in
1220 1909 1410 1956 quotidianis
1431 1910 1499 1945 eius
1526 1909 1687 1963 ohsequiis
1712 1908 1835 1944 notabi-

1094 1960 1162 1994 litei
1174 1971 1281 1994 secum
1298 1967 1423 1994 tenens:
1443 1958 1626 1994 eorumdem
1641 1958 1733 1993 etiam
1749 1969 1835 1993 more

1094 2008 1264 2052 uxoribus,
1292 2020 1370 2055 quas
1397 2007 1521 2049 habuit,
1556 2007 1596 2043 de
1628 2008 1726 2054 stirpe
1750 2007 1841 2054 regia·

1093 2057 1376 2099 descendentibus,
1434 2057 1600 2093 eunuchos
1648 2056 1833 2104 praecipue

1092 2119 1183 2154 quos
1211 2115 1244 2141 ut
1273 2106 1398 2147 dicitur,
1422 2107 1504 2142 serio
1530 2107 1596 2154 ipse
1629 2105 1754 2141 castrari
1782 2105 1835 2140 fe-

1092 2165 1186 2201 cerat,
1208 2168 1269 2191 non
1292 2156 1416 2191 erubuit
1439 2156 1589 2203 deputare
1610 2154 1767 2191 custodes.
1794 2153 1834 2189 Et

1092 2205 1175 2252 quod
1203 2206 1408 2241 execrabilius
1434 2213 1498 2243 est
1529 2205 1603 2240 olim
1628 2205 1767 2240 existens
1801 2203 1832 2238 in

1094 2254 1233 2301 partibus
1255 2255 1480 2294 transmarinis,
1507 2254 1583 2289 facta
1606 2252 1833 2300 compositione

1093 2304 1238 2349 quadam,
1261 2304 1323 2338 imo
1349 2304 1453 2338 verius
1469 2304 1640 2338 collusione
1664 2314 1737 2337 cum
1759 2299 1833 2336 Sol—

1093 2352 1174 2387 dano
1212 2352 1379 2387 Mahometi
1406 2353 1544 2392 nomine,
1571 2353 1600 2386 in
1625 2350 1740 2398 templo
1766 2349 1832 2385 Do-

1093 2401 1166 2436 mini
1202 2401 1314 2436 diebus
1340 2414 1375 2436 ac
1403 2402 1547 2437 noctibus
1569 2401 1693 2448 publice
1715 2399 1832 2446 procla-

1093 2451 1167 2485 mari
1190 2452 1341 2498 permisit
1370 2451 1409 2486 Et
1431 2464 1529 2499 nuper
1549 2451 1682 2485 nuncios
1703 2448 1832 2484 Soltlani

1092 2499 1271 2535 Babiloniae
1306 2509 1472 2548 postquam
1493 2501 1575 2535 idem
1589 2499 1746 2535 Soldanus
1759 2498 1833 2534 'ler-

1092 2561 1143 2584 rae
1168 2548 1314 2594 Sanctae,
1346 2562 1381 2585 ac
1411 2549 1584 2584 christianis
1607 2548 1832 2584 habitatoribus

1092 2598 1158 2633 eius
1184 2611 1240 2645 per
1273 2611 1306 2634 se
1340 2611 1376 2634 ac
1397 2611 1470 2634 suos
1497 2598 1610 2633 damna
1636 2598 1830 2644 gravissima,

1091 2655 1119 2682 et
1147 2647 1389 2687 inaestimabiles
1411 2647 1539 2688 iniurias
1563 2648 1726 2695 irrogarat,
1759 2646 1831 2682 fecit
