2129 3223
825 253 925 277 mnnx
953 251 1168 275 ncnmcancu

312 312 453 356 leprosos
479 308 623 352 undique
649 309 860 353 suscipiendi,
883 314 913 342 et
937 308 975 341 ad

309 360 442 393 domum
457 358 596 391 aliorum
612 358 815 402 leprosorum
833 368 907 391 cum
924 367 977 390 eo-

310 418 385 442 rum
403 407 497 440 honis
515 406 747 446 transferendi,
769 406 843 440 7402.

223 458 296 491 vlu.
324 456 505 491 Reservatio
529 455 745 489 Ecclesiarum
772 456 976 498 aliorumque

308 504 543 539 beneficiorum
576 503 867 537 ecclesiasticorum
893 514 975 547 quo-

308 564 526 597 rumcumque
555 553 640 597 apud
672 553 787 586 Sedem
816 553 975 597 Apostoli-

308 614 379 637 cam
398 602 593 643 vacantium,
617 601 692 636 743.

221 652 270 686 IX.
293 651 500 686 Confirmatio
521 650 784 684 constitutionum
811 655 842 683 et
867 650 974 693 legum

308 701 347 734 ab
380 699 566 734 Innocentio
599 699 636 733 IV
669 703 699 732 et
728 698 907 731 Alexandro
939 699 975 731 IV

307 750 466 783 editarum
487 753 599 782 contra
624 746 815 787 haereticos,
843 757 974 779 eorum-

308 809 372 842 que
392 797 567 841 complices
586 801 617 829 et
636 796 788 835 fautores,
811 794 885 828 743.

223 848 257 880 X.
281 847 371 886 Quod
396 846 600 889 magistratus
627 844 808 877 saeculares
837 843 975 876 describi

307 895 426 928 faciant
449 894 482 927 in
506 893 597 927 libris
622 898 815 926 statutorum
843 892 975 925 civitatis

306 944 393 986 leges
417 943 518 976 editas
541 947 653 976 contra
676 941 873 981 haereticos,
896 941 971 975 744.

222 992 271 1025 XI.
300 991 479 1025 Infeudatio
505 990 597 1034 regni
621 990 748 1024 Siciliae
774 990 887 1024 Carolo
911 990 974 1023 Lu-

307 1040 410 1074 dovici
429 1039 514 1083 regis
533 1038 686 1072 Franciae
705 1039 811 1079 fratri,
834 1039 909 1072 744.

350 1089 487 1123 Litterae
502 1088 707 1121 investiturae
718 1088 819 1121 sactae
835 1099 893 1132 per
908 1098 976 1121 car-

307 1137 431 1171 dinales
451 1137 625 1180 delegatos,
648 1137 723 1170 747.

306 1186 396 1226 Quod
417 1197 518 1230 prope
537 1185 695 1219 Ecclesias
719 1185 854 1218 fratrum
878 1185 976 1218 Mino-

307 1246 381 1268 rum
410 1234 669 1268 conventualium
708 1233 829 1267 ordinis
868 1234 975 1267 Sancti

306 1284 468 1318 Francisci
496 1294 562 1317 non
588 1283 689 1327 possit
713 1294 832 1316 novum
861 1294 975 1316 mona-

309 1333 444 1367 sterium
464 1333 607 1366 construi
625 1333 674 1365 vel
689 1332 813 1375 acquiri
829 1332 867 1365 ab
888 1332 974 1365 ordi-

309 1382 404 1415 nibus
443 1382 477 1415 in
508 1386 697 1425 paupertate
737 1381 892 1422 fundatis,
926 1381 975 1413 rel

308 1431 544 1474 cuiuscumque
564 1429 686 1463 ordinis
705 1430 911 1471 monialibus,
930 1430 976 1462 in-

306 1480 354 1513 fra
386 1480 525 1524 spatium
557 1484 739 1512 trecentum
771 1489 972 1520 cannarum,

223 1576 298 1609 XIII.
321 1576 493 1610 Destinatio
525 1577 718 1619 legatorum,
749 1576 805 1619 qui
824 1575 974 1609 Carolum

305 1626 585 1669 Andegavensem‚
617 1625 751 1668 eiusque
777 1635 911 1658 uxorem
942 1625 975 1657 in

306 1675 392 1708 Urbe
407 1674 534 1708 Siciliae
549 1684 640 1716 reges
656 1678 813 1706 coronent
832 1678 863 1706 et
881 1673 976 1706 inun—

308 1728 400 1765 gant,
435 1722 623 1765 homagium
649 1722 780 1755 nomine
812 1722 975 1756 Romanae

307 1771 467 1804 Ecclesiae
491 1771 530 1804 ab
550 1771 670 1804 eisdem
690 1771 873 1814 recepturi,
897 1771 971 1805 760.

222 1819 295 1853 XIV.
314 1819 466 1863 Sequitur
481 1819 593 1853 Carolo
614 1819 740 1853 Siciliae
755 1818 822 1862 regi
837 1819 872 1851 in
890 1818 975 1852 idem

310 1872 556 1911 argumentum,
579 1867 654 1901 762.

222 1917 282 1950 XV.
301 1916 392 1955 Quod
411 1916 617 1959 inquisitores
637 1915 818 1949 haereticae
838 1915 975 1959 pravita-

307 1965 347 1998 tis
366 1965 503 1998 describi
521 1965 640 1998 faciant
667 1965 700 1997 in
724 1964 847 1997 statutis
867 1964 974 1997 civita-

308 2018 379 2046 tum
403 2014 489 2056 leges
521 2013 620 2047 editas
653 2014 691 2047 ab
724 2013 911 2047 Innocentio
938 2013 975 2046 IV

310 2066 422 2095 contra
449 2062 644 2103 haereticos,
670 2062 874 2105 magistratus
905 2072 975 2095 sae-

310 2110 436 2143 culares
455 2110 494 2143 ad
514 2110 545 2143 id
570 2111 725 2153 cogendo,
748 2111 823 2144 763.

224 2158 298 2192 XVI.
326 2158 494 2191 Revocatio
523 2159 668 2192 omnium
700 2158 975 2202 indulgentiarum

310 2211 341 2240 et
355 2206 609 2250 privilegiorum,
631 2207 892 2251 quibuscumque
909 2206 975 2240 sin-

311 2255 477 2298 gularibus
503 2255 647 2298 personis
678 2255 900 2289 ecclesiasticis
927 2255 976 2288 vel

309 2303 540 2344 saecularibus,
566 2304 684 2348 quibus
710 2305 755 2338 eis
779 2304 977 2338 concedeba-

307 2357 363 2385 tur
375 2352 462 2395 quod
477 2352 624 2386 interdici
638 2354 686 2385 vel
702 2352 975 2386 excommunicari

307 2411 374 2434 non
400 2406 540 2444 possent,
566 2412 625 2435 nec
649 2407 755 2435 terrae
783 2412 896 2435 eorum
923 2412 975 2434 ec-

310 2450 486 2483 clesiastico
512 2450 681 2484 interdicto
714 2450 871 2494 supponi,
898 2449 972 2483 763.

225 2498 311 2532 XVII.
333 2498 425 2537 Quod
445 2498 574 2531 abbates
588 2504 619 2532 et
633 2499 703 2539 alii,
725 2499 843 2542 quibus
862 2498 976 2531 mitrae

311 2553 388 2575 usus
412 2547 459 2576 est
477 2543 516 2575 ab
535 2543 717 2586 Apostolica
741 2543 822 2576 Sede
843 2553 976 2576 conces-

312 2597 376 2626 sus,
399 2587 536 2630 exempti
557 2587 699 2630 quidem,
721 2587 754 2620 in
774 2586 919 2620 conciliis
947 2591 978 2619 et

313 2631 451 2674 synodis,
480 2631 583 2664 mitris
600 2631 823 2665 tantummodo
848 2630 976 2664 aurifri-

221 1187 283 1220 XII.

1649 240 1719 273 859

1104 306 1208 349 giatis,
1230 316 1294 339 non
1315 305 1452 350 exempti
1471 316 1545 339 vero
1570 305 1768 350 simplicibus·

1105 354 1184 388 albis
1203 360 1234 388 et
1253 355 1355 399 planis
1375 360 1518 395 utantur,
1541 354 1615 389 764.

1016 403 1118 438 xvfll.
1132 404 1311 437 Wernliero
1325 404 1509 447 Moguntino
1525 403 1767 447 archiepiscope

1104 452 1326 493 committitur,
1344 458 1378 485 ut
1394 454 1581 486 electionem
1597 452 1766 486 Conradini

1103 500 1230 534 Siciliae
1255 512 1390 544 regnum
1415 501 1592 534 affectantis
1612 500 1644 533 in
1669 501 1769 544 impe-

1103 553 1242 582 ratorem
1253 549 1416 592 impediat,
1435 550 1602 590 electores,
1613 549 1766 587 fautores,

1103 602 1184 638 ete.,
1215 598 1241 630 si
1269 609 1360 632 secus
1393 598 1534 641 egerint,
1564 598 1767 632 anathemats¹

1104 647 1321 691 pemellendo,
1345 646 1419 681 765.

1015 695 1092 730 XIX.
1112 695 1228 729 Contra
1243 700 1481 738 quaestuantes‚
1502 695 1680 738 litterisque
1695 705 1769 738 apo—

1102 744 1222 777 stolicis
1272 744 1438 777 abutentes
1455 770 1463 784 ‚
1516 744 1768 786 earumdemque

1103 797 1269 837 praetextu
1293 793 1509 836 eleemosynas
1527 791 1767 835 quomodolibet

1103 846 1340 885 extorquentes,
1363 841 1438 874 767.

1102 889 1194 928 Quod
1214 889 1246 922 in
1271 889 1395 922 civitate
1414 889 1635 921 Beneventana
1653 893 1767 921 statuta

1103 938 1198 971 condi
1233 938 1353 981 absque
1382 937 1471 970 Sedis
1497 936 1696 980 Apostolicae
1728 937 1767 968 li-

1103 986 1208 1020 centia
1223 990 1397 1029 nequeant,
1419 985 1679 1028 abrogenturque
1696 995 1767 1017 con—

1103 1035 1179 1075 dita,
1203 1034 1277 1068 768.

1015 1084 1093 1118 XXI.
1124 1083 1328 1118 Canonizatio
1361 1083 1392 1116 S.
1428 1082 1587 1125 Hedwigis
1621 1082 1766 1115 ducissae

1102 1132 1267 1172 Poloniae,
1289 1137 1320 1165 et
1335 1130 1515 1175 praefinitio
1527 1130 1698 1163 festivitatis
1709 1142 1767 1174 pre

1104 1181 1155 1215 die
1175 1182 1217 1216 15
1237 1180 1377 1214 octobris
1397 1191 1470 1213 cum
1495 1179 1766 1222 indulgentiarum

1104 1230 1291 1274 elargitione
1318 1229 1387 1263 eius
1413 1229 1620 1273 sepulchrum
1640 1228 1767 1261 visitan-

1103 1279 1200 1320 tibus,
1224 1279 1298 1313 769.

1015 1327 1108 1361 XXII.
1135 1328 1276 1371 Regulae
1308 1338 1345 1360 ac
1378 1331 1493 1360 statuta
1525 1326 1718 1359 observanda
1751 1338 1766 1357 a

1104 1377 1267 1410 canonicis
1287 1381 1318 1410 et
1337 1376 1423 1409 clero
1445 1375 1603 1409 Ecclesiae
1624 1374 1769 1407 Anicien-

1015 889 1079 924 XX.

1103 1437 1160 1466 sis,
1188 1426 1262 1460 775.

1015 1475 1119 1508 XXIII.
1143 1475 1232 1514 Quod
1253 1475 1285 1507 in
1304 1479 1370 1508 toto
1387 1473 1498 1507 ordine
1517 1474 1650 1505 fratrum
1674 1472 1766 1504 Prae-

1103 1524 1283 1557 dicatorum
1304 1523 1446 1556 divinum
1473 1522 1613 1555 officium
1646 1521 1764 1563 ubique

1102 1573 1317 1612 uniformiter,
1339 1576 1436 1615 prout
1451 1571 1632 1604 ordinatum
1648 1570 1763 1607 fuerat,

1102 1622 1267 1662 recitetur,
1290 1620 1364 1655 785.

1015 1670 1117 1703 XXIV.
1145 1670 1263 1704 Contra
1289 1669 1478 1702 christianos
1504 1668 1543 1701 ad
1574 1667 1762 1699 iudaeorum

1102 1719 1200 1752 ritum
1226 1723 1440 1758 transeuntes,
1469 1728 1505 1749 ac
1529 1715 1659 1748 iudaeos
1679 1714 1763 1746 cliri-

1102 1767 1220 1800 stianos
1235 1767 1364 1800 eosdem
1387 1766 1426 1799 ad
1445 1765 1476 1798 id
1496 1765 1668 1802 trahentes,
1687 1762 1760 1795 785.

1014 1815 1103 1849 XXV.
1139 1815 1344 1849 Confirmatio
1378 1814 1556 1847 litterarum
1589 1810 1765 1845 Innocentii

1102 1864 1161 1897 ΡΡ.
1183 1864 1232 1904 IV,
1262 1874 1321 1907 per
1345 1873 1424 1906 quas
1448 1862 1513 1900 ille,
1539 1860 1691 1893 revocatis
1714 1859 1762 1898 iis,

1102 1924 1186 1956 quae
1201 1912 1383 1946 Fridericus
1398 1922 1453 1944 rex
1473 1910 1505 1942 in
1521 1910 1627 1943 Sicilia
1646 1913 1763 1951 egerat,

1101 1962 1258 1994 nonnulla
1286 1965 1439 1994 statuerat
1466 1959 1504 1992 ad
1529 1959 1706 1991 libertatem
1737 1962 1763 1988 et

1102 2010 1303 2054 disciplinam
1337 2007 1583 2042 ecclesiasticam
1615 2006 1648 2038 in
1681 2005 1764 2038 idem

1102 2069 1239 2101 regnum
1258 2057 1482 2101 reparandam,
1506 2054 1579 2088 786.

1015 2107 1117 2140 XXVI.
1140 2107 1290 2150 Mitigatio
1311 2112 1341 2139 et
1360 2104 1531 2138 declaratio
1552 2102 1681 2145 regulae
1702 2102 1765 2133 fra-

1102 2161 1190 2189 trum
1217 2155 1337 2188 ordinis
1362 2152 1584 2187 Sanctissimae
1608 2150 1766 2183 Trinitatis

1102 2204 1332 2248 redemptionis
1351 2202 1561 2245 captivorum,
1584 2199 1658 2232 786.

1015 2254 1131 2288 XXVII.
1159 2252 1334 2286 Translatio
1367 2250 1436 2284 sesti
1469 2249 1573 2282 Sancti
1604 2247 1762 2285 Ianuarii,

1103 2313 1185 2345 quae
1211 2300 1357 2344 Neapolis
1377 2298 1532 2332 celebrari
1559 2302 1767 2329 consueverat

1104 2349 1323 2384 decimotertio
1361 2347 1512 2380 kalendas
1549 2345 1688 2378 octobris
1727 2345 1765 2378 ad

1104 2399 1275 2442 septimum
1296 2397 1367 2429 idus
1387 2395 1479 2435 maii,
1503 2395 1575 2428 792.

1016 2449 1144 2483 XXVIII.
1168 2445 1329 2480 Sententia
1348 2445 1381 2476 in
1400 2443 1629 2482 Conradinum,
1651 2442 1706 2485 qui
1726 2442 1766 2474 ob

1104 2500 1209 2539 spreta
1235 2493 1409 2537 apostolica
1435 2491 1555 2524 monita
1581 2490 1671 2533 regni
1696 2490 1767 2523 Hie-

1104 2537 1319 2581 rosolymitaui
1341 2536 1465 2569 iuribus
1485 2535 1637 2578 privatur,
1660 2534 1734 2568 793.

1016 2584 1121 2618 XXIX.
1140 2582 1294 2615 Reductio
1314 2580 1469 2624 privilegii
1485 2579 1590 2612 Sancti
1610 2578 1765 2611 Dominici

1105 2632 1135 2660 et
1154 2626 1260 2660 Sancti
1276 2624 1435 2659 Francisci
1450 2624 1601 2658 fratribus
1616 2623 1692 2656 olim
1709 2633 1767 2666 per
