2129 3223
0 247 10 269 >¹
49 249 101 277 Αυ.
109 249 140 276 C.
156 248 224 276 ¹265

869 243 1013 268 CLEMENS
1037 244 1072 267 lv
1098 243 1148 267 PP.

285 301 306 349 g
332 305 364 336 4.
392 300 456 336 Nos
484 300 581 347 igitur
605 299 745 334 volentes
771 298 826 334 tibi
850 307 880 334 et
900 298 999 346 liae-5

1650 235 1716 268 747

1019 297 1135 332 militer
1156 297 1302 342 subsunt,
1332 306 1362 332 et
1384 297 1425 333 illi
1450 297 1585 344 benigne
1606 308 1766 346 praesunt,

1 359 6 364 ’
54 362 154 385 concedit
174 351 364 386 mo-redibus
391 351 452 385 tuis
474 350 502 384 in
527 357 685 397 posterum
707 361 804 395 super
830 348 879 383 liis
899 348 976 383 salu·
997 364 999 371 ι
1019 347 1092 382 dum
1120 348 1269 393 congruis
1305 355 1462 393 praeerunt
1490 348 1629 383 jussibus
1650 357 1680 383 ct
1709 349 1766 383 de—

0 405 2 411 ·
42 399 107 415 ΜΙΙΙ.

14 2260 17 2265 7
58 2237 174 2260 Exordium.

235 399 331 435 briter
352 398 528 447 providere,
550 399 612 434 tuis
632 398 914 445 supplicationibus
935 398 976 432 in-

234 448 350 493 clinati,
371 448 581 488 collationem,
608 448 859 486 concessionem,
887 447 997 502 inve-'¹

232 499 376 534 stituram
417 497 645 545 praedictorum
679 496 766 543 regni
806 504 836 531 et
877 504 975 531 terrae
994 506 996 541 ᾗ

231 547 291 583 sub
316 546 550 583 conditionibus
581 554 611 581 et
639 545 737 580 forma
765 544 932 592 praedictis
958 544 996 594 aj

232 597 476 644 praenominatis
507 595 719 631 cardinalibus
751 594 805 629 tibi
839 602 870 629 et
899 594 995 643 hae-j

231 645 357 681 redibus
372 646 445 686 tuis,
467 657 505 680 ex
526 653 608 680 certa
631 644 771 685 scientia,
793 652 823 678 et
846 643 972 678 fratrum

231 703 410 730 nostrorum
429 694 560 729 consilio
575 703 605 729 et
626 705 767 735 assensu,
789 694 972 728 auctoritaie
992 710 994 715 v

228 745 398 792 apostolica
437 744 680 788 confirmamus,
722 755 758 778 ac
801 743 972 790 praesentis
991 755 993 768 ¹

227 794 332 841 scripti
352 793 524 841 patrocinio
537 792 784 828 communimus.
802 790 970 827 Caeterum

226 845 300 891 quia
325 844 354 877 in
378 842 566 891 quibusdam
586 842 726 877 articulis
749 854 803 877 seu
826 842 971 888 capitulis

226 892 440 928 conditionum
461 893 596 940 ipsarum
622 892 804 938 expressius
825 892 971 926 contine·
990 893 992 897 ’

226 951 287 984 tur,
305 942 388 989 quod
407 942 437 977 in
453 942 547 977 certis
562 941 699 985 casibus,
714 949 747 976 tu
761 949 791 976 et
808 941 849 975 tui
866 940 969 976 haere·
988 964 992 999 3

225 990 282 1027 des
293 992 655 1027 excommunicationum
678 991 848 1025 sententias
870 990 971 1025 incur-

225 1041 316 1084 ratis,
343 1049 374 1076 et
408 1040 526 1075 dictum
562 1052 712 1087 regnum,
751 1048 781 1074 et
815 1049 900 1079 tuae,
934 1052 970 1075 ac

225 1089 366 1138 ipsorum
394 1090 564 1125 haeredum
599 1099 698 1125 terrae
726 1089 788 1124 sint
814 1088 969 1124 ecclesia-

224 1139 303 1175 stico
324 1140 506 1187 suppositae
529 1140 712 1179 interdict0;
747 1150 806 1173 nos
831 1146 862 1173 et
893 1146 969 1173 tunc
988 1159 989 1166 κ

223 1189 404 1224 huiusmodi
427 1190 597 1224 sententias
619 1188 765 1223 videlicet
791 1200 968 1222 excommu-

223 1239 390 1273 nicationis
412 1239 441 1273 in
482 1246 511 1273 te
543 1250 579 1273 ac
609 1237 734 1272 eosdem
762 1236 913 1271 haeredes
938 1244 968 1272 et

223 1287 380 1323 interdicti
403 1288 433 1322 in
459 1287 652 1335 praedictum
678 1299 810 1332 regnum
833 1298 868 1321 ac
902 1294 967 1320 ter-

222 1349 273 1372 ras
307 1338 493 1384 praedictas,
519 1336 544 1371 si
567 1336 610 1371 tui
639 1337 684 1371 vel
708 1337 847 1384 ipsorum
875 1336 966 1383 culpa

222 1385 405 1422 huiusmodi
426 1398 518 1421 casus
541 1386 739 1429 emerserint,
754 1386 792 1420 de
808 1385 964 1420 dictorum

222 1433 350 1471 fratrum
392 1447 568 1471 nostrorum
610 1435 740 1470 cons-ilio
782 1435 967 1469 auctoritate

220 1485 390 1532 apostolica
414 1485 662 1533 promulgamus,
685 1493 824 1520 tenorem
849 1484 966 1531 praedi-

220 1543 341 1570 ctarum
363 1535 533 1570 litterarum
556 1534 761 1569 cardinalium
783 1534 965 1568 eorumdem

219 1584 258 1619 de
282 1584 380 1619 verbo
400 1585 438 1620 ad
462 1584 590 1620 verbum
613 1584 707 1619 inseri
730 1584 891 1624 facientes,
912 1583 966 1631 qui

219 1633 291 1670 talis
311 1642 369 1669 est:

221 1729 352 1763 Lt'uerae
375 1729 570 1762 investiturae
591 1730 690 1772 sactae
714 1738 769 1772 per
794 1727 967 1761 cardinales
986 1749 988 1755 »

508 1779 672 1821 delegatos.

219 1848 305 1879 illustri
326 1852 351 1878 et
376 1846 501 1886 magnifico
527 1847 624 1886 principi
652 1847 746 1876 domino
777 1846 859 1877 Carolo
882 1846 967 1876 illustri

257 1893 309 1932 regi
329 1892 433 1929 Siciliae,
456 1896 510 1922 nato
531 1892 607 1921 clarae
626 1892 752 1921 memoriae
774 1890 883 1921 Ludorici
905 1892 967 1926 reg-vis

257 1936 368 1967 Franciae
390 1939 538 1966 miseratione
559 1936 645 1973 divina,
660 1934 740 1966 iratres
764 1935 890 1965 Ambalilus
907 1935 966 1965 basi-

257 1981 318 2012 licae
338 1980 465 2011 Duodecim
487 1981 648 2020 Apostolorum
674 1979 811 2019 presbyter,
843 1979 967 2009 Riccardus
987 1991 988 2018 1

257 2025 332 2056 Sancti
357 2025 456 2064 Angeli,
484 2024 582 2055 loannes
606 2024 685 2054 Sancti
710 2023 799 2053 Nicolui
823 2023 846 2052 in
871 2022 967 2053 Caret-re
987 2019 988 2059 Ῐ

257 2070 367 2101 Tulliano
388 2074 410 2100 et
436 2069 531 2100 lacobus
557 2069 653 2099 Sanctae
682 2068 767 2097 Mariae
794 2068 816 2097 in
845 2067 988 2109 Cosmedinj

257 2114 349 2145 diaconi
366 2113 496 2144 cardinales
516 2113 544 2142 ad
562 2116 695 2152 perpetuam
714 2113 747 2142 rei
769 2112 912 2141 memoriam.
986 2113 988 2148 ξ

267 2180 425 2223 Quoniam
441 2179 478 2214 ad
494 2178 730 2214 subsistentiam
746 2178 916 2213 multorum
936 2187 967 2213 et

220 2232 358 2277 regimen
380 2229 517 2277 oportuit
536 2240 667 2276 pracesse
691 2240 787 2263 unum
809 2227 967 2273 singulare

219 2279 411 2329 principium
452 2290 509 2325 pro
544 2289 581 2313 eo
619 2277 703 2325 quod
743 2277 904 2323 pluralitas
936 2277 966 2311 in
986 2315 987 2328 ἵ

221 2329 427 2377 praesidentia
448 2329 615 2362 scissuram
643 2326 816 2366 induceret,
841 2335 871 2360 et
891 2326 967 2360 soli·
986 2329 988 2345 ¹¹

220 2379 291 2414 dam
318 2377 523 2425 gubernaculi
558 2377 751 2423 dirumperet
778 2373 988 2419 firmitatem,'

220 2429 425 2477 praeeminent
443 2425 576 2473 siugulis
597 2426 702 2471 reguis
723 2433 752 2459 et
767 2424 874 2459 muudi
899 2437 968 2472 pro·
986 2425 989 2462 J

221 2477 331 2513 vinciis
357 2476 477 2523 singula
505 2476 702 2522 regnantium
730 2474 819 2514 solia,
845 2482 876 2508 et
901 2475 989 2509 sin-i

221 2526 314 2574 gulae
333 2526 574 2574 principantium
595 2532 779 2572 potestates:
801 2524 872 2571 qnia
892 2524 965 2558 dum
987 2521 989 2563 ᾖ

223 2589 314 2622 reges
329 2584 471 2622 regnant,
495 2586 645 2622 prospere
673 2582 837 2620 imperant,
858 2581 889 2608 et
916 2585 969 2619 po·
987 2583 989 2620 j

224 2626 289 2673 puli
311 2625 438 2672 regibus
458 2632 635 2660 reverenter
656 2623 835 2665 intendunt,
858 2622 888 2657 lii
908 2622 968 2657 liu-
985 2630 990 2666 l

1019 397 1097 432 votis
1129 397 1180 431 isti
1213 398 1327 432 animis
1360 396 1592 444 obsequuntur,
1624 398 1706 443 viget
1727 410 1765 433 ex

1017 446 1078 481 hoc
1104 446 1133 480 in
1162 445 1283 481 eisdem
1306 447 1432 493 populis
1449 447 1614 482 concordia
1641 447 1764 481 animo-

1018 507 1099 533 rum:
1133 495 1249 536 unitas,
1277 496 1488 531 misericordia
1511 503 1542 531 et
1570 496 1682 531 veritas
1703 496 1764 532 sibi

1015 545 1154 585 obviant,
1192 557 1228 580 ac
1262 545 1379 580 iustitia
1411 553 1442 580 et
1476 557 1534 592 pax
1561 557 1595 580 se
1629 546 1763 582 invicem

1015 593 1259 642 amplectuntur.
1292 593 1367 629 Ideo
1400 606 1535 642 namque
1570 607 1608 630 ex
1639 607 1763 631 summo

1015 643 1068 678 illo
1087 643 1212 678 coelesti
1235 643 1336 689 Rege,
1354 655 1410 691 per
1430 656 1521 691 quem
1541 644 1656 690 singuli
1673 656 1762 691 reges

1015 702 1144 739 regnant
1171 700 1201 728 et
1235 693 1392 740 principes
1421 693 1647 740 principantur,
1679 702 1761 729 tem-

1014 743 1129 789 poralis
1166 742 1261 789 gladii
1303 743 1340 777 ad
1386 743 1537 777 malorum
1577 743 1761 789 vindictam,

1014 791 1201 840 laudemque
1224 792 1377 827 bonorum
1405 793 1530 838 regibus
1557 794 1688 828 terrenis
1709 801 1760 828 at-

1012 841 1127 876 tributa
1161 850 1209 876 est
1244 849 1399 888 potestas,
1435 849 1467 876 ut
1507 841 1564 890 ipsi
1599 852 1760 890 assumpto

1012 890 1195 926 dominandi
1229 890 1330 926 officio
1364 890 1504 926 iudicent
1539 891 1568 926 in
1602 892 1761 938 aequitate

1012 939 1158 988 populos,
1177 949 1209 976 et
1241 940 1376 988 dirigant
1410 941 1441 975 in
1477 941 1568 976 terris
1601 942 1760 977 subiectas

1010 989 1070 1024 sibi
1096 991 1238 1037 gentium
1271 992 1424 1033 nationes,
1455 999 1611 1038 qiiatenus
1639 991 1679 1025 sit
1705 1004 1760 1025 vo-

1010 1039 1113 1074 luntas
1138 1051 1246 1075 eorum
1281 1040 1313 1073 in
1341 1041 1526 1074 executione
1555 1039 1693 1075 iustitiae
1722 1052 1758 1075 ac

1011 1088 1171 1124 meditatio
1199 1090 1229 1124 in
1253 1089 1322 1135 lege
1343 1088 1539 1124 rectitudinis
1560 1098 1590 1124 et
1611 1089 1652 1124 ob
1675 1102 1759 1125 reve‘

1009 1139 1139 1172 rentiam
1162 1147 1288 1173 sanctae
1311 1138 1407 1186 pacis.
1439 1136 1523 1173 Sane
1545 1149 1640 1185 regno
1666 1138 1755 1174 Sici—

1009 1187 1067 1222 liae
1082 1196 1113 1222 et
1128 1196 1189 1222 tota
1215 1197 1293 1222 terra
1319 1188 1394 1222 citra
1415 1187 1570 1228 Pharum,
1594 1200 1692 1236 usque
1718 1188 1756 1223 ad

1009 1238 1142 1272 confinia
1181 1245 1332 1272 terrarum
1374 1236 1536 1272 Romanae
1577 1236 1755 1281 Ecclesiae,

1008 1298 1089 1333 quae
1122 1286 1162 1321 de
1198 1286 1356 1334 praedicto
1393 1298 1489 1333 regno
1523 1285 1649 1322 Siciliae
1687 1299 1756 1321 esse

1008 1336 1211 1382 dignoscitur,
1233 1336 1270 1370 ad
1304 1335 1555 1381 dispositionem,
1581 1335 1756 1370 ordinatio-

1008 1397 1080 1420 nem
1101 1384 1194 1420 Sed'is
1216 1383 1427 1432 Apostolicae,
1448 1384 1486 1419 ad
1514 1397 1608 1432 quam
1631 1387 1757 1432 specia-

1007 1435 1077 1470 liter
1100 1435 1267 1482 pcrtiueut,
1290 1435 1380 1480 plene
1406 1442 1436 1468 et
1466 1434 1562 1468 libere
1587 1434 1756 1480 devolutis,

1008 1483 1092 1519 Sede
1127 1483 1193 1531 ipsa
1228 1484 1310 1518 circa
1341 1491 1458 1518 statum
1491 1483 1633 1518 eiusdem
1668 1485 1755 1531 regni

1008 1534 1141 1568 sollicite
1166 1533 1334 1580 cogitante,
1356 1533 1505 1581 illiusque
1527 1533 1664 1579 regimen
1698 1534 1756 1568 ali—

1007 1583 1058 1618 cui
1092 1582 1246 1618 catholico
1268 1591 1298 1617 et
1319 1582 1430 1617 devoto
1452 1583 1585 1630 principi
1609 1584 1756 1630 cupiente

1007 1633 1214 1671 committere,
1247 1632 1300 1680 qui
1328 1631 1365 1666 ad
1399 1632 1522 1666 laudem
1552 1632 1626 1672 Dei,
1655 1633 1756 1668 liono-

1010 1694 1072 1716 rern
1107 1689 1138 1717 et
1170 1693 1277 1728 pacem
1306 1680 1464 1716 Ecclesiae
1490 1690 1520 1716 et
1546 1682 1756 1729 tranquillita-

1009 1739 1069 1765 tem
1120 1731 1260 1765 fidelium
1302 1731 1402 1775 ipsius
1441 1730 1527 1777 regni
1568 1731 1636 1765 eius
1677 1732 1755 1767 solio

1009 1780 1221 1827 praesideret;
1243 1780 1379 1819 tandein,
1401 1780 1470 1827 quia
1496 1792 1626 1827 persona
1653 1790 1754 1817 vestra

986 1830 1106 1865 imulta
1137 1841 1209 1870 erga
1241 1829 1415 1864 Romanam
1451 1829 1623 1864 Ecclesiam
1657 1830 1755 1865 dero-

1009 1888 1093 1914 tione
1126 1878 1268 1925 refulget,
1296 1889 1496 1926 vestrumque
1526 1880 1753 1914 christianissi-

1008 1942 1093 1964 mum
1108 1940 1210 1975 genus
1223 1930 1408 1975 praecipuae
1420 1941 1545 1975 semper
1560 1929 1630 1964 fidei
1645 1930 1755 1965 claruit

1010 1979 1153 2026 puritate,
1192 1977 1292 2014 Sedes
1330 1980 1397 2024 ipsa
1434 1979 1567 2012 consilio
1603 1989 1754 2026 perpetuo

1008 2027 1200 2076 disposuerit
1226 2039 1281 2063 vos
1310 2027 1349 2063 de
1383 2040 1479 2073 reguo
1504 2028 1572 2074 ipso
1605 2027 1753 2063 domum-

1007 2090 1068 2125 que
1096 2086 1228 2112 vestram
1254 2079 1423 2118 lionorare3
1446 2076 1559 2112 liabitis
1581 2077 1675 2124 igitur
1696 2078 1753 2112 di-

1009 2127 1192 2174 ligentibus,
1225 2126 1417 2174 diutinisque
1454 2127 1635 2161 tractatibus
1673 2127 1753 2161 inter

1008 2176 1150 2211 eamdem
1179 2175 1294 2210 Sedem
1331 2177 1369 2210 de
1401 2177 1567 2223 praedictis
1597 2188 1693 2222 reguo
1721 2184 1753 2211 et

1007 2235 1087 2260 terra
1116 2226 1146 2259 in
1174 2226 1301 2260 feudum
1336 2225 1436 2269 vobis,
1470 2227 1644 2273 vestrisque
1678 2226 1752 2260 liae-

1009 2276 1137 2310 redibus
1170 2275 1393 2313 concedendis,
1424 2275 1550 2309 demum
1588 2275 1751 2310 sanctissi-

1009 2338 1077 2359 mus
1101 2331 1186 2370 pater
1211 2332 1241 2358 et
1279 2323 1425 2358 dominus
1455 2332 1570 2363 noster,
1604 2323 1752 2358 dominns
1778 2332 1893 2385 ξΙ-πῖἀαιᾞ
1909 2336 1946 2355 ων,

1765 2371 1812 2385 ΛΜΗ]
1843 2372 1855 2385 ὃ
1891 2371 1948 2385 unl-

1008 2373 1156 2409 Clemens
1183 2381 1398 2407 sacrosanctae
1429 2372 1590 2407 Romanae
1622 2383 1652 2408 et
1679 2374 1949 2423 uni-muegommm

1010 2424 1136 2457 versatis
1156 2421 1315 2456 Ecclesiae
1342 2421 1497 2461 Pontifex,
1521 2422 1558 2456 ad
1583 2423 1750 2458 salutarem
1765 2430 1932 2450 ⁵⁰¹¹1m³¹1⁰u⁴³m

1008 2472 1311 2508 consummationem
1349 2473 1531 2505 eorumdem
1565 2479 1751 2507 tractatuum

1008 2530 1039 2557 et
1073 2522 1188 2566 negotii
1216 2521 1301 2566 regni
1333 2519 1458 2555 Siciliae
1484 2532 1577 2554 snum
1612 2523 1752 2557 animum

1010 2571 1140 2606 firmiter
1175 2570 1326 2616 dirigenS,
1360 2581 1434 2604 suas
1472 2570 1641 2606 transmisit
1663 2570 1754 2606 nobis

1009 2621 1128 2656 litteras
1156 2620 1186 2654 in
1211 2620 1267 2654 liac
1287 2618 1396 2654 fornia:

1783 246 1830 271 An⁴
1850 245 1878 271 C.
1899 246 1965 271 {263
