2129 3223
33 227 84 255 ΔΙ.
101 226 215 254 01916

276 283 342 331 Ego
370 283 541 330 Gregorius
584 283 663 319 tituli
711 284 744 318 S.
791 284 995 320 Anastasiaet

228 331 332 379 presb.
361 332 444 368 card.

276 381 344 427 Ego
369 380 482 416 Petrus
501 382 545 416 tit.
565 381 598 417 S.
615 382 773 418 Laurentii
789 383 818 417 in
841 383 975 418 Damaso

228 430 387 477 presbyter
412 430 590 466 cardinalis.

275 477 343 525 Ego
369 478 507 516 Thomas
526 481 573 515 tit.
596 480 629 515 S.
653 481 788 516 Sabinae
812 481 976 528 presbyter

226 527 402 564 cardinalis.

275 575 342 623 Ego
368 575 472 612 Guido
498 578 531 613 S.
561 578 678 613 Nicolai
697 579 726 613 in
751 578 975 613 Carcere'snl—

225 624 309 660 liano
335 626 414 663 diac.
447 627 623 662 cardinalis.

273 674 342 722 Ego
367 676 559 712 Octavianus
592 676 642 711 Ss.
677 677 766 723 Sergi
797 685 826 711 et
860 677 973 711 Bacchi

223 722 302 758 diac.
323 725 407 760 card.

272 772 341 821 Ego
367 774 500 810 loannes
525 775 575 809 Ss.
603 776 737 811 Cosmae
768 784 796 810 et
829 776 973 817 Damiani

223 821 305 857 diac.
334 823 420 858 card.

274 872 342 919 Ego
368 871 542 919 Gregorius
569 872 602 908 S.
631 873 790 909 Theodori
821 874 974 909 diaconus

222 921 402 958 cardinalis.

271 971 341 1018 Ego
361 971 539 1019 Raynerius
557 971 590 1006 S.
610 971 725 1007 Mariae
745 973 775 1007 in
798 971 972 1008 Cosmetlin

221 1021 375 1056 diaconus
401 1021 581 1056 cardinalis.

269 1069 340 1116 Ego
365 1068 529 1106 Romanus
556 1069 588 1104 S.
618 1070 733 1117 Angeli
757 1071 837 1105 diac.
861 1070 946 1105 card.

270 1118 339 1165 Ego
365 1118 546 1166 Stephanus
584 1120 617 1154 S.
651 1120 781 1155 Adriani
821 1120 973 1155 diaconus

220 1168 399 1203 cardinalis.

269 1216 384 1252 Datum
409 1217 528 1252 Romae
555 1218 639 1264 apud
667 1217 700 1252 S.
727 1218 889 1259 Sabinam,
918 1231 973 1265 per

220 1278 349 1301 manum
373 1266 519 1314 Rayuerii
549 1267 661 1313 prioris
687 1266 719 1301 S.
744 1267 883 1302 Fridiani
909 1267 972 1303 Lu-

220 1327 316 1350 canae
333 1315 500 1356 dioecesis,
513 1316 547 1350 S.
568 1315 606 1350 R.
630 1316 666 1350 E.
696 1316 972 1361 xicc-cancellarii,

222 1367 261 1399 tt
301 1365 360 1399 kal.
390 1365 540 1407 ianuarii,
569 1365 740 1400 indictione
767 1366 894 1412 quinta,
923 1366 972 1400 in-

219 1414 409 1449 carnationis
454 1414 631 1449 dominicae
676 1426 758 1449 anno
803 1415 972 1449 millesimo

219 1462 435 1498 ducentesimo
461 1463 585 1498 decimo
624 1472 728 1507 sexto,
770 1463 972 1510 pontificatus

220 1523 293 1547 vero
332 1511 454 1547 domini
491 1511 622 1547 Honorii
670 1511 773 1559 Papae
804 1512 845 1547 tlt
888 1501 993 1586 anno*

220 1572 331 1608 prtmo.

231 1617 293 1648 Dat.
311 1618 358 1649 die
374 1618 412 1648 22
427 1617 594 1649 decembris
613 1618 698 1656 1216,
718 1619 819 1658 pontif.
839 1628 914 1649 anno
934 1628 950 1649 t.
990 1592 993 1663 l

579 1746 633 1780 111.

223 1812 399 1846 Commissi«)
419 1814 626 1858 inquisitionis
652 1825 742 1857 super
766 1814 829 1846 vita
857 1820 883 1845 et
911 1814 971 1846 mi-

266 1862 381 1895 raculis
413 1863 494 1896 beati
531 1863 688 1896 Guiltelmi
713 1863 847 1907 episcopi
872 1863 972 1896 Bitu-

266 1911 391 1944 ricensis
416 1914 479 1954 (l).

486 1975 697 2005 smtttffltt'n

219 2027 420 2059 Bituricenses
433 2028 601 2058 Innocentio
615 2030 783 2068 supplicant
796 2030 830 2058 tle
845 2029 872 2059 Η,
888 2030 970 2059 Guil-

259 2069 347 2098 lelmo
374 2069 450 2098 inter
482 2073 598 2098 sanctos
625 2069 788 2099 referendo.
817 2086 854 2091 —
880 2069 968 2098 luno-

258 2109 375 2139 centius
401 2108 597 2138 differendum
622 2110 732 2138 statuit.
761 2125 797 2130 ——-
826 2109 900 2144 Quid
934 2111 992 2141 sit.

259 2149 463 2178 necessarium
487 2153 518 2177 ut
546 2149 612 2186 quis
643 2153 761 2178 sanctus
790 2144 992 2188 proponaturl

260 2188 337 2218 inter
355 2188 500 2217 homines.
520 2204 556 2209 —-—
575 2187 798 2226 Inquisitionem
823 2189 857 2218 tle
882 2189 969 2217 virtu-

259 2227 339 2258 tihus
369 2233 397 2257 et
428 2227 581 2257 miraculis
611 2228 744 2257 eiusdem
776 2227 854 2257 Beati
887 2238 968 2257 cnm-

260 2267 358 2297 mittit.

218 2328 350 2358 nonarius
373 2330 514 2365 episcopus
538 2336 633 2357 servus
653 2335 791 2358 servorum
814 2328 868 2362 Dei,
893 2337 970 2358 vene-

262 2373 344 2403 rabili
355 2373 443 2403 fratri
453 2374 576 2410 episcopo
586 2373 810 2407 antissiodoren..
825 2375 854 2402 et
863 2373 972 2402 dilectis

263 2417 328 2447 filiis
345 2418 500 2447 Boni-Radit
518 2420 547 2447 et
566 2418 710 2447 Cauovien.
740 2418 844 2446 Ordinis
867 2419 972 2447 Cister-

265 2463 344 2497 eten..
363 2464 507 2492 abbatibus
544 2464 753 2492 utissioaoren.
773 2463 802 2491 et
824 2462 971 2492 Bituricen.
990 2487 992 2501 J

263 2507 407 2541 dicacem,
431 2509 550 2537 salutem
569 2510 596 2537 et
616 2507 790 2543 apostoticam
809 2507 970 2536 benedictio·
990 2514 993 2548 ᾗ

263 2558 331 2580 nem.

253 2608 294 2642 (ί)
309 2607 348 2634 Ex
365 2610 469 2644 Regest.
493 2609 576 2636 Vatic.
990 2615 994 2649 Ι

850 229 1012 252 ΗΟΝΟΠΙΓΞ

1646 224 1708 255 3tt

1064 284 1262 319 Venerabilis
1289 287 1381 321 frater
1414 295 1519 323 noster
1545 288 1762 336 archiepisco-

1016 346 1084 379 pus,
1119 342 1148 369 et
1175 334 1280 369 dilecti
1309 336 1361 370 lilii
1389 338 1561 384 capitulum
1588 337 1759 373 Bituricen.

1016 383 1146 418 firmiter
1192 385 1378 420 extimantes
1427 387 1495 434 piae
1539 386 1887 437 recordationis9⁰J¹C¹J¹ff⁰
1903 392 1956 438 22¹3}

1015 432 1220 467 Guillelmnm
1245 434 1516 476 praedecessorem
1543 437 1645 483 ipsius
1659 427 1850 472 aretii-lineo.

1015 482 1168 529 episcopi,
1191 483 1240 516 cui
1270 484 1456 524 sanctitatis,
1478 493 1511 519 ut
1533 494 1688 526 asserunt,
1717 495 1763 520 te-

1015 532 1196 565 stimonium
1226 532 1391 578 perhibent
1424 534 1573 569 miracula
1601 543 1670 582 post
1696 536 1764 569 eins

1015 580 1054 614 tle
1077 580 1135 615 lloc
1157 581 1277 615 mundo
1293 583 1456 616 transitum
1473 583 1677 630 subsequuta,
1696 596 1765 619 san-

1015 637 1135 664 ctorum
1163 630 1274 665 ascribi
1297 630 1412 666 debere
1435 632 1597 678 cathalogo
1618 645 1750 668 venerari

1015 678 1103 720 dnm,
1125 688 1154 714 et
1181 680 1380 715 attendentes
1401 681 1485 728 quod
1515 682 1597 716 iuxta
1619 682 1761 716 divinum

1016 736 1215 775 praeceptum
1252 729 1403 764 iudicium
1431 730 1554 765 difficile
1594 743 1628 766 ac
1655 731 1764 766 arnhi-

1014 790 1125 823 guum,
1152 779 1189 813 ad
1222 778 1324 812 locum
1348 791 1442 825 quem
1466 780 1558 825 elegit
1584 779 1762 820 Dominus,

1015 827 1121 861 referri
1139 827 1262 867 debeat,
1284 836 1314 862 et
1335 828 1375 862 ab
1391 828 1450 868 liis,
1473 830 1526 875 qui
1549 829 1652 864 eidem
1674 842 1763 875 prae-

1014 875 1128 918 sident,
1155 877 1270 923 requiri
1299 877 1403 912 iudicii
1446 878 1624 918 veritatem,
1651 891 1687 913 ac
1714 887 1763 913 te-

1013 933 1125 960 nentes
1152 938 1209 973 pro
1236 935 1339 965 certo,
1373 926 1456 973 quod
1484 927 1642 962 Dominus
1676 929 1763 974 Apo-

1013 975 1153 1010 stolicam
1181 975 1297 1010 Sedem
1326 975 1472 1021 elegerit,
1498 985 1529 1012 et
1565 977 1664 1023 ipsam
1692 989 1763 1011 ont-

1013 1024 1102 1058 nium
1130 1024 1344 1059 Ecclesiarum
1372 1034 1465 1071 caput
1500 1026 1696 1060 constituerit
1733 1035 1763 1059 et

1013 1073 1207 1119 magistram,
1232 1086 1286 1120 per
1308 1074 1441 1108 nuncios
1467 1087 1543 1109 suos
1564 1075 1602 1109 ad
1618 1075 1762 1109 carrula-m

1014 1122 1132 1168 pluries
1167 1133 1367 1158 accesserunt
1400 1123 1500 1158 felicis
1536 1124 1762 1158 recordationis

1013 1171 1197 1207 innocentio
1237 1172 1341 1219 Papae
1381 1172 1613 1218 praedecessori
1655 1181 1762 1208 nostro

1012 1222 1226 1267 supplicantes
1245 1222 1408 1266 instanter,
1436 1229 1470 1256 ut
1494 1222 1596 1269 ipsum
1620 1231 1761 1257 censeret

1013 1278 1192 1305 sanctorum
1232 1270 1395 1316 cathalogo
1435 1271 1680 1312 ascribendum,
1723 1283 1762 1305 ne

1012 1327 1095 1353 tanta
1119 1320 1244 1354 lucerna
1273 1320 1333 1354 sul)
1360 1319 1466 1354 modio
1495 1328 1669 1355 remaneret
1697 1320 1764 1354 abs—

1013 1368 1150 1411 condita,
1178 1368 1233 1402 sed
1270 1368 1460 1403 illuminaret
1488 1369 1592 1416 potius
1616 1381 1682 1409 eos,
1709 1370 1760 1415 qui

1013 1425 1085 1451 sunt
1107 1417 1137 1451 in
1161 1417 1256 1451 domo
1279 1429 1375 1464 super
1397 1417 1620 1454 candelabrum
1647 1419 1763 1453 consti-

1013 1474 1088 1500 tuta.
1121 1466 1192 1513 lpse
1216 1479 1288 1502 vcro
1321 1467 1542 1513 praedecessor
1570 1475 1676 1503 noster
1698 1469 1762 1502 sol-

1012 1515 1095 1550 licite
1122 1516 1263 1562 cogitans
1285 1516 1370 1562 quod
1401 1516 1582 1552 huiusmodi
1611 1516 1761 1551 iudicium

1012 1564 1153 1599 (livinum
1182 1565 1221 1599 sit
1243 1566 1348 1612 potius
1373 1578 1466 1612 quarn
1495 1566 1682 1604 humanum,
1709 1578 1762 1601 es-

1011 1626 1109 1661 seque
1131 1614 1257 1649 difficile
1272 1616 1435 1649 mortalem
1447 1614 1606 1650 hominem
1624 1615 1762 1650 iudicare

1011 1663 1050 1698 (le
1078 1663 1149 1705 illis,
1171 1664 1225 1710 qni
1250 1672 1333 1698 veste
1356 1664 1553 1699 mortalitatis
1568 1665 1664 1708 exuti,
1687 1677 1760 1699 cum

1010 1712 1137 1747 Christo
1177 1712 1350 1748 creduntur
1396 1713 1500 1748 vivere
1542 1725 1576 1749 ac
1611 1725 1758 1760 regnare,

1012 1762 1194 1808 petitionem
1209 1762 1348 1809 ipsorum
1373 1763 1516 1809 protinus
1538 1775 1600 1798 non
1620 1763 1760 1807 admisit,
1774 1763 1958 1814 ditszssggjffigsssk

1011 1810 1066 1845 sed
1094 1811 1131 1846 ad
1159 1820 1285 1858 tempus
1311 1812 1433 1846 censuit
1459 1812 1701 1859 expectandum,
1728 1821 1761 1847 ut
1774 1827 1820 1845 um.

1012 1860 1135 1894 interim
1172 1862 1270 1907 magis
1311 1874 1346 1895 ac
1374 1861 1473 1907 magis
1500 1861 1660 1896 miraculis
1685 1874 1761 1896 san-

1011 1909 1101 1943 ctitas
1133 1910 1201 1944 eius
1223 1910 1420 1951 claresceret,
1447 1919 1477 1945 et
1505 1911 1572 1958 ipse
1599 1912 1644 1945 sic
1666 1922 1762 1945 secu-

1012 1958 1075 1993 rius
1112 1959 1282 2005 procedere
1315 1967 1421 2006 posset
1456 1959 1492 1994 ad
1529 1970 1591 1995 tam
1626 1960 1760 1995 arduum

1012 2007 1160 2042 indicium
1197 2009 1430 2055 proferendum.
1467 2008 1548 2044 Cum
1590 2010 1684 2055 igitur
1721 2021 1759 2043 ex

1012 2071 1097 2107 parte
1115 2063 1254 2108 ipsorum
1278 2063 1484 2098 asserentium
1501 2062 1585 2109 quod
1605 2062 1760 2097 Dominus

1012 2115 1211 2161 postmodum
1240 2116 1326 2149 illum
1351 2115 1495 2162 plurimis
1521 2116 1677 2151 decoravit
1701 2117 1760 2150 mi-

1012 2168 1137 2207 raculis,
1165 2177 1193 2203 et
1216 2169 1319 2203 adhuc
1348 2182 1402 2216 per
1423 2181 1459 2204 ea
1482 2170 1580 2216 ipsius
1613 2170 1760 2204 sanctitas

1011 2222 1171 2263 elucescit,
1200 2222 1230 2256 id
1255 2224 1356 2269 ipsum
1381 2235 1466 2257 nunc
1493 2235 1509 2257 a
1542 2223 1633 2258 nobis
1667 2222 1759 2257 fuerit

1011 2276 1213 2322 postulatum.
1246 2275 1309 2310 Nos
1342 2277 1537 2311 attendentes
1563 2276 1649 2323 quod
1688 2276 1758 2311 licet
1771 2276 1888 2327 ‹32³5OE
1915 2281 1956 2326 ¹¹22

1011 2329 1047 2363 ad
1073 2329 1143 2373 lroc,
1171 2337 1204 2363 ut
1219 2329 1332 2376 aliquis
1356 2329 1457 2364 fidelis
1471 2338 1599 2365 sanetus
1620 2331 1658 2364 sit
1673 2329 1757 2377 apud
1772 2339 1817 2364 <1¹1³s
1870 2341 1955 2357 metu·

1771 2370 1901 2394 proponatur
1925 2368 1955 2386 in·

1010 2382 1126 2427 Deum,
1153 2383 1297 2418 meritum
1321 2383 1451 2418 sufficiat
1475 2384 1555 2418 vitae
1581 2383 1697 2425 solum,
1719 2385 1756 2419 ad
1771 2401 1803 2418 ter
1820 2398 1923 2418 nomine..

1012 2437 1069 2471 lroc
1103 2445 1227 2480 tamen,
1267 2445 1300 2471 ut
1337 2445 1465 2473 sanctus
1493 2437 1577 2485 apud
1615 2437 1758 2473 homiues

1037 230 1072 252 111
1096 230 1143 252 ΡΡ.
1780 235 1826 259 An.
1843 233 1871 260 C.
1894 234 1959 260 ΗΠ

1797 294 1940 315 eumaeum

1777 324 1902 345 tuaoceauu
1914 332 1961 351 sup-

1777 357 1855 382 plicem
1884 357 1909 376 de
1937 356 1951 376 B

990 2490 1164 2525 ·lraheatur
1196 2491 1369 2526 necessaria
1396 2492 1458 2526 sint
1496 2491 1658 2537 miracula,
1684 2503 1756 2527 cum

1011 2543 1121 2578 eodem
1138 2543 1176 2578 de
1198 2552 1331 2591 utroque
1353 2544 1503 2580 duximus
1521 2544 1758 2593 inquirendum,

1011 2608 1047 2631 eo
1075 2597 1158 2644 quod
1181 2597 1312 2632 alterum
1338 2610 1398 2632 uon
1422 2598 1535 2633 sufficit
1554 2598 1622 2634 sine
1649 2598 1757 2640 altero,
