2129 3223
42 223 91 254 An.
109 224 136 253 C.
155 225 221 254 tat?

54 625 134 646 ttscrct.
145 627 219 648 immn-

41 659 132 678 attatum*

51 1069 107 1092 Rom.
131 1071 220 1093 Pontin-

40 1107 76 1124 ces
89 1101 219 1128 minuriunt,

40 1135 61 1154 nt
87 1133 107 1154 el
135 1135 220 1160 praesto

40 1164 88 1184 nint.

71 1716 179 1740 usu-ntae
186 1734 189 1738 t

853 226 1017 252 noxomt's
1037 226 1075 249 111
1097 227 1146 251 PP-

235 293 250 316 a
270 281 358 317 laicis
378 282 624 328 frequentantur.
643 282 807 318 Postremo
829 283 978 324 decimas

235 343 314 378 quas
335 332 467 366 consilio
488 339 519 366 et
544 343 674 366 assensu
709 334 929 378 episcoporum
962 345 978 368 a

234 381 357 416 clericis
371 381 416 415 vel
431 380 518 415 laicis
541 381 705 427 potueritis
726 382 880 419 obtinere,
899 382 980 417 illas-

233 442 296 477 que
314 441 403 476 quas,
415 430 688 465 consentientibus
710 431 905 466 dioecesanis
916 432 981 477 epi-

233 480 339 526 scopis
369 487 400 514 et
425 479 547 514 clericis
573 479 611 514 ad
639 492 719 527 quos
745 482 911 526 pertinent
932 493 980 516 ac-

233 527 374 574 quiretis,
387 529 569 565 auctoritate
597 530 684 565 vobis
709 530 876 585 apostolica
907 542 980 565 con-

234 577 404 616 lit-mamus
430 585 461 612 et
483 580 656 625 praesentis
677 579 782 625 scripti
807 580 979 626 patrocinio

233 627 478 662 communimus.
501 627 585 662 Nulli
607 640 681 675 ergo
704 628 835 662 omnino
875 628 979 663 homi-

235 688 309 711 num
344 675 434 711 liceat
480 677 673 723 praedictum
716 677 818 712 locum
861 685 979 712 temere

235 725 430 772 perturbare.
452 726 500 760 vel
521 727 735 773 possessiones
769 727 902 767 auferre,
933 727 976 761 vel

233 774 351 810 ablatas
373 776 519 819 retinere,
541 776 692 816 minuere,
714 788 769 811 seu
784 776 978 823 quibuslibet

233 824 448 859 vexationibus
473 824 611 872 fatigare,
633 825 687 860 sed
710 826 814 860 omnia
844 838 978 860 conser—

234 882 345 908 ventur
364 886 486 916 eorum,
510 887 565 921 pro
590 887 725 923 quorum
751 875 978 922 gubernatione

233 934 269 958 ae
290 923 538 959 substentatione
570 936 718 959 concessa
754 933 827 960 sunt
870 925 978 959 usibus

232 973 459 1008 omnimomdis
485 973 657 1019 profutura,
671 975 751 1009 salva
775 975 807 1009 in
829 974 978 1009 omnibus

232 1021 433 1068 Apostolicae
459 1021 553 1058 Sedis
593 1025 788 1059 auctoritate.
824 1023 871 1058 De
905 1036 978 1059 cae-

233 1078 299 1106 tero
320 1083 520 1107 successores
542 1080 664 1108 nostros
695 1073 907 1113 obsecramus,
947 1081 977 1107 et

233 1119 427 1155 obtestamur
448 1122 480 1156 in
503 1120 629 1158 Christo
650 1123 733 1164 Iesu,
754 1122 808 1169 qui
826 1131 977 1157 venturus

233 1177 281 1204 est
302 1170 439 1205 iudicare
467 1171 554 1207 vivos
574 1181 605 1207 et
632 1181 782 1215 mortuos,
806 1180 838 1206 ut
872 1172 975 1206 locum

235 1211 371 1254 vestrum
395 1232 467 1254 cum
496 1222 637 1267 personis
663 1229 693 1257 et
720 1221 812 1256 rebus
838 1221 875 1256 ad
917 1221 977 1255 ho-

234 1268 412 1316 spitalitatis
449 1269 586 1306 officium
628 1271 784 1319 deputatis
819 1279 975 1317 tamquam

234 1317 385 1363 speciales
417 1321 539 1366 patroni
570 1321 749 1375 specialiter
791 1319 914 1354 foveant
947 1328 977 1354 et

234 1366 415 1411 defendant,
448 1381 520 1404 cum
560 1370 617 1405 etsi
651 1370 781 1405 caeteris
817 1369 875 1424 piis
901 1369 976 1403 locis

233 1424 399 1452 teneantur
420 1431 456 1454 ex
478 1419 669 1467 apostolicae
690 1418 848 1454 servitutis
874 1418 954 1452 offi(
938 1430 976 1452 ιο

235 1466 407 1511 providere:
430 1469 503 1504 huic
526 1477 629 1503 tamen
653 1468 797 1515 hospitali
819 1468 903 1514 quod
937 1467 975 1501 de

234 1515 327 1551 bonis
351 1515 513 1554 Ecclesiae
547 1518 708 1554 Romanae
735 1517 896 1552 fundatum
930 1525 976 1552 est

233 1573 265 1600 et
284 1564 439 1609 dotatum,
464 1576 495 1603 et
515 1576 576 1602 tam
604 1569 732 1609 nostris,
770 1579 862 1614 quam
897 1578 976 1601 suc—

233 1626 393 1650 cessorum
437 1625 614 1652 nostrorum
662 1618 772 1652 diebus
817 1616 977 1651 credimus

233 1663 461 1710 ampliandum,
496 1679 602 1702 curam
643 1666 758 1702 debent
793 1665 976 1711 impendere

233 1713 414 1761 specialem.
436 1716 470 1751 Si
492 1729 552 1763 qua
577 1717 670 1762 igitur
693 1717 722 1751 in
750 1716 891 1750 futurum
922 1727 976 1749 ec-

231 1763 407 1798 clesiastica
435 1766 641 1801 saecularisve
664 1777 796 1812 persona
825 1765 904 1799 lianc
917 1776 975 1798 no-

231 1820 312 1848 strae
333 1815 567 1850 constitutionis
584 1816 726 1862 paginam
742 1815 855 1852 sciens,
870 1822 974 1848 contra

231 1873 300 1897 eam
338 1868 456 1899 temere
491 1866 596 1899 venire
630 1864 805 1902 tentaverit,
835 1863 975 1898 secundo

233 1911 363 1948 tertiove
396 1914 599 1957 commonita,
632 1915 690 1948 nisi
723 1922 841 1948 reatum
879 1925 972 1947 suum

232 1972 368 2007 congrua
384 1963 596 1997 satisfactione
618 1964 796 2001 correxerit,
814 1963 975 2008 potestatis

233 2010 425 2057 honorisque
446 2013 494 2046 sui
514 2012 665 2059 dignitate
691 2021 804 2052 careat,
827 2024 974 2058 reamque

232 2071 267 2095 se
287 2059 391 2095 divino
411 2061 529 2096 iudicio
561 2062 693 2097 existere
721 2062 759 2096 de
801 2070 973 2108 perpetrata

234 2109 396 2156 iniquitate
429 2119 616 2155 cognoscat,
647 2119 678 2145 et
716 2123 731 2145 a
764 2112 975 2146 saeratissimo

233 2157 374 2204 Corpore
393 2168 423 2194 et
446 2160 607 2206 Sanguine
628 2159 698 2200 Det,
711 2172 748 2195 ac
768 2160 894 2195 Domini
911 2160 976 2194 Re-

234 2207 409 2255 demptoris
434 2211 530 2244 nostri
557 2209 626 2244 lesu
655 2208 770 2245 Christi
792 2209 891 2244 aliena
912 2209 974 2253 fiat

233 2258 376 2305 atquein
404 2267 546 2294 extremo
571 2260 715 2293 examine
736 2259 894 2294 districtae
932 2259 976 2293 ul-

234 2306 311 2342 tioni
333 2306 502 2343 subiaceat.
524 2309 655 2343 Cunctis
673 2316 774 2342 autem
790 2308 890 2342 eidem
907 2308 975 2343 loco

233 2367 290 2391 sua
315 2356 382 2392 iura
408 2357 605 2392 servantibus
623 2359 661 2391 sit
688 2369 745 2403 pax
773 2357 900 2392 Domini
923 2370 975 2392 uo-

233 2405 288 2441 stri
311 2404 381 2441 lesu
407 2405 538 2447 Christi,
563 2415 719 2462 quatenus
760 2414 791 2440 et
823 2406 874 2442 hic
911 2406 976 2441 l'ru-

233 2461 318 2490 ctum
341 2454 443 2490 bonae
465 2457 596 2492 actionis
623 2455 807 2510 percipiant
829 2463 860 2490 et
892 2456 974 2502 apud

233 2502 410 2539 districtum
425 2504 562 2540 Iudicem
581 2505 715 2553 praemia
730 2512 873 2540 aeternae
889 2506 976 2552 pacis

233 2551 405 2588 inveniant.
424 2555 537 2589 Amen.

282 2600 352 2637 Dat.
386 2601 530 2638 Laterani
572 2615 626 2651 per
666 2614 792 2638 manum
831 2601 998 2651 Raynerin

1644 212 1715 248 525

1017 288 1141 317 sanctae
1152 281 1313 316 Romanae
1336 279 1492 318 Ecclesiae
1506 277 1762 318 vicecancellarii

1018 331 1108 367 tertio
1131 331 1201 365 idus
1228 332 1311 371 maii
1335 332 1503 367 indictione
1524 331 1645 378 quinta,
1663 323 1763 364 incar-

1018 381 1156 416 nationis
1183 380 1359 415 dominicae
1388 393 1469 416 anno
1502 381 1669 416 millesimo
1700 379 1762 413 dtt-

1018 431 1195 466 centesimo
1236 429 1515 478 decimoseptimo
1563 429 1763 477 pontificatus

1018 491 1091 515 vero
1112 479 1232 514 domini
1265 478 1394 514 Honorii
1422 479 1525 527 Papae
1560 480 1640 515 tertii
1679 490 1762 513 anno

1020 529 1134 577 primo.

1071 586 1131 616 Dat.
1153 587 1200 617 die
1223 586 1260 616 13
1282 586 1350 616 maii
1370 586 1455 623 1217,
1478 587 1579 625 pontif.
1597 597 1673 618 anno
1691 596 1709 618 t.

1367 755 1419 790 xt.

1018 833 1208 867 Eoehoreao‘o
1229 834 1270 866 ad
1287 844 1388 866 omnes
1403 833 1583 867 Galliarum
1593 833 1760 877 praelatos,

1065 889 1098 915 ut
1117 893 1175 926 pro
1202 884 1423 916 anniversariis
1443 883 1647 926 adimplendis
1664 884 1697 915 in
1716 894 1764 915 ca-

1065 932 1252 966 thedralibus
1280 939 1307 965 et
1338 933 1586 966 conventualibus
1623 931 1764 965 Ecclest'is

1066 982 1171 1015 diebus
1196 983 1278 1026 sestis
1298 989 1324 1015 ει
1338 983 1420 1019 aliis,
1448 983 1515 1015 alia
1536 983 1628 1015 missa
1658 984 1762 1015 docan-

1067 1031 1162 1064 tunda
1184 1032 1387 1075 praetermitti
1411 1043 1474 1064 non
1503 1031 1607 1065 debeat
1633 1032 1688 1074 (1).

1281 1112 1496 1145 SUMMARIUM

1016 1179 1183 1210 Exordium.
1199 1196 1238 1203 —
1253 1180 1380 1210 Caussae
1396 1180 1505 1211 decreti
1520 1181 1619 1211 huius.
1635 1196 1674 1205 —
1685 1180 1762 1211 Man·

1057 1225 1105 1254 dat
1125 1225 1236 1256 Galliae
1255 1225 1393 1263 praelatis
1416 1229 1447 1254 ut
1480 1234 1531 1262 pro
1553 1225 1762 1255 anniversariis

1057 1270 1253 1309 adimplendis
1276 1271 1348 1300 alias
1370 1271 1478 1300 missas
1495 1270 1692 1300 decantandas
1704 1279 1762 1299 non

1057 1316 1298 1353 praetermittant.

1016 1391 1147 1420 Honorius
1169 1391 1308 1427 episcopus
1332 1397 1425 1419 set-vus
1443 1396 1582 1419 servornm
1599 1389 1656 1423 Dei.
1685 1396 1761 1420 vette-

1059 1441 1192 1469 rabilibus
1209 1439 1344 1470 fratribus
1362 1439 1582 1476 archiepiscopis,
1592 1441 1623 1470 et
1631 1440 1765 1477 episeopis

1060 1491 1091 1519 et
1109 1491 1243 1519 universis
1265 1490 1330 1518 aliis
1356 1490 1533 1518 Ecclesiarntn
1554 1489 1704 1526 praelatu.
1733 1491 1765 1519 et

1060 1540 1168 1568 clericis
1195 1546 1244 1576 per
1273 1539 1412 1568 franciam
1447 1540 1625 1573 constitutis.
1646 1539 1763 1570 salntem

1060 1590 1090 1618 et
1106 1589 1285 1626 apostoticam
1301 1588 1525 1617 benedictionem.

1065 1655 1148 1692 Cum
1170 1665 1309 1691 creatura
1338 1668 1398 1690 non
1439 1656 1550 1692 habeat
1588 1657 1665 1712 quid
1705 1670 1761 1705 pro

1016 1707 1136 1740 meritis
1157 1706 1349 1761 respoudeat
1365 1705 1516 1745 Creatori
1548 1719 1601 1753 qut
1635 1715 1667 1742 ut
1692 1720 1759 1743 eam

1016 1756 1054 1790 de
1076 1756 1286 1801 corruptionis
1307 1756 1442 1802 er'ipettl.
1468 1756 1626 1795 servitute,
1661 1769 1697 1791 ac
1729 1759 1758 1791 iu

1017 1804 1189 1839 libertttem
1214 1806 1346 1839 liliorum
1371 1812 1504 1845 voraret,
1529 1806 1608 1840 servi
1629 1805 1758 1841 loimtm

1015 1855 1192 1902 suscipiens
1214 1850 1340 1889 tradidit
1361 1855 1578 1901 semetipsum,
1613 1868 1670 1891 nec
1703 1856 1761 1891 de-

1016 1905 1078 1938 sint
1111 1905 1139 1938 ei
1181 1904 1332 1939 naturalia
1368 1914 1398 1940 et
1437 1905 1569 1951 gratuita
1608 1906 1759 1941 beneficia

1015 1953 1159 1999 elargiri3
1182 1966 1242 1989 non
1270 1963 1327 1993 est,
1357 1954 1440 1988 uude
1471 1955 1542 2001 quis
1576 1967 1610 1990 se
1649 1955 1758 1990 debeat

1015 2003 1053 2037 ab
1074 2004 1235 2051 obsequiis
1252 2016 1401 2038 excusare
1428 2004 1554 2043 divitiis,
1578 2005 1758 2050 praesertim

1014 2053 1052 2087 ad
1074 2065 1155 2099 quae
1179 2065 1234 2100 pro
1256 2054 1348 2087 certis
1379 2053 1556 2100 stipendiis,
1586 2066 1665 2101 quae
1703 2067 1760 2089 re-

1016 2103 1108 2146 cepit,
1150 2114 1185 2137 se
1228 2102 1419 2149 professione
1461 2102 1537 2139 lacta
1583 2103 1761 2147 specialiter

1015 2151 1186 2197 obligavit,
1226 2164 1345 2198 quaeve
1380 2152 1510 2186 fideliter
1550 2153 1758 2208 exequendo,

1015 2202 1157 2248 quamvis
1188 2201 1286 2235 solvat
1320 2201 1471 2240 debitum
1493 2202 1602 2236 salutts
1617 2203 1760 2249 ptmnptlae

1017 2249 1188 2297 profectum
1219 2250 1418 2296 prosequitur
1444 2251 1686 2293 incomparabile
1699 2250 1757 2285 sibi

1016 2311 1062 2333 ex·
1071 2300 1129 2333 nde
1144 2300 1288 2333 meritum
1304 2299 1524 2346 comparando.
1541 2299 1619 2334 Num
1638 2302 1694 2335 etsi
1711 2301 1759 2335 (li—

1017 2360 1069 2382 ves
1093 2349 1122 2381 in
1150 2349 1298 2382 omnibus
1324 2348 1480 2383 Dominus
1513 2361 1573 2383 non
1613 2350 1671 2384 nisi
1702 2362 1759 2396 pro

1017 2396 1107 2431 nobis
1133 2405 1219 2442 egeat
1240 2397 1330 2431 bonis
1352 2399 1488 2438 nostris-3
1527 2398 1758 2445 beneplacitum

1016 2455 1119 2481 tamen
1147 2456 1193 2480 est
1215 2458 1255 2490 et,
1283 2455 1313 2479 ut
1341 2456 1480 2482 creatura
1514 2459 1549 2482 se
1581 2456 1674 2483 totam
1698 2449 1759 2483 im-

1018 2494 1132 2542 pendat
1165 2495 1194 2529 in
1232 2495 1376 2530 laudibus
1402 2496 1569 2536 creatoris,
1610 2498 1681 2544 quia
1719 2498 1759 2533 de

1020 2544 1177 2591 perceptis
1198 2544 1359 2580 beneficiis
1380 2546 1495 2591 gratias
1520 2546 1683 2588 exbibens,
1703 2559 1760 2595 po-

1052 2613 1090 2649 (t)
1106 2613 1145 2641 Ex
1162 2614 1266 2650 Regest.
1284 2614 1368 2642 Vatic.

1776 221 1825 250 An.

1847 221 1875 249 C.
1891 220 1958 248 (ΞΠ

1807 1668 1926 1692 Ewrdtum.
