2129 3223
39 247 88 275 Αιι.
106 245 133 273 C.
154 246 220 274 ¹225

46 2026 152 2055 Principio
175 2027 217 2050 Ee-

35 2058 120 2080 etenim
162 2057 218 2080 Dein

35 2089 139 2141 :terminis
158 2089 219 2111 clari·
232 2079 437 2128 dispensans,
472 2080 503 2114 in
541 2079 763 2126 splendoribus
797 2088 978 2116 sanctorum

825 243 988 268 nonninus
1009 243 1047 266 111
1069 243 1116 265 PP.

280 301 396 337 Datum
434 301 554 340 Reate,
599 299 787 334 duodecimo
829 298 999 335 kalendas'

232 351 421 393 decembris,
448 349 649 398 pontificatus
684 350 780 384 nostri
808 362 890 384 anno
925 348 998 390 de-¹

232 413 325 437 etmo.

251 462 312 493 Det.
330 462 378 493 die
398 461 438 492 20
455 461 621 492 novembris
643 461 729 497 1225,
742 459 843 500 pontif.
871 471 915 490 au.
933 470 957 490 x.

522 642 680 678 Lxxvtt.

232 721 435 754 canonizatio
477 721 511 754 S.
559 720 716 753 Laurentii
763 720 980 763 archiepiscopi

281 770 491 807 Durotinensts,
514 770 593 814 reyis
614 781 650 803 ac
670 770 793 813 reqinae
814 769 979 802 Hiberniae

276 820 350 865 filii,
380 820 501 864 eiusque
534 819 643 852 relatio
665 819 699 851 in
719 830 878 852 numerum
904 830 979 851 san-

278 875 395 903 ctorum
416 868 641 913 consessorum,
667 874 694 901 et
716 868 886 912 festivitatis
904 869 980 901 eius-

277 919 346 952 dem
376 919 551 964 praefinitio
581 929 638 962 pro
670 918 719 951 die
744 918 979 962 decimaquarta

276 967 385 1002 mensis
401 967 571 1002 novembris
592 968 757 1012 quotannis
772 968 977 1001 celebrandae.

497 1040 708 1071 SUMMARIUM

228 1107 376 1149 Principio
388 1108 549 1139 Ecclesiam
565 1107 642 1138 Deus
662 1107 812 1137 miraculis
836 1107 977 1138 clarifica-

267 1152 395 1183 vitz—l.
405 1152 462 1183 Sed
474 1156 590 1192 propter
609 1152 838 1182 christianorum
852 1157 980 1191 peccata,

267 1196 420 1228 miraculis
442 1196 631 1233 intermissis,
660 1196 814 1226 suscitavit
835 1196 979 1227 doctores:

267 1257 306 1264 —-
322 1240 349 1271 2.
366 1240 424 1271 Sed
457 1240 604 1271 interdum
629 1241 712 1279 signa
749 1240 877 1271 innovat.
895 1257 934 1263 ——
952 1240 979 1271 3.

267 1284 393 1315 Patratis
412 1294 427 1314 a
444 1283 501 1315 Deo
521 1294 572 1324 per
587 1285 830 1315 intercessionem
849 1283 880 1314 B.
899 1285 978 1315 Lau-

268 1329 355 1360 rentii
379 1329 543 1367 miraculis,
561 1330 669 1369 petitur
695 1330 760 1360 eius
787 1330 980 1360 canonizatio.

266 1373 349 1404 -4,
368 1373 529 1404 Commissa
550 1374 585 1404 de
609 1374 665 1410 his,
685 1379 712 1403 et
734 1374 769 1404 de
784 1375 847 1404 eius
868 1374 981 1405 vitain-

267 1418 398 1457 quisitio.
409 1434 448 1441 -
462 1418 489 1448 5.
502 1418 575 1448 Hinc
582 1418 730 1448 adhibitae
742 1419 980 1458 perquisitioneS‚

269 1462 406 1502 serioque
428 1462 644 1501 investigatum.
666 1478 705 1484 -—
722 1462 749 1492 ὃ.
760 1462 839 1492 Beati
853 1462 980 1493 Lauren-

268 1505 300 1536 tii
322 1515 416 1545 genus
433 1511 460 1538 et
479 1507 650 1546 primordia.
665 1524 702 1530 —
722 1508 748 1537 7.
761 1507 830 1537 Eius
848 1508 980 1537 virtutes.

266 1566 306 1575 -
320 1551 346 1581 8.
369 1551 516 1583 Miracula.
538 1569 578 1575 —
598 1552 626 1583 9.
649 1551 753 1582 Mortui
776 1552 920 1582 suscitati.
942 1569 981 1575 -

268 1594 315 1626 10.
338 1595 384 1627 Ss.
408 1596 560 1635 cathalogo
583 1596 771 1627 adscribitur.
792 1613 830 1619 —
849 1597 894 1627 11.
911 1596 981 1627 Eius

268 1638 443 1670 celebranda
467 1640 618 1671 festivitas.
636 1658 675 1664 —
691 1641 736 1671 102.
754 1641 911 1672 Concessio
929 1642 979 1672 in-

267 1683 497 1722 dulgentiarum.

227 1760 359 1790 noum-ius
382 1761 523 1796 opiscopus
553 1767 647 1790 servus
671 1768 812 1791 servorum
836 1762 893 1795 nei.
923 1762 980 1790 uni·

272 1810 362 1840 vorsis
395 1810 617 1839 christifidelibus
646 1811 674 1838 in
702 1811 894 1846 nothomagen.
919 1818 982 1846 pro-

272 1859 362 1888 vincia
395 1860 569 1892 constitutis,
597 1860 715 1888 salutem
748 1861 778 1888 et
802 1860 981 1895 apostoticam

272 1902 496 1937 benedictionem.

283 1979 452 2015 ineffabilis
467 1980 662 2027 providentia
682 1980 751 2023 Dei,
773 1982 979 2027 congruentia

232 2030 365 2076 singulis
396 2029 577 2077 quibusque
613 2030 807 2077 temporibus
838 2031 980 2066 ordinate

233 2129 406 2165 Ecclesiam
435 2141 525 2164 suam
559 2129 648 2174 quasi
677 2141 714 2163 ex
739 2138 826 2164 utero
847 2131 979 2176 genuit,

233 2179 308 2214 dum
331 2191 386 2215 eos
408 2180 437 2213 in
462 2178 591 2214 exordio
619 2178 718 2225 ipsius
741 2180 901 2214 nascentis
918 2180 980 2215 Ec-

233 2228 347 2264 clesiae
374 2228 483 2263 crebra
507 2228 729 2263 miraculorum
759 2229 979 2264 coruscatione

235 2278 415 2319 mirificans,
450 2286 479 2312 et
514 2278 544 2312 in
581 2278 720 2323 ipsorum
754 2278 978 2314 miraculorum

234 2326 354 2374 fulgore
380 2326 636 2374 obstupefaciens
669 2335 790 2373 gentes,
818 2341 853 2363 ac
882 2341 979 2375 prae—

234 2377 405 2412 destinatos
429 2379 457 2411 in
481 2377 540 2411 fide
564 2387 719 2423 generans
746 2377 816 2412 lesu
843 2377 978 2422 Christi,

234 2427 265 2460 in
293 2428 385 2461 cuius
411 2426 488 2461 haec
524 2426 589 2460 lieri
638 2427 763 2460 nomine
798 2440 833 2461 ac
866 2429 979 2461 virtute

235 2475 397 2520 videbant,
426 2478 510 2522 ipsos
547 2475 677 2509 filiorum
706 2475 884 2522 adoptionis
921 2490 979 2511 nu-

236 2536 321 2560 mero
341 2526 531 2572 aggregavit.

284 2574 305 2621 S
332 2578 362 2609 t.
389 2574 511 2610 Deinde
545 2584 706 2609 crescente
742 2573 878 2609 fidelium
920 2589 980 2610 nu—

237 2635 323 2658 mero
351 2631 380 2658 et
413 2624 635 2664 multitudine,
672 2624 777 2670 populi
806 2627 904 2660 vocati
940 2627 978 2659 de

1642 234 1712 266 413
1776 244 1824 272 Αη.
1846 246 1874 272 c.
1889 247 1956 274 ιω

1019 297 1177 338 tenebris,
1211 297 1408 334 ambulantes
1442 298 1525 334 iuxta
1557 298 1658 346 ipsius
1681 299 1759 334 vati·
1798 307 1956 345 Sqdyrovtor

1018 347 1135 382 ciuium
1163 347 1193 381 in
1216 347 1332 382 lumine
1354 347 1483 384 Domini
1510 348 1566 384 Dei
1594 348 1661 390 sui,
1695 350 1759 384 mi-
1772 339 1956 398 „222¹2'ffi'2n'2'2'-

1020 397 1124 432 rabilis
1145 397 1343 444 dispensator
1357 398 1387 432 in
1412 398 1547 445 pluriam
1567 397 1688 446 fulgura
1703 411 1759 435 sua
1772 402 1825 436 0⁹¹³·
1847 403 1956 452 ΜΤἫ

1019 446 1101 488 fecit,
1128 446 1204 481 dum
1231 446 1346 494 signis,
1372 447 1437 482 sive
1470 447 1647 492 miraculis,
1679 460 1760 496 quae
1773 438 1902 484 i'sstori'iffffl
1915 439 1947 453 ⁸⁷¹

1019 508 1082 532 non
1107 503 1197 531 erant
1223 496 1284 531 iam
1313 496 1459 532 fidelibus
1488 498 1678 539 necessaria,
1711 498 1761 533 in-

1020 546 1183 590 termissis,
1209 557 1304 593 super
1326 558 1423 581 novos
1441 546 1586 594 populos,
1609 554 1762 596 pastores,

1019 596 1073 643 qui
1101 607 1155 630 eos
1187 603 1349 642 pascerent
1382 596 1513 631 scientia
1548 605 1578 631 et
1604 597 1762 638 doctrina,

1019 646 1098 680 sicut
1126 657 1179 692 per
1205 657 1260 679 eos
1287 645 1464 680 Hieremiae
1491 646 1687 693 promiserat,
1712 660 1765 683 su·

1019 694 1150 729 scitavit.
1185 693 1338 730 Doctores
1365 695 1526 730 Ecclesiae
1551 696 1682 741 scilicet,
1710 697 1762 745 qui

1019 752 1131 779 terram
1159 744 1264 779 cordis
1291 743 1432 780 fidelium
1469 744 1569 780 imbre
1603 745 1764 782 doctrinae

1019 794 1270 840 compleverant,
1307 801 1337 828 et
1363 794 1524 841 extirpatis
1549 795 1690 831 sentibus
1716 798 1765 831 vi-

1020 843 1153 888 tiorum,
1192 855 1259 878 cam
1286 843 1323 879 ad
1353 843 1577 891 proferendum
1613 845 1763 881 virtutum

1020 905 1169 938 germen,
1201 901 1231 928 et
1257 892 1393 929 fructum
1417 893 1489 929 boni
1513 894 1618 941 operis
1639 895 1767 931 foecun-

1020 942 1139 976 darent.

1068 992 1146 1039 §2-
1183 990 1352 1027 Caeterum
1385 993 1457 1040 quia
1495 993 1645 1030 charitate
1670 994 1766 1042 frige-

1020 1048 1127 1075 scente
1149 1041 1187 1076 ab
1206 1042 1354 1076 exercitio
1368 1042 1549 1078 huiusmodi
1570 1043 1642 1078 boni
1660 1045 1766 1092 operis

1021 1099 1122 1136 torpet
1143 1091 1330 1133 catholicus,
1358 1103 1463 1127 errore
1484 1092 1575 1128 devio
1589 1092 1765 1129 abducente

1020 1139 1130 1175 delirat
1156 1140 1349 1180 haereticus,
1373 1142 1507 1177 caecutit
1530 1142 1683 1178 velamine
1707 1144 1765 1179 ad—

1022 1190 1082 1224 huc
1108 1201 1205 1236 super
1239 1202 1293 1225 cor
1320 1200 1524 1237 permanente
1558 1191 1702 1233 iudaeus,
1736 1200 1767 1228 et

1022 1240 1050 1273 in
1074 1239 1213 1273 tenebris
1236 1239 1375 1274 ambulat
1396 1240 1498 1276 sidere
1520 1241 1601 1276 lucis
1625 1242 1765 1277 nondum

1021 1288 1079 1322 sibi
1107 1288 1227 1323 oriente
1255 1301 1414 1336 paganus;
1442 1290 1621 1326 misericors
1655 1291 1767 1327 Domi-

1023 1350 1093 1378 nus,
1116 1338 1167 1384 qui
1192 1338 1350 1373 neminem
1378 1339 1441 1373 vult
1469 1340 1579 1386 perire.
1604 1340 1694 1386 signa
1719 1342 1768 1376 in-

1022 1387 1145 1421 terdum
1180 1387 1325 1427 innovat,
1362 1396 1390 1422 et
1425 1389 1579 1424 mirabilia
1602 1390 1768 1426 miseratus

1023 1437 1184 1476 immutat,
1212 1449 1249 1471 ex
1284 1449 1416 1472 numero
1443 1438 1585 1479 illorum,
1623 1452 1704 1486 quos
1737 1441 1767 1475 in

1023 1486 1162 1522 Ecclesia
1178 1486 1389 1534 triumphante
1403 1488 1567 1535 glorificat,
1589 1488 1768 1537 aliquorum

1023 1535 1115 1570 tidem
1150 1543 1181 1570 et
1213 1536 1324 1572 merita
1361 1537 1390 1572 in
1426 1537 1578 1573 militante
1611 1539 1770 1576 miraculis

1022 1585 1219 1620 declarando.
1244 1584 1286 1620 Ut
1312 1598 1367 1633 per
1392 1599 1427 1622 ea
1455 1587 1619 1633 catholici,
1654 1589 1769 1625 mentis

1023 1643 1150 1682 torpore
1172 1634 1329 1680 discusso,
1351 1635 1388 1670 ad
1411 1636 1483 1672 boni
1506 1638 1611 1685 operis
1633 1639 1768 1674 exciten-

1022 1691 1073 1718 tur
1095 1684 1290 1725 instantiam3
1305 1684 1468 1731 haeretici,
1490 1698 1596 1722 errore
1618 1687 1767 1730 dimisso,

1022 1733 1060 1768 ab
1090 1734 1173 1768 invio
1196 1734 1386 1769 reducantur
1407 1735 1445 1770 ad
1474 1736 1565 1778 viam;
1590 1737 1693 1773 iudaei
1720 1746 1769 1774 at-

1022 1795 1084 1830 que
1107 1783 1234 1830 pagani,
1258 1795 1329 1819 vero
1352 1784 1471 1820 lumine
1494 1787 1632 1833 cognito,
1659 1787 1698 1823 de
1721 1795 1768 1823 te-

1023 1832 1127 1867 nebris
1148 1840 1179 1867 et
1200 1833 1309 1868 umbra
1338 1835 1449 1870 mortis
1475 1844 1601 1871 currant
1622 1836 1661 1872 ad
1679 1837 1769 1873 Chri-

1022 1890 1116 1920 stum,
1146 1883 1259 1925 lucem,
1290 1883 1382 1925 viam,
1416 1884 1575 1920 veritatem
1598 1894 1629 1921 et
1662 1887 1765 1923 vitam.

1070 1932 1091 1979 g
1126 1935 1157 1966 5.
1186 1931 1319 1968 Sanctae
1347 1934 1442 1980 igitur
1476 1947 1570 1970 mem.
1598 1936 1767 1972 Laurentio
1795 1948 1964 1970 Patransaneo

1023 1981 1194 2016 Duhlinen.
1217 1982 1457 2031 archiepiscopo
1479 1985 1563 2032 apud
1593 1986 1766 2022 Ecclesiam
1782 1981 1966 2006 ⁹⁶‘³”²⁹‘⁰⁰⁸’‘⁰‘

1782 2015 1828 2031 nem
1839 2010 1859 2030 n.
1872 2009 1965 2031 Lauren-

1022 2030 1055 2066 S⁴
1078 2031 1192 2066 Mariae
1221 2032 1260 2067 de
1294 2032 1388 2079 Augo
1410 2034 1641 2083 Rothomagen.
1677 2036 1767 2072 dioe—
1781 2041 1966 2077 ¹?10‘1‘³‚0²¹¹i⁵=¹'0·

1022 2093 1097 2121 ces„
1126 2080 1179 2115 ubi
1206 2094 1322 2129 corpus
1343 2083 1410 2118 eius
1432 2084 1566 2120 feliciter
1588 2086 1766 2134 requiescit,
1781 2075 1966 2124 ifiss'tiiimm‘

1022 2130 1115 2165 claris
1141 2130 1247 2166 divino
1280 2145 1411 2168 munere
1449 2143 1634 2170 coruscante
1668 2137 1767 2170 mira-

1021 2180 1118 2219 culis,
1147 2192 1215 2215 ven.
1245 2181 1338 2216 frater
1361 2189 1466 2217 noster
1491 2184 1766 2232 archiepiscopus,

1021 2237 1052 2264 et
1089 2229 1191 2264 dilecti
1230 2230 1283 2264 lilii
1323 2232 1493 2278 capitulum
1523 2233 1766 2281 Rothomagen.,

1024 2291 1084 2313 una
1110 2290 1182 2313 cum
1210 2279 1322 2315 abbate
1361 2289 1391 2316 et
1423 2291 1580 2318 conventu
1607 2283 1767 2320 Ecclesiae

1022 2327 1231 2375 supradictae,
1259 2329 1429 2377 multisque
1455 2331 1525 2366 aliis
1553 2332 1766 2381 archiepisco=

1023 2379 1071 2425 pis
1104 2384 1134 2411 et
1167 2378 1335 2425 episcopis,
1362 2379 1528 2416 abbatibus
1549 2390 1580 2417 et
1612 2383 1766 2430 religiosis

1022 2427 1106 2467 viris,
1134 2428 1203 2461 eius
1235 2427 1424 2463 venerabilis
1451 2430 1529 2465 vitae
1570 2430 1704 2479 insignia
1735 2443 1763 2468 et

1021 2478 1215 2512 coruscantia
1255 2477 1404 2513 miracula
1438 2479 1505 2515 suis
1535 2480 1627 2516 nobis
1654 2481 1764 2518 litteris

1022 2527 1212 2567 intimantes,
1240 2526 1400 2563 humiliter
1418 2529 1647 2577 supplicarunt,
1670 2539 1704 2567 ut
1721 2532 1761 2580 ip-

1021 2588 1091 2610 sum
1118 2584 1297 2611 sanctorum
1325 2577 1487 2626 cathalogo
1508 2579 1687 2617 adscribere
1713 2594 1762 2617 cu-

1023 2636 1172 2669 raremus7
1194 2634 1348 2672 quatenus
1379 2628 1562 2664 auctoritate
1591 2631 1760 2678 apostolica

1792 1006 1832 1027 Sed
1858 1008 1961 1028 interdum

1779 1038 1836 1059 eitun
1855 1039 1947 1058 innovat.
