2129 3223
54 232 102 260 Αἰι.
117 232 146 259 C.
163 232 233 259 1228

53 1422 151 1450 implorat
184 1423 223 1444 fla-

39 1460 51 1480 g
61 1455 90 1474 ιίι
138 1455 222 1476 comitis

39 1484 64 1506 br
74 1485 166 1506 inunt-e.

867 235 1052 258 flans-onies
1075 235 1104 257 lx
1128 235 1176 257 1³1³.

600 288 640 323 Χ.

251 356 429 389 Commi'sst'o
459 357 613 400 episcopo,
650 363 676 388 et
702 357 818 389 duobus
842 358 995 390 canonicis

294 406 424 449 capituli
443 405 657 443 Cenon-men„
683 413 714 439 ul
733 407 908 451 coiafirmen!
928 419 995 439 sen-

295 455 417 488 tentiam
457 456 780 488 eaecommtm{cationis
818 457 849 488 in
891 457 993 489 ducein

295 504 496 544 Britanniae,
517 512 542 537 et
571 505 722 538 interdicti
754 506 784 537 in
815 512 911 538 terras
932 507 994 539 eins

294 553 409 586 lutam:
446 561 471 586 et
507 555 534 586 si
561 566 619 586 non
646 555 821 599 resipuerit,
845 556 994 588 vassallos

292 604 355 636 eins
390 604 428 636 nb
463 604 632 636 obedientia
670 605 720 637 itti
753 605 852 637 debita
890 606 993 637 obsol-

291 659 365 686 vanl
383 654 439 696 (l).

511 708 722 740 SUMMARIUM

242 761 380 800 Deplorat
401 763 509 802 flagitia
529 763 645 793 comitis
667 762 842 793 Britanniae.
858 780 896 784 —
921 763 991 792 tior-

281 802 387 838 ripitur
408 813 422 832 a
443 803 589 843 praelatis:
610 819 649 825 —
667 802 722 833 Sed
752 803 930 841 indignatur:
953 820 990 825 —

280 842 361 872 Alios
379 843 504 882 impellit
521 843 556 873 ad
580 843 699 880 flagitia.
725 859 764 865 —
786 843 990 873 Excommuni-

280 887 439 912 caturcum
456 883 518 913 suis
534 883 570 913 ab
585 883 742 923 episcopis.
755 900 793 905 —
805 883 842 913 De
854 884 988 912 mandato

281 921 366 953 Sedis
384 923 484 962 Apost.
502 923 630 953 monitus
650 928 681 952 nt
699 924 732 953 ad
752 933 802 952 cor
817 925 935 953 rediret:
950 941 989 949 --

281 961 335 992 Sed
360 972 430 992 nova
453 968 547 1002 patrat
569 963 690 993 scelera.
706 981 743 985 —
760 963 905 1002 Delegatis
921 974 989 1003 apo-

279 1002 390 1032 stolicis
413 1004 615 1039 committitur,
637 1008 668 1033 ut
686 1004 845 1033 sententias
867 1013 986 1033 excom-

278 1043 488 1073 municationis
507 1044 534 1072 iu
558 1053 624 1073 eum
644 1049 671 1073 et
700 1044 826 1073 fautores
841 1044 912 1073 latas
930 1054 986 1084 pu-

278 1081 398 1120 blicent,
420 1088 447 1112 et
469 1084 578 1113 servari
598 1084 714 1113 faciant.

237 1138 382 1176 Gregorius
401 1141 540 1177 episcopus
559 1148 652 1170 servus
676 1148 814 1170 servorum
832 1141 888 1173 Dei.
908 1149 984 1171 vene-

282 1185 364 1213 rabili
383 1185 468 1215 fratri
482 1186 516 1214 Μ.
537 1186 669 1222 episcopo.
689 1188 718 1215 et
738 1187 883 1222 magistris
905 1187 940 1215 De
958 1188 986 1215 la

281 1228 366 1263 Valle.
387 1232 417 1259 et
435 1231 465 1259 R.
484 1231 516 1259 de
537 1230 672 1260 nanrront
701 1231 834 1260 canonicis
860 1232 984 1260 Cenoma·

281 1275 419 1309 nonninus.
437 1276 555 1304 satutem
574 1277 602 1305 et
626 1277 805 1312 apostolicam
822 1277 985 1306 benedictio-

280 1326 350 1348 nom.

286 1374 320 1409 Si
349 1375 461 1410 nobilis
494 1376 539 1410 vir
564 1388 671 1410 comes
706 1376 884 1410 Britanniae
922 1388 984 1421 po—

239 1424 367 1459 tentiam
390 1433 629 1471 recognosceret
651 1438 665 1459 a
689 1425 826 1459 Domino
848 1426 985 1459 saeculo-

238 1485 320 1513 rum,
346 1473 489 1509 studeret
515 1474 622 1520 utique
657 1475 753 1521 ipsam
783 1475 811 1508 in
838 1475 905 1508 eins
928 1474 983 1508 be-

238 1522 402 1570 neplacitis
422 1536 568 1558 exercere
584 1523 755 1570 diligendo,
774 1524 855 1571 quae
882 1524 982 1569 diligit

237 1571 407 1618 diligentes
433 1585 478 1616 se,
501 1581 531 1608 et
553 1573 703 1608 sectando
721 1586 800 1620 quae
822 1573 858 1607 ad
878 1575 981 1608 omnia

238 1621 318 1656 valet
340 1623 502 1670 pietatem3
536 1622 590 1658 sed
625 1622 768 1658 dolentes
803 1623 982 1666 referimus,

236 1672 352 1716 gratiae
369 1672 464 1717 gratis
479 1672 631 1718 ingratus,
658 1673 746 1720 quasi
770 1672 809 1707 de
832 1672 981 1706 industria

238 1721 365 1756 recessit
391 1734 406 1755 a
431 1721 511 1760 Deo,
540 1734 598 1756 nec
622 1722 803 1761 attendens,
838 1723 920 1767 qnod
943 1724 981 1755 sit

237 1771 352 1804 malum
384 1779 414 1805 et
447 1783 587 1805 amarum
610 1771 782 1805 Dominum
809 1771 981 1818 reliquisse,

237 1831 296 1853 nec
316 1819 386 1854 eius
413 1820 496 1867 apud
526 1820 626 1867 ipsum
649 1832 718 1854 esse
741 1821 897 1860 timorem,
929 1832 983 1854 cor

237 1880 330 1903 suum
353 1877 460 1903 contra
483 1869 585 1915 ipsum
610 1869 810 1916 pertinaciter
834 1869 981 1910 elevavit,

237 1927 265 1952 et
303 1917 415 1964 spiritu
455 1918 491 1952 ad
530 1918 708 1965 superbiam
744 1919 922 1956 obfirmato,
949 1932 981 1952 se

236 1975 343 2002 contra
374 1967 634 2014 omnipotentem
679 1976 821 2015 patenter
865 1970 981 2009 erexit,

237 2017 330 2063 eique
351 2016 516 2052 manifeste
539 2017 704 2061 rebellans,
726 2030 787 2052 non
811 2018 911 2052 solum
935 2027 982 2052 te-

238 2065 335 2100 tendit
356 2074 464 2101 contra
499 2078 569 2101 eum
599 2066 818 2102 damnabiliter
853 2079 979 2102 manum

237 2128 338 2160 suam,
359 2128 466 2150 verum
489 2116 580 2150 etiam
604 2115 681 2150 alios
707 2117 743 2151 ad
767 2116 979 2151 rebellandum

237 2164 355 2211 iniquis
371 2165 640 2200 coniurationibus
662 2165 719 2200 sibi
739 2166 891 2213 colligans
912 2167 981 2200 ani-

237 2215 342 2250 mavit.
371 2213 450 2249 Cum
475 2216 557 2249 enim
577 2215 664 2253 sciat,
690 2215 735 2249 vel
758 2216 837 2250 scire.
859 2216 980 2255 debeat,

237 2263 319 2310 qnod
344 2264 434 2298 unica
469 2264 585 2298 Cliristi
623 2276 736 2310 sponsa
759 2277 828 2299 cum
863 2278 980 2312 sponso

238 2325 334 2348 unum
358 2322 404 2349 est
426 2326 559 2361 corpus,
587 2325 643 2347 nec
670 2314 755 2347 alteri
792 2315 858 2348 sine
885 2314 981 2349 altero

237 2362 349 2397 iniuria
376 2363 423 2397 vel
451 2364 592 2398 molestia
619 2363 716 2397 valeat
744 2363 892 2410 irrogari:
933 2364 981 2398 ‹li--

237 2419 306 2446 ctus
332 2424 438 2447 comes
469 2422 500 2447 ut
522 2425 668 2459 sponsam
699 2421 843 2458 provocet
869 2413 980 2447 Eccle-

237 2461 314 2495 siam
341 2461 468 2497 liberam
502 2464 631 2509 utique,
680 2469 786 2509 utpote
820 2462 981 2509 Sanguine

237 2508 353 2546 Christi
389 2511 580 2559 redemptam
619 2513 726 2545 nititur
757 2511 795 2546 de
818 2520 897 2546 terra
925 2525 979 2547 sua

271 2575 365 2641 §0:351
392 2576 517 2608 Martene‚
534 2578 661 2604 Tbesaur.
693 2576 841 2609 Anecdot„
871 2582 931 2604 tom.
961 2586 979 2607 ι,

237 2622 285 2642 co.
304 2616 321 2641 9
340 2615 365 2641 7.

1661 226 1726 259 451

1039 289 1258 323 damnabiliter
1291 290 1455 335 ancillare,
1495 303 1555 326 non
1595 292 1780 338 attendens,

1036 339 1119 385 quod
1144 351 1205 373 non
1241 348 1285 373 est
1322 341 1438 386 diguus
1470 353 1541 375 cnm
1565 341 1636 376 liliis
1663 341 1778 378 liberae

1038 397 1225 423 testamento
1252 389 1348 435 patris
1390 389 1499 425 haeres
1532 390 1689 436 adscribi,
1726 395 1778 439 qni

1037 446 1166 471 niati-em
1200 438 1292 483 gestit
1328 439 1483 474 subiicere
1519 441 1677 485 servituti,
1703 443 1780 477 alias

1035 487 1122 533 qnasi
1161 487 1243 521 filius
1282 487 1477 533 degenerans
1515 490 1544 523 in
1581 491 1779 537 privignum,

1036 544 1163 570 matrem
1192 536 1409 583 multipliciter
1443 538 1567 572 tribulat
1603 549 1630 573 et
1659 540 1776 587 aflligit.

1036 586 1195 620 l'raecisos
1232 586 1388 633 siquidem
1411 587 1450 622 ab
1469 587 1629 623 Ecclesiae
1648 601 1777 637 corpore

1035 647 1089 682 per
1122 636 1457 671 excommunicationis
1493 639 1679 673 sententiam
1716 640 1774 674 sibi

1032 685 1121 731 qnasi
1149 693 1308 731 gratanter
1335 686 1557 733 incorporans,
1585 700 1646 722 non
1674 690 1774 724 soloin

1031 735 1078 768 eis
1099 743 1256 781 gratanter
1277 736 1500 774 communicat,
1522 737 1574 770 sed
1597 738 1674 772 alios
1687 751 1775 774 com-

1033 785 1190 819 municare
1224 784 1404 831 compellit,
1438 785 1510 832 quia
1546 787 1575 820 in
1604 789 1690 822 curia
1718 801 1773 823 sua

1032 833 1100 867 illos
1121 832 1158 867 ad
1181 833 1337 879 agendum
1373 834 1520 877 admittit,
1556 848 1613 870 nec
1647 838 1772 882 patitur,

1032 892 1061 916 nt
1084 895 1129 917 eis
1151 892 1486 919 excommunicationis
1505 887 1658 920 sententia
1680 899 1775 933 oppo-

1030 942 1129 966 natur.
1164 932 1247 974 Quin
1276 934 1367 967 etiam
1396 946 1629 982 quemcumque
1660 937 1688 970 in
1711 949 1773 971 ex-

1028 983 1315 1017 communicatione
1349 983 1587 1030 perdurantem,
1617 986 1772 1021 monitum

1028 1031 1066 1065 ab
1088 1031 1238 1070 Ecclesia,
1255 1032 1357 1067 redire
1375 1032 1412 1066 ad
1442 1033 1590 1068 unitatem
1614 1035 1773 1070 Ecclesiae

1028 1080 1215 1127 compellere
1251 1081 1458 1128 parvipendit,
1493 1095 1549 1116 nec
1575 1095 1590 1118 a
1620 1084 1772 1127 baillivis,

1028 1131 1073 1163 vel
1101 1130 1235 1164 subditis
1261 1131 1342 1170 suis,
1374 1132 1519 1177 compelli
1543 1134 1704 1179 permittit.
1733 1134 1770 1168 Et

1026 1180 1070 1212 sic.
1092 1180 1279 1226 contemptis
1302 1180 1460 1214 Ecclesiae
1486 1181 1638 1225 clavibus,
1672 1195 1771 1218 ener-

1029 1237 1115 1262 vatur
1137 1229 1167 1262 in
1192 1229 1329 1275 partibus
1351 1230 1413 1264 illis
1436 1230 1524 1276 vigor
1544 1231 1771 1267 ecclesiasticae

1026 1278 1219 1323 disciplinae,
1247 1279 1276 1312 in
1300 1291 1428 1314 enorme
1458 1280 1658 1327 dispendium
1686 1282 1769 1321 litlei,

1026 1336 1053 1359 ct
1075 1339 1167 1370 grave
1193 1328 1375 1362 scandalum
1406 1328 1565 1364 Ecclesiae
1598 1332 1769 1376 generalis;

1025 1389 1096 1409 cum
1137 1384 1241 1410 autem
1281 1377 1473 1412 venembiles
1513 1379 1621 1414 fratres
1659 1383 1769 1425 nostri,

1027 1425 1268 1469 Rbedonensis,
1318 1427 1551 1472 Maeloviensis,
1603 1429 1769 1471 Dolensis,

1028 1474 1205 1509 Briocensis
1231 1484 1261 1509 et
1293 1476 1496 1512 Trecorensis
1521 1479 1661 1527 episcopi
1696 1494 1771 1527 pro-

1027 1524 1097 1558 inde
1121 1525 1330 1569 attendentes,
1357 1527 1440 1572 quod
1463 1527 1487 1562 si
1517 1540 1577 1563 non
1601 1531 1771 1565 annuntia-

1026 1582 1093 1607 rent
1116 1574 1306 1620 impietatem
1326 1588 1414 1610 snam
1438 1577 1546 1624 impio,
1569 1578 1620 1613 ille
1642 1580 1770 1626 quidem

1026 1623 1053 1657 in
1084 1623 1242 1669 impietate
1269 1636 1324 1659 sua
1352 1635 1536 1667 moreretur,
1565 1630 1692 1675 sanguis
1713 1642 1771 1664 au-

1026 1680 1085 1705 tem
1114 1673 1181 1707 eius
1209 1674 1418 1720 requireretur
1448 1675 1487 1710 de
1515 1689 1607 1711 manu
1640 1691 1771 1713 eorum—

1024 1721 1114 1757 dem:
1131 1723 1234 1768 ipsum
1259 1733 1449 1759 monuerunt
1471 1725 1653 1772 diligenter,
1676 1737 1708 1762 ut
1731 1729 1768 1762 ad

1024 1770 1185 1806 Ecclesiae
1211 1784 1286 1807 suae
1309 1773 1434 1809 rediens
1456 1776 1620 1820 unitatem,
1651 1778 1688 1811 ab
1708 1778 1769 1812 bn-

1025 1820 1159 1854 iusmodi
1188 1822 1257 1855 eius
1285 1825 1596 1871 praesumptionibus
1629 1826 1770 1861 abstine-

1025 1878 1086 1903 ret:
1125 1869 1176 1904 ille
1213 1883 1349 1907 renuens
1381 1874 1524 1920 accipere
1550 1875 1767 1924 disciplinam,

1023 1919 1209 1966 eligensque
1237 1921 1338 1967 perire
1376 1923 1478 1969 potius
1514 1936 1607 1970 quam
1643 1938 1768 1972 parere,

1024 1980 1085 2002 non
1113 1969 1215 2003 solum
1238 1971 1364 2005 monitis
1386 1973 1562 2009 nullatenus
1591 1975 1767 2022 acquievit,

1023 2017 1077 2051 sed
1100 2018 1212 2053 exinde
1236 2021 1361 2065 gravius
1387 2021 1569 2068 indignatus
1591 2037 1687 2060 novas
1708 2037 1768 2059 no-

1023 2067 1112 2101 cendi
1136 2070 1290 2104 maneries
1299 2073 1325 2113 <gl
1335 2074 1344 2112 ji
1356 2071 1526 2107 adinvenit.
1540 2072 1582 2108 Ut
1595 2074 1677 2108 enim
1692 2075 1768 2109 alios

1025 2117 1053 2150 in
1082 2129 1218 2152 errorem
1249 2131 1341 2153 sunm
1369 2120 1507 2156 alliceret
1534 2123 1649 2158 multos
1678 2135 1768 2157 com-

1024 2165 1132 2212 plices,
1158 2179 1230 2201 cum
1259 2168 1429 2204 baronibus
1464 2179 1494 2205 et
1520 2172 1587 2206 aliis
1613 2172 1767 2207 militibus

1023 2216 1102 2261 apud
1117 2216 1320 2252 Rotbonense
1334 2221 1558 2255 monasterinm
1576 2221 1766 2268 colloquium

1022 2264 1200 2310 celebravit,
1227 2267 1333 2301 multis
1355 2269 1462 2315 inique
1489 2271 1655 2316 suggessit,
1682 2271 1767 2317 qnod

1024 2313 1161 2347 Ecclesia
1190 2316 1333 2360 gravabat
1363 2318 1526 2357 eumdem,
1548 2321 1768 2355 excommuni-

1022 2375 1096 2397 cans
1124 2363 1188 2398 sere
1214 2377 1251 2398 ne
1275 2365 1371 2401 faveat
1397 2367 1602 2413 probibendo,
1625 2377 1767 2404 astruens

1022 2424 1147 2458 quoqne
1177 2413 1324 2449 fallaciter
1362 2428 1473 2451 omnes
1507 2417 1603 2453 laicos
1633 2419 1672 2453 ab
1707 2419 1767 2453 Ec-

1022 2461 1114 2495 clesia
1139 2462 1354 2509 multipliciter
1381 2467 1552 2511 aggravari,
1578 2476 1608 2502 et
1638 2469 1767 2515 specia—

1023 2510 1092 2544 liter
1114 2511 1143 2544 in
1175 2513 1262 2547 tertia
1292 2522 1376 2560 parte
1400 2514 1504 2549 iudicii
1531 2516 1765 2562 defunctorum,

1023 2572 1142 2593 necnon
1175 2562 1204 2595 in
1233 2561 1365 2597 decimis
1392 2563 1614 2601 subtrahendis
1639 2567 1678 2603 de
1701 2580 1767 2603 ma-

1057 2620 1094 2650 il)
1113 2620 1249 2651 ilaneries,
1271 2620 1364 2647 modus
1376 2621 1416 2648 vel
1429 2622 1494 2649 ratio
1506 2622 1603 2658 aliquid
1616 2624 1719 2659 agendi.

1796 235 1837 262 Αι.
1864 235 1893 262 C.
1910 236 1976 262 ¹223

1801 1392 1920 1417 Corripitur

1785 1424 1885 1448 praetatis

1795 2029 1836 2050 Sed
1866 2029 1962 2055 indigna-

1782 2063 1821 2080 ὶΙ-Π.
