2129 3223
31 270 83 298 An.
95 269 124 297 C.
146 269 212 298 ¹205

837 271 983 296 URnAst
1008 271 1042 295 tv
1068 272 1118 295 PP.

225 332 294 359 ceat
329 324 409 360 lianc
441 325 585 372 paginam
610 333 733 361 nostrae
759 326 973 362 concessionis

227 373 410 430 infringere,
429 374 475 409 vel
489 374 516 409 ei
531 386 611 409 ausu
625 376 790 411 temerario
804 376 970 411 contraire.

225 422 259 459 Si
282 424 354 472 quis
371 431 475 458 autem
498 423 558 459 boc
578 432 730 459 attentare
753 437 971 481 praesumpse-

226 473 282 515 rit,
321 472 566 519 indignationem
602 474 828 522 omnipotentis
854 475 912 510 Dei
942 483 972 510 et

223 522 386 558 beatorum
409 521 494 557 Petri
512 530 542 558 et
563 522 654 558 Pauli
675 524 888 571 apostolorum
904 524 972 559 eius

223 583 257 606 se
284 571 404 607 noverit
432 571 646 607 incursurum

271 620 386 656 Datum
414 621 498 666 apud
519 621 634 656 Urbem
662 621 807 657 Veterem
830 622 971 658 secundo

222 669 296 705 idus
318 670 523 718 septembris,
546 671 746 718 pontificatus
768 673 866 707 nostri
889 685 970 707 auno

222 727 323 755 tertio.

240 779 301 810 Dat.
318 780 364 810 die
382 780 417 810 12
433 780 609 820 septembris
628 781 712 819 1263,
729 787 805 821 pout.
822 792 896 813 anuo
910 793 949 813 iii.

551 937 637 973 XXI.

219 1018 374 1052 Institutio
392 1020 539 1052 secundae
560 1021 680 1064 regulae
697 1021 814 1054 ordinis
829 1032 967 1054 sororum

267 1067 400 1101 Sanctae
448 1068 558 1102 Clarae
600 1077 846 1114 nuncupatorum
859 1098 867 1109 ‚
917 1082 967 1103 sen

267 1117 421 1161 mittyatio
438 1119 561 1163 primae
582 1119 702 1162 requtae
719 1130 738 1152 a
751 1119 789 1152 B.
805 1120 967 1153 Francisco

262 1177 323 1211 pro
344 1167 494 1200 eiusmodi
518 1169 673 1202 sororibus
706 1169 840 1203 traditae
860 1170 916 1211 il).

483 1244 695 1276 SUMMARtUM

216 1303 294 1336 Ordo
315 1306 363 1336 hic
384 1316 399 1336 a
420 1306 448 1337 S.
466 1307 548 1338 Clara
567 1308 727 1338 institutus.
746 1325 784 1331 —
809 1309 832 1338 1.
852 1308 966 1339 Sorori-

254 1348 312 1380 bus
335 1359 402 1381 vero
421 1351 476 1382 sub
495 1352 620 1382 diversis
639 1352 810 1383 nominibus
834 1352 965 1382 diversae

255 1392 340 1423 datae
361 1395 490 1433 regulae.
517 1412 555 1418 —
577 1396 603 1426 2.
626 1396 737 1427 Causae
760 1397 861 1426 haruin
890 1397 964 1426 dan-

255 1436 358 1468 darum
376 1440 556 1477 regularum.
568 1458 608 1464 —
621 1440 648 1471 3.
664 1440 802 1471 Ordinem
820 1440 847 1471 S.
864 1441 965 1470 Clarae

254 1483 419 1520 nuncupari
441 1484 560 1514 mandat
582 1484 738 1515 Urbanus:
763 1502 803 1507 —
828 1485 856 1515 4.
875 1484 965 1523 Eique

253 1525 406 1564 privilegia
425 1528 522 1557 omnia
541 1529 703 1564 confirmat,
717 1530 794 1558 —5.
814 1529 965 1567 Unanique

254 1569 391 1600 omnibus
409 1572 540 1610 regulam
565 1573 659 1602 tradit.
677 1589 716 1595 —
730 1572 769 1602 De
788 1573 965 1609 obedientia,

254 1619 423 1653 paupertate
446 1620 473 1645 et
488 1617 630 1646 castitate.
648 1634 686 1639 —
708 1617 747 1646 Dc
764 1617 913 1647 clausura.
927 1634 966 1639 —

253 1653 293 1687 De
310 1659 487 1698 recipiendis
503 1660 707 1690 servientibus.
730 1678 769 1683 —
788 1661 826 1691 De
857 1662 966 1692 adinis-

255 1703 339 1733 sione
358 1712 493 1734 sororum
510 1704 540 1734 in
553 1705 713 1741 ordine,—
731 1706 965 1745 Etprofessione.

256 1764 294 1770 -
314 1746 353 1777 De
372 1747 513 1778 vestibus,
535 1765 573 1770 —
595 1749 633 1778 Dc
664 1749 780 1779 lectulis
803 1755 831 1780 et
858 1751 966 1781 dormi-

256 1791 339 1822 torio.
354 1808 393 1814 —
413 1790 452 1821 De
475 1791 644 1822 recitatione
660 1792 764 1823 Officii.
786 1811 825 1816 -—
847 1794 885 1824 De
910 1795 964 1825 Sa-

255 1836 414 1867 cratnentis
445 1836 643 1875 recipiendis,
672 1838 808 1867 ministro
839 1843 867 1868 et
894 1842 965 1868 tem-

255 1889 336 1919 pore.
356 1896 394 1902 —
412 1879 450 1909 De
472 1881 618 1910 exercitiis
640 1881 859 1920 corporalibus,
887 1882 966 1912 labo-

256 1924 350 1961 ribus,
368 1929 429 1961 ete„
448 1925 477 1955 in
496 1925 604 1964 quibus
636 1926 733 1955 omnia
766 1926 873 1956 debent
901 1936 965 1956 esse

255 1969 433 1999 communia.
458 1986 497 1991 —
516 1969 553 1999 De
577 1970 710 2005 silentio,
733 1974 760 2000 et
791 1971 908 2010 quando
931 1970 965 2001 ab

256 2022 290 2043 eo
318 2014 357 2043 sit
378 2013 623 2053 dispensandum.
643 2031 682 2037 -
702 2014 741 2044 De
766 2016 851 2046 modo
874 2015 964 2046 collo-

257 2057 366 2097 quendi
385 2062 414 2088 et
428 2057 609 2097 alloquendi.
622 2075 661 2081 —
675 2058 714 2088 De
727 2059 858 2096 ieiuniis,
874 2059 967 2090 absti-

256 2102 356 2133 nentia
379 2111 395 2132 a
418 2111 514 2138 carue,
537 2106 565 2131 et
587 2102 723 2132 facultate
745 2102 913 2133 abbatissae
937 2104 965 2133 in

258 2147 313 2177 hoc
335 2146 535 2185 dispensandi.
552 2163 589 2168 —
612 2145 650 2175 De
673 2147 855 2176 infirmarum
882 2156 964 2178 cura.

256 2190 344 2221 -De
363 2192 437 2222 ostio
459 2190 602 2228 interiori,
628 2191 751 2230 eiusque
777 2192 910 2222 custodia
940 2197 968 2222 et

258 2236 388 2266 custodis
404 2235 605 2275 qualitatibus.
621 2252 659 2257 —
686 2234 725 2265 De
754 2240 825 2273 rota,
845 2236 966 2275 eiusque

258 2280 401 2311 custodia.
424 2296 462 2302 —
480 2278 518 2309 De
535 2280 608 2309 ostio
633 2280 777 2310 exteriori.
794 2296 833 2303 -
860 2280 898 2310 De
921 2281 965 2310 lo-

259 2323 383 2360 cutorio,
410 2327 497 2360 crate,
525 2323 688 2363 horumque
715 2326 859 2355 custodia.
880 2325 967 2355 —De

259 2373 337 2399 crate
364 2368 399 2398 ad
418 2369 656 2398 communionem
675 2369 903 2408 suscipiendam.
929 2386 968 2392 —-

261 2412 300 2443 De
318 2413 457 2453 ingressu
480 2418 681 2443 extranearum
708 2422 911 2452 personarum.
930 2431 970 2438 -—-

256 2478 296 2514 (1)
316 2479 344 2507 S.
365 2480 484 2507 Damiani
502 2479 659 2507 monialibus
678 2480 794 2515 regulam
811 2481 916 2508 tradidit
927 2482 969 2508 In

221 2519 361 2546 nocentius
376 2520 421 2552 IV,
448 2520 560 2547 Constit.
582 2528 642 2552 xiii,
668 2528 727 2555 pag.
755 2521 816 2547 527.
837 2521 969 2548 Traditam

224 2565 289 2585 vero
306 2564 412 2587 sanctae
432 2560 522 2587 Clarae
539 2564 564 2586 et
581 2559 718 2587 sororibus
734 2567 747 2586 a
767 2559 863 2587 Sancto
884 2561 969 2588 Fran-

224 2597 294 2625 cisco
311 2598 478 2627 confirmavit
499 2599 566 2626 idem
586 2599 702 2627 Pontifex
714 2620 720 2631 ,
737 2599 845 2627 Constit.
868 2608 969 2633 xxxiii,

222 2645 272 2674 pag
294 2639 352 2666 570.

1642 259 1709 292 709

1053 323 1091 355 Dc
1107 334 1240 355 sororum
1262 325 1452 355 servientium
1480 332 1601 362 egressu
1628 331 1679 363 pro
1698 331 1759 353 mo-

1053 364 1423 395 nasteriinecessitatibus.
1438 381 1477 387 -
1491 363 1530 394 De
1549 363 1714 403 cappellani
1732 368 1760 393 et

1052 413 1258 435 conversorum
1281 405 1346 439 vita,
1364 404 1496 434 moribus
1519 408 1547 434 et
1567 403 1707 434 vestibus.
1722 420 1761 426 —

1052 443 1091 474 De
1108 449 1306 484 procuratore,
1325 444 1449 483 eiusque
1467 443 1571 474 officio.
1589 461 1627 467 -
1644 443 1683 474 De
1702 444 1760 474 ele-

1052 485 1147 515 ctione
1173 484 1351 520 abbatissae,
1375 493 1510 520 munere,
1534 484 1705 514 auctoritate
1733 489 1760 514 et

1074 523 1252 555 ualitatibus.
1281 540 1319 545 —
1345 507 1425 559 'Quae
1453 534 1467 553 a
1497 523 1675 554 monialibus
1702 525 1761 554 sint

1051 534 1080 593 iiii
1085 565 1199 602 gienda
1211 564 1407 593 —rchessus
1423 564 1587 603 personalis
1605 564 1640 593 ad
1653 563 1758 594 Sedem

1051 604 1248 649 Apostolicam
1272 603 1314 633 eis
1337 603 1456 633 omnino
1475 603 1658 642 prohibetur.
1671 603 1758 632 —De

1052 644 1218 674 visitatione
1247 648 1273 673 et
1306 643 1463 673 visitatoris
1494 643 1588 672 officio
1619 647 1647 673 et
1675 648 1758 681 potc-

1052 688 1133 713 state.
1151 699 1190 705 —
1212 683 1250 713 De
1277 682 1436 712 cardinalis
1460 683 1632 721 protectoris
1655 686 1758 713 aucto*-

1051 724 1145 753 ritate.
1173 740 1211 745 —
1236 721 1274 752 De
1297 722 1416 761 regulae
1435 721 1630 752 observantia.

1009 793 1132 823 Urbanus
1150 793 1294 829 episcopus
1313 800 1408 822 servus
1426 800 1567 823 servorum
1582 793 1637 826 Dei.
1650 792 1760 823 dilectis

1054 844 1082 872 in
1103 843 1212 873 Christo
1241 842 1350 872 filiabus
1381 842 1516 871 universis
1534 843 1692 875 abbatissis,
1732 844 1760 871 ot

1054 893 1192 923 sororibus
1210 893 1333 926 inclusis,
1348 892 1451 922 ordinis
1469 892 1495 920 S.
1515 892 1621 925 clarae,
1642 891 1760 921 salntem

1053 943 1083 971 et
1096 942 1275 979 apostoticam
1286 941 1508 971 benedictionem.

1057 1005 1153 1040 Beata
1181 1003 1285 1045 Clara,
1314 1004 1425 1040 virtute
1452 1004 1575 1040 clarens
1596 1012 1626 1040 et
1654 1006 1756 1040 nomi-

1009 1066 1063 1099 ne,
1090 1053 1205 1100 gratiae
1231 1053 1355 1089 divinae
1371 1054 1575 1101 inspiratione
1590 1064 1755 1101 praeventa

1008 1111 1038 1137 et
1065 1102 1137 1138 almi
1173 1101 1290 1137 Christi
1318 1102 1509 1139 confessoris
1535 1103 1572 1138 B.
1595 1103 1755 1139 Francisci

1007 1152 1159 1198 exemplis
1189 1151 1399 1187 laudabilibus
1426 1152 1609 1197 informata,
1636 1165 1672 1188 ac
1706 1165 1756 1188 sa-

1008 1200 1164 1236 lutaribus
1191 1200 1333 1236 instituta
1356 1201 1524 1242 doctrinis,
1553 1210 1586 1236 ut
1607 1214 1641 1237 se
1661 1215 1756 1237 mun-

1007 1250 1078 1285 dam
1105 1249 1244 1285 Domino
1279 1259 1488 1291 conservaret,
1524 1251 1632 1286 mundi
1659 1250 1756 1286 huius

1007 1299 1195 1346 contemptis
1223 1299 1355 1346 opibus,
1386 1300 1601 1348 operibusque
1636 1300 1754 1341 vitatis,

1007 1349 1151 1395 religiose
1174 1348 1275 1382 vivere
1293 1348 1451 1395 sapienter
1469 1349 1572 1396 elegit,
1599 1356 1629 1384 et
1648 1349 1754 1384 babitu

1006 1409 1112 1433 sacrae
1139 1396 1300 1443 religionis
1320 1405 1496 1446 assumpto,
1529 1405 1646 1433 arctam
1675 1400 1754 1434 viam

1007 1447 1225 1482 mandatorum
1254 1446 1394 1492 Domini,
1416 1459 1496 1494 quae
1522 1447 1702 1494 gradientes
1724 1448 1755 1482 in

1007 1497 1070 1542 ipsa
1093 1496 1180 1531 ducit
1207 1495 1245 1530 ad
1270 1496 1383 1540 vitam,
1417 1496 1543 1531 dilatato
1569 1496 1664 1532 corde
1698 1510 1755 1532 cu-

1006 1545 1114 1579 currit.
1150 1544 1239 1579 Hanc
1275 1554 1411 1592 petram,
1446 1545 1592 1581 Christus
1619 1546 1753 1592 lapidem

1006 1607 1074 1629 esse
1109 1595 1207 1628 voluit
1249 1594 1278 1628 in
1315 1594 1406 1628 vestri
1444 1594 1567 1630 ordinis
1599 1603 1755 1630 structura

1008 1643 1201 1692 primarium.
1243 1642 1276 1677 ln
1311 1643 1377 1690 ipsa
1404 1643 1565 1678 evidenter
1599 1644 1754 1686 ostendit,

1006 1693 1089 1740 quod
1113 1693 1143 1727 in
1168 1692 1261 1728 buius
1283 1700 1442 1727 structura
1467 1692 1527 1727 sibi
1550 1694 1753 1740 complacuit.

1009 1743 1083 1777 Eam
1112 1742 1269 1788 siquidem
1295 1741 1467 1776 sanctitatis
1504 1742 1602 1776 erexit
1628 1743 1659 1777 in
1683 1743 1756 1778 titu-

1008 1792 1084 1834 lum,
1108 1798 1139 1825 ut
1166 1802 1245 1838 quae
1273 1790 1425 1825 munditia
1449 1790 1527 1826 vitae
1554 1791 1680 1832 claruit,
1703 1803 1756 1827 ce-

1007 1840 1149 1875 lebritate
1176 1841 1326 1883 clareret,
1364 1851 1399 1874 ac
1426 1839 1576 1875 eumdem
1617 1848 1754 1876 vestrum

1006 1890 1162 1929 ordinem,
1189 1890 1242 1936 qui
1269 1896 1413 1924 sanctum
1436 1898 1466 1924 et
1488 1888 1645 1926 laudabile
1667 1902 1756 1926 snm-

1008 1939 1068 1986 psit
1101 1939 1130 1973 in
1162 1939 1229 1974 eius
1256 1949 1388 1985 persona
1422 1938 1628 1994 principium,
1655 1939 1757 1988 ipsius

1007 1989 1094 2035 quasi
1117 1987 1339 2024 constituentis
1365 1988 1410 2023 sic
1445 1988 1603 2044 sapienter
1637 2001 1757 2037 appro—

1007 2037 1096 2073 batae
1123 2046 1270 2086 patronae
1307 2037 1437 2082 merita,
1479 2038 1509 2072 in
1547 2039 1755 2074 venerabilem

1009 2087 1285 2134 venerandumque
1308 2087 1486 2134 probarent.

1056 2141 1071 2181 ξ
1095 2139 1125 2171 l.
1154 2136 1188 2171 In
1211 2136 1272 2171 hoc
1293 2144 1396 2172 autem
1419 2137 1542 2181 ordine,
1566 2149 1620 2173 vos
1633 2145 1663 2173 et
1680 2138 1757 2172 alias

1008 2186 1109 2241 ipsum
1133 2186 1329 2233 profitenteS,
1356 2186 1417 2221 sub
1440 2186 1689 2222 nominationum
1711 2199 1754 2221 va

1008 2236 1128 2290 rietate,
1155 2235 1310 2270 interdurn
1337 2247 1470 2279 sorores,
1493 2236 1681 2283 quandoque
1705 2235 1758 2270 do-

1009 2285 1126 2326 minam,
1162 2284 1347 2332 plerumque
1387 2284 1556 2325 moniales,
1597 2297 1757 2320 nonnum-

1009 2346 1102 2389 quam
1130 2345 1288 2388 pauperes
1323 2333 1458 2369 inclusas
1484 2334 1604 2369 ordinis
1629 2333 1663 2369 S.
1692 2332 1758 2369 Da-

1009 2383 1105 2418 miani
1127 2383 1257 2430 contigit
1278 2382 1430 2418 hactenus
1457 2384 1624 2418 nominari.
1648 2383 1758 2418 Vobis-

1009 2445 1083 2480 que,
1109 2431 1170 2467 sub
1205 2432 1315 2466 borum
1354 2439 1385 2467 et
1415 2432 1545 2468 aliorum
1579 2432 1757 2468 ditersitate

1011 2481 1188 2522 nominum,
1209 2480 1329 2516 diversa
1349 2481 1522 2528 privilegia,
1545 2481 1758 2528 indulgentiae

1011 2543 1046 2566 ac
1072 2531 1193 2566 litterae
1220 2542 1237 2565 a
1269 2529 1352 2565 Sede
1374 2530 1555 2578 Apostolica
1579 2537 1654 2566 sunt
1679 2543 1758 2567 con-

1011 2591 1110 2625 cessa,
1144 2587 1174 2615 et
1200 2587 1262 2614 tam
1285 2592 1301 2614 a
1336 2579 1385 2614 fel.
1421 2580 1573 2616 recordat.
1605 2579 1758 2627 Gregorio

1012 2629 1095 2677 Papa
1118 2628 1360 2676 praedecessore
1387 2636 1505 2675 nostro,
1528 2638 1602 2665 tunc
1619 2629 1759 2666 Ostiensi

1778 265 1825 292 An.
1840 264 1868 291 C.
1887 263 1953 290 ΗΜ

1784 1017 1840 1040 ordo
1858 1016 1892 1039 hie
1907 1024 1918 1039 ι
1933 1017 1954 1039 S.

1771 1048 1946 1069 eiurata-titum:

1780 2144 1892 2165 Ξιῐοῐίδυε
1904 2149 1954 2165 νεῖ)

1771 2175 1808 2196 sub
1819 2175 1908 2196 diversis
1918 2180 1955 2195 no-

1770 2206 1860 2227 minibus
1883 2207 1955 2227 diver-

1771 2242 1807 2258 sae
1835 2238 1858 2257 d
1863 2239 1895 2257 tae
1917 2241 1956 2257 re-

1771 2267 1839 2294 gu.lae
