2129 3223
120 254 170 282 An.
193 254 222 281 C.
237 255 303 282 1235

130 858 157 881 De
171 860 303 886 equita-nris.

368 245 437 277 478

316 308 465 356 cappellis
487 306 608 347 filtreis,
637 305 683 340 vel
713 305 783 340 aliis
821 305 950 340 omnino
985 316 1066 351 cap—

318 358 419 403 pellis,
440 368 496 391 seu
521 355 635 391 calceis
671 366 733 389 non
752 353 929 400 corrigiatis
952 362 1065 388 utatur.

317 407 383 442 Nec
408 406 576 453 quisquam
606 405 634 439 in
657 404 770 451 quovis
784 403 852 439 loco
875 403 999 442 tunicis,
1020 402 1066 437 rel

317 455 524 502 coopertoriis
545 454 585 489 de
608 453 754 495 bruneto,
774 461 825 488 aut
855 451 989 500 pellibus
1004 451 1067 499 syl-

320 504 439 548 vaticis,
465 515 520 539 sen
554 503 705 543 camisiis,
745 501 791 537 vel
831 500 1067 536 linteaminibus

317 554 410 589 lineis
437 553 480 588 uti
504 560 693 600 praesumat,
717 563 774 586 nec
812 551 928 586 deferat
965 558 1067 584 vestes

318 603 432 638 scissas
453 610 537 643 ante,
561 601 608 637 vel
637 609 730 641 retro,
755 612 811 636 nec
833 599 946 647 aliquis
974 598 1067 634 clau-

318 652 420 688 stralis
442 651 557 687 liabere
580 650 739 699 propriam
762 662 893 696 cappam
939 648 1067 695 pluvia-

319 702 392 743 lem,
416 700 460 736 vel
483 701 692 748 equitaturam
715 699 773 734 sibi
802 699 979 745 deputatam
1013 706 1066 732 at-

320 759 427 786 tentet.

367 802 462 844 5¹9.
500 799 592 834 Circa
626 798 820 846 equitaturas
857 808 992 843 namque
1038 804 1068 830 et

319 849 468 884 familiam
484 861 612 884 omnem
634 847 889 894 superfluitatem
904 854 1067 892 amputare

320 899 470 939 volentes3
505 898 703 932 mandamns.
743 904 773 930 ut
812 895 908 930 abbas
933 893 1066 929 Clunia-

318 948 423 983 censis
469 947 653 994 equitaturis
694 944 852 980 sexdecim
900 952 1068 978 contentus

319 997 440 1038 existat;
463 1004 494 1032 et
520 996 568 1031 alii
597 995 724 1030 abbates
751 993 893 1029 eiusdem
935 993 1066 1033 ordinis,

318 1059 354 1081 ac
382 1046 465 1093 prior
486 1045 526 1080 de
553 1043 712 1079 Cliaritate
730 1052 811 1078 octo:
837 1043 922 1089 prior
938 1042 971 1077 S.
990 1042 1067 1076 Mar·

319 1096 373 1130 tini
396 1107 461 1130 sex:
486 1094 606 1141 priores
628 1094 677 1128 alii
700 1091 924 1127 conventuales
954 1091 1066 1132 tribus,

320 1145 366 1179 vel
389 1151 542 1191 quatuor,
575 1151 604 1178 et
631 1142 741 1177 caeteri
780 1141 900 1188 priores
930 1141 1068 1176 minores

319 1193 442 1229 duabus
462 1191 683 1227 evectionibus
704 1192 768 1226 sint
787 1190 935 1225 contenti.
962 1190 1068 1224 Abbas

898 250 1086 273 nnLLAtutM
1108 248 1272 272 Romanum

1874 244 1923 269 Α..
1941 242 1970 270 c.
1987 242 2055 270 ηπ
2092 247 2105 285 4

1109 303 1258 350 aliquam,
1286 301 1488 346 venditionis,
1511 308 1562 336 aut
1584 299 1776 344 donationis,
1802 310 1857 334 sen

1109 351 1214 398 aliquo
1237 350 1296 386 alio
1310 351 1402 386 titulo
1423 351 1571 390 alienare,
1593 349 1712 396 absque
1736 348 1859 384 abbatis

1110 401 1216 448 patris,
1245 400 1291 435 vel
1335 399 1430 447 patris
1462 399 1584 447 prioris,
1620 408 1650 433 et
1684 406 1860 433 conventus

1109 450 1157 485 sui
1181 449 1275 485 verbo
1297 457 1327 485 et
1352 461 1508 485 consensu
1538 456 1725 496 praesumat.
2090 481 2097 497 v

1157 503 1173 542 ἓ
1213 501 1270 533 21.
1318 499 1481 534 Monachis
1519 497 1731 545 proprietariis
1764 497 1856 532 etiam
1886 506 2044 533 Proprietario-
2092 501 2100 542 f

1110 560 1222 595 poena,
1247 548 1330 583 iuxta
1355 559 1472 584 morem
1515 546 1700 583 Cistercien.
1736 546 1858 581 ordinis
1871 544 1916 558 “m
1933 543 2008 564 ¹¹⁰⁹¹¹³'
2090 544 2091 547 ’

1109 598 1279 644 infligatur,
1300 605 1331 632 et
1353 598 1383 632 in
1413 595 1634 644 proprietarios
1666 608 1857 631 excommu—

1109 647 1275 682 nicationis
1295 647 1452 682 sententia
1469 646 1697 693 promulgetur,
1719 645 1779 680 nisi
1794 657 1858 680 mo-

1111 696 1229 731 nachus
1257 695 1487 744 proprietarius
1509 694 1651 742 deposita
1674 694 1857 735 restituerit,

1108 758 1189 793 quae
1215 747 1281 780 suis
1309 745 1423 780 fuerint
1439 743 1639 780 monasteriis
1655 743 1855 790 resignanda.
2096 771 2102 776 .

1195 797 1251 829 22.
1280 795 1329 829 Ad
1352 795 1439 835 haec,
1467 793 1617 841 quoniam
1639 792 1735 828 abbas
1775 792 1858 828 Ctu-
1885 806 2058 828 Praelatisetaa
2091 791 2104 827 ζ’

1109 844 1278 883 niacensis‚
1303 856 1424 879 necnon
1447 843 1575 878 abbates
1590 851 1622 877 et
1640 842 1760 889 priores
1774 842 1858 878 eius·
1871 838 2057 889 ξζὶζῗξξρξζῃζζζ
2094 838 2099 840 ἡ

1108 893 1179 928 dem
1201 893 1321 928 ordinis
1349 894 1503 940 prioratus
1529 892 1588 927 sibi
1611 891 1772 927 subiectos
1800 904 1858 927 ex·
1871 899 1976 921 dicu-¹¹⁰¹-

1108 942 1287 978 actionibus
1309 951 1337 977 et
1360 942 1594 977 extorsionibus
1627 951 1859 976 consueverunt

1108 992 1186 1027 adeo
1200 1004 1377 1038 aggravare:
1392 991 1476 1040 quod
1490 992 1519 1026 in
1534 991 1652 1026 eisdem
1669 991 1859 1039 prioratibus

1108 1043 1259 1089 antiquus
1275 1049 1304 1075 et
1318 1049 1489 1076 consuetus
1505 1040 1729 1076 monachorum
1747 1052 1859 1076 nume-

1109 1104 1161 1126 rus
1170 1091 1355 1126 estnimium
1371 1090 1557 1129 diminutus,
1571 1102 1628 1125 nos
1643 1090 1671 1125 id
1683 1090 1722 1125 de
1737 1098 1859 1125 caetero

1109 1140 1174 1175 fieri
1187 1139 1247 1175 sub
1261 1141 1456 1175 attestatione
1469 1139 1566 1173 divini
1590 1139 1694 1174 iudicii
1711 1139 1860 1185 prohibe-

1109 1202 1191 1229 mus,
1207 1201 1280 1224 cum
1317 1190 1432 1236 liqueat
1454 1189 1610 1236 prioratus
1632 1189 1716 1235 ipsos
1739 1200 1802 1224 non
1820 1188 1860 1223 ad

2085 1242 2109 1286 -11’2
2080 1056 2108 1235 &Mu-&⁶5-
2087 996 2108 1049 <he
2091 963 2101 989 ἃ»
2092 943 2102 948 a
2097 919 2104 925 ·

320 1243 366 1278 vel
394 1243 526 1289 priores,
547 1241 719 1276 servientes
741 1252 803 1275 non
844 1252 970 1286 pueros,
1005 1251 1066 1274 non
1108 1238 1366 1279 destructionem,
1385 1238 1438 1273 sed
1463 1238 1499 1272 ad
1523 1237 1792 1273 conservationem
1807 1250 1861 1272 or-

320 1291 453 1332 nobiles,
477 1303 538 1326 uon
571 1290 712 1326 vestibus
747 1289 946 1336 sumptuosis
960 1317 969 1327 ‚
1004 1288 1068 1323 sive
1108 1288 1193 1323 dinis
1232 1295 1263 1322 et
1283 1288 1509 1322 correctionem
1529 1287 1586 1321 sibi
1605 1299 1674 1322 esse
1689 1286 1859 1328 subiectos.

320 1342 432 1376 diversi
455 1340 580 1384 coloris,
602 1340 656 1375 sed
681 1347 819 1374 maturos
853 1338 985 1373 habeant
1003 1366 1010 1375 ,
1039 1345 1067 1372 et
1109 1346 1137 1372 et
1161 1337 1280 1372 eisdem
1314 1335 1502 1383 prioratibus
1542 1349 1597 1382 pro
1633 1336 1862 1371 sustentatione

320 1391 480 1425 honestos.
1087 1367 1334 1425 imonachorum
1360 1385 1434 1420 inibi
1462 1385 1599 1420 Domino
1630 1384 1861 1425 famulantium.

371 1444 387 1483 ἓ
408 1441 465 1473 20.
487 1439 569 1481 Quia
588 1449 659 1472 vero
681 1436 719 1472 ad
746 1436 972 1471 desolationem
1006 1435 1069 1470 ‹lo-
1088 1439 1091 1461 Ι
1111 1436 1326 1483 possessiones
1346 1435 1394 1482 pia
1416 1434 1581 1470 devotione
1601 1435 1740 1470 fidelium
1768 1435 1862 1470 fuisse

129 1495 307 1517 “⁶¹=1¹³h⁹n‘³¹v‘-²'
323 1501 447 1524 morum
466 1488 636 1535 plurimum
653 1493 799 1533 operatur
813 1485 880 1520 laxa
896 1485 998 1520 debita
1020 1496 1071 1532 po-
1089 1485 1092 1519 't
1111 1497 1290 1519 concessas.

126 1530 214 1545 ‘'⁸⁰⁰'’
258 1525 308 1544 ’Μ’
325 1546 419 1574 testas
446 1535 664 1579 contrahendi,
678 1543 708 1570 et
733 1534 816 1582 quod
831 1535 910 1569 ratio
925 1546 986 1569 nou
999 1534 1070 1569 red·
1089 1522 1092 1564 i
1161 1538 1175 1577 g
1197 1536 1255 1567 ⁶25.
1278 1532 1444 1568 Caeterum
1467 1532 1538 1580 quia
1561 1545 1623 1568 non
1646 1542 1692 1568 est
1723 1533 1753 1568 in
1792 1533 1862 1580 pri-
1889 1546 1918 1568 ne
1934 1549 2004 1567 neum
2022 1551 2060 1567 rs-
2093 1538 2099 1542 ”

125 1557 206 1576 denda:
221 1554 294 1576 formai

323 1587 414 1623 datur
425 1586 463 1621 de
483 1585 597 1621 debitis
620 1585 666 1619 vel
688 1583 832 1630 receptis;
851 1583 1070 1631 praecipimus,

325 1646 359 1672 ut
385 1634 501 1682 singuli
520 1634 648 1669 abbates
669 1641 699 1668 et
727 1634 847 1680 priores
870 1632 909 1668 de
941 1632 1072 1667 consilio

325 1686 454 1721 fratrum
478 1692 509 1718 et
530 1683 665 1718 familiae
687 1682 803 1729 quibus
826 1689 985 1729 praesunt,
1000 1693 1071 1716 cum

325 1734 510 1770 testimonio
536 1733 693 1768 bonorum
711 1732 859 1771 virorum,
881 1731 934 1778 qui
965 1730 1003 1765 ad
1028 1731 1074 1765 lo-

324 1796 395 1821 cum
424 1783 595 1831 pertinent,
617 1793 687 1816 cum
716 1780 990 1824 contrahendum,
1027 1779 1074 1814 rel

324 1832 538 1868 innovandum
566 1839 614 1866 est
635 1838 780 1865 mutuum
797 1857 806 1874 ,
830 1830 870 1864 ita
897 1829 927 1864 id
961 1829 1074 1864 saciant

325 1882 504 1930 diligenter,
531 1880 618 1928 quod
640 1879 791 1915 omnibus
820 1879 936 1926 liqueat
959 1886 1075 1925 quanta

325 1943 460 1973 summa,
487 1930 607 1978 quibus
630 1929 785 1976 personis,
815 1927 930 1976 quibus
964 1927 1074 1963 condi-

326 1980 478 2019 tionibus,
500 1979 616 2027 quibus
637 1978 779 2013 terminis
806 1977 967 2022 debeatur,
999 1985 1028 2011 et
1046 1977 1075 2010 in

327 2042 408 2078 quos
435 2041 512 2064 usus
537 2035 731 2064 contractum
754 2035 901 2062 mutuum
929 2035 968 2061 sit
993 2038 1077 2061 con—

328 2091 464 2115 versum.
487 2078 527 2114 Et
552 2086 588 2113 ut
626 2077 793 2112 domorum
827 2083 927 2110 status
965 2075 1078 2110 certior

328 2128 491 2169 habeatur,
517 2127 652 2173 singulis
673 2125 798 2161 duobus
821 2124 983 2160 mensibus
1023 2136 1078 2159 co-

329 2191 393 2213 ram
416 2177 528 2213 abbate
553 2176 597 2211 vel
626 2176 730 2223 priore
772 2174 809 2218 (si
844 2186 907 2209 non
951 2182 998 2209 est
1035 2173 1076 2208 ibi

329 2227 436 2271 abbas)
463 2234 494 2262 et
515 2225 707 2269 senioribus,
729 2223 862 2259 reddant
890 2223 1005 2270 singuli
1032 2222 1079 2257 of-

329 2276 447 2312 ficiales
468 2275 507 2310 de
528 2276 596 2310 suis
622 2274 734 2309 officiis
756 2272 920 2314 rationem,
943 2272 983 2307 de
1008 2284 1080 2307 om-

330 2326 424 2361 nibus
445 2325 582 2372 receptis
595 2332 623 2359 et
638 2323 788 2371 expensis
814 2321 1079 2369 computationem

330 2374 464 2410 fideliter
486 2373 647 2418 facientes,
674 2372 771 2408 abbas
796 2383 924 2419 quoque
949 2370 1081 2406 Clunia-

332 2423 448 2465 censis,
470 2431 501 2458 et
521 2423 635 2458 caeteri
658 2422 786 2457 abbates
807 2428 836 2456 et
853 2421 986 2468 priores,
1008 2431 1083 2467 qua-

333 2482 379 2508 ter
401 2473 432 2507 in
459 2484 543 2508 anno
569 2480 686 2507 statum
715 2483 789 2506 suae
816 2471 932 2506 domus
955 2471 986 2504 in
1024 2481 1083 2504 suo

333 2521 480 2569 capitulo,
494 2530 525 2557 et
545 2521 638 2557 etiam
654 2532 758 2556 coram
782 2519 994 2555 visitatoribus
1010 2530 1083 2554 cum

335 2571 490 2615 venerint,
527 2571 618 2618 plene
658 2570 827 2605 declarent.
869 2568 934 2604 Nec
972 2567 1085 2614 aliquis

335 2619 429 2653 abbas
454 2619 499 2654 vet
523 2620 607 2666 prior
640 2620 813 2667 prioratum
852 2618 895 2652 vel
926 2618 1084 2664 granciam

1113 1582 1272 1629 mogenito
1293 1581 1382 1616 bovis
1403 1582 1568 1627 arandum,
1592 1582 1763 1618 districtius
1784 1578 2028 1616 inni-‘⁵⁹³⁸M'0‘0m·

1113 1632 1238 1672 bemus,
1261 1643 1300 1666 ne
1327 1631 1414 1678 pueri
1445 1639 1516 1666 ante
1553 1631 1862 1679 quintumdecimum
1965 1632 1969 1635 ’

1113 1693 1231 1716 annum
1254 1680 1446 1727 completum
1471 1681 1501 1715 in
1535 1682 1707 1716 monachos
1745 1681 1864 1716 admit-

1115 1738 1230 1770 tantur,
1259 1730 1321 1764 illis
1341 1729 1504 1764 dumtaxat
1525 1731 1673 1778 exceptis,
1695 1730 1811 1778 quibus
1834 1731 1864 1765 in

1115 1779 1302 1814 Cluniacen.
1332 1779 1521 1814 monasterio
1548 1790 1585 1814 ex
1619 1780 1748 1827 antiqua
1785 1792 1866 1815 con-

1116 1828 1285 1864 suetudine
1312 1836 1432 1863 certum
1448 1836 1495 1863 est
1512 1828 1649 1864 officium
1665 1829 1864 1877 deputatum.

1165 1882 1180 1921 ξ
1207 1880 1265 1912 24.
1288 1877 1475 1912 Mulieribus
1499 1877 1641 1925 ingressu
1670 1879 1796 1914 claustri
1820 1878 1865 1914 rel

1117 1928 1204 1962 chori
1233 1927 1359 1974 penitus
1380 1926 1556 1962 interdicto.
2091 1937 2100 1957 ι

1167 1981 1182 2020 ξ
1203 1978 1260 2011 25.
1284 1976 1323 2011 Et
1346 1989 1418 2011 cum
1447 1977 1622 2012 secundum
1654 1977 1865 2024 evangelicam

1118 2027 1293 2069 veritatem,
1315 2027 1368 2073 qui
1392 2025 1537 2061 mandata
1556 2026 1621 2061 Dei
1642 2035 1771 2074 propter
1801 2034 1863 2062 tra-

1119 2075 1255 2110 ditiones
1277 2075 1548 2122 transgrediuntur
1569 2076 1731 2117 humanas,
1758 2088 1774 2111 a
1800 2075 1867 2111 Do-

1121 2125 1205 2159 mino
1227 2134 1408 2170 arguantur,
1421 2125 1618 2160 strictissime
1637 2125 1867 2169 interdicimus,
2079 2139 2098 2163 ἒ

1120 2186 1159 2208 ne
1187 2182 1314 2221 propter
1336 2174 1520 2209 traditiones
1547 2173 1591 2210 vel
1626 2175 1868 2210 constitutiones

1123 2232 1254 2263 nostras,
1283 2223 1436 2270 regularia
1459 2231 1572 2259 statuta
1595 2224 1673 2259 beati
1706 2223 1867 2260 Benedicti

1894 1987 1971 2015 Regula
1985 1987 2006 2008 S.
2022 1986 2064 2007 Bo·
2093 1994 2103 2021 '‹

1879 2020 1958 2040 nedicti
1974 2024 2064 2039 servm-
2086 2028 2095 2043 ,ῃ

1881 2051 1913 2071 da>

1099 2301 1102 2312 ,
1121 2273 1318 2319 aliquatenus
1339 2273 1533 2307 omittantur.

1171 2327 1186 2365 ,ξ
1212 2322 1270 2355 26.
1294 2321 1334 2356 Ut
1356 2334 1431 2368 ergo
1454 2322 1634 2357 mandatum
1665 2321 1791 2357 lucerna
1829 2322 1870 2357 sit
1897 2328 1992 2351 “ortano
2013 2360 2018 2364 ,
2040 2320 2095 2364 ιᾶζξ

1124 2370 1223 2411 vobis,
1246 2379 1276 2405 et
1298 2371 1344 2405 lex
1368 2371 1432 2409 lux,
1454 2378 1485 2406 et
1507 2371 1552 2406 via
1587 2371 1665 2406 vitae
1699 2371 1870 2418 increpatio
1885 2360 2067 2412 ..ξῗξῗζζῗξξξῧ-
2083 2379 2094 2393 ²

1124 2419 1320 2467 disciplinae,
1357 2420 1587 2455 universitatem
1629 2429 1761 2455 vestram
1801 2432 1870 2455 mo·
1885 2422 1957 2443 ¹³⁰‘¹··
2075 2421 2102 2432 ³

1126 2481 1237 2504 nemus
1263 2477 1390 2510 attente,
1414 2481 1469 2517 per
1494 2468 1664 2517 apostolica
1687 2468 1775 2504 vobis
1801 2470 1871 2504 scri·

1126 2526 1188 2565 pta,
1222 2526 1251 2553 et
1286 2519 1316 2553 in
1353 2519 1463 2553 virtute
1501 2517 1698 2553 obedientiae
1732 2519 1873 2554 districte

1127 2567 1349 2614 praecipiendo
1376 2567 1572 2612 mandamus,
1593 2574 1749 2615 quatenns
1774 2567 1875 2616 qnod·

1127 2628 1262 2663 rumque
1295 2629 1423 2652 necesse
1466 2624 1512 2651 est
1540 2616 1667 2663 provide
1697 2626 1873 2664 cupientes,

2072 2466 2090 2479 ς
