2129 3223
40 278 89 307 An.
105 280 132 307 C.
155 280 219 307 125⁵

181 715 225 756 fl*

41 1473 71 1496 Do
99 1473 212 1494 licentian-

836 281 1030 304 Atssxaxnfitt
1057 281 1089 303 tv
1119 281 1167 303 PF.

235 336 396 382 pastoralis
430 336 590 382 angustiae
623 335 791 377 laboribus,
814 337 884 371 licet
917 336 976 371 im-

234 385 374 429 meritos,
395 397 602 420 successores.
625 384 771 420 Vestrum
794 388 896 433 itaque
909 385 976 420 suf-

234 434 340 469 ficiens
361 434 398 469 ad
421 434 650 469 ordinationem
673 435 905 482 suscipiendam
924 435 976 470 lta-

233 483 341 519 hentes
363 484 555 525 mandatum,
583 492 612 518 et
635 484 864 531 praedictorum
898 485 976 531 prio-

232 533 274 568 ris
298 541 328 568 et
351 532 481 568 fratrum
515 534 781 580 procuratoribus,
804 547 926 569 necnon
946 542 975 568 ct

231 581 345 617 dilecto
376 582 438 618 sitio
463 583 610 628 magistro
631 582 749 618 ordinis
776 583 974 618 Praedicato-

232 644 312 676 rum,
339 632 390 679 qui
415 645 486 667 cum
510 633 569 667 illis
593 633 766 679 postulabat
793 633 852 667 hoc
873 633 973 679 ipsum

231 682 261 716 in
280 690 383 716 nostra
405 682 576 729 praesentia
593 682 783 723 constitutis,
805 683 974 729 praemissa

219 731 333 765 .-omnia
369 740 398 766 et
433 744 598 778 processus
636 731 777 775 habitos,
811 731 975 777 diligenter

230 781 441 827 inspeximus,
482 793 701 828 quaecumque
744 782 773 815 in
819 781 974 816 auditorio

231 839 337 864 nostro
355 842 449 877 super
471 830 520 865 his
543 831 687 877 utrinque
707 831 793 865 suere
817 830 972 877 proposita

229 879 394 926 diligenter
434 880 660 924 intelleximus,
697 888 727 914 et
761 882 883 914 tandem
919 892 974 926 per

230 929 309 963 viam
333 929 428 976 pacis,
450 941 530 976 qnae
549 941 712 975 processus
733 938 778 964 est
793 930 919 975 gratiae,
936 929 971 962 ad

228 977 439 1013 dirimendum
469 979 548 1014 inter
573 988 674 1025 partes
695 987 820 1013 exortae
841 987 974 1013 contro-

227 1028 344 1063 versiae
366 1027 543 1075 scrupulos,
558 1041 624 1072 nos,
642 1028 776 1062 Domino
797 1028 950 1074 dirigente
965 1055 972 1067 ,

227 1076 329 1124 aliqua
364 1090 400 1112 ex
441 1078 623 1125 praemissis
658 1077 909 1112 ordinationibus
943 1085 973 1110 et

226 1127 350 1162 statutis
372 1140 387 1161 a
414 1127 501 1161 vobis
530 1127 631 1167 editis,
662 1135 693 1160 ut
719 1127 877 1162 salubrius
900 1138 972 1160 ma-

228 1185 321 1211 neant
355 1185 383 1210 et
424 1177 529 1211 utilius
561 1176 775 1211 commoditati
811 1176 972 1223 proficiant

226 1225 382 1271 generali.
409 1226 447 1260 de
476 1226 604 1261 fratrum
642 1234 819 1260 nostrorum
843 1224 972 1260 consilio

227 1274 415 1310 moderanda
450 1276 652 1322 providimus.
682 1274 811 1310 Caetera
841 1287 910 1310 vero
934 1287 972 1308 ne

228 1324 328 1370 rigore
350 1324 552 1359 districtionis
567 1325 720 1359 unitatem
740 1324 972 1359 communionis

227 1382 426 1420 exasperent,
450 1373 616 1408 resecanda

275 1426 290 1466 ξ
325 1425 355 1456 7.
389 1423 514 1457 Etenim
543 1424 623 1457 circa
651 1422 681 1457 id
715 1423 798 1469 quod
837 1430 972 1457 statuere

228 1471 378 1511 voluistis,
407 1485 446 1507 ne
472 1472 554 1507 ullus
574 1472 748 1518 religiosus,
770 1471 891 1506 nullum
912 1471 972 1506 Pa-

226 1520 310 1556 risiis
336 1521 455 1556 habens
487 1521 652 1569 collegium
675 1530 704 1555 et
725 1534 738 1555 a
760 1521 826 1555 iure
848 1520 972 1568 publice

226 1570 340 1606 docere
375 1570 567 1618 prohibitus,
596 1571 626 1605 in
653 1571 873 1616 magistrorum
905 1571 972 1605 col-

225 1619 342 1666 legium
377 1619 531 1655 ullatenus
565 1619 767 1659 admittatur,
795 1628 825 1654 et
851 1619 971 1666 singula

227 1670 444 1715 religiosorum
481 1669 611 1716 collegia
649 1669 780 1715 singulis
816 1669 972 1715 magistris

227 1728 296 1754 actu
325 1718 516 1764 regentibus,
537 1728 567 1754 et
589 1719 681 1753 unica
703 1718 808 1753 schola
836 1718 874 1752 de
900 1730 972 1753 cae-

229 1776 294 1802 tero
311 1768 374 1802 sint
395 1776 552 1809 contenta,
574 1768 800 1802 consideranda
823 1780 857 1802 ea
884 1768 973 1802 nobis

227 1816 395 1864 diligenter
431 1824 623 1860 occurrunt,
662 1829 741 1863 quae
783 1824 973 1851 memoratus

227 1865 400 1912 Gregorius
427 1866 508 1900 circa
541 1873 691 1900 statutum
726 1865 914 1900 scholarium
943 1874 973 1899 et

228 1915 404 1950 scholarum
429 1915 578 1950 Parisien.
602 1915 746 1950 statuisse
771 1915 884 1949 dicitur
914 1915 974 1949 ob-

228 1964 398 2005 servanda,
438 1964 598 2001 videlicet,
625 1964 709 2011 quod
744 1964 875 2011 quilibet
899 1977 973 1998 can-

229 2014 372 2049 cellarius
393 2014 542 2048 l’arisien.
572 2014 720 2060 deinceps
745 2014 898 2048 creandus
920 2026 974 2048 co-

229 2076 294 2098 ram
318 2064 477 2109 episcopo,
509 2063 558 2096 vel
585 2062 624 2097 de
650 2063 748 2110 ipsius
773 2063 919 2098 mandato
943 2064 972 2097 in

229 2113 368 2160 capitulo
414 2112 580 2147 Parisiensi
621 2120 747 2147 vocatus
781 2113 818 2146 ad
851 2112 910 2147 hoc
945 2121 975 2148 et

230 2162 447 2209 praesentibus
473 2174 528 2209 pro
563 2162 763 2196 universitate
785 2162 973 2197 scholarium

230 2211 356 2246 duobus
382 2212 550 2258 magistris,
571 2211 601 2245 in
624 2223 680 2245 sua
703 2211 897 2246 institutione
918 2224 975 2246 cu-

231 2261 322 2305 rabit,
343 2261 426 2308 quod
450 2261 486 2295 ad
512 2261 650 2306 regimen
671 2260 843 2307 theologiae
865 2270 895 2295 et
920 2261 974 2295 de-

230 2319 386 2345 cretorum
414 2310 495 2345 bona
518 2310 578 2344 fide
611 2310 783 2344 secundum
815 2311 975 2345 scientiam

231 2372 320 2395 suam
343 2359 412 2395 loco
438 2367 468 2394 et
495 2368 635 2406 tempore
668 2359 841 2394 secundum
875 2369 977 2395 statu-

232 2419 296 2444 tum
324 2410 456 2444 civitatis
473 2417 502 2443 et
521 2408 685 2451 honorem,
711 2421 747 2443 ac
771 2409 976 2450 honestatem,

233 2458 414 2494 facultatum
441 2459 593 2506 ipsarum,
616 2457 740 2492 nonnisi
762 2458 864 2504 dignis
887 2459 977 2493 licen-

234 2507 307 2542 tiam
330 2508 513 2554 largiretur,
537 2519 594 2542 nec
619 2506 797 2541 admitteret
820 2507 976 2554 indignOS,

235 2569 439 2603 personarum
462 2566 493 2593 et
516 2557 676 2592 nationum
699 2557 878 2602 acceptione
908 2557 979 2591 sub-

235 2613 328 2641 mota.
351 2606 431 2642 Ante
458 2619 530 2641 vero
552 2618 645 2653 quam
671 2618 861 2652 quemquam
888 2606 980 2641 licen-

234 2656 309 2700 tiet,
336 2655 414 2691 infra
437 2664 501 2691 tres
524 2668 648 2691 menses
668 2668 684 2690 a
708 2664 847 2702 tempore
868 2656 979 2703 petitae

1640 266 1710 300 605

1016 335 1172 376 licentiae,
1196 344 1255 369 tam
1271 335 1308 370 ab
1330 334 1477 370 omnibus
1499 333 1658 380 magistris
1675 331 1761 366 theo-

1015 385 1116 431 logiae
1139 386 1169 419 in
1185 384 1307 419 civitate
1331 383 1558 431 praesentibus,
1581 393 1674 430 quam
1693 380 1760 415 aliis

1017 435 1089 470 viris
1111 434 1250 469 honestis
1267 441 1298 468 et
1314 434 1465 477 litteratis,
1489 445 1542 479 per
1555 443 1636 480 quos
1648 431 1760 465 veritas

1016 484 1087 519 sciri
1104 483 1212 531 possit,
1235 483 1273 518 de
1295 484 1367 528 vita,
1393 483 1521 518 scientia
1548 489 1578 516 et
1604 479 1759 519 facundia,

1016 545 1138 569 necnon
1162 532 1337 580 proposito,
1364 541 1394 568 et
1415 545 1470 580 spe
1493 529 1691 579 proficiendi,
1725 541 1761 564 ac

1016 583 1100 627 aliis,
1132 595 1213 629 quae
1244 590 1319 617 sunt
1349 582 1380 616 in
1414 581 1529 616 talibus
1562 578 1759 626 requirenda,

1015 633 1179 679 diligenter
1191 632 1336 679 inquirat,
1348 640 1377 666 et
1393 631 1598 677 inquisitione
1613 630 1658 664 sic
1669 628 1760 670 facta,

1015 682 1090 729 quid
1117 681 1225 717 deceat
1247 689 1277 716 et
1304 681 1378 728 quid
1413 679 1558 725 expediat
1583 679 1664 714 bona
1700 677 1760 712 fide

1015 732 1065 766 det
1089 731 1134 765 vel
1157 739 1259 777 neget,
1278 729 1451 765 secundum
1474 729 1637 764 scientiam
1659 740 1760 766 suani.

1017 781 1132 827 petenti
1176 780 1330 815 licentiam
1372 778 1572 827 postulatam.
1622 777 1760 823 Magistri

1017 842 1090 864 vero
1117 830 1301 876 theologiae,
1328 836 1359 863 et
1395 828 1606 867 decretorum,
1634 826 1761 873 quando

1016 879 1171 926 incipiunt
1196 879 1311 925 legere,
1338 877 1541 925 praestabunt
1569 875 1692 924 publice
1713 876 1762 910 iu-

1015 937 1209 969 ramentum,
1238 927 1321 975 quod
1344 939 1439 974 super
1462 925 1642 974 praemissis
1672 924 1762 960 fidele

1015 979 1231 1013 testimonium
1277 976 1497 1025 perhibebunt.
1545 973 1762 1010 Cancellarius

1014 1039 1138 1075 quoqne
1166 1027 1300 1070 iurabit,
1321 1026 1406 1074 quod
1434 1025 1563 1060 consilia
1595 1024 1762 1070 magistro-

1014 1089 1082 1111 rum
1107 1077 1137 1111 in
1154 1077 1270 1112 malum
1293 1073 1598 1111 eorum'nullateuus
1613 1073 1760 1108 revelabit

1015 1126 1165 1160 Parisien.
1192 1126 1362 1169 canonicis,
1393 1125 1534 1159 libertate
1569 1135 1605 1158 ac
1628 1123 1694 1157 iure
1729 1123 1759 1157 in

1015 1175 1193 1220 incipiendo
1220 1174 1332 1210 habitis
1358 1175 1388 1209 in
1412 1186 1466 1209 sua
1489 1172 1690 1208 manentibus
1706 1171 1760 1206 fir-

1015 1225 1131 1259 mitate.

1061 1278 1076 1317 g
1103 1276 1136 1308 8.
1164 1273 1246 1308 Cum
1282 1285 1356 1319 ergo
1379 1285 1416 1307 ex
1442 1271 1666 1306 constitutione
1700 1270 1760 1305 bu-

1014 1323 1148 1358 iusmodi
1184 1323 1300 1369 liqueat
1326 1321 1512 1364 manifeste,
1548 1332 1628 1367 quae
1662 1320 1692 1355 in
1719 1319 1760 1354 li-

1014 1372 1181 1407 centiando
1192 1372 1351 1406 scholares
1364 1371 1402 1406 ad
1424 1370 1602 1405 scholarum
1618 1369 1757 1416 regimen

1013 1421 1198 1456 cancellario
1230 1421 1270 1455 sit
1307 1420 1458 1461 facultas,
1492 1427 1523 1453 et
1559 1427 1674 1466 quanta
1700 1418 1758 1453 sibi

1013 1483 1108 1518 super
1129 1470 1188 1506 hoc
1211 1470 1320 1517 religio
1340 1469 1409 1505 fidei
1423 1477 1454 1504 et
1467 1468 1760 1516 circumspectionis

1014 1520 1183 1555 necessitas
1210 1519 1376 1563 indicatur,
1403 1518 1498 1553 videri
1518 1525 1620 1565 potest
1637 1518 1761 1553 acutius

1014 1570 1165 1613 intuenti,
1204 1569 1378 1604 auctoritati
1415 1567 1649 1603 constitutionis
1680 1579 1760 1614 apo-

1013 1619 1152 1659 stolicae,
1179 1630 1258 1666 quae
1286 1618 1379 1653 statui
1406 1616 1585 1652 scholarum
1608 1625 1639 1652 et
1659 1617 1761 1652 scho-

1014 1668 1125 1703 larium
1150 1668 1317 1714 providens
1339 1675 1441 1703 certos
1461 1665 1636 1701 cancellarii
1658 1665 1760 1701 officio

1014 1718 1164 1752 terminos
1191 1717 1352 1764 potestatis
1378 1715 1531 1762 indulget,
1559 1727 1614 1762 per
1639 1716 1761 1750 consti-

1015 1767 1163 1800 tutionem
1199 1775 1332 1801 vestram
1368 1766 1399 1800 in
1439 1764 1629 1811 propagandi
1663 1765 1760 1799 studii

1014 1815 1216 1862 dispendium
1232 1815 1384 1861 derogari.
1397 1814 1553 1849 Volumus
1566 1815 1670 1861 itaque
1691 1826 1762 1849 can-

1013 1865 1126 1899 cellarii
1150 1873 1332 1912 potestatem
1356 1866 1385 1899 in
1408 1864 1630 1899 constitutione
1650 1876 1761 1910 saepe-

1015 1914 1066 1948 tati
1106 1914 1264 1960 Gregorii,
1303 1914 1383 1948 circa
1420 1921 1572 1948 statutum
1607 1913 1758 1948 Parisien.

1015 1963 1108 1997 studii
1127 1964 1324 2008 declaratam,
1347 1963 1429 1998 nulla
1448 1963 1665 1997 imminutione
1684 1975 1760 1998 con-

1016 2013 1096 2047 velli.
1124 2013 1194 2060 Ipse
1218 2022 1320 2048 tamen
1343 2014 1424 2048 circa
1451 2011 1668 2056 lit-entiandos,
1699 2021 1758 2047 tam

1015 2062 1054 2096 de
1074 2063 1296 2103 saecularibnS,
1319 2075 1412 2110 quam
1431 2062 1469 2096 de
1485 2061 1682 2108 regularibus
1698 2073 1759 2096 non

1015 2111 1117 2146 solum
1140 2124 1193 2155 ea,
1225 2125 1306 2159 quae
1328 2110 1514 2146 attendenda
1549 2112 1578 2145 in
1601 2112 1761 2146 constitu-

1016 2162 1100 2196 tione
1116 2162 1216 2208 ipsius
1236 2161 1378 2208 Gregorii
1401 2161 1631 2208 exprimuntur,
1654 2173 1760 2195 verum

1016 2211 1107 2245 etiam
1135 2219 1250 2246 statum
1282 2219 1312 2246 et
1346 2211 1561 2245 necessitatem
1599 2209 1761 2244 Ecclesiae

1016 2261 1181 2307 generalis,
1208 2268 1238 2295 et
1260 2260 1447 2307 populorum
1471 2258 1601 2293 salutem
1623 2258 1761 2304 diligen-

1017 2318 1062 2343 ter
1088 2309 1244 2350 attendat,
1271 2317 1302 2344 et
1329 2310 1382 2348 iis,
1410 2321 1490 2355 quos
1517 2307 1761 2354 suffragantibus

1019 2359 1136 2393 meritis
1162 2366 1193 2393 et
1214 2358 1418 2393 suadentibus
1446 2357 1690 2392 circumstantiis
1717 2358 1759 2391 vi-

1018 2408 1098 2442 derit
1121 2408 1157 2442 ad
1189 2408 1401 2454 magisterium
1437 2405 1682 2453 promovendos,
1717 2407 1763 2441 sic

1020 2457 1127 2497 faveat,
1154 2456 1238 2505 quod
1272 2468 1417 2503 capacem
1452 2468 1580 2491 sensum
1607 2467 1623 2490 a
1654 2462 1761 2491 natura

1018 2507 1118 2541 sortiri
1154 2506 1190 2541 ad
1225 2506 1399 2553 profectum
1434 2505 1581 2541 scientiae
1604 2505 1763 2553 proposito

1019 2556 1167 2591 studiosis
1193 2554 1383 2602 magistralis
1409 2554 1491 2589 tituli
1519 2553 1659 2602 praemio
1689 2567 1763 2602 pro-

1022 2614 1186 2645 vocentur,
1214 2613 1245 2640 et
1275 2604 1313 2639 ad
1346 2604 1629 2651 gubernaculorum
1650 2604 1763 2645 officia,

1020 2667 1100 2702 quae
1137 2655 1215 2689 intra
1248 2662 1386 2689 sanctam
1428 2653 1599 2689 Ecclesiam
1637 2654 1767 2702 saepius

1773 276 1824 301 Αη.
1841 274 1870 300 C.
1888 274 1954 300 tatis

1855 1280 1956 1303 facultat-

1773 1312 1902 1334 cant-ellarii.
