<?xml version="1.0" encoding="UTF-8"?>
<!DOCTYPE html PUBLIC "-//W3C//DTD XHTML 1.0 Transitional//EN"
    "http://www.w3.org/TR/xhtml1/DTD/xhtml1-transitional.dtd">
<html xmlns="http://www.w3.org/1999/xhtml" xml:lang="en" lang="en">
 <head>
  <title>
</title>
<meta http-equiv="Content-Type" content="text/html;charset=utf-8" />
  <meta name='ocr-system' content='tesseract 3.04.00' />
  <meta name='ocr-capabilities' content='ocr_page ocr_carea ocr_par ocr_line ocrx_word'/>
</head>
<body>
  <div class='ocr_page' id='page_1' title='image "./bullarumdiplomat03cath_0621.png"; bbox 0 0 2129 3223; ppageno 0'>
   <div class='ocr_carea' id='block_1_1' title="bbox 1633 283 1947 323">
    <p class='ocr_par' dir='ltr' id='par_1_1' title="bbox 1633 283 1947 323">
     <span class='ocr_line' id='line_1_1' title="bbox 1633 283 1947 323; baseline 0.025 -8"><span class='ocrx_word' id='word_1_1' title='bbox 1633 283 1703 316; x_wconf 78' lang='grc'>615</span> <span class='ocrx_word' id='word_1_2' title='bbox 1765 293 1814 320; x_wconf 75' lang='lat' dir='ltr'>An.</span> <span class='ocrx_word' id='word_1_3' title='bbox 1834 295 1862 320; x_wconf 89' lang='lat' dir='ltr'>c.</span> <span class='ocrx_word' id='word_1_4' title='bbox 1881 297 1947 323; x_wconf 69' lang='lat'>¹255</span> 
     </span>
    </p>
   </div>
   <div class='ocr_carea' id='block_1_2' title="bbox 1008 341 1947 442">
    <p class='ocr_par' dir='ltr' id='par_1_2' title="bbox 1008 341 1947 442">
     <span class='ocr_line' id='line_1_2' title="bbox 1061 341 1947 407; baseline 0.012 -31"><span class='ocrx_word' id='word_1_5' title='bbox 1061 341 1131 377; x_wconf 80' lang='lat' dir='ltr'>Eoo</span> <span class='ocrx_word' id='word_1_6' title='bbox 1149 342 1352 380; x_wconf 26' lang='lat' dir='ltr'>AtraxANnssn</span> <span class='ocrx_word' id='word_1_7' title='bbox 1392 347 1564 384; x_wconf 79' lang='lat' dir='ltr'>catholicae</span> <span class='ocrx_word' id='word_1_8' title='bbox 1591 348 1753 385; x_wconf 70' lang='lat' dir='ltr'>Ecclesiae</span> <span class='ocrx_word' id='word_1_9' title='bbox 1779 353 1891 407; x_wconf 48' lang='grc' dir='ltr'>Αδῐωβῑξῑῑ</span> <span class='ocrx_word' id='word_1_10' title='bbox 1909 356 1947 377; x_wconf 65' lang='grc' dir='ltr'>ΡΡ»</span> 
     </span>
     <span class='ocr_line' id='line_1_3' title="bbox 1008 392 1892 442; baseline 0.015 -18"><span class='ocrx_word' id='word_1_11' title='bbox 1008 395 1176 442; x_wconf 77' lang='lat' dir='ltr'>episcopus</span> <span class='ocrx_word' id='word_1_12' title='bbox 1198 392 1387 442; x_wconf 76' lang='lat' dir='ltr'><strong>subscripsi.</strong></span> <span class='ocrx_word' id='word_1_13' title='bbox 1766 392 1790 406; x_wconf 63' lang='grc' dir='ltr'><strong><em>Ν</em></strong></span> <span class='ocrx_word' id='word_1_14' title='bbox 1806 392 1860 413; x_wconf 56' lang='grc' dir='ltr'>’ΠΨ</span> <span class='ocrx_word' id='word_1_15' title='bbox 1874 394 1892 408; x_wconf 74' lang='lat'>&#39;⁰</span> 
     </span>
    </p>
   </div>
   <div class='ocr_carea' id='block_1_3' title="bbox 16 270 215 300">
    <p class='ocr_par' dir='ltr' id='par_1_3' title="bbox 16 270 215 300">
     <span class='ocr_line' id='line_1_4' title="bbox 16 270 215 300; baseline 0.03 -6"><span class='ocrx_word' id='word_1_16' title='bbox 16 270 84 300; x_wconf 66' lang='lat' dir='ltr'>vAta.</span> <span class='ocrx_word' id='word_1_17' title='bbox 103 270 129 298; x_wconf 89' lang='lat' dir='ltr'>C.</span> <span class='ocrx_word' id='word_1_18' title='bbox 149 273 215 300; x_wconf 64' lang='lat'>¹25³</span> 
     </span>
    </p>
   </div>
   <div class='ocr_carea' id='block_1_4' title="bbox 220 333 970 682">
    <p class='ocr_par' dir='ltr' id='par_1_4' title="bbox 220 333 970 682">
     <span class='ocr_line' id='line_1_5' title="bbox 229 333 970 385; baseline 0.015 -21"><span class='ocrx_word' id='word_1_19' title='bbox 229 341 298 366; x_wconf 85' lang='lat' dir='ltr'>nam</span> <span class='ocrx_word' id='word_1_20' title='bbox 326 344 379 367; x_wconf 87' lang='lat' dir='ltr'>sen</span> <span class='ocrx_word' id='word_1_21' title='bbox 409 333 521 368; x_wconf 78' lang='lat' dir='ltr'>furtum</span> <span class='ocrx_word' id='word_1_22' title='bbox 545 337 691 371; x_wconf 77' lang='lat' dir='ltr'>facere...</span> <span class='ocrx_word' id='word_1_23' title='bbox 720 350 887 385; x_wconf 84' lang='lat' dir='ltr'>apponere,</span> <span class='ocrx_word' id='word_1_24' title='bbox 901 352 970 375; x_wconf 87' lang='lat' dir='ltr'>san-</span> 
     </span>
     <span class='ocr_line' id='line_1_6' title="bbox 226 381 968 437; baseline 0.015 -23"><span class='ocrx_word' id='word_1_25' title='bbox 226 381 352 426; x_wconf 80' lang='lat' dir='ltr'>guinem</span> <span class='ocrx_word' id='word_1_26' title='bbox 374 382 513 423; x_wconf 79' lang='lat' dir='ltr'>fundere,</span> <span class='ocrx_word' id='word_1_27' title='bbox 532 384 689 421; x_wconf 86' lang='lat' dir='ltr'>hominem</span> <span class='ocrx_word' id='word_1_28' title='bbox 714 395 829 423; x_wconf 86' lang='lat' dir='ltr'>temere</span> <span class='ocrx_word' id='word_1_29' title='bbox 856 401 968 437; x_wconf 80' lang='lat' dir='ltr'>capere</span> 
     </span>
     <span class='ocr_line' id='line_1_7' title="bbox 225 429 968 474; baseline 0.015 -11"><span class='ocrx_word' id='word_1_30' title='bbox 225 429 270 464; x_wconf 86' lang='lat' dir='ltr'>vel</span> <span class='ocrx_word' id='word_1_31' title='bbox 294 431 478 474; x_wconf 82' lang='lat' dir='ltr'>interlicere,</span> <span class='ocrx_word' id='word_1_32' title='bbox 505 445 560 468; x_wconf 90' lang='lat' dir='ltr'>seu</span> <span class='ocrx_word' id='word_1_33' title='bbox 585 435 761 471; x_wconf 82' lang='lat' dir='ltr'>violentiam</span> <span class='ocrx_word' id='word_1_34' title='bbox 785 437 896 473; x_wconf 87' lang='lat' dir='ltr'>audeat</span> <span class='ocrx_word' id='word_1_35' title='bbox 919 451 968 474; x_wconf 83' lang='lat' dir='ltr'>ex-</span> 
     </span>
     <span class='ocr_line' id='line_1_8' title="bbox 223 485 968 527; baseline 0.015 -15"><span class='ocrx_word' id='word_1_36' title='bbox 223 490 340 520; x_wconf 79' lang='lat' dir='ltr'>ercere.;</span> <span class='ocrx_word' id='word_1_37' title='bbox 366 490 520 527; x_wconf 80' lang='lat' dir='ltr'>praeterea</span> <span class='ocrx_word' id='word_1_38' title='bbox 544 495 652 519; x_wconf 90' lang='lat' dir='ltr'>omnes</span> <span class='ocrx_word' id='word_1_39' title='bbox 678 485 835 522; x_wconf 75' lang='lat' dir='ltr'>libertates</span> <span class='ocrx_word' id='word_1_40' title='bbox 860 495 889 522; x_wconf 90' lang='lat' dir='ltr'>et</span> <span class='ocrx_word' id='word_1_41' title='bbox 913 489 968 522; x_wconf 90' lang='lat' dir='ltr'>im-</span> 
     </span>
     <span class='ocr_line' id='line_1_9' title="bbox 223 529 966 577; baseline 0.013 -15"><span class='ocrx_word' id='word_1_42' title='bbox 223 529 391 564; x_wconf 81' lang='lat' dir='ltr'>munitates</span> <span class='ocrx_word' id='word_1_43' title='bbox 410 542 425 565; x_wconf 93' lang='lat' dir='ltr'>a</span> <span class='ocrx_word' id='word_1_44' title='bbox 449 532 740 577; x_wconf 78' lang='lat' dir='ltr'>praedecessoribus</span> <span class='ocrx_word' id='word_1_45' title='bbox 768 538 883 572; x_wconf 89' lang='lat' dir='ltr'>nostris</span> <span class='ocrx_word' id='word_1_46' title='bbox 902 536 966 571; x_wconf 81' lang='lat' dir='ltr'>Ro-</span> 
     </span>
     <span class='ocr_line' id='line_1_10' title="bbox 222 577 964 621; baseline 0.015 -10"><span class='ocrx_word' id='word_1_47' title='bbox 222 579 322 613; x_wconf 86' lang='lat' dir='ltr'>manis</span> <span class='ocrx_word' id='word_1_48' title='bbox 345 577 550 616; x_wconf 79' lang='lat' dir='ltr'>Pontificibus</span> <span class='ocrx_word' id='word_1_49' title='bbox 573 584 761 618; x_wconf 84' lang='lat' dir='ltr'>monasterio</span> <span class='ocrx_word' id='word_1_50' title='bbox 778 593 880 621; x_wconf 90' lang='lat' dir='ltr'>vestro</span> <span class='ocrx_word' id='word_1_51' title='bbox 894 599 964 621; x_wconf 91' lang='lat' dir='ltr'>con-</span> 
     </span>
     <span class='ocr_line' id='line_1_11' title="bbox 220 631 965 682; baseline 0.013 -22"><span class='ocrx_word' id='word_1_52' title='bbox 220 637 334 672; x_wconf 80' lang='lat' dir='ltr'>cessas,</span> <span class='ocrx_word' id='word_1_53' title='bbox 361 641 482 665; x_wconf 83' lang='lat' dir='ltr'>necnon</span> <span class='ocrx_word' id='word_1_54' title='bbox 512 631 725 668; x_wconf 83' lang='lat' dir='ltr'>immunitates</span> <span class='ocrx_word' id='word_1_55' title='bbox 747 642 775 668; x_wconf 91' lang='lat' dir='ltr'>et</span> <span class='ocrx_word' id='word_1_56' title='bbox 795 636 965 682; x_wconf 80' lang='lat' dir='ltr'>exemptio-</span> 
     </span>
    </p>
   </div>
   <div class='ocr_carea' id='block_1_5' title="bbox 830 284 1151 309">
    <p class='ocr_par' dir='ltr' id='par_1_5' title="bbox 830 284 1151 309">
     <span class='ocr_line' id='line_1_12' title="bbox 830 284 1151 309; baseline 0.009 -3"><span class='ocrx_word' id='word_1_57' title='bbox 830 284 1024 306; x_wconf 68' lang='lat' dir='ltr'>ALEXANBER</span> <span class='ocrx_word' id='word_1_58' title='bbox 1050 286 1080 307; x_wconf 89' lang='lat' dir='ltr'>tv</span> <span class='ocrx_word' id='word_1_59' title='bbox 1104 286 1151 309; x_wconf 83' lang='grc' dir='ltr'>ΡΡ.</span> 
     </span>
    </p>
   </div>
   <div class='ocr_carea' id='block_1_6' title="bbox 1035 467 1723 881">
    <p class='ocr_par' dir='ltr' id='par_1_6' title="bbox 1035 467 1723 881">
     <span class='ocr_line' id='line_1_13' title="bbox 1035 467 1723 881; baseline 0 2342"><span class='ocrx_word' id='word_1_60' title='bbox 1035 467 1723 881; x_wconf 95' lang='lat' dir='ltr'> </span> 
     </span>
    </p>
   </div>
   <div class='ocr_carea' id='block_1_7' title="bbox 23 672 1941 962">
    <p class='ocr_par' dir='ltr' id='par_1_7' title="bbox 23 672 1941 962">
     <span class='ocr_line' id='line_1_14' title="bbox 1829 675 1889 694; baseline 0 0"><span class='ocrx_word' id='word_1_61' title='bbox 1829 676 1845 694; x_wconf 73' lang='grc' dir='ltr'>εἰ</span> <span class='ocrx_word' id='word_1_62' title='bbox 1870 675 1889 694; x_wconf 89' lang='grc' dir='ltr'>ΙΙ·</span> 
     </span>
     <span class='ocr_line' id='line_1_15' title="bbox 220 672 1918 731; baseline 0.014 -22"><span class='ocrx_word' id='word_1_63' title='bbox 220 687 276 710; x_wconf 91' lang='lat' dir='ltr'>nes</span> <span class='ocrx_word' id='word_1_64' title='bbox 309 678 514 714; x_wconf 83' lang='lat' dir='ltr'>saecularium</span> <span class='ocrx_word' id='word_1_65' title='bbox 554 682 753 717; x_wconf 76' lang='lat' dir='ltr'>exactionum</span> <span class='ocrx_word' id='word_1_66' title='bbox 789 696 804 717; x_wconf 93' lang='lat' dir='ltr'>a</span> <span class='ocrx_word' id='word_1_67' title='bbox 839 685 964 731; x_wconf 83' lang='lat' dir='ltr'>regibus</span> <span class='ocrx_word' id='word_1_68' title='bbox 1791 672 1815 694; x_wconf 48' lang='grc' dir='ltr'><strong>ᾖ</strong></span> <span class='ocrx_word' id='word_1_69' title='bbox 1849 682 1866 701; x_wconf 54' lang='lat'>³¹</span> <span class='ocrx_word' id='word_1_70' title='bbox 1888 681 1918 696; x_wconf 60' lang='lat' dir='ltr'><strong><em>m</em></strong></span> 
     </span>
     <span class='ocr_line' id='line_1_16' title="bbox 26 722 963 777; baseline 0.013 -21"><span class='ocrx_word' id='word_1_71' title='bbox 26 722 248 777; x_wconf 50' lang='grc' dir='ltr'>ζὲξξζζῗζξ’·ἑῗ“εῑ</span> <span class='ocrx_word' id='word_1_72' title='bbox 272 726 478 775; x_wconf 84' lang='lat' dir='ltr'>principibus,</span> <span class='ocrx_word' id='word_1_73' title='bbox 506 730 550 764; x_wconf 91' lang='lat' dir='ltr'>vel</span> <span class='ocrx_word' id='word_1_74' title='bbox 579 730 648 765; x_wconf 88' lang='lat' dir='ltr'>aliis</span> <span class='ocrx_word' id='word_1_75' title='bbox 687 732 832 767; x_wconf 75' lang='lat' dir='ltr'>fidelibus</span> <span class='ocrx_word' id='word_1_76' title='bbox 871 735 963 776; x_wconf 73' lang='lat' dir='ltr'>ratio-</span> 
     </span>
     <span class='ocr_line' id='line_1_17' title="bbox 24 763 960 824; baseline 0.013 -18"><span class='ocrx_word' id='word_1_77' title='bbox 24 771 145 807; x_wconf 68' lang='lat' dir='ltr'>eoum-mu*</span> <span class='ocrx_word' id='word_1_78' title='bbox 172 763 361 811; x_wconf 69' lang='lat' dir='ltr'>oi-&#39;nabiliter</span> <span class='ocrx_word' id='word_1_79' title='bbox 388 777 475 813; x_wconf 67' lang='lat' dir='ltr'>vobis</span> <span class='ocrx_word' id='word_1_80' title='bbox 497 778 642 824; x_wconf 73' lang='lat' dir='ltr'>indultas,</span> <span class='ocrx_word' id='word_1_81' title='bbox 664 780 834 816; x_wconf 72' lang='lat' dir='ltr'>libertatem</span> <span class='ocrx_word' id='word_1_82' title='bbox 870 780 960 824; x_wconf 63' lang='lat' dir='ltr'>etiam</span> 
     </span>
     <span class='ocr_line' id='line_1_18' title="bbox 23 816 961 868; baseline 0.014 -13"><span class='ocrx_word' id='word_1_83' title='bbox 23 816 76 837; x_wconf 78' lang='lat'>‘¹⁰⁰²&#39;</span> <span class='ocrx_word' id='word_1_84' title='bbox 217 831 249 858; x_wconf 91' lang='lat' dir='ltr'>et</span> <span class='ocrx_word' id='word_1_85' title='bbox 271 826 517 862; x_wconf 88' lang='lat' dir='ltr'>consuetudines</span> <span class='ocrx_word' id='word_1_86' title='bbox 537 841 552 862; x_wconf 88' lang='lat' dir='ltr'>a</span> <span class='ocrx_word' id='word_1_87' title='bbox 581 828 679 864; x_wconf 85' lang='lat' dir='ltr'>bonae</span> <span class='ocrx_word' id='word_1_88' title='bbox 702 832 871 867; x_wconf 78' lang='lat' dir='ltr'>memoriae</span> <span class='ocrx_word' id='word_1_89' title='bbox 894 833 961 868; x_wconf 84' lang='lat' dir='ltr'>Rai-</span> 
     </span>
     <span class='ocr_line' id='line_1_19' title="bbox 218 872 1940 962; baseline 0.015 -56"><span class='ocrx_word' id='word_1_90' title='bbox 218 872 310 909; x_wconf 87' lang='lat' dir='ltr'>naldo</span> <span class='ocrx_word' id='word_1_91' title='bbox 331 875 441 910; x_wconf 89' lang='lat' dir='ltr'>abbate</span> <span class='ocrx_word' id='word_1_92' title='bbox 463 877 613 924; x_wconf 71' lang='lat' dir='ltr'>praedicti</span> <span class='ocrx_word' id='word_1_93' title='bbox 640 878 823 915; x_wconf 86' lang='lat' dir='ltr'>Casinensis</span> <span class='ocrx_word' id='word_1_94' title='bbox 858 894 962 917; x_wconf 87' lang='lat' dir='ltr'>mona-</span> <span class='ocrx_word' id='word_1_95' title='bbox 1049 900 1114 948; x_wconf 74' lang='lat' dir='ltr'>Ego</span> <span class='ocrx_word' id='word_1_96' title='bbox 1140 901 1211 937; x_wconf 72' lang='lat' dir='ltr'>Odo</span> <span class='ocrx_word' id='word_1_97' title='bbox 1237 903 1436 940; x_wconf 57' lang='lat' dir='ltr'>Tusculanus</span> <span class='ocrx_word' id='word_1_98' title='bbox 1459 907 1630 953; x_wconf 59' lang='lat' dir='ltr'>episcopus</span> <span class='ocrx_word' id='word_1_99' title='bbox 1663 908 1747 942; x_wconf 57' lang='lat' dir='ltr'>suh„</span> <span class='ocrx_word' id='word_1_100' title='bbox 1774 910 1831 961; x_wconf 62' lang='lat' dir='ltr'>luds</span> <span class='ocrx_word' id='word_1_101' title='bbox 1848 911 1861 960; x_wconf 57' lang='lat' dir='ltr'>&#39;a</span> <span class='ocrx_word' id='word_1_102' title='bbox 1886 912 1940 962; x_wconf 30' lang='lat' dir='ltr'>etc-³1,</span> 
     </span>
     <span class='ocr_line' id='line_1_20' title="bbox 1106 946 1941 962; baseline 0.007 -6"><span class='ocrx_word' id='word_1_103' title='bbox 1106 952 1110 956; x_wconf 92' lang='lat'>.</span> <span class='ocrx_word' id='word_1_104' title='bbox 1760 946 1795 961; x_wconf 60' lang='grc' dir='ltr'>ΕΑΓ</span> <span class='ocrx_word' id='word_1_105' title='bbox 1812 947 1844 961; x_wconf 74' lang='lat' dir='ltr'>lnd</span> <span class='ocrx_word' id='word_1_106' title='bbox 1856 958 1859 961; x_wconf 70' lang='grc'>,</span> <span class='ocrx_word' id='word_1_107' title='bbox 1891 948 1913 962; x_wconf 66' lang='lat' dir='ltr'>SR</span> <span class='ocrx_word' id='word_1_108' title='bbox 1932 954 1941 957; x_wconf 81' lang='lat'><em>-</em></span> 
     </span>
    </p>
   </div>
   <div class='ocr_carea' id='block_1_8' title="bbox 216 923 1123 997">
    <p class='ocr_par' dir='ltr' id='par_1_8' title="bbox 216 923 1123 997">
     <span class='ocr_line' id='line_1_21' title="bbox 216 923 1123 997; baseline 0.018 -41"><span class='ocrx_word' id='word_1_109' title='bbox 216 923 314 968; x_wconf 82' lang='lat' dir='ltr'>sterii,</span> <span class='ocrx_word' id='word_1_110' title='bbox 338 935 408 960; x_wconf 92' lang='lat' dir='ltr'>cum</span> <span class='ocrx_word' id='word_1_111' title='bbox 431 937 560 961; x_wconf 84' lang='lat' dir='ltr'>assensu</span> <span class='ocrx_word' id='word_1_112' title='bbox 583 928 710 975; x_wconf 87' lang='lat' dir='ltr'>capituli</span> <span class='ocrx_word' id='word_1_113' title='bbox 742 931 788 964; x_wconf 91' lang='lat' dir='ltr'>sui</span> <span class='ocrx_word' id='word_1_114' title='bbox 827 932 960 966; x_wconf 82' lang='lat' dir='ltr'>rationa-</span> <span class='ocrx_word' id='word_1_115' title='bbox 1000 951 1123 997; x_wconf 30' lang='lat' dir='ltr'>serim,-</span> 
     </span>
    </p>
   </div>
   <div class='ocr_carea' id='block_1_9' title="bbox 1759 973 1892 999">
    <p class='ocr_par' dir='ltr' id='par_1_9' title="bbox 1759 973 1892 999">
     <span class='ocr_line' id='line_1_22' title="bbox 1759 973 1892 999; baseline 0 -7"><span class='ocrx_word' id='word_1_116' title='bbox 1759 973 1892 999; x_wconf 47' lang='lat' dir='ltr'>scriptiones.</span> 
     </span>
    </p>
   </div>
   <div class='ocr_carea' id='block_1_10' title="bbox 202 965 959 2265">
    <p class='ocr_par' dir='ltr' id='par_1_10' title="bbox 202 965 959 2265">
     <span class='ocr_line' id='line_1_23' title="bbox 216 965 959 1015; baseline 0.013 -10"><span class='ocrx_word' id='word_1_117' title='bbox 216 965 319 1008; x_wconf 82' lang='lat' dir='ltr'>biliter</span> <span class='ocrx_word' id='word_1_118' title='bbox 353 973 440 1009; x_wconf 85' lang='lat' dir='ltr'>vobis</span> <span class='ocrx_word' id='word_1_119' title='bbox 465 987 631 1011; x_wconf 87' lang='lat' dir='ltr'>concessas</span> <span class='ocrx_word' id='word_1_120' title='bbox 658 985 687 1012; x_wconf 90' lang='lat' dir='ltr'>et</span> <span class='ocrx_word' id='word_1_121' title='bbox 720 979 868 1014; x_wconf 83' lang='lat' dir='ltr'>hactenns</span> <span class='ocrx_word' id='word_1_122' title='bbox 902 981 959 1015; x_wconf 90' lang='lat' dir='ltr'>ob-</span> 
     </span>
     <span class='ocr_line' id='line_1_24' title="bbox 214 1024 957 1067; baseline 0.015 -13"><span class='ocrx_word' id='word_1_123' title='bbox 214 1030 361 1067; x_wconf 82' lang='lat' dir='ltr'>servatas,</span> <span class='ocrx_word' id='word_1_124' title='bbox 389 1024 476 1059; x_wconf 83' lang='lat' dir='ltr'>vobis</span> <span class='ocrx_word' id='word_1_125' title='bbox 487 1033 517 1060; x_wconf 91' lang='lat' dir='ltr'>et</span> <span class='ocrx_word' id='word_1_126' title='bbox 533 1027 722 1062; x_wconf 87' lang='lat' dir='ltr'>monasterio</span> <span class='ocrx_word' id='word_1_127' title='bbox 734 1037 835 1063; x_wconf 83' lang='lat' dir='ltr'>vestro</span> <span class='ocrx_word' id='word_1_128' title='bbox 849 1038 957 1064; x_wconf 89' lang='lat' dir='ltr'>aucto-</span> 
     </span>
     <span class='ocr_line' id='line_1_25' title="bbox 215 1070 957 1124; baseline 0.015 -21"><span class='ocrx_word' id='word_1_129' title='bbox 215 1070 304 1106; x_wconf 85' lang='lat' dir='ltr'>ritate</span> <span class='ocrx_word' id='word_1_130' title='bbox 317 1072 485 1119; x_wconf 85' lang='lat' dir='ltr'>apostolica</span> <span class='ocrx_word' id='word_1_131' title='bbox 502 1074 706 1110; x_wconf 87' lang='lat' dir='ltr'>nihilominus</span> <span class='ocrx_word' id='word_1_132' title='bbox 724 1078 957 1124; x_wconf 71' lang='lat' dir='ltr'>confirmamus,</span> 
     </span>
     <span class='ocr_line' id='line_1_26' title="bbox 213 1123 958 1172; baseline 0.013 -19"><span class='ocrx_word' id='word_1_133' title='bbox 213 1126 243 1153; x_wconf 81' lang='lat' dir='ltr'>et</span> <span class='ocrx_word' id='word_1_134' title='bbox 271 1123 443 1166; x_wconf 83' lang='lat' dir='ltr'>praesentis</span> <span class='ocrx_word' id='word_1_135' title='bbox 464 1124 570 1172; x_wconf 88' lang='lat' dir='ltr'>scripti</span> <span class='ocrx_word' id='word_1_136' title='bbox 593 1125 753 1172; x_wconf 76' lang='lat' dir='ltr'>privilegio</span> <span class='ocrx_word' id='word_1_137' title='bbox 779 1130 958 1163; x_wconf 89' lang='lat' dir='ltr'>communi-</span> 
     </span>
     <span class='ocr_line' id='line_1_27' title="bbox 212 1170 957 1220; baseline 0.013 -18"><span class='ocrx_word' id='word_1_138' title='bbox 212 1180 294 1204; x_wconf 88' lang='lat' dir='ltr'>mus.</span> <span class='ocrx_word' id='word_1_139' title='bbox 318 1170 524 1208; x_wconf 86' lang='lat' dir='ltr'>Decernimus</span> <span class='ocrx_word' id='word_1_140' title='bbox 545 1186 632 1220; x_wconf 74' lang='lat' dir='ltr'>ergo,</span> <span class='ocrx_word' id='word_1_141' title='bbox 661 1183 692 1210; x_wconf 84' lang='lat' dir='ltr'>ut</span> <span class='ocrx_word' id='word_1_142' title='bbox 720 1176 796 1210; x_wconf 92' lang='lat' dir='ltr'>nulli</span> <span class='ocrx_word' id='word_1_143' title='bbox 827 1178 957 1213; x_wconf 89' lang='lat' dir='ltr'>omnino</span> 
     </span>
     <span class='ocr_line' id='line_1_28' title="bbox 213 1217 955 1270; baseline 0.015 -19"><span class='ocrx_word' id='word_1_144' title='bbox 213 1217 375 1255; x_wconf 89' lang='lat' dir='ltr'>bominum</span> <span class='ocrx_word' id='word_1_145' title='bbox 408 1220 498 1256; x_wconf 87' lang='lat' dir='ltr'>liceat</span> <span class='ocrx_word' id='word_1_146' title='bbox 535 1224 705 1270; x_wconf 78' lang='lat' dir='ltr'>praefatum</span> <span class='ocrx_word' id='word_1_147' title='bbox 734 1228 955 1262; x_wconf 90' lang='lat' dir='ltr'>monasterium</span> 
     </span>
     <span class='ocr_line' id='line_1_29' title="bbox 213 1270 956 1321; baseline 0.015 -21"><span class='ocrx_word' id='word_1_148' title='bbox 213 1274 328 1303; x_wconf 87' lang='lat' dir='ltr'>temere</span> <span class='ocrx_word' id='word_1_149' title='bbox 356 1270 548 1317; x_wconf 76' lang='lat' dir='ltr'>perturbare,</span> <span class='ocrx_word' id='word_1_150' title='bbox 571 1281 622 1307; x_wconf 89' lang='lat' dir='ltr'>aut</span> <span class='ocrx_word' id='word_1_151' title='bbox 643 1274 710 1308; x_wconf 88' lang='lat' dir='ltr'>eius</span> <span class='ocrx_word' id='word_1_152' title='bbox 742 1277 956 1321; x_wconf 89' lang='lat' dir='ltr'>possessiones</span> 
     </span>
     <span class='ocr_line' id='line_1_30' title="bbox 212 1316 954 1368; baseline 0.013 -18"><span class='ocrx_word' id='word_1_153' title='bbox 212 1316 428 1364; x_wconf 42' lang='lat' dir='ltr'>auferresvel</span> <span class='ocrx_word' id='word_1_154' title='bbox 450 1320 568 1356; x_wconf 89' lang='lat' dir='ltr'>ablatas</span> <span class='ocrx_word' id='word_1_155' title='bbox 603 1323 751 1367; x_wconf 75' lang='lat' dir='ltr'>retinere,</span> <span class='ocrx_word' id='word_1_156' title='bbox 790 1325 954 1368; x_wconf 75' lang='lat' dir='ltr'>minuere,</span> 
     </span>
     <span class='ocr_line' id='line_1_31' title="bbox 211 1367 952 1420; baseline 0.015 -21"><span class='ocrx_word' id='word_1_157' title='bbox 211 1377 266 1400; x_wconf 89' lang='lat' dir='ltr'>seu</span> <span class='ocrx_word' id='word_1_158' title='bbox 288 1367 480 1414; x_wconf 77' lang='lat' dir='ltr'>quibuslibet</span> <span class='ocrx_word' id='word_1_159' title='bbox 502 1371 718 1407; x_wconf 86' lang='lat' dir='ltr'>vexationibus</span> <span class='ocrx_word' id='word_1_160' title='bbox 739 1373 879 1420; x_wconf 76' lang='lat' dir='ltr'>fatigare,</span> <span class='ocrx_word' id='word_1_161' title='bbox 898 1375 952 1410; x_wconf 87' lang='lat' dir='ltr'>sed</span> 
     </span>
     <span class='ocr_line' id='line_1_32' title="bbox 210 1415 953 1470; baseline 0.015 -22"><span class='ocrx_word' id='word_1_162' title='bbox 210 1415 313 1451; x_wconf 83' lang='lat' dir='ltr'>omnia</span> <span class='ocrx_word' id='word_1_163' title='bbox 341 1416 459 1464; x_wconf 82' lang='lat' dir='ltr'>integra</span> <span class='ocrx_word' id='word_1_164' title='bbox 486 1430 711 1456; x_wconf 73' lang='lat' dir='ltr'>conserventur</span> <span class='ocrx_word' id='word_1_165' title='bbox 733 1433 864 1468; x_wconf 76' lang='lat' dir='ltr'>eorum,</span> <span class='ocrx_word' id='word_1_166' title='bbox 899 1436 953 1470; x_wconf 90' lang='lat' dir='ltr'>pro</span> 
     </span>
     <span class='ocr_line' id='line_1_33' title="bbox 209 1467 952 1513; baseline 0.013 -15"><span class='ocrx_word' id='word_1_167' title='bbox 209 1475 344 1510; x_wconf 86' lang='lat' dir='ltr'>quorum</span> <span class='ocrx_word' id='word_1_168' title='bbox 375 1467 601 1513; x_wconf 80' lang='lat' dir='ltr'>gubernatione</span> <span class='ocrx_word' id='word_1_169' title='bbox 634 1483 669 1505; x_wconf 86' lang='lat' dir='ltr'>ac</span> <span class='ocrx_word' id='word_1_170' title='bbox 704 1471 952 1508; x_wconf 72' lang='lat' dir='ltr'>substentatione</span> 
     </span>
     <span class='ocr_line' id='line_1_34' title="bbox 208 1518 953 1569; baseline 0.013 -22"><span class='ocrx_word' id='word_1_171' title='bbox 208 1524 356 1550; x_wconf 88' lang='lat' dir='ltr'>concessa</span> <span class='ocrx_word' id='word_1_172' title='bbox 375 1524 459 1560; x_wconf 85' lang='lat' dir='ltr'>sunt,</span> <span class='ocrx_word' id='word_1_173' title='bbox 482 1518 590 1554; x_wconf 84' lang='lat' dir='ltr'>usibus</span> <span class='ocrx_word' id='word_1_174' title='bbox 619 1520 810 1556; x_wconf 85' lang='lat' dir='ltr'>omnimodis</span> <span class='ocrx_word' id='word_1_175' title='bbox 849 1522 953 1569; x_wconf 82' lang='lat' dir='ltr'>profu-</span> 
     </span>
     <span class='ocr_line' id='line_1_35' title="bbox 209 1564 950 1615; baseline 0.013 -18"><span class='ocrx_word' id='word_1_176' title='bbox 209 1571 287 1603; x_wconf 79' lang='lat' dir='ltr'>tura,</span> <span class='ocrx_word' id='word_1_177' title='bbox 309 1564 391 1600; x_wconf 87' lang='lat' dir='ltr'>salva</span> <span class='ocrx_word' id='word_1_178' title='bbox 417 1565 509 1602; x_wconf 88' lang='lat' dir='ltr'>Sedis</span> <span class='ocrx_word' id='word_1_179' title='bbox 534 1567 732 1615; x_wconf 86' lang='lat' dir='ltr'>Apostolicae</span> <span class='ocrx_word' id='word_1_180' title='bbox 759 1572 950 1613; x_wconf 85' lang='lat' dir='ltr'>auctoritate,</span> 
     </span>
     <span class='ocr_line' id='line_1_36' title="bbox 207 1612 951 1655; baseline 0.015 -10"><span class='ocrx_word' id='word_1_181' title='bbox 207 1619 236 1645; x_wconf 89' lang='lat' dir='ltr'>et</span> <span class='ocrx_word' id='word_1_182' title='bbox 264 1612 293 1646; x_wconf 93' lang='lat' dir='ltr'>in</span> <span class='ocrx_word' id='word_1_183' title='bbox 316 1614 464 1650; x_wconf 86' lang='lat' dir='ltr'>omnibus</span> <span class='ocrx_word' id='word_1_184' title='bbox 486 1616 553 1651; x_wconf 88' lang='lat' dir='ltr'>iure</span> <span class='ocrx_word' id='word_1_185' title='bbox 581 1626 610 1652; x_wconf 87' lang='lat' dir='ltr'>et</span> <span class='ocrx_word' id='word_1_186' title='bbox 637 1620 807 1654; x_wconf 84' lang='lat' dir='ltr'>reverentia</span> <span class='ocrx_word' id='word_1_187' title='bbox 845 1633 951 1655; x_wconf 88' lang='lat' dir='ltr'>mona-</span> 
     </span>
     <span class='ocr_line' id='line_1_37' title="bbox 206 1661 950 1714; baseline 0.015 -20"><span class='ocrx_word' id='word_1_188' title='bbox 206 1662 291 1695; x_wconf 85' lang='lat' dir='ltr'>sterii</span> <span class='ocrx_word' id='word_1_189' title='bbox 313 1661 492 1710; x_wconf 85' lang='lat' dir='ltr'>Cassinen.,</span> <span class='ocrx_word' id='word_1_190' title='bbox 518 1674 549 1700; x_wconf 91' lang='lat' dir='ltr'>et</span> <span class='ocrx_word' id='word_1_191' title='bbox 571 1667 600 1701; x_wconf 89' lang='lat' dir='ltr'>in</span> <span class='ocrx_word' id='word_1_192' title='bbox 625 1668 789 1714; x_wconf 86' lang='lat' dir='ltr'>praedictis</span> <span class='ocrx_word' id='word_1_193' title='bbox 821 1669 950 1706; x_wconf 78' lang='lat' dir='ltr'>decimis</span> 
     </span>
     <span class='ocr_line' id='line_1_38' title="bbox 207 1711 948 1766; baseline 0.015 -22"><span class='ocrx_word' id='word_1_194' title='bbox 207 1711 418 1749; x_wconf 81' lang='lat' dir='ltr'>moderatione</span> <span class='ocrx_word' id='word_1_195' title='bbox 458 1716 580 1750; x_wconf 89' lang='lat' dir='ltr'>concilii</span> <span class='ocrx_word' id='word_1_196' title='bbox 615 1717 778 1762; x_wconf 74' lang='lat' dir='ltr'>generalis.</span> <span class='ocrx_word' id='word_1_197' title='bbox 819 1718 852 1754; x_wconf 88' lang='lat' dir='ltr'>Si</span> <span class='ocrx_word' id='word_1_198' title='bbox 889 1733 948 1766; x_wconf 85' lang='lat' dir='ltr'>qua</span> 
     </span>
     <span class='ocr_line' id='line_1_39' title="bbox 204 1759 948 1811; baseline 0.013 -18"><span class='ocrx_word' id='word_1_199' title='bbox 204 1759 299 1804; x_wconf 81' lang='lat' dir='ltr'>igitur</span> <span class='ocrx_word' id='word_1_200' title='bbox 319 1761 349 1796; x_wconf 93' lang='lat' dir='ltr'>in</span> <span class='ocrx_word' id='word_1_201' title='bbox 376 1762 514 1798; x_wconf 82' lang='lat' dir='ltr'>futurum</span> <span class='ocrx_word' id='word_1_202' title='bbox 554 1766 774 1811; x_wconf 79' lang='lat' dir='ltr'>ecclesiastica,</span> <span class='ocrx_word' id='word_1_203' title='bbox 808 1770 948 1803; x_wconf 84' lang='lat' dir='ltr'>saecula-</span> 
     </span>
     <span class='ocr_line' id='line_1_40' title="bbox 205 1808 948 1857; baseline 0.013 -15"><span class='ocrx_word' id='word_1_204' title='bbox 205 1808 285 1844; x_wconf 87' lang='lat' dir='ltr'>risve</span> <span class='ocrx_word' id='word_1_205' title='bbox 314 1823 446 1857; x_wconf 86' lang='lat' dir='ltr'>persona</span> <span class='ocrx_word' id='word_1_206' title='bbox 468 1813 547 1847; x_wconf 79' lang='lat' dir='ltr'>hanc</span> <span class='ocrx_word' id='word_1_207' title='bbox 566 1823 688 1849; x_wconf 78' lang='lat' dir='ltr'>nostrae</span> <span class='ocrx_word' id='word_1_208' title='bbox 717 1817 948 1852; x_wconf 80' lang='lat' dir='ltr'>constitutionis</span> 
     </span>
     <span class='ocr_line' id='line_1_41' title="bbox 206 1857 947 1904; baseline 0.013 -12"><span class='ocrx_word' id='word_1_209' title='bbox 206 1857 351 1904; x_wconf 85' lang='lat' dir='ltr'>paginam</span> <span class='ocrx_word' id='word_1_210' title='bbox 377 1862 492 1902; x_wconf 83' lang='lat' dir='ltr'>sciens,</span> <span class='ocrx_word' id='word_1_211' title='bbox 515 1871 619 1897; x_wconf 86' lang='lat' dir='ltr'>contra</span> <span class='ocrx_word' id='word_1_212' title='bbox 648 1876 713 1898; x_wconf 89' lang='lat' dir='ltr'>eam</span> <span class='ocrx_word' id='word_1_213' title='bbox 745 1873 860 1900; x_wconf 88' lang='lat' dir='ltr'>temere</span> <span class='ocrx_word' id='word_1_214' title='bbox 897 1880 947 1902; x_wconf 71' lang='lat' dir='ltr'>ve-</span> 
     </span>
     <span class='ocr_line' id='line_1_42' title="bbox 204 1906 947 1956; baseline 0.016 -17"><span class='ocrx_word' id='word_1_215' title='bbox 204 1906 272 1942; x_wconf 91' lang='lat' dir='ltr'>nire</span> <span class='ocrx_word' id='word_1_216' title='bbox 293 1911 498 1956; x_wconf 77' lang='lat' dir='ltr'>temptaverit,</span> <span class='ocrx_word' id='word_1_217' title='bbox 521 1912 660 1947; x_wconf 88' lang='lat' dir='ltr'>secundo</span> <span class='ocrx_word' id='word_1_218' title='bbox 696 1915 824 1949; x_wconf 85' lang='lat' dir='ltr'>tertiove</span> <span class='ocrx_word' id='word_1_219' title='bbox 860 1928 947 1951; x_wconf 89' lang='lat' dir='ltr'>com-</span> 
     </span>
     <span class='ocr_line' id='line_1_43' title="bbox 205 1956 946 2010; baseline 0.013 -20"><span class='ocrx_word' id='word_1_220' title='bbox 205 1956 332 1997; x_wconf 83' lang='lat' dir='ltr'>monita,</span> <span class='ocrx_word' id='word_1_221' title='bbox 359 1959 417 1993; x_wconf 91' lang='lat' dir='ltr'>nisi</span> <span class='ocrx_word' id='word_1_222' title='bbox 446 1969 564 1994; x_wconf 88' lang='lat' dir='ltr'>reatum</span> <span class='ocrx_word' id='word_1_223' title='bbox 596 1974 690 1996; x_wconf 87' lang='lat' dir='ltr'>sunm</span> <span class='ocrx_word' id='word_1_224' title='bbox 726 1975 862 2010; x_wconf 84' lang='lat' dir='ltr'>congrua</span> <span class='ocrx_word' id='word_1_225' title='bbox 897 1979 946 2000; x_wconf 91' lang='lat' dir='ltr'>sa-</span> 
     </span>
     <span class='ocr_line' id='line_1_44' title="bbox 204 2004 945 2057; baseline 0.015 -19"><span class='ocrx_word' id='word_1_226' title='bbox 204 2004 376 2042; x_wconf 82' lang='lat' dir='ltr'>tisfactione</span> <span class='ocrx_word' id='word_1_227' title='bbox 397 2010 575 2054; x_wconf 78' lang='lat' dir='ltr'>correxerit,</span> <span class='ocrx_word' id='word_1_228' title='bbox 607 2013 768 2057; x_wconf 87' lang='lat' dir='ltr'>potestatis</span> <span class='ocrx_word' id='word_1_229' title='bbox 800 2014 945 2049; x_wconf 77' lang='lat' dir='ltr'>lionoris-</span> 
     </span>
     <span class='ocr_line' id='line_1_45' title="bbox 204 2056 945 2110; baseline 0.013 -21"><span class='ocrx_word' id='word_1_230' title='bbox 204 2065 265 2101; x_wconf 84' lang='lat' dir='ltr'>que</span> <span class='ocrx_word' id='word_1_231' title='bbox 285 2056 333 2090; x_wconf 90' lang='lat' dir='ltr'>sui</span> <span class='ocrx_word' id='word_1_232' title='bbox 355 2066 455 2092; x_wconf 88' lang='lat' dir='ltr'>careat</span> <span class='ocrx_word' id='word_1_233' title='bbox 473 2058 632 2105; x_wconf 72' lang='lat' dir='ltr'>dignitate,</span> <span class='ocrx_word' id='word_1_234' title='bbox 655 2073 801 2110; x_wconf 81' lang='lat' dir='ltr'>reamque</span> <span class='ocrx_word' id='word_1_235' title='bbox 830 2075 863 2097; x_wconf 92' lang='lat' dir='ltr'>se</span> <span class='ocrx_word' id='word_1_236' title='bbox 896 2065 945 2099; x_wconf 91' lang='lat' dir='ltr'>di-</span> 
     </span>
     <span class='ocr_line' id='line_1_46' title="bbox 203 2107 943 2162; baseline 0.016 -21"><span class='ocrx_word' id='word_1_237' title='bbox 203 2107 275 2144; x_wconf 87' lang='lat' dir='ltr'>vino</span> <span class='ocrx_word' id='word_1_238' title='bbox 296 2109 411 2146; x_wconf 88' lang='lat' dir='ltr'>iudicio</span> <span class='ocrx_word' id='word_1_239' title='bbox 432 2112 566 2147; x_wconf 86' lang='lat' dir='ltr'>existere</span> <span class='ocrx_word' id='word_1_240' title='bbox 596 2113 634 2148; x_wconf 93' lang='lat' dir='ltr'>de</span> <span class='ocrx_word' id='word_1_241' title='bbox 668 2124 842 2162; x_wconf 86' lang='lat' dir='ltr'>perpetrata</span> <span class='ocrx_word' id='word_1_242' title='bbox 878 2114 943 2152; x_wconf 86' lang='lat' dir='ltr'>ini-</span> 
     </span>
     <span class='ocr_line' id='line_1_47' title="bbox 202 2163 944 2211; baseline 0.015 -15"><span class='ocrx_word' id='word_1_243' title='bbox 202 2163 320 2208; x_wconf 88' lang='lat' dir='ltr'>quitate</span> <span class='ocrx_word' id='word_1_244' title='bbox 339 2174 518 2211; x_wconf 82' lang='lat' dir='ltr'>cognoscat,</span> <span class='ocrx_word' id='word_1_245' title='bbox 540 2175 569 2201; x_wconf 90' lang='lat' dir='ltr'>et</span> <span class='ocrx_word' id='word_1_246' title='bbox 591 2179 607 2202; x_wconf 87' lang='lat' dir='ltr'>a</span> <span class='ocrx_word' id='word_1_247' title='bbox 627 2167 844 2205; x_wconf 86' lang='lat' dir='ltr'>Sacratissimo</span> <span class='ocrx_word' id='word_1_248' title='bbox 869 2171 944 2207; x_wconf 86' lang='lat' dir='ltr'>Cor-</span> 
     </span>
     <span class='ocr_line' id='line_1_48' title="bbox 203 2217 942 2265; baseline 0.014 -15"><span class='ocrx_word' id='word_1_249' title='bbox 203 2227 277 2262; x_wconf 88' lang='lat' dir='ltr'>pore</span> <span class='ocrx_word' id='word_1_250' title='bbox 297 2226 328 2253; x_wconf 89' lang='lat' dir='ltr'>et</span> <span class='ocrx_word' id='word_1_251' title='bbox 350 2217 509 2265; x_wconf 82' lang='lat' dir='ltr'>Sanguine</span> <span class='ocrx_word' id='word_1_252' title='bbox 531 2219 586 2254; x_wconf 90' lang='lat' dir='ltr'>Dei</span> <span class='ocrx_word' id='word_1_253' title='bbox 609 2229 639 2256; x_wconf 86' lang='lat' dir='ltr'>et</span> <span class='ocrx_word' id='word_1_254' title='bbox 659 2221 784 2257; x_wconf 86' lang='lat' dir='ltr'>Domini</span> <span class='ocrx_word' id='word_1_255' title='bbox 811 2223 942 2260; x_wconf 81' lang='lat' dir='ltr'>Redem—</span> 
     </span>
    </p>
   </div>
   <div class='ocr_carea' id='block_1_11' title="bbox 202 2271 963 2318">
    <p class='ocr_par' dir='ltr' id='par_1_11' title="bbox 202 2271 963 2318">
     <span class='ocr_line' id='line_1_49' title="bbox 202 2271 963 2318; baseline 0.013 -14"><span class='ocrx_word' id='word_1_256' title='bbox 202 2271 299 2316; x_wconf 88' lang='lat' dir='ltr'>ptoris</span> <span class='ocrx_word' id='word_1_257' title='bbox 320 2273 415 2307; x_wconf 86' lang='lat' dir='ltr'>nostri</span> <span class='ocrx_word' id='word_1_258' title='bbox 442 2272 512 2308; x_wconf 87' lang='lat' dir='ltr'>Iesu</span> <span class='ocrx_word' id='word_1_259' title='bbox 535 2273 650 2309; x_wconf 88' lang='lat' dir='ltr'>Christi</span> <span class='ocrx_word' id='word_1_260' title='bbox 679 2275 778 2311; x_wconf 86' lang='lat' dir='ltr'>aliena</span> <span class='ocrx_word' id='word_1_261' title='bbox 810 2277 875 2318; x_wconf 76' lang='lat' dir='ltr'>fiat,</span> <span class='ocrx_word' id='word_1_262' title='bbox 900 2273 963 2314; x_wconf 48' lang='lat' dir='ltr'>at-‘</span> 
     </span>
    </p>
   </div>
   <div class='ocr_carea' id='block_1_12' title="bbox 199 2325 940 2688">
    <p class='ocr_par' dir='ltr' id='par_1_12' title="bbox 199 2325 940 2688">
     <span class='ocr_line' id='line_1_50' title="bbox 201 2325 940 2369; baseline 0.012 -10"><span class='ocrx_word' id='word_1_263' title='bbox 201 2335 262 2369; x_wconf 89' lang='lat' dir='ltr'>que</span> <span class='ocrx_word' id='word_1_264' title='bbox 287 2325 318 2359; x_wconf 89' lang='lat' dir='ltr'>in</span> <span class='ocrx_word' id='word_1_265' title='bbox 344 2334 484 2361; x_wconf 86' lang='lat' dir='ltr'>extremo</span> <span class='ocrx_word' id='word_1_266' title='bbox 505 2328 648 2363; x_wconf 77' lang='lat' dir='ltr'>examine</span> <span class='ocrx_word' id='word_1_267' title='bbox 673 2329 830 2366; x_wconf 87' lang='lat' dir='ltr'>districtae</span> <span class='ocrx_word' id='word_1_268' title='bbox 863 2333 940 2367; x_wconf 86' lang='lat' dir='ltr'>sub-</span> 
     </span>
     <span class='ocr_line' id='line_1_51' title="bbox 202 2377 939 2421; baseline 0.012 -9"><span class='ocrx_word' id='word_1_269' title='bbox 202 2377 297 2413; x_wconf 83' lang='lat' dir='ltr'>iaceat</span> <span class='ocrx_word' id='word_1_270' title='bbox 318 2379 438 2415; x_wconf 88' lang='lat' dir='ltr'>ultioni.</span> <span class='ocrx_word' id='word_1_271' title='bbox 462 2381 593 2416; x_wconf 89' lang='lat' dir='ltr'>Cunctis</span> <span class='ocrx_word' id='word_1_272' title='bbox 613 2390 715 2417; x_wconf 89' lang='lat' dir='ltr'>autem</span> <span class='ocrx_word' id='word_1_273' title='bbox 737 2384 839 2419; x_wconf 89' lang='lat' dir='ltr'>eidem</span> <span class='ocrx_word' id='word_1_274' title='bbox 871 2385 939 2421; x_wconf 91' lang='lat' dir='ltr'>loco</span> 
     </span>
     <span class='ocr_line' id='line_1_52' title="bbox 201 2432 939 2482; baseline 0.012 -17"><span class='ocrx_word' id='word_1_275' title='bbox 201 2442 256 2466; x_wconf 83' lang='lat' dir='ltr'>sua</span> <span class='ocrx_word' id='word_1_276' title='bbox 279 2432 346 2468; x_wconf 88' lang='lat' dir='ltr'>iura</span> <span class='ocrx_word' id='word_1_277' title='bbox 368 2435 562 2469; x_wconf 83' lang='lat' dir='ltr'>servantibus</span> <span class='ocrx_word' id='word_1_278' title='bbox 582 2436 621 2470; x_wconf 90' lang='lat' dir='ltr'>sit</span> <span class='ocrx_word' id='word_1_279' title='bbox 643 2448 699 2482; x_wconf 78' lang='lat' dir='ltr'>pax</span> <span class='ocrx_word' id='word_1_280' title='bbox 727 2437 852 2472; x_wconf 90' lang='lat' dir='ltr'>Domini</span> <span class='ocrx_word' id='word_1_281' title='bbox 876 2451 939 2474; x_wconf 91' lang='lat' dir='ltr'>no-</span> 
     </span>
     <span class='ocr_line' id='line_1_53' title="bbox 201 2485 938 2536; baseline 0.012 -16"><span class='ocrx_word' id='word_1_282' title='bbox 201 2485 255 2520; x_wconf 80' lang='lat' dir='ltr'>stri</span> <span class='ocrx_word' id='word_1_283' title='bbox 276 2485 345 2523; x_wconf 92' lang='lat' dir='ltr'>Iesu</span> <span class='ocrx_word' id='word_1_284' title='bbox 362 2487 492 2533; x_wconf 74' lang='lat' dir='ltr'>Christi,</span> <span class='ocrx_word' id='word_1_285' title='bbox 514 2497 677 2536; x_wconf 82' lang='lat' dir='ltr'>quatenus,</span> <span class='ocrx_word' id='word_1_286' title='bbox 695 2498 725 2525; x_wconf 90' lang='lat' dir='ltr'>et</span> <span class='ocrx_word' id='word_1_287' title='bbox 741 2490 791 2527; x_wconf 87' lang='lat' dir='ltr'>hic</span> <span class='ocrx_word' id='word_1_288' title='bbox 804 2492 938 2529; x_wconf 88' lang='lat' dir='ltr'>fructum</span> 
     </span>
     <span class='ocr_line' id='line_1_54' title="bbox 200 2537 938 2593; baseline 0.014 -21"><span class='ocrx_word' id='word_1_289' title='bbox 200 2537 299 2574; x_wconf 87' lang='lat' dir='ltr'>bonae</span> <span class='ocrx_word' id='word_1_290' title='bbox 324 2541 452 2576; x_wconf 87' lang='lat' dir='ltr'>actionis</span> <span class='ocrx_word' id='word_1_291' title='bbox 486 2544 668 2591; x_wconf 79' lang='lat' dir='ltr'>percipiant,</span> <span class='ocrx_word' id='word_1_292' title='bbox 711 2553 740 2579; x_wconf 91' lang='lat' dir='ltr'>et</span> <span class='ocrx_word' id='word_1_293' title='bbox 773 2546 855 2593; x_wconf 90' lang='lat' dir='ltr'>apud</span> <span class='ocrx_word' id='word_1_294' title='bbox 889 2547 938 2582; x_wconf 92' lang='lat' dir='ltr'>di-</span> 
     </span>
     <span class='ocr_line' id='line_1_55' title="bbox 201 2592 938 2648; baseline 0.015 -22"><span class='ocrx_word' id='word_1_295' title='bbox 201 2592 343 2628; x_wconf 88' lang='lat' dir='ltr'>strictum</span> <span class='ocrx_word' id='word_1_296' title='bbox 364 2593 502 2630; x_wconf 91' lang='lat' dir='ltr'>Iudicem</span> <span class='ocrx_word' id='word_1_297' title='bbox 525 2598 661 2643; x_wconf 87' lang='lat' dir='ltr'>praemia</span> <span class='ocrx_word' id='word_1_298' title='bbox 683 2606 824 2634; x_wconf 81' lang='lat' dir='ltr'>aeternae</span> <span class='ocrx_word' id='word_1_299' title='bbox 854 2602 938 2648; x_wconf 86' lang='lat' dir='ltr'>pacis</span> 
     </span>
     <span class='ocr_line' id='line_1_56' title="bbox 199 2646 767 2688; baseline 0.014 -8"><span class='ocrx_word' id='word_1_300' title='bbox 199 2646 365 2682; x_wconf 60' lang='lat' dir='ltr'>inveniant.</span> <span class='ocrx_word' id='word_1_301' title='bbox 392 2649 504 2685; x_wconf 82' lang='lat' dir='ltr'>Amen.</span> <span class='ocrx_word' id='word_1_302' title='bbox 527 2652 639 2687; x_wconf 88' lang='lat' dir='ltr'>Amen.</span> <span class='ocrx_word' id='word_1_303' title='bbox 666 2652 767 2688; x_wconf 83' lang='lat' dir='ltr'>Amen</span> 
     </span>
    </p>
   </div>
   <div class='ocr_carea' id='block_1_13' title="bbox 961 1127 979 2343">
    <p class='ocr_par' dir='ltr' id='par_1_13' title="bbox 961 1127 979 2343">
     <span class='ocr_line' id='line_1_57' title="bbox 961 1127 979 2343; baseline 0 0"><span class='ocrx_word' id='word_1_304' title='bbox 961 1127 979 2343; x_wconf 95' lang='lat' dir='ltr'> </span> 
     </span>
    </p>
   </div>
   <div class='ocr_carea' id='block_1_14' title="bbox 997 1000 1746 1296">
    <p class='ocr_par' dir='ltr' id='par_1_14' title="bbox 999 1000 1746 1097">
     <span class='ocr_line' id='line_1_58' title="bbox 1048 1000 1746 1054; baseline 0.009 -19"><span class='ocrx_word' id='word_1_305' title='bbox 1048 1000 1114 1046; x_wconf 83' lang='lat' dir='ltr'>Ego</span> <span class='ocrx_word' id='word_1_306' title='bbox 1133 1000 1313 1049; x_wconf 87' lang='lat' dir='ltr'>Stephanus</span> <span class='ocrx_word' id='word_1_307' title='bbox 1331 1002 1556 1040; x_wconf 81' lang='lat' dir='ltr'>Praenestinus</span> <span class='ocrx_word' id='word_1_308' title='bbox 1577 1006 1746 1054; x_wconf 81' lang='lat' dir='ltr'>episcopus</span> 
     </span>
     <span class='ocr_line' id='line_1_59' title="bbox 999 1050 1182 1097; baseline 0.016 -15"><span class='ocrx_word' id='word_1_309' title='bbox 999 1050 1182 1097; x_wconf 86' lang='lat' dir='ltr'>subscripsi.</span> 
     </span>
    </p>

    <p class='ocr_par' dir='ltr' id='par_1_15' title="bbox 997 1099 1744 1243">
     <span class='ocr_line' id='line_1_60' title="bbox 1029 1099 1744 1145; baseline 0.01 -12"><span class='ocrx_word' id='word_1_310' title='bbox 1029 1099 1114 1145; x_wconf 77' lang='lat' dir='ltr'>&#39;Ego</span> <span class='ocrx_word' id='word_1_311' title='bbox 1137 1100 1230 1135; x_wconf 79' lang='lat' dir='ltr'>frater</span> <span class='ocrx_word' id='word_1_312' title='bbox 1254 1101 1386 1136; x_wconf 87' lang='lat' dir='ltr'>loannes</span> <span class='ocrx_word' id='word_1_313' title='bbox 1413 1103 1492 1137; x_wconf 86' lang='lat' dir='ltr'>tituli</span> <span class='ocrx_word' id='word_1_314' title='bbox 1527 1103 1632 1139; x_wconf 85' lang='lat' dir='ltr'>Sancti</span> <span class='ocrx_word' id='word_1_315' title='bbox 1661 1105 1744 1140; x_wconf 89' lang='lat' dir='ltr'>Lau-</span> 
     </span>
     <span class='ocr_line' id='line_1_61' title="bbox 1000 1149 1741 1199; baseline 0.011 -18"><span class='ocrx_word' id='word_1_316' title='bbox 1000 1150 1088 1182; x_wconf 88' lang='lat' dir='ltr'>rentii</span> <span class='ocrx_word' id='word_1_317' title='bbox 1117 1149 1146 1183; x_wconf 91' lang='lat' dir='ltr'>in</span> <span class='ocrx_word' id='word_1_318' title='bbox 1169 1150 1288 1186; x_wconf 82' lang='lat' dir='ltr'>Lucina</span> <span class='ocrx_word' id='word_1_319' title='bbox 1308 1152 1468 1199; x_wconf 81' lang='lat' dir='ltr'>presbyter</span> <span class='ocrx_word' id='word_1_320' title='bbox 1489 1153 1659 1189; x_wconf 88' lang='lat' dir='ltr'>cardinalis</span> <span class='ocrx_word' id='word_1_321' title='bbox 1673 1155 1741 1190; x_wconf 90' lang='lat' dir='ltr'>sub-</span> 
     </span>
     <span class='ocr_line' id='line_1_62' title="bbox 997 1198 1119 1243; baseline 0.016 -13"><span class='ocrx_word' id='word_1_322' title='bbox 997 1198 1119 1243; x_wconf 84' lang='lat' dir='ltr'>scripsi.</span> 
     </span>
    </p>

    <p class='ocr_par' dir='ltr' id='par_1_16' title="bbox 1046 1247 1741 1296">
     <span class='ocr_line' id='line_1_63' title="bbox 1046 1247 1741 1296; baseline 0.01 -15"><span class='ocrx_word' id='word_1_323' title='bbox 1046 1247 1113 1293; x_wconf 82' lang='lat' dir='ltr'>Ego</span> <span class='ocrx_word' id='word_1_324' title='bbox 1142 1247 1233 1283; x_wconf 81' lang='lat' dir='ltr'>frater</span> <span class='ocrx_word' id='word_1_325' title='bbox 1254 1249 1324 1296; x_wconf 84' lang='lat' dir='ltr'>Ugo</span> <span class='ocrx_word' id='word_1_326' title='bbox 1343 1250 1422 1284; x_wconf 89' lang='lat' dir='ltr'>tituli</span> <span class='ocrx_word' id='word_1_327' title='bbox 1445 1250 1578 1286; x_wconf 86' lang='lat' dir='ltr'>Sanctae</span> <span class='ocrx_word' id='word_1_328' title='bbox 1605 1252 1741 1289; x_wconf 82' lang='lat' dir='ltr'>Sabinae</span> 
     </span>
    </p>
   </div>
   <div class='ocr_carea' id='block_1_15' title="bbox 975 1297 1552 1347">
    <p class='ocr_par' dir='ltr' id='par_1_17' title="bbox 975 1297 1552 1347">
     <span class='ocr_line' id='line_1_64' title="bbox 975 1297 1552 1347; baseline 0.01 -18"><span class='ocrx_word' id='word_1_329' title='bbox 975 1310 976 1320; x_wconf 60' lang='lat' dir='ltr'>t</span> <span class='ocrx_word' id='word_1_330' title='bbox 997 1297 1156 1344; x_wconf 78' lang='lat' dir='ltr'>presbyter</span> <span class='ocrx_word' id='word_1_331' title='bbox 1177 1298 1342 1334; x_wconf 87' lang='lat' dir='ltr'>cardinalis</span> <span class='ocrx_word' id='word_1_332' title='bbox 1369 1299 1552 1347; x_wconf 87' lang='lat' dir='ltr'>subscripsi.</span> 
     </span>
    </p>
   </div>
   <div class='ocr_carea' id='block_1_16' title="bbox 986 1345 1740 1985">
    <p class='ocr_par' dir='ltr' id='par_1_18' title="bbox 994 1345 1740 1444">
     <span class='ocr_line' id='line_1_65' title="bbox 1044 1345 1740 1396; baseline 0.01 -16"><span class='ocrx_word' id='word_1_333' title='bbox 1044 1345 1111 1391; x_wconf 78' lang='lat' dir='ltr'>Ego</span> <span class='ocrx_word' id='word_1_334' title='bbox 1132 1346 1289 1383; x_wconf 84' lang='lat' dir='ltr'>Ricardus</span> <span class='ocrx_word' id='word_1_335' title='bbox 1310 1348 1417 1383; x_wconf 86' lang='lat' dir='ltr'>Sancti</span> <span class='ocrx_word' id='word_1_336' title='bbox 1440 1350 1552 1396; x_wconf 82' lang='lat' dir='ltr'>Angeti</span> <span class='ocrx_word' id='word_1_337' title='bbox 1589 1352 1740 1387; x_wconf 85' lang='lat' dir='ltr'>diaconus</span> 
     </span>
     <span class='ocr_line' id='line_1_66' title="bbox 994 1395 1370 1444; baseline 0.008 -16"><span class='ocrx_word' id='word_1_338' title='bbox 994 1395 1160 1429; x_wconf 86' lang='lat' dir='ltr'>cardinalis</span> <span class='ocrx_word' id='word_1_339' title='bbox 1185 1396 1370 1444; x_wconf 84' lang='lat' dir='ltr'>subscripsi.</span> 
     </span>
    </p>

    <p class='ocr_par' dir='ltr' id='par_1_19' title="bbox 994 1444 1736 1547">
     <span class='ocr_line' id='line_1_67' title="bbox 1041 1444 1736 1494; baseline 0.01 -16"><span class='ocrx_word' id='word_1_340' title='bbox 1041 1444 1110 1491; x_wconf 78' lang='lat' dir='ltr'>Ego</span> <span class='ocrx_word' id='word_1_341' title='bbox 1138 1445 1250 1481; x_wconf 83' lang='lat' dir='ltr'>Petrus</span> <span class='ocrx_word' id='word_1_342' title='bbox 1275 1446 1381 1481; x_wconf 84' lang='lat' dir='ltr'>Sancti</span> <span class='ocrx_word' id='word_1_343' title='bbox 1409 1447 1535 1494; x_wconf 85' lang='lat' dir='ltr'>Georgii</span> <span class='ocrx_word' id='word_1_344' title='bbox 1563 1449 1599 1483; x_wconf 92' lang='lat' dir='ltr'>ad</span> <span class='ocrx_word' id='word_1_345' title='bbox 1627 1449 1736 1485; x_wconf 88' lang='lat' dir='ltr'>Velum</span> 
     </span>
     <span class='ocr_line' id='line_1_68' title="bbox 994 1493 1711 1547; baseline 0.008 -20"><span class='ocrx_word' id='word_1_346' title='bbox 994 1493 1131 1528; x_wconf 82' lang='lat' dir='ltr'>Aureum</span> <span class='ocrx_word' id='word_1_347' title='bbox 1155 1494 1307 1531; x_wconf 90' lang='lat' dir='ltr'>diaconus</span> <span class='ocrx_word' id='word_1_348' title='bbox 1340 1495 1506 1532; x_wconf 84' lang='lat' dir='ltr'>cardinalis</span> <span class='ocrx_word' id='word_1_349' title='bbox 1526 1498 1711 1547; x_wconf 77' lang='lat' dir='ltr'>sut›scripsi=.</span> 
     </span>
    </p>

    <p class='ocr_par' dir='ltr' id='par_1_20' title="bbox 991 1542 1736 1628">
     <span class='ocr_line' id='line_1_69' title="bbox 1040 1542 1736 1589; baseline 0.009 -11"><span class='ocrx_word' id='word_1_350' title='bbox 1040 1542 1108 1589; x_wconf 79' lang='lat' dir='ltr'>Ego</span> <span class='ocrx_word' id='word_1_351' title='bbox 1132 1543 1263 1580; x_wconf 87' lang='lat' dir='ltr'>loannes</span> <span class='ocrx_word' id='word_1_352' title='bbox 1284 1544 1392 1580; x_wconf 87' lang='lat' dir='ltr'>Sancti</span> <span class='ocrx_word' id='word_1_353' title='bbox 1414 1546 1532 1582; x_wconf 90' lang='lat' dir='ltr'>Nicolai</span> <span class='ocrx_word' id='word_1_354' title='bbox 1550 1548 1579 1582; x_wconf 90' lang='lat' dir='ltr'>iu</span> <span class='ocrx_word' id='word_1_355' title='bbox 1602 1546 1736 1584; x_wconf 86' lang='lat' dir='ltr'>Carcere</span> 
     </span>
     <span class='ocr_line' id='line_1_70' title="bbox 991 1590 1145 1628; baseline 0.026 -4"><span class='ocrx_word' id='word_1_356' title='bbox 991 1590 1145 1628; x_wconf 83' lang='lat' dir='ltr'>Tulliano.</span> 
     </span>
    </p>

    <p class='ocr_par' dir='ltr' id='par_1_21' title="bbox 986 1641 1735 1985">
     <span class='ocr_line' id='line_1_71' title="bbox 1039 1641 1735 1692; baseline 0.009 -16"><span class='ocrx_word' id='word_1_357' title='bbox 1039 1641 1108 1676; x_wconf 91' lang='lat' dir='ltr'>Dat.</span> <span class='ocrx_word' id='word_1_358' title='bbox 1132 1644 1293 1689; x_wconf 78' lang='lat' dir='ltr'>Anagniae</span> <span class='ocrx_word' id='word_1_359' title='bbox 1315 1657 1370 1692; x_wconf 90' lang='lat' dir='ltr'>per</span> <span class='ocrx_word' id='word_1_360' title='bbox 1411 1658 1538 1680; x_wconf 88' lang='lat' dir='ltr'>manum</span> <span class='ocrx_word' id='word_1_361' title='bbox 1573 1645 1735 1682; x_wconf 88' lang='lat' dir='ltr'>Guillelmi</span> 
     </span>
     <span class='ocr_line' id='line_1_72' title="bbox 990 1692 1735 1737; baseline 0.012 -14"><span class='ocrx_word' id='word_1_362' title='bbox 990 1692 1128 1737; x_wconf 84' lang='lat' dir='ltr'>magistri</span> <span class='ocrx_word' id='word_1_363' title='bbox 1151 1692 1337 1729; x_wconf 89' lang='lat' dir='ltr'>Scholarum</span> <span class='ocrx_word' id='word_1_364' title='bbox 1359 1694 1578 1730; x_wconf 88' lang='lat' dir='ltr'>Parmensium</span> <span class='ocrx_word' id='word_1_365' title='bbox 1600 1696 1735 1732; x_wconf 86' lang='lat' dir='ltr'>Sanctae</span> 
     </span>
     <span class='ocr_line' id='line_1_73' title="bbox 989 1738 1735 1782; baseline 0.012 -10"><span class='ocrx_word' id='word_1_366' title='bbox 989 1738 1148 1776; x_wconf 88' lang='lat' dir='ltr'>Romanae</span> <span class='ocrx_word' id='word_1_367' title='bbox 1176 1742 1334 1778; x_wconf 84' lang='lat' dir='ltr'>Ecclesiae</span> <span class='ocrx_word' id='word_1_368' title='bbox 1361 1744 1621 1780; x_wconf 85' lang='lat' dir='ltr'>vice-cancellarii</span> <span class='ocrx_word' id='word_1_369' title='bbox 1643 1747 1735 1782; x_wconf 85' lang='lat' dir='ltr'>tertio</span> 
     </span>
     <span class='ocr_line' id='line_1_74' title="bbox 990 1789 1734 1839; baseline 0.012 -17"><span class='ocrx_word' id='word_1_370' title='bbox 990 1789 1060 1823; x_wconf 90' lang='lat' dir='ltr'>idus</span> <span class='ocrx_word' id='word_1_371' title='bbox 1079 1791 1156 1830; x_wconf 83' lang='lat' dir='ltr'>iulii,</span> <span class='ocrx_word' id='word_1_372' title='bbox 1179 1791 1350 1828; x_wconf 84' lang='lat' dir='ltr'>indictione</span> <span class='ocrx_word' id='word_1_373' title='bbox 1372 1793 1492 1829; x_wconf 89' lang='lat' dir='ltr'>decima</span> <span class='ocrx_word' id='word_1_374' title='bbox 1516 1795 1615 1839; x_wconf 81' lang='lat' dir='ltr'>tertia,</span> <span class='ocrx_word' id='word_1_375' title='bbox 1636 1795 1734 1831; x_wconf 90' lang='lat' dir='ltr'>incar-</span> 
     </span>
     <span class='ocr_line' id='line_1_75' title="bbox 989 1839 1732 1891; baseline 0.012 -20"><span class='ocrx_word' id='word_1_376' title='bbox 989 1839 1125 1874; x_wconf 89' lang='lat' dir='ltr'>nationis</span> <span class='ocrx_word' id='word_1_377' title='bbox 1146 1839 1321 1877; x_wconf 88' lang='lat' dir='ltr'>dominicae</span> <span class='ocrx_word' id='word_1_378' title='bbox 1347 1855 1430 1878; x_wconf 89' lang='lat' dir='ltr'>anno</span> <span class='ocrx_word' id='word_1_379' title='bbox 1459 1845 1565 1888; x_wconf 78' lang='lat'><strong>1255,</strong></span> <span class='ocrx_word' id='word_1_380' title='bbox 1598 1846 1732 1891; x_wconf 83' lang='lat' dir='ltr'>pontifi—</span> 
     </span>
     <span class='ocr_line' id='line_1_76' title="bbox 987 1889 1729 1941; baseline 0.012 -20"><span class='ocrx_word' id='word_1_381' title='bbox 987 1895 1075 1923; x_wconf 89' lang='lat' dir='ltr'>catus</span> <span class='ocrx_word' id='word_1_382' title='bbox 1101 1901 1174 1924; x_wconf 83' lang='lat' dir='ltr'>vero</span> <span class='ocrx_word' id='word_1_383' title='bbox 1189 1889 1308 1926; x_wconf 91' lang='lat' dir='ltr'>domini</span> <span class='ocrx_word' id='word_1_384' title='bbox 1324 1893 1492 1928; x_wconf 86' lang='lat' dir='ltr'>Alexandri</span> <span class='ocrx_word' id='word_1_385' title='bbox 1514 1893 1617 1941; x_wconf 87' lang='lat' dir='ltr'>Papae</span> <span class='ocrx_word' id='word_1_386' title='bbox 1629 1896 1729 1941; x_wconf 86' lang='lat' dir='ltr'>quarti</span> 
     </span>
     <span class='ocr_line' id='line_1_77' title="bbox 986 1948 1200 1985; baseline 0.019 -15"><span class='ocrx_word' id='word_1_387' title='bbox 986 1948 1068 1972; x_wconf 89' lang='lat' dir='ltr'>anno</span> <span class='ocrx_word' id='word_1_388' title='bbox 1087 1950 1200 1985; x_wconf 82' lang='lat' dir='ltr'>primo.</span> 
     </span>
    </p>
   </div>
   <div class='ocr_carea' id='block_1_17' title="bbox 1040 1998 1673 2043">
    <p class='ocr_par' dir='ltr' id='par_1_22' title="bbox 1040 1998 1673 2043">
     <span class='ocr_line' id='line_1_78' title="bbox 1040 1998 1673 2043; baseline 0.016 -16"><span class='ocrx_word' id='word_1_389' title='bbox 1040 1998 1100 2028; x_wconf 87' lang='lat' dir='ltr'>Dat.</span> <span class='ocrx_word' id='word_1_390' title='bbox 1123 2000 1169 2030; x_wconf 89' lang='lat' dir='ltr'>die</span> <span class='ocrx_word' id='word_1_391' title='bbox 1190 2001 1226 2030; x_wconf 82' lang='lat'>13</span> <span class='ocrx_word' id='word_1_392' title='bbox 1244 2002 1306 2032; x_wconf 78' lang='lat' dir='ltr'>iulii</span> <span class='ocrx_word' id='word_1_393' title='bbox 1330 2002 1415 2040; x_wconf 68' lang='lat'><strong>1255,</strong></span> <span class='ocrx_word' id='word_1_394' title='bbox 1437 2004 1539 2043; x_wconf 82' lang='lat' dir='ltr'>pontis.</span> <span class='ocrx_word' id='word_1_395' title='bbox 1561 2014 1636 2035; x_wconf 88' lang='lat' dir='ltr'>anno</span> <span class='ocrx_word' id='word_1_396' title='bbox 1654 2015 1673 2037; x_wconf 88' lang='lat'>1.</span> 
     </span>
    </p>
   </div>
   <div class='ocr_carea' id='block_1_18' title="bbox 1283 2075 1412 2083">
    <p class='ocr_par' dir='ltr' id='par_1_23' title="bbox 1283 2075 1412 2083">
     <span class='ocr_line' id='line_1_79' title="bbox 1283 2075 1412 2083; baseline 0 1140"><span class='ocrx_word' id='word_1_397' title='bbox 1283 2075 1412 2083; x_wconf 95' lang='lat' dir='ltr'> </span> 
     </span>
    </p>
   </div>
   <div class='ocr_carea' id='block_1_19' title="bbox 1310 2162 1394 2198">
    <p class='ocr_par' dir='ltr' id='par_1_24' title="bbox 1310 2162 1394 2198">
     <span class='ocr_line' id='line_1_80' title="bbox 1310 2162 1394 2198; baseline 0.012 -1"><span class='ocrx_word' id='word_1_398' title='bbox 1310 2162 1394 2198; x_wconf 89' lang='lat' dir='ltr'><strong>XVI.</strong></span> 
     </span>
    </p>
   </div>
   <div class='ocr_carea' id='block_1_20' title="bbox 983 2231 1724 2428">
    <p class='ocr_par' dir='ltr' id='par_1_25' title="bbox 983 2231 1724 2428">
     <span class='ocr_line' id='line_1_81' title="bbox 983 2231 1724 2274; baseline 0.013 -11"><span class='ocrx_word' id='word_1_399' title='bbox 983 2231 1142 2266; x_wconf 77' lang='lat' dir='ltr'>Fratribus</span> <span class='ocrx_word' id='word_1_400' title='bbox 1167 2234 1284 2268; x_wconf 75' lang='lat' dir='ltr'>ordinis</span> <span class='ocrx_word' id='word_1_401' title='bbox 1299 2235 1507 2271; x_wconf 80' lang='lat' dir='ltr'>Eremitarum</span> <span class='ocrx_word' id='word_1_402' title='bbox 1526 2238 1636 2272; x_wconf 75' lang='lat' dir='ltr'>Sancti</span> <span class='ocrx_word' id='word_1_403' title='bbox 1656 2240 1724 2274; x_wconf 79' lang='lat' dir='ltr'>Au-</span> 
     </span>
     <span class='ocr_line' id='line_1_82' title="bbox 1030 2282 1724 2332; baseline 0.014 -20"><span class='ocrx_word' id='word_1_404' title='bbox 1030 2282 1146 2323; x_wconf 78' lang='lat' dir='ltr'>9ustini</span> <span class='ocrx_word' id='word_1_405' title='bbox 1157 2283 1274 2316; x_wconf 72' lang='lat' dir='ltr'>diversa</span> <span class='ocrx_word' id='word_1_406' title='bbox 1289 2286 1413 2318; x_wconf 72' lang='lat' dir='ltr'>vestium</span> <span class='ocrx_word' id='word_1_407' title='bbox 1427 2288 1533 2330; x_wconf 78' lang='lat' dir='ltr'>species</span> <span class='ocrx_word' id='word_1_408' title='bbox 1547 2288 1724 2332; x_wconf 74' lang='lat' dir='ltr'>assiqnaeur</span> 
     </span>
     <span class='ocr_line' id='line_1_83' title="bbox 1031 2331 1723 2377; baseline 0.014 -15"><span class='ocrx_word' id='word_1_409' title='bbox 1031 2331 1121 2363; x_wconf 75' lang='lat' dir='ltr'>iuaeta</span> <span class='ocrx_word' id='word_1_410' title='bbox 1146 2331 1278 2365; x_wconf 71' lang='lat' dir='ltr'>diversos</span> <span class='ocrx_word' id='word_1_411' title='bbox 1305 2334 1521 2377; x_wconf 78' lang='lat' dir='ltr'>professorum,</span> <span class='ocrx_word' id='word_1_412' title='bbox 1563 2348 1723 2371; x_wconf 79' lang='lat' dir='ltr'>converso-</span> 
     </span>
     <span class='ocr_line' id='line_1_84' title="bbox 1028 2381 1566 2428; baseline 0.015 -18"><span class='ocrx_word' id='word_1_413' title='bbox 1028 2389 1096 2411; x_wconf 74' lang='lat' dir='ltr'>rum</span> <span class='ocrx_word' id='word_1_414' title='bbox 1117 2387 1143 2412; x_wconf 85' lang='lat' dir='ltr'>et</span> <span class='ocrx_word' id='word_1_415' title='bbox 1162 2381 1346 2416; x_wconf 58' lang='lat' dir='ltr'>nonistorum</span> <span class='ocrx_word' id='word_1_416' title='bbox 1371 2385 1488 2427; x_wconf 74' lang='lat' dir='ltr'>qradus</span> <span class='ocrx_word' id='word_1_417' title='bbox 1509 2387 1566 2428; x_wconf 83' lang='lat'>(1).</span> 
     </span>
    </p>
   </div>
   <div class='ocr_carea' id='block_1_21' title="bbox 978 2458 1718 2608">
    <p class='ocr_par' dir='ltr' id='par_1_26' title="bbox 978 2458 1718 2608">
     <span class='ocr_line' id='line_1_85' title="bbox 1234 2458 1446 2490; baseline 0.014 -3"><span class='ocrx_word' id='word_1_418' title='bbox 1234 2458 1446 2490; x_wconf 76' lang='lat' dir='ltr'>SUMMARIUM</span> 
     </span>
     <span class='ocr_line' id='line_1_86' title="bbox 978 2522 1718 2565; baseline 0.014 -13"><span class='ocrx_word' id='word_1_419' title='bbox 978 2522 1143 2554; x_wconf 84' lang='lat' dir='ltr'>Exordium.</span> <span class='ocrx_word' id='word_1_420' title='bbox 1162 2540 1198 2546; x_wconf 89' lang='lat'><strong>—</strong></span> <span class='ocrx_word' id='word_1_421' title='bbox 1220 2526 1242 2554; x_wconf 90' lang='lat' dir='ltr'><strong>A</strong></span> <span class='ocrx_word' id='word_1_422' title='bbox 1261 2526 1401 2556; x_wconf 71' lang='lat' dir='ltr'>cardinali</span> <span class='ocrx_word' id='word_1_423' title='bbox 1424 2531 1585 2565; x_wconf 86' lang='lat' dir='ltr'>protectore</span> <span class='ocrx_word' id='word_1_424' title='bbox 1603 2530 1645 2560; x_wconf 83' lang='lat' dir='ltr'>eis</span> <span class='ocrx_word' id='word_1_425' title='bbox 1667 2540 1718 2562; x_wconf 63' lang='lat' dir='ltr'>a,-</span> 
     </span>
     <span class='ocr_line' id='line_1_87' title="bbox 1018 2568 1718 2608; baseline 0.014 -12"><span class='ocrx_word' id='word_1_426' title='bbox 1018 2568 1129 2606; x_wconf 81' lang='lat' dir='ltr'>signata</span> <span class='ocrx_word' id='word_1_427' title='bbox 1157 2568 1273 2599; x_wconf 88' lang='lat' dir='ltr'>habitus</span> <span class='ocrx_word' id='word_1_428' title='bbox 1303 2570 1411 2601; x_wconf 81' lang='lat' dir='ltr'>forma:</span> <span class='ocrx_word' id='word_1_429' title='bbox 1441 2589 1479 2595; x_wconf 94' lang='lat'>-—</span> <span class='ocrx_word' id='word_1_430' title='bbox 1499 2571 1580 2608; x_wconf 85' lang='lat' dir='ltr'>Quod</span> <span class='ocrx_word' id='word_1_431' title='bbox 1603 2574 1718 2607; x_wconf 88' lang='lat' dir='ltr'>roborat</span> 
     </span>
    </p>
   </div>
   <div class='ocr_carea' id='block_1_22' title="bbox 976 2628 1716 2695">
    <p class='ocr_par' dir='ltr' id='par_1_27' title="bbox 976 2628 1716 2695">
     <span class='ocr_line' id='line_1_88' title="bbox 976 2628 1716 2694; baseline 0.016 -41"><span class='ocrx_word' id='word_1_432' title='bbox 976 2667 1001 2694; x_wconf 74' lang='lat' dir='ltr'>d·</span> <span class='ocrx_word' id='word_1_433' title='bbox 1012 2628 1051 2672; x_wconf 22' lang='lat'>(⁵1)</span> <span class='ocrx_word' id='word_1_434' title='bbox 1068 2629 1105 2655; x_wconf 85' lang='lat' dir='ltr'>Ex</span> <span class='ocrx_word' id='word_1_435' title='bbox 1122 2630 1238 2665; x_wconf 85' lang='lat' dir='ltr'>originali</span> <span class='ocrx_word' id='word_1_436' title='bbox 1254 2631 1335 2658; x_wconf 84' lang='lat' dir='ltr'>edidit</span> <span class='ocrx_word' id='word_1_437' title='bbox 1350 2632 1476 2668; x_wconf 85' lang='lat' dir='ltr'>Empolus</span> <span class='ocrx_word' id='word_1_438' title='bbox 1491 2634 1517 2661; x_wconf 89' lang='lat' dir='ltr'>in</span> <span class='ocrx_word' id='word_1_439' title='bbox 1532 2634 1646 2664; x_wconf 86' lang='lat' dir='ltr'>Bullario</span> <span class='ocrx_word' id='word_1_440' title='bbox 1661 2637 1716 2665; x_wconf 90' lang='lat' dir='ltr'>Or-</span> 
     </span>
     <span class='ocr_line' id='line_1_89' title="bbox 996 2676 1053 2695; baseline -0.018 0"><span class='ocrx_word' id='word_1_441' title='bbox 996 2676 1053 2695; x_wconf 82' lang='lat' dir='ltr'>inis.</span> 
     </span>
    </p>
   </div>
  </div>
 </body>
</html>
