2129 3223
172 269 208 294 Asi
238 268 263 294 C.
287 269 352 295 taffo

179 1367 269 1388 'lnrelxia
280 1368 348 1389 Aneo-

165 1403 242 1418 Uthina

417 259 486 291 574

366 323 495 367 eisdem,
511 330 541 357 et
566 321 604 357 de
631 329 753 357 caetero
781 322 961 357 memoratis
990 320 1112 367 cappel-

930 266 1113 289 BULLARIUM
1142 266 1303 289 ROMANUM

1200 321 1314 356 Datum
1356 321 1440 369 apud
1486 320 1742 355 Urbemveterern
1784 320 1897 366 quinto

366 373 456 413 lanis,
485 372 531 408 vel
553 383 662 407 eorum
689 371 788 411 alteri,
816 383 871 406 seu
908 370 1036 406 cuilibet
1058 370 1108 405 alii
1153 370 1223 406 idus
1250 371 1325 412 iulii,
1349 370 1551 418 pontificatus
1579 369 1674 404 nostri
1699 381 1749 404 an.
1770 375 1893 416 quarto.

364 435 379 457 a
402 421 486 458 Sede
512 421 693 470 Apostolica
719 421 880 456 destinato
907 421 945 456 ad
974 420 1110 455 retinen-

365 472 436 507 dam
470 471 703 520 possessionem
730 483 822 519 quam
848 470 980 513 habent,
1007 477 1037 504 et
1060 481 1111 503 re-

364 521 573 570 cuperandam
608 532 702 569 quam
733 532 794 555 non
817 519 943 564 liabent,
972 526 1110 566 praesta-

365 579 433 607 rent
458 571 638 613 consilium,
664 570 816 606 auxilium
840 577 869 604 et
898 570 1045 604 savorem.
1071 567 1109 601 Et

364 622 409 657 sic
431 621 543 657 sactum
571 628 628 663 est,
653 620 737 668 quod
761 619 850 654 multi
873 618 1023 657 barones,
1052 617 1109 650 mi-

364 671 433 706 lites
467 679 497 707 et
535 671 584 706 alii
626 678 775 706 terrarum
813 669 950 715 ipsarum
990 666 1108 700 eisdem

364 721 555 769 cappellanis
583 720 708 755 nomine
744 725 848 753 nostro
876 716 1031 752 fidelitatis
1060 716 1108 750 iu-

365 778 500 806 ramenta
539 778 746 818 praestantes,
787 774 1033 813 recognoverunt
1076 777 1109 799 se

363 822 468 856 omnia
495 832 575 868 quae
602 820 640 854 de
667 819 815 854 comitatu
842 816 999 864 praedicto
1027 822 1109 849 tene-

364 871 449 914 bant,
472 883 525 918 per
544 870 717 905 Romanam
742 867 911 902 Ecclesiam
937 864 1107 913 possidere.

364 921 478 956 Verum
506 920 580 967 quia
611 918 734 954 nobiles
761 917 813 951 viri
847 916 898 951 lilii
905 942 963 950 .....
992 917 1049 958 (l).

411 970 575 1005 Praeterea
598 969 669 1003 licet
687 966 857 1002 Marcbiam
879 964 1107 1000 Anconitanam

362 1020 398 1055 ad
427 1031 539 1054 manus
560 1030 632 1053 snas
655 1016 793 1052 Ecclesia
811 1015 951 1050 Romana
975 1026 1030 1061 pro
1046 1026 1108 1047 ma-

363 1071 418 1105 iori
457 1076 541 1116 parte
575 1074 714 1102 teneret:
759 1065 964 1100 nibilominus
1003 1071 1106 1098 tamen

362 1118 541 1166 praedictus
569 1118 737 1164 imperator
740 1142 807 1149 ......
855 1114 945 1148 nobis
978 1113 1107 1147 omnino

361 1168 547 1216 quietantias
568 1175 598 1201 et
620 1165 837 1201 refutationem
865 1164 992 1203 faciens,
1016 1168 1108 1210 prout

362 1221 392 1253 in
419 1219 521 1266 ipsius
542 1216 653 1251 litteris
676 1215 800 1262 plenius
814 1214 1001 1248 continetur:
1024 1224 1108 1258 prae-

362 1268 444 1315 cepit
488 1266 635 1301 omnibus
675 1265 713 1299 de
756 1263 905 1307 Marchia,
948 1270 979 1296 nt
1016 1260 1107 1295 nobis

363 1327 519 1364 tamquam
548 1315 677 1350 domino
706 1326 764 1349 suo
799 1313 837 1347 de
875 1319 998 1346 caetero
1040 1310 1107 1357 ple-

363 1368 447 1402 narie
481 1365 717 1412 responderent.
753 1361 898 1408 Cumque
932 1373 988 1395 nos
1020 1367 1106 1406 post-

364 1417 491 1452 modum
515 1415 630 1449 dilecto
646 1414 707 1447 filio
730 1411 825 1446 nobili
851 1412 915 1445 viro
933 1410 1105 1444 marchioni

362 1466 472 1501 Esten.
495 1475 562 1499 eam
585 1464 617 1497 in
640 1462 766 1498 feudum
795 1461 978 1495 duxerimus
1000 1471 1108 1493 conce-

362 1515 511 1554 dendam,
534 1520 697 1561 praesente
724 1512 911 1555 imperatore
938 1509 1107 1543 investien-

362 1574 408 1600 tes
429 1563 576 1599 eumdem
600 1562 638 1597 de
661 1562 725 1608 ipsa
748 1560 884 1595 Mareliia
917 1571 970 1606 per
1009 1558 1107 1592 vexil—

362 1615 439 1654 lum,
475 1625 533 1648 nos
569 1611 837 1659 praenominatum
884 1607 1105 1653 pandulphum

361 1664 589 1699 subdiaconum
625 1668 656 1696 et
690 1659 842 1694 notarium
880 1665 1045 1696 nostruin,
1078 1664 1108 1690 et

362 1716 530 1761 imperator
566 1709 772 1745 venerabilem
802 1709 924 1743 fratrem
966 1715 1106 1740 nostrum

363 1761 568 1811 patriarcham
608 1759 842 1806 Aquileiensem
876 1756 949 1791 illuc
984 1755 1108 1790 curavi-

361 1828 430 1852 mus
451 1816 620 1858 destinare,
644 1821 676 1847 ut
701 1813 730 1846 in
755 1811 986 1859 possessionem
1026 1808 1109 1843 Mar-

360 1872 449 1907 cbiae
466 1882 539 1905 eum
563 1868 760 1907 inducentes,
783 1866 810 1900 ei
831 1865 967 1899 facerent
984 1863 1021 1898 de
1044 1875 1108 1897 om-

361 1925 453 1961 nibus
472 1922 646 1959 rationibus
668 1921 735 1956 suis
757 1920 878 1966 integre
901 1917 1108 1965 responrleri;

360 1979 482 2014 civitate
497 1985 600 2013 tamen
624 1974 822 2010 Anconitana
845 1972 997 2020 quamdiu
1019 1972 1110 2006 nobis

362 2032 513 2079 placuerit
535 2032 567 2066 in
591 2029 705 2064 nostris
728 2027 873 2063 manibus
897 2032 1062 2066 reservata,
1080 2032 1110 2059 et

363 2088 507 2123 universo
536 2083 723 2133 patrimonio
760 2081 797 2115 B.
841 2080 925 2114 Petri
965 2091 980 2112 a
1017 2086 1111 2124 ponte

361 2141 515 2190 Ceperani
556 2151 658 2186 usque
700 2135 931 2172 Radicofannm
968 2144 1111 2179 possesso

360 2194 576 2243 indisposite,
599 2190 728 2240 pacifice
754 2202 789 2224 ac
827 2188 933 2235 quiete
964 2198 1019 2233 pro
1054 2197 1112 2219 no-

362 2258 444 2286 strae
464 2246 661 2295 beneplacito
684 2243 853 2279 voluntatis
857 2269 914 2276 .....
946 2243 1000 2283 (2).

397 2319 436 2355 (l)
452 2317 643 2346 Desiderantur
661 2315 701 2342 hic
716 2314 802 2349 aliqua
820 2313 844 2339 in
862 2320 910 2338 ms.
960 2310 998 2345 (⁰2)
1015 2310 1113 2341 Quam-

365 2360 403 2386 vis
414 2359 487 2394 argui
505 2358 566 2385 hinc
575 2356 670 2392 possit,
682 2355 829 2381 restitutam
842 2352 891 2378 hoc
902 2359 970 2377 anuo
982 2351 1113 2377 Romanae

366 2400 493 2428 Ecclesiae
512 2398 638 2425 ditionem
656 2399 787 2422 terrarum
810 2401 879 2419 com.
898 2390 1045 2422 Mathildis;
1059 2397 1112 2416 rem

364 2445 450 2467 tamen
466 2447 535 2467 anno
559 2436 680 2472 sequenti
701 2434 839 2461 dumtaxat
864 2430 1008 2458 confectam
1034 2428 1113 2455 fuisse

363 2483 473 2515 apparet
488 2487 520 2506 ex
542 2477 647 2505 laudato
663 2473 811 2510 Raynaldo,
831 2472 876 2507 qui
905 2479 965 2498 ann.
991 2469 1067 2501 1221,
1088 2471 1114 2495 et

364 2519 471 2554 quidem
490 2519 507 2554 S
528 2518 579 2550 29,
596 2517 659 2544 haec
676 2515 763 2542 refert:
783 2513 836 2540 Hoc
853 2512 930 2546 igitur
942 2517 1011 2537 anno
1024 2507 1113 2537 Fride-

365 2560 445 2592 ricus,
462 2557 624 2586 solemnibus
641 2554 736 2582 habitis
752 2550 995 2588 Capuaecomitiis,
1010 2549 1114 2584 lataque

366 2598 497 2626 pontificis
513 2596 619 2624 monitis
635 2594 762 2622 sententia
779 2593 805 2619 in
821 2591 970 2618 detinentes
989 2590 1045 2617 iura
1065 2596 1112 2616 eo-

367 2639 475 2665 mitatus
491 2636 621 2663 Mathildis
636 2634 667 2661 ad
683 2634 761 2660 Rom.
779 2632 921 2659 Ecclesiam
944 2629 1112 2665 pertinentia,

367 2678 406 2705 illa
423 2677 508 2704 omnia
527 2677 551 2703 in
572 2676 627 2702 eius
651 2675 778 2701 ditionem
809 2671 956 2699 revocanda
982 2669 1111 2697 decrevit.

1449 539 1589 574 XLVIII.

1154 618 1352 662 Confirmatio
1391 618 1489 661 legum
1525 628 1582 660 pro
1619 616 1825 655 immunitate,
1861 617 1897 649 li-

1198 669 1309 700 bertate
1363 674 1387 700 et
1443 667 1649 699 iurisdictione
1701 667 1896 700 ecclesiastica

1198 718 1348 750 editarum
1374 729 1393 750 α
1424 716 1578 748 Friderico
1617 716 1746 750 secundo
1782 716 1897 749 Roma-

1198 778 1307 801 norum
1327 768 1519 811 imperatore.

1413 839 1626 869 SUMMARIUM

1150 908 1240 947 Leges
1264 918 1277 938 a
1297 908 1446 938 Friderico
1469 908 1541 937 latas
1566 907 1681 937 validat.
1702 923 1742 929 —
1762 906 1898 937 Promul-

1188 955 1265 991 gano
1284 954 1390 991 legum.
1410 969 1449 975 —-
1466 952 1645 982 Damnantur
1668 955 1773 982 statuta
1796 956 1896 982 contra

1188 998 1419 1033 ecclesiasticos,
1443 1006 1578 1027 eorumve
1601 997 1766 1027 libertatem
1799 997 1896 1033 edita,

1189 1044 1230 1073 vel
1255 1043 1375 1073 edenda.
1405 1060 1443 1065 —
1473 1042 1678 1082 Impositiones
1698 1041 1897 1077 collectarum,

1187 1091 1236 1117 etc.
1264 1097 1353 1127 snper
1370 1088 1500 1117 eosdem.
1529 1103 1567 1109 —
1585 1085 1823 1116 lnsordescentes
1846 1096 1898 1126 per

1187 1141 1296 1161 annum
1325 1132 1352 1160 in
1385 1131 1687 1161 excommunicatione
1716 1130 1813 1161 banno
1836 1132 1895 1162 im-

1188 1176 1291 1215 periali
1314 1181 1530 1215 supponuntur.
1560 1192 1598 1198 —
1627 1175 1828 1206 Ecclesiastici
1860 1176 1896 1206 ad

1187 1221 1348 1251 saecularia
1392 1220 1548 1250 tribunalia
1583 1229 1641 1249 non
1677 1220 1821 1250 trahendi.
1858 1237 1897 1242 -—-

1187 1265 1365 1294 Damnantur
1396 1274 1512 1304 quoque
1534 1264 1674 1294 haeretici
1707 1274 1774 1295 cum
1802 1265 1895 1295 desti—

1188 1312 1303 1340 natione
1337 1319 1495 1348 poenarum
1519 1310 1563 1339 eis
1593 1309 1831 1348 infligendarum.
1859 1327 1897 1332 -—

1188 1355 1385 1384 lnramentum
1406 1364 1496 1393 super
1519 1355 1564 1384 liis
1587 1355 1795 1394 praestandum
1814 1364 1829 1384 a
1852 1364 1898 1384 re-

1187 1400 1318 1429 ctoribus
1341 1400 1500 1435 civitatum,
1522 1404 1571 1428 etc.
1594 1417 1632 1421 -
1653 1399 1767 1429 Poenae
1795 1404 1894 1429 contra

1188 1445 1322 1474 dominos
1365 1444 1541 1482 temporales
1580 1444 1605 1473 si
1638 1444 1802 1474 haereticos
1838 1454 1895 1474 non

1188 1488 1366 1526 expulerint:
1389 1505 1426 1510 —
1450 1488 1483 1517 Et
1505 1492 1606 1518 contra
1630 1497 1730 1518 eorum
1758 1493 1895 1528 recepta-

1188 1538 1274 1568 tores,
1293 1533 1430 1566 fautores,
1446 1536 1495 1562 etc.
1510 1549 1549 1554 —
1562 1531 1804 1570 Naufragantium
1820 1532 1895 1562 bona

1188 1579 1249 1607 suis
1269 1578 1395 1607 dominis
1417 1577 1607 1606 restituenda.
1623 1593 1661 1598 —
1676 1576 1715 1606 De
1732 1577 1895 1615 peregrinis

1188 1627 1216 1651 et
1237 1623 1366 1652 advenis.
1390 1640 1426 1643 —
1449 1621 1598 1652 Securitas
1616 1622 1836 1660 agricultorum.

1214 1695 1344 1723 Honorius
1356 1694 1497 1730 episeopus
1510 1701 1605 1723 servus
1617 1700 1756 1723 servorum
1773 1694 1829 1723 Dei.

1199 1763 1262 1798 Has
1303 1763 1386 1809 leges
1425 1774 1442 1796 a
1476 1761 1634 1797 Friderico
1678 1761 1894 1797 Romanorum
1924 1776 1990 1803 Leges
2011 1783 2022 1797 a
2044 1775 2090 1797 1²11-

1908 1809 1981 1860 fliedgipo
1994 1808 2047 1828 latas
2059 1814 2091 1827 va*

1151 1814 1337 1859 imperatore
1369 1811 1434 1846 filio
1476 1819 1583 1846 nostro
1619 1811 1805 1846 charissimo
1839 1825 1895 1860 pro

1152 1863 1284 1898 utilitate
1318 1862 1460 1897 omnium
1496 1861 1738 1896 christianorum
1772 1861 1895 1903 editas,

1151 1912 1326 1953 laudamus,
1355 1919 1386 1946 et
1425 1911 1636 1958 approbamus
1672 1918 1830 1958 tamquam
1865 1913 1894 1945 in

1150 1970 1312 1997 aeternum
1337 1961 1495 1996 valituras.

1200 2011 1239 2045 Et
1271 2011 1296 2045 si
1340 2012 1411 2058 quis
1444 2023 1520 2044 ausu
1561 2010 1737 2050 temerario,
1771 2009 1896 2046 inimico

1153 2060 1280 2095 humani
1321 2061 1445 2107 generis
1486 2059 1653 2099 suadente,
1695 2071 1897 2107 quocumque

1154 2110 1246 2145 modo
1274 2110 1329 2145 bas
1353 2110 1522 2157 infringere
1543 2110 1718 2154 tentaverit,
1753 2109 1897 2155 indigna-

1153 2160 1269 2195 tionem
1308 2160 1366 2195 Dei
1403 2159 1639 2207 omnipotentis,
1669 2166 1699 2193 et
1736 2158 1895 2193 beatorum

1154 2210 1235 2244 Petri
1252 2218 1282 2244 et
1304 2209 1391 2244 Pauli
1413 2209 1626 2256 apostolorum
1649 2221 1682 2243 se
1701 2208 1821 2243 noverit
1848 2209 1897 2243 in-

1154 2272 1318 2294 cursurum
1346 2266 1398 2293 etc.

1201 2337 1347 2380 Sequitur
1367 2343 1452 2369 tenor
1477 2336 1627 2368 dictarum
1665 2335 1764 2378 lequm
1802 2334 1897 2368 Fode-

1153 2387 1212 2419 rici
1231 2386 1364 2419 secundi.

1203 2455 1383 2491 Fridericus
1407 2453 1460 2490 Dei
1484 2455 1577 2501 gratia
1594 2453 1807 2488 Romanorum
1837 2455 1897 2488 irn-

1156 2514 1289 2553 perator,
1311 2514 1340 2540 et
1366 2514 1490 2552 semper
1526 2504 1699 2550 Augustus,
1739 2504 1897 2539 marchio-

1155 2555 1258 2596 nibus,
1281 2555 1461 2595 comitibus,
1482 2554 1663 2600 cuuctisque
1680 2553 1803 2600 populis
1816 2565 1897 2601 quos

1154 2605 1338 2641 clementiae
1355 2611 1478 2639 nostrae
1505 2603 1583 2650 regit
1609 2602 1789 2650 imperium,
1810 2603 1897 2638 salu-

1155 2663 1215 2689 tem
1243 2663 1271 2689 et
1297 2662 1436 2701 gratiam.

1914 263 1962 291 An.
1978 264 2004 291 C.
2028 264 2092 292 taao
