2129 3223
65 254 116 281 An.
129 253 157 281 C.
181 253 245 280 126⁷

71 1397 99 1420 De
135 1399 241 1422 electione

58 1431 156 1456 mtutstrt,
183 1431 243 1452 elus-

58 1467 98 1488 que
137 1466 240 1487 munero,

58 1491 193 1520 qualitatibu-
221 1495 243 1513 et

58 1523 198 1550 depositione.

870 250 1013 274 CLEMENS
1046 251 1078 272 tv
1111 251 1157 273 ΡΙ).

1070 144 1079 157 ἰ

1669 242 1731 275 ’791

261 309 292 343 in
327 308 456 343 diversis
491 307 670 355 provinciis,
704 314 733 342 et
766 307 867 342 locum
909 305 1150 348 futurilhaberi
1195 317 1256 340 non
1293 307 1424 354 possint,
1466 307 1635 355 assumptis
1678 319 1784 343 secum

259 358 413 405 generalis
433 357 560 405 capituli
583 357 774 403 assignandi,
798 356 929 391 babeant
953 369 1025 403 po-;
1046 355 1144 390 tribus
1172 355 1217 390 vel
1241 364 1375 402 quatuor
1393 356 1539 392 fratribus
1571 356 1711 393 eiusdem
1733 370 1786 393 or-

260 416 414 444 testatem
436 407 551 442 Nullus
578 418 649 441 vero
676 407 807 453 simplex
834 406 927 441 frater
964 406 1001 441 ad

259 458 404 506 generale
431 457 599 512 capitulum
627 456 765 497 accedat,
788 456 846 491 nisi
877 464 1003 491 vocatus

258 521 275 544 a
302 508 418 543 maiore
453 507 608 550 ministro,
650 506 696 540 vel
740 506 854 541 missus
895 518 910 540 a
947 518 1003 540 suo

260 558 385 606 proprio
407 557 562 597 ministro,
577 556 623 591 vel
639 555 774 602 aliquam
798 556 908 590 iustam
932 568 1004 590 cau-

258 620 323 643 sam
351 608 381 642 in
420 607 598 642 ministrum
636 618 727 640 suum
768 605 1001 652 praetenderit,

258 670 351 706 quam
378 657 402 692 si
430 657 460 691 in
496 654 632 703 capitulo
657 655 795 701 generali
830 667 891 689 non
927 656 1002 690 l'ue-

258 708 297 743 rit
319 714 517 755 prosecutus,
539 706 575 740 ad
598 705 759 741 arbiuium
788 705 914 739 maioris
941 705 1001 739 mi-

258 757 345 792 nistri
382 764 413 791 et
434 764 642 791 correctorum
670 755 820 790 canonice
843 755 999 802 puniatur

257 806 290 842 Si
314 818 371 854 pro
398 805 583 840 necessitate
602 804 715 839 domus
753 804 893 839 debitum
937 805 1001 839 ali-

256 856 339 904 quod
367 855 459 890 fuerit
481 855 742 895 contrahendum,
766 855 854 902 prius
880 855 910 888 in
948 866 1001 889 ca-

256 905 355 954 pitulo
383 904 529 939 fratribus
556 913 758 952 proponatur,
785 912 813 938 et
841 917 912 939 cum
946 916 1001 938 eo-

257 968 324 990 rum
351 955 481 990 consilio
508 955 559 989 fiat
580 963 609 990 et
631 967 773 1009 assensu,
795 961 829 988 ut
855 954 899 988 sic
928 966 1001 988 sus-

256 1005 396 1053 piciones
423 1012 454 1039 et
483 1017 643 1039 murmura
670 1004 835 1039 evitentur
863 1003 896 1038 Si
930 1003 1000 1050 quis

255 1055 294 1090 de
314 1053 487 1090 substantia
519 1054 632 1089 domus
669 1054 844 1089 violentiam
882 1052 999 1096 fecerit,

255 1112 286 1140 et
305 1104 343 1140 ad
365 1104 501 1139 iudicem
524 1103 697 1151 oportuerit
719 1103 838 1147 referri,
853 1115 914 1138 non
930 1111 1000 1137 ante

254 1153 315 1189 hoc
337 1153 399 1199 fiat,
426 1166 518 1201 quam
541 1153 719 1189 charitative
742 1153 792 1188 ille
815 1165 830 1187 a
853 1152 1000 1187 fratribus

255 1212 431 1239 moneatur.

557 1274 636 1308 eff.
662 1277 693 1307 7.

304 1350 422 1385 Electio
450 1350 582 1385 ministri
612 1357 667 1397 p'er
687 1361 854 1384 commune
894 1349 1000 1384 cousi-

256 1399 332 1435 lium
353 1399 483 1434 fratrum
506 1400 689 1434 clericorum
718 1399 778 1434 fiat.
801 1398 865 1434 Nec
904 1399 1000 1446 eliga-

256 1457 307 1485 tur
333 1449 507 1484 secundum
543 1449 724 1504 dignitatem
759 1449 908 1495 generis,
944 1449 998 1483 sed

256 1498 430 1534 secundum
461 1499 537 1533 vitae
575 1499 722 1534 meritum
757 1508 786 1533 et
828 1498 999 1545 sapientiae

256 1549 440 1584 doctrinam.
463 1548 532 1603 lpse
560 1560 643 1604 vero,
676 1548 728 1595 qui
763 1548 901 1595 eligitur
935 1548 999 1582 sive

256 1600 354 1635 maior
374 1600 438 1633 sive
466 1598 568 1633 minor
594 1598 749 1643 minister,
781 1598 927 1633 sacerdos
961 1598 999 1632 sit

255 1657 284 1684 et
312 1648 481 1696 professus·
502 1648 600 1683 maior
627 1660 700 1683 vero
734 1648 876 1683 minister
914 1656 999 1694 post-

254 1711 347 1754 quam
371 1698 490 1734 electus
516 1698 620 1741 suerit,
658 1698 833 1733 secundum
869 1697 998 1731 formam

255 1749 286 1782 in
311 1749 415 1794 regula
442 1747 499 1783 hac
520 1756 712 1787 annotatam,
746 1747 846 1794 ipsius
880 1745 1000 1780 ordinis

256 1809 362 1832 curam
383 1797 473 1844 plene
495 1797 607 1832 babeat
621 1806 651 1832 et
671 1796 767 1831 libere
788 1803 886 1843 gerat,
909 1804 1001 1842 prout

255 1846 406 1882 hactenus
424 1847 524 1882 extitit
542 1846 740 1881 observatum
757 1854 786 1881 et
801 1854 1000 1884 consuetum

255 1896 449 1943 fratrumque
471 1896 610 1931 omnium
627 1896 903 1942 congregationum
924 1907 1000 1930 con-

257 1945 411 1981 fessiones
433 1946 540 1981 audire
574 1954 604 1980 et
639 1945 799 1981 absolvere
836 1945 875 1980 ab
914 1944 999 1979 omni

257 1996 505 2042 transgressione
532 1995 658 2041 regulae
680 2007 735 2030 sua
762 1995 860 2042 possit
891 2002 1000 2029 aucto-

256 2045 357 2080 ritate.
378 2045 482 2080 Minor
504 2057 575 2080 vero
598 2044 739 2079 minister
760 2045 902 2080 omnium
945 2043 1002 2078 fra-

257 2102 339 2129 trum
378 2094 490 2130 domus
528 2107 603 2129 suae
643 2094 747 2129 audiat
776 2093 1001 2134 consessiones,

258 2143 429 2179 dummodo
468 2143 656 2179 verecundia
691 2143 812 2191 repetiti
854 2155 1002 2178 excessus

257 2194 453 2229 occasionem
472 2194 601 2229 minime
618 2193 762 2240 praebeat
786 2193 903 2228 tardius
918 2205 1003 2239 prae-

258 2242 328 2278 latis
350 2243 416 2278 suis
438 2242 485 2277 vel
513 2243 616 2277 minus
646 2255 722 2289 pure
757 2255 850 2290 quam
883 2243 1002 2281 deceat,

259 2292 436 2328 confitendi.
464 2292 604 2327 Sollicite
625 2304 697 2326 vero
725 2293 867 2327 minister
900 2292 1024 2339 provi-=

259 2342 340 2383 deat,
363 2350 396 2377 ut
419 2350 583 2389 praecepta
604 2341 740 2387 regulae,
772 2343 852 2377 sicut
891 2341 1002 2376 caeteri

261 2391 379 2436 fratres,
406 2404 462 2438 per
487 2403 592 2426 omnia
614 2399 726 2426 teneat.
749 2390 918 2439 Postquam
932 2402 1003 2425 vero

260 2441 378 2476 electus
397 2441 505 2482 suerit,
532 2441 555 2475 si
584 2452 619 2474 ex
658 2440 746 2487 culpa
782 2441 896 2488 deponi
937 2452 1004 2474 me-

262 2491 368 2535 ruerit,
396 2503 449 2536 per
470 2491 619 2525 maiorem
657 2490 845 2532 ministrum,
885 2502 1004 2526 convo-

261 2541 339 2575 catis
359 2540 461 2576 tribus
481 2540 529 2575 vel
548 2548 682 2588 quatuor
715 2540 864 2576 ministris
900 2540 1006 2575 mino-

263 2589 360 2630 ribus,
386 2590 411 2625 si
435 2590 600 2626 commode
637 2589 713 2624 infra
752 2597 814 2625 tres
848 2589 947 2626 dietas
989 2601 1005 2624 a

1044 405 1137 446 dinis,
1164 405 1237 440 viris
1259 405 1411 452 religiosis
1432 415 1461 441 et
1484 406 1634 451 honestis,
1662 407 1702 442 de
1732 419 1786 443 eo-

1044 467 1111 489 rum
1134 455 1265 490 consilio
1290 463 1320 490 et
1358 467 1486 491 assensu
1524 456 1722 503 deponatur:
1755 465 1785 492 et

1042 504 1131 549 alius,
1153 505 1205 552 qui
1234 505 1350 551 dignus
1375 506 1426 547 sit,
1449 506 1517 541 loco
1543 507 1611 541 eius
1637 506 1786 553 subroge-

1043 562 1102 590 tur.
1127 553 1160 589 Si
1183 567 1256 590 vero
1280 567 1335 601 pro
1358 555 1530 591 remotione
1551 563 1715 598 terrarum,
1738 557 1783 591 vel

1041 604 1099 639 alia
1121 616 1212 639 causa
1235 604 1421 646 rationabili,
1445 605 1542 640 maior
1568 605 1710 641 minister
1726 605 1784 640 hoc

1027 653 1140 702 ‚iacere
1167 666 1229 689 non
1252 655 1398 701 potuerit,
1426 654 1508 690 vices
1534 667 1606 689 suas
1633 656 1785 690 ministris

1027 703 1214 739 'minoribus
1240 704 1338 750 magis
1365 704 1518 751 religiosis
1544 706 1727 740 committat.
1749 704 1783 740 Si

1042 766 1113 788 vero
1135 754 1198 788 duo
1218 753 1264 788 vel
1288 762 1361 794 tres,
1384 766 1440 801 pro
1461 754 1600 789 locorum
1627 754 1783 799 distantia,

1042 803 1146 838 haberi
1174 804 1337 839 commode
1364 816 1426 839 non
1461 805 1594 851 possint,
1629 817 1684 851 per
1721 805 1783 839 ali-

1040 865 1133 900 quem
1156 853 1333 888 ministrum
1360 853 1461 888 virum
1484 853 1664 900 religiosum
1687 861 1717 888 et
1731 854 1781 888 ho-

1041 911 1176 944 nestum,
1198 915 1268 938 cum
1297 903 1397 938 tribus
1428 902 1474 938 vel
1511 912 1645 951 quatuor
1682 902 1785 938 fratri-

1041 952 1098 987 bus
1125 952 1281 998 religiosis
1302 953 1362 988 hoc
1389 952 1452 996 fiat,
1473 960 1504 987 et
1529 952 1611 999 quod
1635 953 1678 987 illi
1700 951 1784 988 fece-

1040 1002 1112 1045 rint,
1135 1003 1317 1037 auctoritate
1340 1002 1465 1037 maioris
1487 1010 1587 1037 ratum
1621 1002 1782 1039 habeatur.

1039 1051 1137 1086 Maior
1164 1063 1235 1086 vero
1256 1051 1410 1093 minister,
1448 1051 1473 1087 si
1506 1063 1562 1099 pro
1604 1051 1784 1088 excessibus

1040 1101 1105 1136 suis
1127 1101 1331 1147 corrigendus
1352 1101 1398 1136 vel
1430 1101 1637 1149 deponendus
1670 1102 1783 1143 fuerit,

1041 1162 1096 1197 per
1121 1160 1254 1198 quatuor
1275 1151 1321 1186 vel
1361 1151 1683 1199 quinquessministros
1703 1151 1786 1186 eius-

1039 1200 1109 1235 dem
1132 1200 1252 1236 ordinis
1274 1201 1374 1248 magis
1400 1201 1564 1247 religiosos
1607 1201 1666 1235 boc
1704 1200 1756 1235 fiat
1776 1229 1784 1240 ,

1039 1250 1091 1296 qui
1115 1257 1217 1285 tamen
1257 1251 1440 1285 auctoritate
1478 1250 1631 1298 generalis
1659 1249 1783 1298 capituli

1039 1299 1156 1334 adhoc
1182 1299 1256 1346 eligi
1283 1299 1409 1334 debent.

1336 1362 1415 1397 CAP.
1441 1364 1474 1398 8.

1088 1424 1122 1459 Si
1145 1425 1216 1472 quis
1237 1424 1332 1459 huius
1358 1424 1479 1460 ordinis
1501 1425 1594 1460 frater
1618 1437 1688 1461 esse
1728 1438 1783 1461 vo-

1039 1474 1144 1515 luerit,
1166 1474 1268 1521 primo
1287 1486 1342 1521 per
1368 1486 1484 1509 annum
1507 1475 1538 1509 in
1578 1473 1684 1510 babitu
1720 1475 1784 1510 fra-

1040 1532 1122 1558 trum
1144 1536 1217 1559 cum
1244 1525 1390 1571 expensis
1412 1525 1489 1565 suis,
1512 1532 1633 1571 praeter
1654 1524 1783 1564 victum,

1040 1573 1187 1608 omnibus
1220 1574 1286 1608 suis
1328 1574 1476 1615 retentis,
1516 1574 1546 1608 in
1581 1574 1691 1610 ordine
1729 1587 1784 1621 pro

1040 1622 1108 1658 Deo
1135 1623 1299 1658 deserviat.
1322 1623 1361 1657 Et
1384 1631 1453 1669 post
1485 1635 1602 1658 annum
1619 1651 1628 1666 ,
1663 1624 1688 1658 si
1727 1624 1785 1659 bo-

1040 1685 1115 1707 num
1144 1682 1173 1707 et
1207 1674 1395 1707 conveniens
1431 1673 1572 1708 ministro
1605 1673 1717 1708 domus
1755 1683 1785 1708 et

1040 1722 1188 1756 fratribus
1224 1722 1361 1756 videatur
1386 1729 1416 1756 et
1439 1721 1494 1761 illi,
1531 1723 1707 1768 recipiatur;
1742 1723 1784 1757 nil

1041 1780 1142 1806 tamen
1158 1783 1214 1819 pro
1228 1771 1405 1826 receptione
1419 1783 1473 1806 sua
1495 1772 1645 1817 exigatur.
1661 1771 1694 1807 Si
1711 1773 1784 1819 quid

1040 1828 1145 1855 tamen
1182 1821 1277 1867 gratis
1310 1819 1443 1863 dederit
1490 1821 1669 1868 recipiatur,
1708 1822 1784 1856 dum

1042 1882 1144 1905 tamen
1178 1871 1237 1905 tale
1279 1870 1330 1911 sit,
1369 1870 1407 1904 de
1433 1882 1517 1926 ..(1υο
1544 1883 1605 1905 non
1643 1871 1784 1907 videatur

1042 1920 1199 1954 Ecclesiae
1227 1918 1399 1967 periculum
1431 1920 1606 1955 imminere
1638 1920 1672 1955 Si
1711 1932 1785 1955 vero

1042 1970 1080 2004 de
1102 1970 1290 2016 cuiusquam
1313 1969 1455 2005 moribus
1477 1970 1578 2005 visum
1606 1969 1699 2006 suerit
1725 1970 1785 2005 du-

1042 2019 1216 2060 bitandum,
1240 2018 1389 2066 prolixior
1410 2020 1448 2055 de
1466 2031 1504 2054 eo
1525 2019 1679 2054 habeatur
1711 2031 1786 2066 pro—

1043 2069 1134 2104 batio.
1158 2068 1190 2103 Si
1213 2078 1283 2103 ante
1305 2068 1532 2116 professionem
1553 2069 1667 2116 aliquis
1687 2081 1721 2104 se
1743 2069 1787 2103 in-

1044 2126 1253 2165 temperanter
1274 2118 1430 2163 habuerit,
1456 2127 1486 2153 et
1509 2118 1677 2164 impatiens
1698 2118 1788 2154 disci—

1044 2168 1157 2215 plinae,
1182 2167 1221 2203 ad
1243 2168 1403 2203 arbitrium
1432 2167 1566 2202 ministri
1589 2180 1651 2202 non
1678 2180 1787 2203 emen-

1043 2218 1159 2252 daverit
1181 2229 1284 2252 mores
1302 2230 1389 2261 suos,
1410 2217 1567 2252 tribuatur
1587 2217 1615 2252 ei
1647 2217 1786 2253 modeste

1043 2267 1178 2307 licentia,
1200 2279 1273 2302 cum
1299 2266 1448 2301 omnibus
1469 2279 1550 2313 quae
1586 2266 1701 2311 attulit,
1736 2278 1787 2302 re-

1044 2316 1186 2351 cedendi.
1208 2316 1242 2350 In
1270 2317 1378 2351 ordine
1405 2328 1477 2351 v·e10
1495 2315 1608 2363 aliquis
1638 2328 1701 2351 non
1736 2328 1787 2352 re·-

1045 2366 1187 2413 cipiatur,
1210 2374 1376 2413 antequam
1399 2378 1517 2400 annum
1535 2365 1721 2412 vigesimum
1739 2365 1787 2400 vi-

1044 2416 1154 2450 deatur
1180 2416 1395 2462 complevisse.
1420 2414 1577 2450 professio
1606 2427 1679 2450 vero
1718 2424 1787 2463 post

1045 2478 1161 2501 annum
1183 2465 1215 2499 in
1236 2465 1363 2500 arbitrio
1386 2465 1516 2499 ministri
1544 2464 1751 2513 relinquatur.

1349 2526 1430 2562 Car.
1453 2528 1486 2561 9

1094 2585 1229 2632 Pignora
1245 2597 1306 2620 non
1329 2585 1506 2642 accipiant,
1544 2585 1604 2619 nisi
1637 2585 1785 2623 decimas

1802 253 1851 279 Λη.
1866 252 1893 279 C.
1914 254 1979 282 ¹267

1806 1440 1834 1460 De
1842 1440 1933 1460 novitiis.
1946 1445 1982 1460 eo<

1797 1475 1882 1497 rumque
1917 1475 1978 1490 rece*

1798 1502 1875 1527 ptione.

1815 2590 1842 2610 De
1885 2591 1981 2610 oratioue

1766 2635 1772 2640 .
1800 2622 1903 2641 communi
1921 2620 1979 2640 iufir-

262 2639 331 2674 loco
364 2640 481 2674 valeant
518 2639 663 2681 inveniri,
699 2648 728 2674 et
771 2640 795 2673 si
841 2638 1027 2676 commode
1047 2649 1118 2671 cum
1140 2635 1263 2671 licentia
1289 2635 1336 2671 sui
1362 2634 1515 2682 episcopi,
1530 2633 1570 2670 de
1591 2646 1686 2670 manu
1704 2635 1784 2673 laica
1800 2652 1902 2676 m1⁵,-tc.
