2129 3223
147 245 195 272 An.
219 245 247 272 C.
265 247 329 274 12¹8

172 1677 228 1697 [vu
245 1682 312 1697 series

161 2443 269 2500 ,22ᾱὲὶὲ
271 2449 364 2494 22⁹..ss
358 2469 388 2490 in
411 2457 562 2491 futurum.
580 2457 666 2492 Nos
659 2470 762 2504 ipsum
787 2471 891 2505 regem
912 2470 966 2505 per
983 2467 1104 2493 nostras

162 2507 185 2526 ⁶
163 2509 236 2557 „22⁹1ss
240 2510 346 2562 ἓιῖῗῖΐὲ

393 239 461 271 5542

342 302 449 337 stolica
475 301 561 336 vobis
588 301 701 347 scripta
735 301 955 347 praecipiendo
998 314 1088 336 man-

343 351 452 385 dantes
478 358 633 397 quatenus
655 350 796 385 eiusdem
832 349 937 385 Sancti
968 362 1089 385 memo-

343 401 417 434 riam
447 412 518 434 cnm
558 398 738 434 celebritate
760 399 862 434 debita
886 408 1088 437 venerantes

341 449 410 483 eius
431 448 515 494 apud
538 447 638 483 Deum
665 448 814 496 suffragia
837 449 994 483 humiliter
1028 450 1088 482 im-

342 497 482 545 ploretis.

391 546 506 582 Datum
534 546 652 582 Rornae
680 546 761 593 apud
780 547 930 582 Sanctum
948 547 1086 581 Petrum.

341 596 466 632 decimo
486 604 573 632 sexto
599 596 749 631 kalendas
772 597 861 638 iunii,
892 597 1089 644 pontificatus

341 647 441 681 nostri
468 657 549 680 anno
571 645 722 681 secundo.

394 707 455 737 Dat.
475 707 522 737 die
549 708 579 737 l'l
605 707 673 737 maii
695 708 776 739 1218.
796 709 896 747 pontis.
917 718 991 737 anno
1009 717 1036 737 ιι.

660 873 772 908 xxm.

346 950 524 983 Commt'ssio
550 951 587 983 de
614 951 779 983 Boliemiae
810 962 878 994 reqe
920 962 939 983 α
961 952 1093 983 censuris

392 1000 586 1042 absolvendo,
613 1000 778 1033 dummodo
806 1002 841 1032 de
862 1001 982 1032 damnis
1012 1001 1093 1032 Pru-

391 1050 476 1091 9ensi
503 1048 658 1082 Ecclesiae
680 1049 775 1081 illatis
797 1049 966 1093 satisfaciat
988 1052 1044 1091 il).

611 1125 825 1156 suitilantttit

342 1192 422 1221 Facti
455 1192 557 1221 series.
590 1208 628 1214 —-
656 1191 845 1222 Conditiones
877 1203 890 1221 ιι
916 1202 982 1230 rege
1007 1202 1094 1231 prae-

382 1235 503 1265 standae
520 1240 550 1264 ut
573 1245 586 1264 a
616 1236 751 1265 censuris
771 1236 881 1266 absolvi
906 1238 1006 1276 possit.

343 1306 473 1335 Honorius
489 1307 630 1342 episcopus
650 1314 746 1336 servus
771 1315 911 1337 sorvorum
928 1308 984 1341 Dei,
1017 1316 1096 1337 vene-

388 1355 471 1383 rabili
488 1355 575 1384 fratri
593 1357 717 1392 episcopo
733 1357 918 1390 Ratisbonen„
941 1359 969 1386 et
988 1358 1098 1386 dilectis

389 1404 455 1432 filiis
472 1405 504 1432 de
522 1404 600 1437 Ebra.
617 1406 648 1433 et
665 1406 697 1433 de
716 1406 879 1434 waltsasen.
897 1407 1042 1435 abbatibus
1054 1406 1098 1435 tzi-

390 1452 550 1481 sterciensis
566 1453 668 1482 ordinis
686 1453 865 1489 nerbipotlen.
882 1456 913 1483 et
924 1455 1097 1483 Ratishonen.

389 1501 553 1535 dioecesum.
574 1502 692 1531 satutem
707 1504 735 1531 et
748 1503 924 1539 apostolicam
937 1504 1096 1533 benedictio-

391 1557 461 1579 nem.

396 1617 612 1654 Cliarissimus
644 1619 674 1654 in
708 1619 835 1655 Christo
870 1620 953 1655 filius
991 1627 1098 1654 noster

348 1667 522 1703 Bohemiae
545 1681 597 1703 rex
621 1668 749 1704 illustris
776 1682 848 1704 suas
870 1670 961 1704 nobis
993 1669 1097 1703 literas

348 1717 515 1752 destinavit
557 1717 766 1758 continentes,
809 1719 892 1766 quod
927 1718 1096 1754 venerabili

349 1766 433 1802 fratri
465 1774 574 1802 nostro
608 1767 743 1813 Pragen.
783 1769 932 1815 episcopo
972 1774 1098 1815 paratus

348 1825 413 1851 erat
435 1815 473 1850 de
495 1816 654 1859 omnibus,
676 1829 771 1864 super
796 1817 913 1864 quibus
953 1817 991 1852 de
1030 1816 1098 1863 ipso

348 1873 379 1900 et
405 1865 577 1900 baronibus
605 1865 671 1900 suis
693 1867 920 1913 conqueritur,
957 1878 1012 1913 pro
1047 1877 1099 1900 re-

351 1915 486 1949 verentia
508 1922 612 1949 nostra
649 1915 893 1950 satisfactionem
926 1927 1097 1962 congruam

349 1963 512 2008 exhibere,
536 1972 656 2011 petens,
692 1973 724 1999 ut
758 1965 894 2012 aliquem
934 1965 972 2000 de
1004 1965 1099 2000 latere

351 2021 459 2048 nostro
481 2021 610 2061 propter
632 2014 690 2048 lioc
715 2026 812 2061 usque
837 2014 1012 2049 Pactaviam
1028 2025 1098 2048 cum

353 2063 421 2109 ipso
453 2063 603 2110 episcopo
644 2063 851 2098 mitteremus.
899 2063 979 2105 Quia
1028 2074 1100 2096 vero

352 2112 433 2146 idem
456 2112 624 2159 episcopus
658 2113 696 2146 dc
738 2113 927 2160 prudentum
964 2113 1099 2148 virorum

352 2160 484 2196 consilio
513 2173 576 2196 non
615 2161 703 2196 duxit
741 2162 878 2197 laborem
918 2161 1100 2197 huiusmodi

352 2210 568 2251 subeundum,
603 2210 704 2246 donec
740 2211 864 2258 plenius
898 2211 1100 2258 disquisitum

353 2260 499 2299 extiterit,
522 2259 646 2307 qualem
676 2262 774 2315 possit
795 2260 1037 2296 satisfactionem
1051 2260 1103 2294 lia

354 2309 427 2344 bere
453 2309 492 2343 de
518 2309 645 2344 damnis
677 2318 707 2344 et
730 2310 852 2345 iniuriis
873 2310 932 2344 sibi
960 2318 990 2345 et
1018 2311 1103 2344 clero

354 2370 411 2393 suo
439 2358 591 2393 hactenus
613 2359 768 2406 irrogatis,
795 2371 954 2407 quamque
989 2359 1102 2394 babere

356 2404 454 2442 xaleat
477 2408 669 2452 cautionem,
690 2421 730 2444 ne
764 2416 956 2443 attententur
989 2408 1103 2443 similia

359 2517 505 2550 rogamus
525 2506 641 2550 literas,
663 2515 693 2542 et
719 2510 891 2545 hortamur
915 2516 947 2542 ut
974 2508 1003 2542 in
1035 2519 1105 2542 ma-

359 2553 453 2588 nibus
490 2556 602 2590 vestris
641 2564 787 2603 praestet,
827 2565 856 2592 et
887 2568 903 2591 a
946 2556 1104 2592 nobilibus

394 2623 432 2657 (l)
448 2622 485 2650 hx
503 2625 605 2659 Regest.
630 2626 711 2653 Vatic.

921 248 1107 271 BULLAMUM
1130 247 1292 270 ROMANUM

1132 308 1232 335 terrae
1254 312 1329 334 suae
1353 299 1499 346 praestari
1517 299 1608 334 saciat
1635 299 1779 334 idoneam
1802 311 1878 333 cau-

1132 350 1250 384 tionem
1273 348 1452 383 dimittendi
1469 347 1508 383 de
1522 356 1644 383 caetero
1659 348 1716 395 ipsi
1729 347 1878 395 episcopo

1134 398 1359 439 institutiones,
1385 405 1415 433 et
1443 397 1672 442 destitutiones,
1700 406 1731 432 et
1765 397 1879 432 iudicia

1132 446 1288 495 quaelibet
1311 447 1508 490 clericorum,
1538 459 1573 481 ac
1599 447 1668 487 alia,
1703 459 1782 494 quae
1821 459 1880 480 no-

1132 505 1263 531 scuntur
1284 495 1386 531 adius
1407 496 1594 543 pontificalis
1606 495 1698 531 officii
1711 496 1879 543 pertinere.

1132 546 1180 581 Ad
1208 546 1285 581 haec
1319 545 1422 592 ipsum
1448 545 1632 600 episcopum
1659 553 1690 580 et
1728 557 1878 592 procura-

1133 603 1216 630 tores
1231 607 1307 630 suos
1322 594 1464 629 restituat
1482 607 1512 628 in
1525 594 1724 641 episcopatus
1744 594 1792 629 sui
1813 606 1881 642 pos-

1133 644 1305 679 sessionem
1333 643 1464 678 liberam
1487 650 1518 677 et
1534 643 1682 697 quietam,
1697 651 1729 678 et
1753 643 1793 678 de
1815 656 1880 690 pro-

1134 693 1279 728 ventibus
1297 693 1465 728 subtractis
1478 692 1551 733 sibi,
1573 705 1608 727 ac
1632 705 1680 733 us,
1702 692 1883 740 quiadliae-

1136 750 1245 778 serunt
1279 742 1395 785 eidem,
1436 753 1605 787 congruam
1638 741 1880 777 satisfactionem

1134 792 1291 832 exhibeat,
1313 800 1344 826 et
1365 804 1380 826 a
1414 791 1481 826 suis
1502 791 1591 826 faciat
1629 790 1763 826 subditis
1794 791 1884 825 exlii-

1135 841 1199 876 beri
1223 854 1279 888 per
1301 853 1400 875 unum
1436 848 1572 875 restrum
1596 840 1687 875 nobis
1714 839 1806 887 plene
1848 852 1884 874 ac

1137 890 1227 938 plane
1250 889 1426 925 rescribens
1447 889 1600 945 quidquid
1640 901 1735 944 super
1761 889 1885 924 restitu-

1137 939 1221 974 tione
1241 939 1449 987 possessionis
1475 939 1575 986 ipsius
1606 939 1817 986 episcopatus,
1850 951 1885 973 ac

1136 988 1347 1024 satisfactione
1368 988 1567 1029 damnorum,
1603 996 1632 1022 et
1671 988 1738 1023 aliis
1772 1000 1885 1043 supra-

1136 1038 1228 1073 dictis
1250 1038 1372 1073 duxerit
1396 1037 1586 1078 faciendum,
1611 1045 1644 1071 ut
1674 1045 1735 1072 tam
1766 1038 1885 1084 scripto

1137 1099 1207 1128 suo,
1226 1100 1318 1135 quam
1342 1087 1494 1122 relatione
1521 1086 1604 1121 illius
1643 1098 1661 1121 e
1699 1086 1799 1127 vobis,
1831 1087 1884 1134 qui

1137 1137 1174 1171 ad
1203 1149 1261 1171 nos
1288 1136 1406 1171 venerit
1427 1136 1485 1170 hac
1508 1136 1546 1171 de
1565 1148 1670 1174 causa,
1699 1135 1768 1170 facti
1791 1147 1886 1182 snper

1138 1186 1176 1220 iis
1197 1185 1346 1221 omnibus
1368 1186 1528 1226 certiores,
1550 1184 1730 1219 huiusmodi
1762 1185 1886 1230 negotio

1138 1235 1269 1281 dignum
1294 1235 1388 1269 finem
1408 1234 1570 1282 imponere
1598 1234 1767 1268 valeamus.
1802 1233 1886 1269 Sane

1138 1285 1269 1319 salutem
1292 1284 1432 1319 eiusdem
1453 1284 1534 1330 regis
1555 1283 1700 1323 zelantes.
1728 1282 1787 1330 ipsi
1815 1295 1888 1317 con-

1139 1334 1284 1376 sulimus,
1326 1342 1357 1368 ut
1404 1345 1500 1380 super
1537 1345 1575 1367 eo
1613 1332 1696 1379 quod
1737 1331 1885 1367 clericum

1139 1383 1305 1429 quenulam
1329 1382 1366 1416 ad
1390 1381 1599 1429 suspendium
1626 1381 1783 1425 iudicavit,
1816 1381 1886 1416 lieet

1140 1433 1266 1474 reiecto,
1284 1440 1316 1466 ut
1337 1431 1465 1472 dicitur,
1488 1431 1623 1466 clericali
1648 1431 1767 1470 habitu,
1794 1430 1888 1465 cleri-

1138 1480 1195 1516 cali
1220 1481 1377 1515 videretur
1399 1480 1560 1527 privilegio
1579 1492 1611 1515 se
1630 1481 1780 1526 privasse,
1801 1479 1889 1514 abso-

1140 1530 1269 1564 lutionis
1285 1531 1413 1575 recipiat
1435 1529 1624 1564 beneficium
1647 1528 1685 1564 ad
1699 1529 1885 1564 canthelam

1140 1579 1211 1620 Quo
1233 1579 1313 1613 circa
1343 1579 1524 1613 discretioni
1561 1586 1681 1613 xestrae
1718 1589 1774 1625 per
1811 1589 1888 1625 apo—

1139 1628 1248 1662 stolica
1264 1628 1380 1675 scripta
1400 1628 1598 1667 mandamus,
1613 1635 1770 1682 quatenus
1784 1626 1886 1674 ipsum

1141 1690 1245 1723 regem
1274 1677 1312 1711 ad
1339 1677 1548 1712 exhibendam
1587 1677 1764 1711 cautionem
1796 1689 1888 1723 prae—

1140 1726 1267 1765 dictam,
1289 1733 1319 1760 et
1341 1726 1378 1760 ad
1406 1726 1584 1761 faciendum
1607 1738 1675 1760 eam
1703 1738 1719 1760 3
1741 1725 1806 1760 suis
1818 1725 1889 1760 sub—

1141 1775 1215 1810 ditis
1241 1775 1396 1819 exhiberi,
1417 1787 1453 1810 ac
1475 1775 1512 1810 ad
1533 1775 1761 1810 restitutionem
1790 1774 1888 1822 ipsius

1141 1825 1280 1871 episcopi
1307 1834 1338 1859 et
1363 1824 1434 1865 alia,
1458 1837 1538 1872 quae
1567 1824 1797 1871 praemisimus,
1826 1836 1890 1859 mo-

1143 1882 1252 1908 nentes
1267 1873 1449 1920 prudenter,
1463 1882 1493 1909 et
1504 1874 1671 1909 efficaciter
1689 1873 1889 1913 inducentes,

1142 1923 1210 1958 eius
1238 1935 1332 1969 super
1354 1923 1392 1957 iis
1413 1923 1518 1958 literas
1559 1923 1725 1970 requiratis
1758 1923 1796 1958 ad
1834 1935 1891 1957 nos

1143 1984 1198 2019 per
1220 1981 1355 2007 vestrum
1383 1972 1519 2020 aliquem
1543 1972 1740 2012 deferendas,
1772 1972 1891 2007 retaxa-

1143 2021 1203 2055 turi
1239 2022 1424 2056 sententiam
1466 2022 1624 2056 interdicti
1662 2021 1889 2077 promulgatam

1144 2070 1174 2104 in
1202 2083 1334 2117 regnum
1377 2072 1401 2105 si
1430 2083 1525 2117 super
1559 2071 1755 2106 restitutione
1793 2070 1891 2117 ipsius

1143 2119 1296 2166 episcopi
1324 2127 1353 2154 et
1375 2120 1443 2155 aliis
1466 2121 1584 2161 lecerit,
1611 2132 1689 2168 quae
1720 2120 1890 2157 hortamur

1145 2176 1173 2203 et
1192 2170 1361 2215 impensuri
1386 2170 1488 2204 eidem
1515 2170 1539 2205 si
1564 2169 1708 2208 voluerit
1736 2177 1769 2203 ut
1805 2181 1891 2215 pra-e

1145 2218 1263 2252 dictum
1292 2227 1350 2256 cst,
1390 2219 1597 2254 absolutionis
1631 2218 1817 2253 beneficium
1853 2217 1889 2251 ad

1144 2267 1319 2302 cautlielam
1345 2280 1400 2322 pro
1422 2269 1628 2316 suspensione
1649 2267 1752 2303 clerici
1777 2279 1893 2301 memo-

1146 2317 1211 2350 rati.
1235 2316 1374 2358 Quodsi
1403 2330 1464 2353 non
1487 2330 1596 2353 omnes
1629 2318 1666 2352 iis
1697 2316 1892 2363 exequendis

1147 2366 1311 2412 potueritis
1341 2367 1505 2407 inter-,esse
1529 2376 1573 2410 tu,
1603 2367 1695 2402 frater
1732 2366 1892 2413 episcope,

1146 2427 1217 2449 cum
1246 2426 1355 2450 eorum
1379 2416 1476 2451 altero
1498 2416 1703 2451 nihilominus
1716 2415 1891 2461 exequaris.

1196 2462 1311 2498 Datum
1339 2465 1458 2506 Romae
1473 2466 1554 2512 apud
1577 2465 1727 2501 Sanctum
1750 2464 1892 2503 Petrum,

1148 2512 1250 2596 idibgs
1272 2514 1357 2555 maii,
1381 2515 1582 2562 pontificatus
1605 2515 1701 2550 nostri
1728 2526 1812 2549 anno
1850 2528 1893 2550 se-

1147 2574 1207 2597 cun
1234 2575 1262 2597 o.

1200 2623 1260 2655 Dat.
1280 2624 1327 2655 die
1351 2625 1387 2656 15
1409 2625 1478 2656 maii
1497 2625 1579 2659 1218,
1599 2625 1700 2664 pontis.
1719 2635 1795 2656 atino
1811 2635 1841 2656 ιι.

1891 244 1940 270 An.
1959 243 1988 270 C.
2009 242 2074 270 tals
