2129 3223
86 253 134 279 An.
155 252 182 279 c,
201 253 266 280 1255
330 244 401 276 476
876 248 1061 272 nFtJAmt'M
1085 247 1246 270 Romnum
1834 244 1882 270 An.
1900 243 1926 270 c⁴
1948 245 2016 271 ¹233

281 306 317 340 atl
357 304 597 340 relaxactioncm
626 303 757 344 ordinis,
772 303 818 337 vel
836 302 962 349 regulae
984 302 1029 335 vi-
1071 300 1168 335 sionis
1197 299 1335 335 remedio
1358 299 1493 335 noluerit
1517 297 1703 346 providere,
1738 309 1818 344 quae

281 355 452 389 debuntur.
1071 350 1109 383 de
1137 349 1202 395 ipso
1220 349 1415 384 visitatorum
1440 347 1817 395 inquisitiocomprehen-

333 408 348 447 g
375 405 407 438 5.
435 401 557 437 Omnes
587 414 660 436 vero
693 400 820 435 abbates
849 409 879 435 et
911 399 1031 445 priores
1071 399 1135 438 (let,
1162 398 1200 432 ad
1223 398 1338 433 Sedem
1363 397 1574 445 Apostolicam
1594 396 1718 432 referat.

97 455 185 496 carun}
223 454 373 488 ⁵¹2-annis
408 450 541 497 singulis
573 450 611 485 ad
643 449 814 496 capitulum
852 449 1029 487 venientes,
1119 451 1188 490 §9-
1222 447 1389 482 Caeterum
1418 447 1489 494 quia
1522 459 1559 481 ex
1586 446 1665 481 mala
1688 445 1816 481 ordina-
1844 449 2013 500 ⁸0²¹250l⁴2³⁰⁵·

85 488 482 539 {25:31E'J;‡‘.⁸¹¹⁰⁰‹it-finitiones
514 500 556 543 (si
592 512 671 547 quae
702 499 800 534 saetae
828 498 962 541 fuerint)
998 497 1028 531 in
1071 497 1154 531 tione
1185 497 1381 544 prioratuum
1415 506 1444 532 et
1484 495 1755 539 obedientiarum,
1788 485 2015 534 ctffissn’0¹⁰¹0{„¹f‡]

283 563 340 586 sno
369 550 468 585 reditu
498 549 633 584 habeant
672 548 720 583 bis
744 549 774 582 in
797 560 879 582 anno
901 548 931 581 in
963 546 1030 581 suis
1072 545 1226 593 troquenti
1251 546 1422 581 mutatione
1452 545 1591 593 priorum
1621 545 1716 579 multa
1744 544 1904 579 ονε-’Ναθ-

282 599 428 647 capitulis
450 607 480 634 et
495 598 680 633 visitationis
707 606 847 644 tempore
867 596 1030 630 nihilomi-
1071 596 1156 629 nisse
1208 595 1394 629 detrimenta
1439 604 1633 630 noscuntur.
1678 594 1818 628 districte

282 662 342 684 nus
365 648 554 692 recitandas,
582 657 616 683 ut
637 647 742 682 nullus
759 654 920 693 praetextu
945 645 1031 691 igno·
1073 644 1301 691 praecipimus,
1323 651 1358 678 ut
1377 643 1550 690 prioratus,
1573 642 1755 682 decanatus,
1789 650 1819 676 et

282 698 400 733 rantiae
421 710 456 733 se
477 697 578 732 valeat
602 708 762 731 excusare.
1071 705 1182 728 omnes
1203 693 1281 727 aliae
1303 693 1592 728 administrationes
1618 691 1819 726 conferantur

330 751 345 791 ἓ
372 750 404 782 6.
432 746 618 782 Visitatores
649 746 741 780 etiam
770 757 786 779 a
815 743 972 791 personiS,
1001 750 1029 777 et
1070 743 1165 788 gratis
1186 742 1306 789 absque
1335 743 1500 777 venalitate
1526 754 1561 775 ac
1583 741 1685 787 aliqua
1706 741 1818 787 pactio·

85 797 266 848 ‚„,⁸*‚³³]¹2'‡³{⁰,¹‡⁸„,
281 797 371 837 locis,
393 808 474 843 quae
495 796 634 835 visitant,
651 804 771 841 praeter
785 793 962 828 moderatas
981 804 1031 825 ex·
1072 803 1122 831 ne,
1150 799 1178 826 et
1201 791 1358 838 prioratus
1380 792 1603 826 conventuales
1631 790 1756 824 nonnisi
1776 802 1818 824 sa-

146 834 396 893 m'oaei’aiaspensas
422 845 516 880 victui
552 844 745 878 necessarias
776 842 916 889 recipere
951 840 1028 875 nihil
1072 840 1254 875 cerdotibus
1293 841 1538 875 committantur.
1590 839 1674 874 Haec
1712 847 1817 874 autem

83 895 113 909 '⁹'
132 892 186 915 mm
281 895 411 930 omnino
434 900 651 940 praesumant,
685 893 738 927 setl
766 891 964 926 excutientes
991 889 1030 924 ab
1073 890 1220 924 nolumus
1241 888 1278 924 ad
1308 890 1376 924 illas
1402 889 1569 935 grangias,
1597 901 1652 922 seu
1682 888 1819 923 admini-

280 943 366 978 omni
395 955 526 978 munere
554 954 666 977 manus
692 952 784 985 snas,
811 953 883 974 cum
920 940 1030 986 paucis
1072 939 1239 973 strationes
1261 938 1496 984 extendi,qnae
1513 950 1619 973 curam
1642 938 1817 972 animarum

280 992 440 1033 incedant,
467 991 643 1026 secundnm
679 989 763 1038 quod
792 990 822 1023 in
852 990 919 1036 ipso
945 988 1030 1035 capi·

280 1041 347 1076 tulo
370 1041 463 1076 suerit
493 1040 683 1075 ordinatum.

331 1094 345 1134 ξ
374 1093 405 1124 7.
435 1089 539 1124 Prima
564 1089 648 1124 enim
672 1088 738 1122 vice
764 1098 875 1122 omnes
901 1086 1031 1120 abbates

1073 999 1133 1022 non
1152 987 1280 1032 liabent,
1299 996 1328 1022 et
1343 987 1431 1022 laicis
1445 998 1637 1022 consuevere
1653 987 1817 1021 committi.

1071 1036 1104 1072 Si
1128 1036 1199 1083 quis
1225 1045 1329 1071 autem
1359 1044 1485 1083 propter
1508 1036 1585 1070 haec
1611 1035 1747 1075 dedisse,
1771 1035 1817 1070 vel

1072 1085 1229 1132 recepisse
1257 1085 1374 1132 aliquid
1406 1086 1570 1120 convictus
1596 1084 1752 1125 extiterit;
1780 1097 1818 1119 ex

96 1142 268 1192 “qn-‘flftu‘fssg
283 1148 310 1173 et
341 1139 460 1186 priores
480 1138 667 1174 conveniant
695 1136 732 1171 ad
759 1135 950 1183 capitulum,
988 1147 1031 1170 re·
1050 1154 1053 1202 ι
1071 1142 1146 1169 tunc
1168 1146 1343 1181 numquam
1365 1135 1396 1169 in
1424 1134 1533 1169 ordine
1552 1133 1754 1169 Cluniacensi
1769 1133 1819 1168 di-

84 1178 267 1223 Ϊέὲᾎᾉεῗὲωἶό-
282 1189 403 1235 cepturi
439 1187 694 1223 reformationem
731 1184 951 1232 praesentibus
982 1196 1030 1218 an·
1050 1219 1053 1234 Δ
1072 1184 1221 1229 gnitatem
1251 1183 1375 1225 habeat,
1403 1184 1449 1218 vel
1474 1183 1637 1218 honorem.
1660 1182 1699 1217 Et
1721 1183 1747 1217 si
1763 1182 1820 1217 ad-

85 1236 180 1254 ¹¹‘'“¹¹¹¹¹¹‘
283 1245 431 1277 notatam,
454 1245 484 1271 et
500 1235 700 1284 postmodnm
719 1235 774 1274 illi,
796 1234 933 1281 quisunt
952 1233 1030 1267 ultra
1050 1239 1053 1258 ἕ
1074 1245 1182 1268 versus
1196 1232 1333 1280 aliquem
1350 1244 1445 1279 super
1459 1232 1518 1267 hoc
1532 1231 1615 1278 apud
1634 1232 1819 1271 visitatores,

283 1299 366 1321 mare
392 1286 537 1332 Angliae,
563 1285 610 1319 vel
634 1285 712 1318 ultra
743 1283 840 1329 Alpes
865 1294 927 1317 uno
949 1295 1031 1317 anno
1073 1282 1118 1317 vel
1142 1282 1326 1316 definitores
1349 1281 1520 1316 vehemens
1548 1280 1700 1316 habeatur
1723 1292 1820 1328 prae—

283 1336 481 1374 intermisso,
513 1346 586 1369 cum
621 1334 781 1368 moderato
806 1331 959 1369 familiae,
995 1344 1030 1366 ac
1051 1347 1052 1360 2
1072 1331 1230 1378 sumptio,
1258 1331 1360 1376 ipsum
1391 1342 1447 1377 per
1474 1342 1528 1365 eos
1554 1342 1571 1364 a
1599 1329 1736 1377 prioratu
1772 1329 1819 1364 vel

282 1384 529 1431 equitaturarum
552 1383 722 1421 comitatu,
757 1393 794 1415 ne
831 1381 955 1418 domus,
992 1380 1028 1414 ad
1050 1364 1053 1405 l
1072 1380 1341 1414 administratione
1364 1378 1410 1414 sic
1421 1379 1546 1414 obtenta
1570 1379 1717 1414 volumus
1731 1390 1820 1413 amo-

282 1445 360 1481 quas
386 1444 441 1466 eos
463 1432 567 1466 venire
593 1431 772 1476 continget,
800 1437 1030 1475 aggraventur,
1050 1411 1053 1460 l
1073 1429 1146 1463 veri.
1175 1428 1215 1463 Et
1232 1428 1257 1463 si
1276 1429 1348 1476 quis
1370 1440 1491 1475 ponens
1507 1439 1632 1463 carnem
1656 1427 1819 1463 brachium

282 1481 450 1516 accedant:
478 1492 574 1526 super
607 1480 654 1514 liis
690 1480 719 1512 iu
758 1479 858 1525 primo
893 1478 1030 1525 capitulo
1071 1490 1188 1522 suum,
1216 1490 1271 1524 per
1295 1474 1507 1512 interventum
1529 1476 1736 1511 saecularium
1753 1488 1820 1523 per-

282 1530 498 1576 superssnitate
519 1528 657 1576 qualibet
680 1528 861 1567 resecanda,
884 1536 913 1561 et
945 1535 1030 1561 certo
1050 1507 1053 1547 l
1072 1538 1221 1561 sonarum
1249 1526 1403 1561 committi
1422 1526 1481 1560 sibi
1509 1525 1738 1565 obedientiam,
1772 1525 1819 1560 vel

283 1579 490 1613 nihilominus
511 1577 726 1613 moderamine
749 1576 938 1610 adliibendo.
1073 1575 1245 1622 prioratum
1263 1574 1452 1622 poposcerit,
1476 1587 1650 1622 numquam
1667 1575 1744 1609 illud
1761 1574 1820 1609 ob-

332 1631 347 1671 §
374 1629 406 1662 8.
435 1628 609 1663 Statnirnus
643 1626 787 1671 insuper,
824 1633 855 1659 ut
892 1624 1030 1672 quolibet
1073 1625 1180 1664 tineat,
1204 1624 1258 1658 sed
1287 1636 1346 1659 nec
1371 1624 1467 1658 alium
1493 1624 1568 1658 infra
1592 1636 1721 1658 annum.

2096 1212 2102 1221 ι
2077 1027 2108 1199 &fiabra-“vssw
2091 1010 2099 1022 «

88 1679 122 1729 pp*
135 1684 270 1717 Veotqunuolr
283 1688 366 1711 anno
389 1677 420 1710 in
443 1675 580 1720 capitulo
605 1687 659 1721 per
686 1675 868 1708 (le-linitores
896 1681 1032 1720 quatuor

110 1711 178 1735 igcndt
194 1716 231 1737 pro
240 1716 270 1731 vt·

87 1742 195 1764 <nationum
207 1743 226 1760 et
238 1746 270 1760 re-

87 1771 214 1791 tmmanane
225 1777 274 1791 mo-

86 1804 141 1822 n.·=t⁴
184 1801 269 1822 Clunia-

285 1736 437 1772 personae
464 1725 629 1764 discretae,
664 1736 699 1757 ac
733 1723 835 1757 Deum
872 1722 1030 1766 timentes,

284 1773 427 1808 videlicet
449 1773 511 1808 duo
526 1773 655 1808 abbates
675 1780 705 1806 et
720 1771 783 1806 duo
800 1771 920 1818 priores
934 1770 1028 1806 Clun.

283 1823 404 1857 ordinis
430 1823 598 1869 eligantur,
619 1821 670 1868 qui
693 1820 789 1855 semel
812 1821 842 1855 in
865 1831 949 1854 anno
966 1828 1031 1855 sta-

284 1880 350 1907 tuto
377 1872 511 1907 termino
541 1871 585 1906 ad
623 1870 833 1905 Cluniacense
871 1878 1032 1904 monaste-

285 1922 364 1955 rium
388 1920 585 1960 accedentes,
608 1927 669 1953 tam
690 1918 728 1952 (le
752 1930 882 1965 persona
907 1917 1030 1952 Clunia-

284 1971 390 2006 censis
422 1969 555 2012 abbatis,
582 1981 675 2016 quam
704 1968 742 2002 (le
765 1968 1029 2002 mona1-»teriorum
1051 1979 1052 1982 ’

283 2028 313 2054 et
347 2019 489 2054 locorum
522 2017 854 2053 circumadiacentium
890 2025 971 2051 statu
1001 2017 1029 2050 in

284 2067 502 2116 spiritualibus
535 2074 567 2102 et
602 2065 828 2113 temporalibus
864 2066 1032 2111 diligenter

284 2118 455 2165 inquirant,
483 2125 512 2152 et
538 2128 617 2164 quae
644 2114 828 2162 corrigenda
857 2115 1031 2150 invenerint

284 2167 321 2202 ad
359 2168 497 2214 ipsorum
538 2165 703 2200 consilium
743 2164 950 2209 corrigantur.
987 2164 1031 2198 Ea

286 2228 369 2255 vero,
396 2227 476 2263 quae
505 2215 612 2249 maiori
643 2213 777 2248 consilio
800 2213 952 2259 indigent,
980 2225 1029 2246 re-

285 2266 424 2299 serantur
450 2263 582 2310 singulis
609 2263 701 2297 annis
725 2262 762 2297 ad
786 2262 957 2308 capitulum
977 2274 1032 2308 ge-

286 2313 403 2358 nerale,
431 2321 463 2348 ut
489 2312 708 2348 Clnuiacensis
732 2311 871 2346 Ecclesia
896 2311 925 2345 in
950 2311 1032 2345 bono

285 2371 364 2398 statu
394 2375 448 2410 per
479 2362 686 2397 visitationem
712 2360 897 2396 huiusmodi
925 2372 1032 2407 perse-

288 2420 380 2447 veret.
405 2411 480 2446 Etsi
497 2410 619 2446 abbatis
641 2410 799 2456 exigerent
817 2410 927 2444 merita
943 2412 1033 2456 (quae

286 2461 377 2495 celari
416 2473 477 2495 non
511 2460 650 2504 debent),
679 2472 734 2507 per
757 2459 931 2494 visitatores
958 2471 1034 2493 mo-

288 2518 407 2549 neatur,
434 2518 467 2544 ut
495 2509 596 2549 cedat,
626 2517 657 2544 et
692 2508 784 2544 liceat
819 2507 1035 2543 visitatoribus

287 2566 318 2593 et
341 2559 509 2593 conventui
537 2557 757 2593 Cluniacensis
779 2557 873 2592 liuius
896 2557 1034 2604 recipere

288 2607 472 2642 cession‹·m.
496 2607 588 2648 Quid
613 2608 636 2642 si
661 2606 739 2642 forte
761 2605 857 2640 abbas
879 2605 937 2641 sibi
965 2617 1034 2641 ces-

1120 1677 1136 1716 §
1170 1676 1224 1708 10.
1261 1672 1495 1708 Conventuales
1529 1685 1657 1720 quoque
1701 1672 1821 1720 priores
1848 1682 1933 1704 Priores
1965 1688 2019 1703 con-

1072 1721 1224 1768 quamdiu
1248 1722 1279 1756 in
1301 1721 1519 1768 spiritualibus
1540 1729 1571 1757 et
1594 1721 1821 1768 temporalibus
1835 1713 2020 1764 {gnfflgsseffin

1073 1770 1152 1805 bene
1179 1770 1477 1811 administraverint,
1500 1771 1626 1805 nonnisi
1647 1783 1685 1805 ex
1723 1770 1820 1807 certis

1071 1820 1176 1854 causis
1197 1819 1314 1855 debent
1336 1820 1486 1863 amoveri,
1515 1819 1658 1855 videlicet
1680 1819 1703 1854 si
1742 1819 1822 1854 dila-

1074 1869 1230 1915 pidatores
1253 1868 1299 1902 vel
1324 1868 1553 1908 inobedientes,
1592 1876 1645 1903 aut
1678 1868 1822 1910 rebelles,

1072 1929 1126 1952 seu
1156 1917 1300 1955 infames,
1324 1917 1369 1953 vel
1395 1917 1627 1954 incontinentes
1653 1918 1822 1959 extiterint,

1072 1979 1128 2001 seu
1151 1966 1189 2001 ad
1218 1967 1367 2002 maiorem
1391 1966 1575 2013 dignitatem
1599 1966 1714 2003 fuerint
1748 1980 1822 2014 pro—

1074 2015 1230 2056 movendi;
1253 2016 1337 2063 quod
1361 2016 1454 2051 etiam
1477 2016 1517 2051 de
1542 2016 1719 2052 minoribus
1744 2017 1821 2064 prio·

1074 2064 1160 2099 ribus
1183 2064 1328 2100 volumus
1350 2065 1518 2100 observari.
1553 2065 1730 2113 Nullusque
1770 2066 1822 2100 lit-

1073 2122 1153 2148 teras
1175 2115 1424 2150 conlirmationis
1446 2114 1567 2159 habeat,
1590 2115 1675 2162 quod
1697 2115 1736 2150 de
1763 2127 1822 2156 suo

1073 2163 1211 2209 prioratu
1241 2164 1284 2198 vel
1309 2163 1488 2199 obedientia
1511 2176 1571 2199 non
1600 2164 1711 2200 debeat
1732 2176 1822 2198 amo-

1074 2224 1148 2246 veri.

1121 2266 1136 2303 ξ
1163 2263 1215 2295 tt.
1247 2261 1280 2295 ln
1309 2261 1514 2296 destitutione
1558 2274 1630 2297 vero
1673 2261 1820 2296 abbatum
1847 2271 2018 2307 Qunefforqwiu

1073 2309 1120 2344 vel
1143 2311 1282 2356 priorum
1306 2311 1577 2353 conventualium,
1595 2311 1737 2346 videlicet
1750 2319 1821 2346 octo
1850 2301 2003 2354 ‘⁰3222'Jffl'

1075 2359 1314 2401 monachorum,
1340 2368 1370 2395 et
1407 2372 1513 2407 supra,
1551 2360 1678 2401 modus,
1711 2358 1822 2404 forma,

1074 2415 1104 2443 et
1129 2419 1222 2443 causa
1261 2416 1437 2450 serventur,
1471 2422 1551 2457 quae
1590 2417 1822 2444 consueverunt

1075 2457 1156 2492 circa
1178 2457 1306 2493 abbates
1335 2458 1520 2494 Cistercien.
1555 2458 1676 2493 ordinis
1713 2458 1823 2494 obser-

1077 2506 1148 2546 vari,
1176 2516 1204 2541 et
1232 2508 1284 2554 qui
1310 2516 1487 2543 removetur
1508 2520 1542 2542 se
1565 2507 1694 2542 inclinet
1721 2507 1822 2543 humi-

1076 2554 1155 2595 liter,
1178 2568 1235 2591 nec
1256 2556 1404 2604 appellet.
1426 2555 1519 2598 Quod
1546 2556 1572 2592 si
1595 2555 1716 2604 absque
1742 2557 1821 2593 iusta

1075 2616 1166 2638 cansa
1198 2613 1336 2640 remotus
1362 2605 1507 2646 extiterit,
1530 2612 1558 2640 et
1581 2605 1641 2640 ltoc
1669 2617 1723 2653 per
1743 2606 1824 2642 alios
