2129 3223
354 301 424 334 624

303 378 374 400 cuni
393 362 576 402 reverentia,
600 361 630 395 in
643 359 786 395 eiusdem
802 358 942 406 Virginis
960 358 1049 397 festo,

304 415 348 449 191
372 414 467 449 etiarn
491 411 566 446 infra
596 410 694 466 ipsius
719 409 789 444 festi
817 417 958 450 octavas,
988 419 1050 441 an-

304 463 420 498 nuatim
447 460 652 499 accesserint,
679 459 779 506 ipsius
809 457 956 503 suffragia
986 456 1050 490 hu·

302 512 416 546 militer
457 510 602 558 petituri,
642 508 682 544 de
721 507 948 554 omnipotentis
993 505 1050 540 Dei

302 559 527 603 misericordia,
554 571 589 593 ac
611 558 775 593 beatorum
798 556 882 591 Petri
910 563 939 590 et
961 554 1050 590 Pauli

300 610 515 656 apostolorum
531 608 601 643 91115
613 608 798 642 anctoritate
812 605 934 643 conlisi,
953 616 1049 639 unum

299 671 416 693 annum
445 667 475 692 et
501 657 709 705 quadraginta
744 656 812 690 dies
835 655 874 690 de
902 653 1052 688 iniunctis

299 708 358 742 sibi
375 707 576 755 poenitentiis
597 705 841 742 misericorditer
864 703 1050 739 relaxamus.

348 757 465 792 Datum
489 757 669 802 Anagniae,
696 763 784 789 sexto
805 753 866 788 kal.
896 752 1051 792 octobris,

300 807 503 852 pontificatus
531 805 630 840 nostri
652 816 737 839 anno
765 804 877 851 primo.

315 868 376 898 Dat.
397 869 443 898 die
459 868 497 898 26
512 867 688 907 septembris
705 866 791 902 1255,
810 864 912 904 pontif.
929 873 1004 893 anno
1021 873 1038 893 1.

106 315 155 340 An.
172 314 202 340 C.
223 312 289 339 1255

633 1041 717 1077 XXI.

297 1125 459 1170 Disfint'tio
477 1124 698 1157 controversiae
718 1122 959 1167 superprimalu
975 1121 1053 1154 inter

346 1174 577 1207 Armachanum
610 1180 635 1206 ee
666 1173 863 1205 Tuamensem
892 1171 1052 1214 archiepi-

347 1234 451 1268 scopos
474 1224 535 1265 (A).

567 1289 783 1322 SUMMAtttUM

299 1358 466 1388 Exordium.
481 1374 521 1380 —
533 1356 631 1387 Status
644 1356 828 1396 quaestionis
845 1356 921 1385 inter
938 1359 1052 1385 utrum-

338 1412 395 1440 que
431 1402 697 1441 archiepiscopum.
728 1417 768 1424 —
798 1400 1051 1439 Archiepiscopus

338 1447 543 1476 Armachanus
576 1445 744 1485 provinciae
777 1444 894 1482 primas.
920 1461 959 1466 —
989 1443 1051 1473 Sibi

339 1490 519 1528 provinciam
533 1489 697 1518 Thuameu.
719 1487 827 1518 subiici
841 1488 920 1526 petit.
937 1504 975 1509 —
991 1487 1051 1516 Ra-

340 1534 435 1563 tiones
458 1538 582 1572 utraque
600 1542 634 1562 ex
653 1537 734 1572 parte
752 1531 905 1565 adductae,
928 1541 960 1561 ac
979 1531 1051 1561 dili-

338 1578 415 1615 genti
445 1577 597 1608 subiectae
630 1577 766 1606 examini.
798 1592 837 1598 —-
867 1575 1052 1605 Arinachano

338 1621 530 1657 conceditur,
562 1624 594 1650 ut
623 1629 655 1649 59
688 1620 785 1650 vocari
818 1620 911 1659 possit
943 1619 1052 1658 primas

338 1664 500 1694 Thuamen.
517 1681 557 1687 —
572 1664 726 1695 Stabilitur
743 1669 860 1703 tempus
876 1664 1052 1693 visitationis

339 1709 509 1748 provinciae
538 1709 682 1741 eiusdem,
705 1718 738 1738 ac
764 1708 866 1737 forma.
887 1724 926 1729 —
944 1707 1053 1737 Procu-

338 1756 467 1783 rationes
486 1753 513 1783 ei
531 1752 725 1782 exhibendae.
752 1768 790 1774 —
812 1751 965 1790 Episcopis
986 1760 1053 1790 pro-

339 1798 452 1828 vinciae
481 1796 645 1827 Thuamen.
677 1796 850 1826 conceditur
877 1796 923 1825 ius
953 1795 1053 1834 appel-

339 1842 421 1872 landi
453 1841 489 1872 ad
521 1841 651 1880 archiep.
680 1840 909 1870 Armachanum.
936 1856 975 1862 —
1000 1838 1051 1869 His

341 1889 452 1915 tantum
470 1889 625 1915 contentus
643 1894 709 1915 esse
728 1884 816 1915 debet
834 1883 1050 1913 Armachanus.

338 1947 378 1951 —
395 1928 562 1960 Clausulae.

344 2000 494 2029 Alexander
512 2000 654 2036 episcopus
673 2006 767 2029 servus
789 2005 930 2028 servorum
948 1998 1007 2031 Dei,

445 2049 479 2078 ad
497 2049 659 2085 perpetuam
681 2049 724 2077 rei
738 2049 906 2078 memoriam.

350 2121 492 2156 Ecclesia
513 2120 657 2156 Romana
685 2128 843 2168 tamquam
866 2119 1002 2166 diligens
1022 2128 1053 2154 et

302 2178 418 2206 attenta
442 2178 540 2205 mater
563 2169 755 2217 profectibus
770 2181 896 2216 semper
911 2167 1052 2214 invigilat

135 2178 253 2199 Sannum.

302 2220 446 2264 aliarum,
473 2227 502 2254 et
525 2219 549 2254 si
585 2219 713 2266 quando
741 2219 820 2253 inter
846 2230 899 2252 eas
926 2225 1074 2252 contr0-=

304 2269 439 2310 tersiae,
469 2270 533 2304 sive
555 2268 625 2303 lites
658 2275 838 2314 emergunt,
874 2268 940 2322 ipsa
965 2276 997 2301 ut
1022 2268 1050 2301 in

303 2319 390 2366 pacis
422 2317 592 2373 tranquillo
625 2318 857 2365 congaudeant,
873 2325 902 2352 et
925 2317 954 2350 in
977 2328 1053 2351 sua-

304 2368 395 2403 vitate
417 2368 504 2415 quiet
495 2368 533 2402 15
565 2366 708 2402 devotius
738 2366 875 2402 Domino
898 2365 1053 2400 famulen-

304 2425 372 2455 tur
399 2425 578 2465 opportuna
598 2416 738 2452 remedia
761 2416 942 2463 interponit.
969 2414 1053 2450 Sane

120 2470 155 2490 δι’
158 2474 190 2490 m·
224 2477 262 2497 qu·
252 2476 290 2491 --e
304 2465 423 2501 dudum
440 2467 520 2501 inter
534 2465 743 2502 venerabilem
763 2465 889 2500 fratrem
909 2472 1052 2499 nostrum

107 2502 216 2558 1111111111,
235 2503 578 2563 ¹¹&archiepiscopum
606 2524 636 2551 et
665 2515 796 2550 dilectos
819 2514 900 2549 111105
931 2514 1053 2561 capitu-

108 2564 273 2589 “ic-*²⁹⁵⁰Puffl
306 2562 370 2598 lum
392 2565 582 2600 Armachan.
610 2577 647 2600 ex
675 2572 761 2612 parte
783 2576 863 2604 una,
893 2572 923 2598 et
950 2574 1053 2597 vene-

306 2612 432 2647 rabilem
461 2614 585 2649 fratrem
608 2622 750 2649 nostrum
775 2591 1051 2660 archiepiscopum

339 2681 378 2717 (t)
395 2681 433 2708 Ex
452 2682 554 2717 Regest.
574 2683 656 2710 Vatic.

879 303 1067 327 BULLAmt‘M
1097 302 1257 325 ROMANCM

1859 303 1910 328 An.
1927 302 1956 330 C.
1974 303 2041 330 ¹256

1091 356 1245 391 Tuamen.
1269 368 1306 390 ex
1328 356 1422 392 altera
1446 368 1545 404 super
1569 355 1635 391 iure
1664 355 1843 403 primatiae,

1093 418 1186 453 qnam
1211 405 1294 440 idem
1323 406 1577 452 archiepiscopus
1595 404 1784 440 Armachan.
1813 405 1843 440 in

1094 455 1256 501 provincia
1271 454 1424 490 Tuamen.
1441 455 1556 490 habere
1567 467 1602 489 se
1617 455 1738 495 asserit,
1752 465 1843 501 quae-

1093 504 1194 538 stione
1215 504 1356 547 suborta‚
1378 512 1407 539 et
1428 505 1563 551 partium
1586 502 1844 552 procuratoribus

1095 560 1222 600 propter
1255 553 1316 588 hoc
1355 553 1439 601 apud
1476 553 1591 588 sedem
1625 552 1842 600 Apostolicam

1093 602 1285 643 constitutis,
1307 602 1415 649 eisque
1437 602 1551 637 dilecto
1573 601 1637 636 filio
1663 610 1770 637 nostro
1790 601 1845 636 Io-

1093 663 1174 686 anne
1195 651 1304 687 Sancti
1332 651 1449 686 Nicolai
1480 652 1509 686 in
1537 650 1671 686 Carcere
1698 651 1844 686 Tulliano

1093 700 1226 736 diacono
1254 700 1404 736 cardinali
1427 700 1571 735 auditore
1597 712 1761 741 concesso;
1786 712 1844 736 9ο-

1095 750 1238 784 rumdem
1266 750 1496 797 archiepiscopi
1518 757 1548 784 et
1578 749 1706 797 capituli
1734 749 1845 785 Eccle—

1093 799 1157 834 siae
1195 799 1386 834 Armachan.
1435 799 1600 846 proposuit
1638 807 1844 854 procurator,

1093 847 1176 894 quod
1200 860 1273 883 cum
1296 849 1377 883 idem
1400 848 1661 896 archiepiscopus
1673 849 1714 883 sit
1731 857 1761 883 et
1775 860 1844 883 esse

1093 896 1207 932 debeat
1234 897 1351 944 primas
1377 897 1518 932 eiusdem
1542 897 1731 944 provinciae,
1753 909 1790 932 ac
1812 897 1844 931 in

1095 947 1312 1001 possessione,
1334 946 1383 980 vel
1409 947 1499 993 quasi
1521 946 1599 981 iuris
1627 946 1790 993 primatiae
1812 946 1842 980 in

1095 996 1159 1043 ipsa
1193 996 1351 1042 provincia
1389 994 1483 1030 fuerit
1508 1007 1524 1030 a
1558 995 1650 1042 longe
1681 996 1844 1031 transactis
1886 1002 2043 1030 Arcbter‘seo-

1094 1045 1300 1092 temporibus
1314 1044 1480 1092 dictusque
1493 1044 1752 1092 archiepiscopus
1765 1044 1845 1080 Γ11111-
1857 1033 2042 1094 {ssgvss'efficfflss

1094 1106 1178 1128 men.
1201 1094 1303 1129 eidem
1338 1094 1527 1128 Armachan.
1562 1093 1742 1129 immediate
1767 1094 1844 1129 sub·
1858 1103 1909 1118 “¹⁸⁵-

1093 1155 1161 1178 esse
1183 1142 1296 1178 debeat
1323 1143 1442 1178 ratione
1464 1142 1645 1178 huiusmodi
1669 1143 1843 1191 primatiae,

1093 1193 1160 1239 ipse
1192 1192 1346 1227 'l'uamen.
1385 1191 1595 1227 obedientiam
1629 1200 1659 1227 et
1692 1204 1844 1228 reveren-

1093 1243 1180 1285 tiam,
1200 1249 1229 1276 et
1242 1251 1362 1278 caetera
1380 1241 1480 1288 ipsius
1496 1241 1658 1288 primatiae
1672 1241 1739 1276 iura
1760 1253 1846 1288 prae-

1094 1290 1155 1325 fato
1174 1291 1364 1326 Arinachan.
1392 1290 1527 1337 denegat
1549 1290 1708 1325 exhibere.
1739 1289 1844 1332 Quare

1093 1340 1198 1375 dictus
1213 1340 1301 1387 petiit
1324 1347 1510 1387 procurator
1522 1340 1668 1374 eumdem
1687 1339 1843 1375 Tuamen.
1871 1346 1913 1368 Sibi
1954 1347 2044 1373 provin-

1093 1389 1238 1436 compelli
1260 1389 1298 1424 ad
1317 1389 1529 1424 obedientiam
1546 1397 1577 1424 et
1596 1389 1793 1444 parendum'
1787 1389 1843 1436 ipsi
1858 1376 2040 1434 ss22¹303122252²f⁰‘

1094 1438 1285 1473 Armachan.
1311 1447 1468 1484 tamquam
1491 1450 1549 1473 suo
1581 1438 1722 1486 primati,
1749 1449 1785 1472 ac
1806 1438 1845 1473 ad

1094 1488 1317 1534 praestandum
1355 1487 1414 1522 sibi
1451 1487 1607 1543 plenarie
1636 1495 1669 1521 ut
1703 1495 1844 1527 tenetur,

1093 1537 1304 1571 obedientiam
1333 1544 1363 1571 et
1381 1537 1586 1571 reverentiam
1609 1543 1639 1570 et
1660 1536 1718 1570 alia
1745 1536 1844 1583 ipsius

1095 1586 1258 1632 primatiae
1292 1586 1376 1628 iura,
1403 1598 1484 1633 quae
1529 1586 1558 1619 in
1588 1586 1656 1632 ipso
1689 1585 1842 1620 Tuamen.

1093 1643 1125 1669 et
1147 1634 1307 1681 provincia
1342 1635 1410 1669 eius
1438 1634 1530 1669 habet
1560 1642 1591 1668 et
1613 1634 1730 1669 habere
1751 1634 1843 1670 debet

1094 1683 1178 1719 idem
1207 1683 1464 1731 archiepiscopus
1485 1683 1721 1718 Armachanus:
1754 1684 1843 1730 petiit

1093 1734 1185 1768 etiam
1207 1733 1382 1768 adiudicari
1404 1745 1460 1780 per
1481 1733 1670 1768 sententiam
1694 1733 1753 1779 ipsi
1781 1734 1844 1767 Ar-

1094 1782 1238 1818 machan.
1265 1783 1315 1817 ius
1343 1782 1504 1829 primatiae
1533 1782 1562 1816 in
1586 1782 1747 1828 provincia
1773 1794 1844 1817 me-

1095 1840 1213 1866 morata
1228 1859 1236 1872 ‚
1280 1843 1405 1866 necnon
1451 1831 1677 1866 sententialiter
1714 1831 1841 1866 diffiniri

1093 1881 1243 1916 eumdem
1265 1880 1419 1915 Tuamen.
1441 1880 1556 1915 debere
1574 1880 1632 1927 ipsi
1652 1880 1841 1916 Armachan.

1094 1930 1213 1965 ratione
1231 1930 1334 1965 dictae
1349 1930 1511 1976 primatiae
1534 1929 1620 1964 nullo
1646 1929 1752 1964 medio
1763 1929 1843 1964 sub-

1094 1979 1205 2014 iacere.
1245 1979 1316 2014 Lite
1343 1980 1448 2026 itaque
1490 1991 1586 2026 super
1620 1978 1670 2013 his
1705 1978 1843 2024 legitime

1093 2036 1283 2068 contestata,
1318 2036 1349 2062 et
1383 2029 1421 2062 ab
1441 2028 1554 2063 eodem
1582 2035 1782 2073 procuratore
1803 2029 1841 2063 ad
1870 2035 2041 2057 Rationesum-

1093 2056 1284 2112 fundandani
1313 2077 1545 2124 praedictorum
1573 2070 2040 2123 Α111111011311.εν-ξὲζυςῗζθῖἒῖῗ

1094 2127 1284 2173 chiepiscopi
1313 2135 1344 2161 et
1367 2126 1496 2174 capituli
1519 2126 1682 2166 rationem,
1704 2125 1883 2172 quodam
1856 2127 1883 2154 ¹¹
1874 2128 1930 2148 0⁰¹¹
1966 2127 2032 2148 ⁵⁰³¹*

1095 2176 1258 2223 privilegio
1281 2176 1381 2210 bonae
1410 2176 1578 2211 memoriae
1600 2174 1769 2209 Coelestini
1786 2174 1844 2209 Pa·
1856 2163 1903 2180 ωε
1918 2163 2017 2179 mm

1095 2237 1150 2272 pae
1179 2224 1431 2280 praedecessoris
1458 2225 1575 2267 nostri,
1602 2231 1632 2264 et
1653 2223 1840 2271 quibusdam

1093 2274 1161 2309 aliis
1182 2274 1307 2329 scriptis
1331 2274 1359 2308 in
1383 2274 1502 2309 iudicio
1523 2251 1682 2313 exhibitis,
1708 2284 1744 2307 ac
1767 2284 1843 2307 non-

1094 2323 1190 2358 nullis
1211 2324 1303 2358 etiam
1326 2323 1469 2363 testibus
1493 2331 1619 2370 propter
1635 2321 1696 2356 hoc
1715 2321 1841 2368 abipso

1095 2372 1267 2427 productis,
1293 2385 1350 2408 nos
1371 2373 1490 2408 eisdem
1518 2370 1683 2427 privilegio
1704 2378 1735 2406 et
1760 2382 1841 2405 scri-

1095 2421 1153 2468 ptis
1186 2430 1216 2457 et
1249 2434 1389 2477 ipsorum
1417 2421 1510 2456 dictis
1537 2421 1682 2464 testium,
1716 2431 1752 2454 ac
1785 2419 1840 2463 iis,

1093 2483 1172 2526 qnae
1194 2470 1369 2517 allegatam
1392 2470 1584 2506 contrarium
1607 2481 1622 2504 a
1642 2476 1727 2516 parte
1744 2468 1840 2504 altera

1093 2520 1269 2561 extiterant,
1297 2520 1483 2567 cunctisque
1509 2518 1681 2554 rationibus
1713 2525 1744 2552 et
1769 2529 1840 2553 om-

1093 2569 1204 2610 nibus,
1243 2582 1324 2624 quae
1354 2570 1428 2604 hinc
1460 2568 1534 2604 inde
1560 2567 1648 2602 fuere
1682 2567 1840 2614 proposita

1094 2619 1318 2666 perspicaciter
1339 2619 1430 2659 11515,
1457 2625 1488 2653 et
1509 2616 1637 2664 plenius
1659 2615 1839 2656 intellectis,

1093 2668 1255 2714 negotium
1285 2667 1464 2702 huiusmodi
1503 2678 1563 2700 una
1592 2677 1663 2700 cnm
1693 2665 1841 2700 iratribus
