2129 3223
114 307 164 333 An.
186 305 214 332 C.
232 306 298 332 ¹255

113 363 299 420 Μὲξὲρὶἓξῇζο·
312 367 342 392 et
369 356 572 391 clarissimam
609 353 781 393 habuistis,
809 352 849 386 ita
883 363 939 399 pro
974 349 1059 385 omni

113 366 160 382 el!

112 429 137 443 ΓΘ

365 294 434 327 596

313 407 422 440 virtute
446 403 621 440 resistendo
643 402 712 437 eius
733 401 895 439 hostibus,
925 399 1059 447 plurima

312 467 415 490 rerum
433 453 608 488 incurristis
630 450 806 499 dispendia,
828 458 856 484 et
879 448 1059 484 discrimina

310 515 530 550 personarum,
544 501 651 536 multis
663 500 824 536 materiam
845 497 1060 533 admirationis

309 552 515 592 habentibus,
553 550 636 597 quod
673 550 752 584 inter
779 556 823 583 tot
857 548 1056 582 adversorum

308 602 438 636 fulmina
462 609 543 635 tanta
566 599 669 634 fuistis
689 598 784 634 animi
812 597 958 631 firmitate
980 607 1058 630 con-

306 651 422 698 spicui,
443 659 474 684 et
497 649 621 684 tandem
640 660 694 693 per
706 647 765 682 Dei
780 646 910 693 gratiam
930 644 1057 679 victoria

307 700 465 747 praeclara
488 699 611 733 famosi.
640 697 697 731 His
723 697 815 730 etiam
840 695 963 739 magnis
991 705 1058 728 me-

306 750 374 784 ritis
411 748 566 796 quaedam
600 747 656 781 alia
693 745 857 791 magnilica
898 742 1057 777 indefesso

306 799 420 845 spiritu
443 797 614 835 adiecistis,
636 794 720 842 quod
744 793 888 828 videlicet
907 800 1058 826 transma-

307 847 385 882 rinis
407 846 548 894 partibus
575 844 643 888 illa,
670 855 750 890 qnae
777 843 927 876 honorem
952 840 1058 875 Eccle-

305 896 391 939 siae,
428 907 464 931 ac
499 894 594 929 robur
629 892 858 927 ecclesiasticae
892 889 1056 933 libertatis,

306 956 431 980 necnon
452 943 670 978 defensionem
697 949 727 976 et
750 940 985 986 ampliationem
1009 950 1058 973 ca-

306 994 442 1029 tholicae
477 992 549 1027 fidei
576 991 733 1037 respicere
767 988 969 1031 videbantur,
995 987 1056 1022 sub

306 1042 484 1078 innumeris
517 1040 668 1087 expensis
694 1047 724 1073 et
750 1037 922 1077 laboribus,
945 1036 1055 1083 grandi

304 1092 411 1126 studio
444 1099 476 1125 et
508 1089 647 1137 vigilanti
674 1087 897 1130 sollicitudine,
922 1098 1056 1129 promo-

304 1142 403 1175 vistis.
430 1140 611 1175 Meritorum
635 1137 790 1184 siquidem
811 1136 1055 1183 praemissorum

305 1190 452 1225 cumulus
481 1188 571 1236 quasi
603 1186 761 1234 quoddam
794 1185 890 1233 sydus
918 1185 949 1219 in
971 1196 1057 1219 con-

304 1248 416 1286 spectu
442 1238 536 1274 Sedis
566 1236 768 1284 Apostolicae
791 1233 962 1280 refulgens,
986 1245 1054 1268 eam

306 1287 443 1322 reddidit
472 1298 567 1334 saepe
589 1285 772 1324 sollicitam,
804 1291 837 1318 ut
865 1295 920 1317 vos
939 1282 1056 1317 talibus

304 1336 431 1371 extollat
451 1335 635 1375 honoribus,
662 1342 693 1368 et
719 1333 887 1380 gratiarum
915 1331 1055 1366 ubertate

305 1385 485 1429 confoveat,
506 1385 591 1431 qnod
609 1382 725 1418 exinde
759 1381 847 1416 vobis
868 1389 898 1416 et
922 1381 1056 1427 posteris

306 1434 417 1469 vestris
469 1441 640 1480 perpetuae
682 1430 888 1466 iucunditatis
927 1430 1054 1464 materia

121 1489 233 1516 Prmlegm
259 1492 291 1512 ei·
308 1483 509 1530 producatur.
536 1480 619 1516 Cum
647 1481 752 1526 itaque
779 1479 877 1513 felicis
907 1478 1055 1512 recorda-

108 1522 164 1553 elem¹
178 1521 202 1541 ah
225 1520 292 1542 lnno-

108 1554 179 1572 eent'f}
200 1557 291 1573 conces-

108 1588 129 1596 ιἒ

129 2616 206 2636 serumst

307 1533 401 1567 tionis
421 1530 627 1566 Innocentius
647 1529 733 1575 Papa
754 1527 978 1575 praedecessor
998 1538 1055 1561 no-

305 1590 369 1615 ster
389 1593 460 1615 cnm
489 1579 636 1614 fratribus
661 1579 727 1613 suis
749 1589 804 1624 per
824 1577 981 1610 civitatem
1002 1588 1055 1610 ve-

305 1639 398 1664 stram
410 1629 613 1676 personaliter
630 1627 795 1665 transiens,
816 1624 954 1659 fueritin
972 1625 1055 1659 mul—

306 1680 345 1712 tis
372 1678 411 1712 de
445 1677 626 1724 praemissis
652 1676 774 1710 meritis
801 1674 998 1713 informatus,
1026 1683 1055 1708 et

305 1728 431 1773 gavisus
451 1738 505 1772 per
531 1726 722 1759 evidentiam
756 1723 862 1770 operis
888 1723 1054 1769 agnovisse

305 1788 398 1823 quam
420 1775 575 1810 sinceram
603 1782 633 1808 et
665 1773 888 1818 obsequiosam
914 1772 1055 1807 devotio-

305 1838 377 1860 nem
400 1824 481 1859 circa
500 1824 614 1858 dictam
628 1822 744 1857 Sedem
761 1821 890 1856 liaberet
908 1821 940 1855 in
955 1821 1054 1862 vobis,

305 1875 438 1920 dignum
463 1885 533 1908 esse
557 1872 727 1919 praevidit,
750 1880 782 1905 nt
805 1871 887 1905 iuxta
916 1879 1052 1905 vestrum

306 1923 499 1958 desiderium
544 1934 598 1955 vos
632 1933 708 1955 suae
743 1920 860 1966 gratiae
894 1919 1054 1965 privilegio

307 1972 455 2011 muniret,
492 1983 547 2018 per
579 1970 663 2017 quod
693 1971 723 2004 in
749 1969 836 2004 vobis
862 1969 976 2003 exinde
998 1981 1055 2003 re-

306 2028 449 2056 verenter
471 2020 501 2054 in
520 2019 635 2054 Sedem
664 2030 791 2065 semper
812 2026 971 2053 accrescat
984 2018 1056 2052 affe-

306 2070 381 2110 ctio,
402 2071 478 2104 etin
500 2068 678 2115 generalem
700 2067 876 2102 deducatur
902 2067 1054 2107 notitiam,

306 2119 390 2168 quod
426 2119 508 2153 inter
535 2117 647 2152 charos
678 2129 732 2151 vos
759 2123 930 2151 memorata
956 2115 1056 2150 Sedes

306 2176 430 2214 reputat
452 2167 513 2203 sibi
535 2166 748 2206 charissimos,
771 2174 800 2200 et
821 2165 906 2212 quod
922 2165 1004 2199 idem
1024 2165 1054 2199 in

307 2217 420 2252 affectu
449 2216 666 2264 potissimum,
694 2223 725 2249 ut
753 2214 886 2249 affuistis
909 2214 1056 2261 proipsa,

309 2267 441 2301 votivam
482 2264 655 2300 retribuere
690 2263 940 2310 magnitudinem
968 2276 1058 2310 prae-

310 2316 456 2350 miorum.
507 2314 597 2349 Unde
632 2313 714 2348 idem
744 2312 966 2360 praedecessor
1004 2325 1059 2360 per

310 2376 384 2399 suas
417 2364 575 2398 concessit
606 2362 724 2397 litteras
752 2365 798 2404 (ut
825 2362 933 2396 vestris
961 2362 1058 2396 ineli-

312 2413 372 2447 nati
406 2412 565 2460 precibus,
594 2423 669 2456 nos,
697 2419 855 2458 quatenus
881 2411 920 2445 de
942 2411 1058 2457 gratiae

313 2461 508 2508 plenitudine
528 2468 713 2507 reputamus
725 2460 849 2501 favoris,
867 2460 1059 2495 universitati

315 2520 432 2545 vestrae
466 2510 506 2545 ad
540 2510 637 2544 instar
678 2509 928 2557 praedecessoris
960 2509 1061 2556 ipsius

314 2560 496 2594 auctoritate
530 2559 686 2606 pontificia
719 2558 941 2605 indulgemus),
973 2558 1059 2606 quod

235 2620 288 2636 uunv
317 2608 345 2641 in
380 2620 476 2653 regno
508 2607 634 2643 Siciliae
674 2609 849 2655 pertinente
883 2607 921 2642 ad
954 2608 1004 2642 ius
1029 2615 1061 2642 et

317 2657 538 2702 proprietatem
569 2656 663 2691 Sedis
692 2657 853 2698 eiusdem,
887 2669 922 2691 ac
944 2657 1058 2692 ducatu

895 297 1030 320 nULLARt
1036 296 1081 319 ΠΜ
1110 296 1274 318 ΒΟΜΑΝΠΜ

1867 295 1918 322 An.
1928 293 1958 322 C.
1981 295 2051 323 12⁸5

1103 349 1241 395 Spoleti,
1281 349 1438 384 Marchiae
1474 349 1708 394 Anconitanae‚
1751 350 1851 396 patri-

1102 399 1209 433 monio
1231 398 1312 432 beati
1341 397 1426 434 Petri
1460 399 1492 433 in
1513 398 1640 443 Tuscia,
1666 407 1697 433 et
1727 398 1759 432 in
1782 411 1851 433 om-

1102 447 1196 482 nibus
1219 447 1309 481 terris
1330 447 1490 483 Ecclesiae
1511 447 1675 482 Romanae
1701 459 1719 482 a
1745 447 1851 490 datiis,

1101 496 1318 531 exactionibus
1339 504 1370 530 et
1390 497 1546 537 collectis,
1567 508 1625 531 seu
1653 496 1795 545 pedagiis
1811 497 1848 531 ad

1102 557 1155 580 vos
1177 545 1407 593 pertinentibus
1430 554 1460 580 et
1481 545 1652 581 cuiuslibet
1677 558 1774 581 onere
1787 557 1850 581 ser-

1100 595 1206 630 vitutis
1238 595 1268 630 in
1308 602 1495 642 perpetuum
1535 594 1625 630 liberi
1665 594 1793 642 penitus
1819 603 1849 630 et

1100 656 1267 679 immunes.

1147 693 1232 728 Nulli
1271 705 1346 739 ergo
1383 692 1514 727 omnino
1555 691 1719 727 hominum
1757 692 1848 728 liceat

1099 742 1178 778 banc
1213 751 1338 778 nostrae
1369 742 1586 777 concessionis
1620 741 1763 788 paginam
1792 742 1847 776 in-

1099 792 1247 838 fringere,
1275 791 1322 826 vel
1345 791 1372 826 ei
1396 804 1473 826 ausu
1491 790 1656 825 temerario
1677 791 1846 825 contraire.

1098 841 1131 876 Si
1155 842 1227 889 quis
1248 849 1351 876 autem
1375 840 1435 875 hoc
1456 847 1608 875 attentare
1632 851 1849 887 praesumpse-

1098 891 1148 930 rit,
1184 890 1434 937 indignationem
1462 889 1692 936 omnipotentis
1723 888 1784 923 Dei
1818 897 1849 923 et

1098 939 1261 975 beatorum
1281 939 1363 974 Petri
1382 946 1413 974 et
1433 938 1524 973 Pauli
1546 938 1762 986 apostolorum
1778 938 1847 973 eius

1097 1001 1131 1024 se
1158 996 1278 1024 noverit
1306 999 1520 1023 incursurum.

1146 1038 1262 1073 Datum
1297 1037 1447 1085 Neapoli,
1482 1044 1570 1072 sexto
1604 1035 1676 1071 idus
1715 1036 1845 1071 ianuarii

1099 1090 1206 1132 1255,
1230 1087 1430 1134 pontificatus
1455 1087 1552 1121 nostri
1575 1097 1659 1120 anno
1683 1085 1796 1132 primo.

1137 1149 1197 1179 Dat.
1221 1149 1268 1180 die
1287 1150 1304 1179 8
1318 1149 1445 1180 ianuarii
1461 1148 1548 1185 1255,
1566 1147 1668 1188 pontis.
1690 1155 1766 1177 anno
1787 1156 1806 1177 r.

1897 699 2007 722 clausulae

1450 1293 1502 1327 IV.

1136 1367 1261 1411 Riqensi
1289 1367 1438 1400 Ecclesiae
1460 1367 1654 1411 metropolica
1675 1367 1812 1411 diqnitas

1219 1417 1420 1459 confirmatur
1442 1416 1472 1448 ιή
1503 1416 1634 1449 Livom'a
1662 1416 1722 1457 (4).

1362 1492 1576 1523 SUMMARIUM

1098 1558 1245 1588 Ecclesiae
1284 1558 1432 1588 Romanae
1464 1558 1593 1596 dignitas
1627 1563 1656 1588 et
1694 1559 1846 1597 primatus.

1135 1619 1175 1624 —
1198 1603 1333 1632 Livoniae
1351 1602 1567 1641 archiepiscopi
1586 1607 1668 1632 antea
1692 1602 1847 1632 instabiles

1137 1648 1217 1677 sede.
1243 1663 1282 1668 —
1304 1646 1340 1676 Ut
1363 1646 1433 1684 Riga
1466 1646 1635 1685 metropolis
1666 1646 1756 1676 fuerit
1776 1655 1846 1676 eon-

1137 1693 1247 1722 stituta:
1277 1709 1315 1714 —
1345 1691 1426 1726 Quod
1460 1692 1650 1720 confirmatur
1678 1700 1692 1719 a
1724 1690 1777 1720 PP.
1808 1708 1846 1713 -

1135 1735 1305 1765 Clausulae.

1096 1802 1245 1831 Alexander
1279 1802 1421 1838 episcopus
1441 1807 1537 1829 servus
1562 1807 1700 1828 servorum
1729 1799 1787 1832 Dei.
1800 1807 1846 1828 ar-

1141 1851 1309 1887 ohiepiscopo
1332 1850 1451 1886 nigensi.

1146 1913 1343 1948 Primatuum
1374 1912 1559 1953 cathedras,
1592 1920 1623 1946 et
1644 1912 1766 1960 apicem
1789 1924 1845 1948 eu—
1872 1913 1982 1966 ⁸⁰⁶¹²⁸¹3t⁰
1998 1912 2041 1966 ξθ·

1097 1963 1224 1997 inslibet
1245 1962 1478 1997 ecclesiasticae
1491 1961 1665 2007 dignitatis,
1683 1961 1845 2009 privilegio
1859 1947 2041 2003 §axismffim

1097 2012 1156 2046 sibi
1194 2012 1347 2047 divinitus
1384 2011 1496 2046 tradito
1530 2010 1672 2045 Ecclesia
1704 2009 1849 2046 Romana>

1098 2062 1278 2106 constituit,
1311 2072 1405 2108 quam
1432 2060 1518 2095 solus
1544 2059 1600 2094 llle
1626 2059 1784 2101 fundavit,
1810 2073 1845 2094 ac

1097 2123 1192 2157 supra
1215 2119 1335 2157 petram
1363 2109 1434 2145 fidei
1457 2122 1530 2144 mox
1557 2108 1714 2144 nascentis
1735 2109 1844 2152 erexit,

1097 2161 1151 2207 qui
1179 2160 1271 2195 beato
1310 2159 1427 2203 Petro,
1459 2166 1606 2193 aeternae
1642 2157 1720 2192 vitae
1745 2158 1844 2192 clavi-

1098 2221 1184 2255 gero,
1212 2209 1326 2244 terreni
1347 2208 1441 2243 simul
1464 2206 1619 2243 commisit
1640 2215 1671 2242 et
1701 2205 1845 2242 coelestis

1100 2258 1222 2304 imperii
1246 2257 1459 2292 moderamen.
1486 2255 1568 2291 Hinc
1589 2263 1638 2290 est
1659 2255 1744 2302 quod
1761 2256 1842 2302 apud

1099 2315 1237 2341 sanctam
1265 2306 1380 2341 Sedem
1400 2306 1614 2353 Apostolicam
1640 2304 1752 2339 borum
1770 2316 1844 2350 spe-

1099 2364 1199 2390 ctatur
1220 2357 1321 2402 origo,
1347 2366 1521 2402 eorumque
1547 2354 1772 2401 dispensantur
1792 2354 1842 2388 in-

1099 2405 1213 2450 signia,
1241 2404 1280 2439 de
1303 2405 1393 2439 cuius
1416 2403 1611 2451 plenitudine
1631 2413 1741 2438 omnes
1761 2403 1845 2437 acci-

1101 2455 1202 2501 piunt,
1236 2454 1368 2500 eiusque
1407 2452 1533 2500 speciali
1575 2463 1725 2495 munere,
1760 2452 1844 2498 quod

1101 2503 1178 2537 ratio
1214 2515 1381 2549 personae,
1414 2510 1467 2538 aut
1493 2501 1662 2548 temporis,
1693 2500 1770 2541 loci,
1797 2500 1844 2535 vel

1101 2563 1212 2586 causae
1249 2551 1405 2587 interdum
1438 2550 1590 2598 postulat,
1622 2557 1833 2596 assequuntur

1101 2600 1184 2635 Sane
1205 2612 1278 2635 cum
1299 2601 1382 2636 sicut
1404 2609 1455 2635 tua
1475 2599 1567 2634 nobis
1588 2606 1618 2634 et
1638 2598 1848 2645 suffraganeo·

1137 2666 1176 2701 (t)
1197 2648 1234 2693 E'x
1253 2665 1388 2701 Raynaldo
1406 2666 1440 2692 ad
1454 2672 1553 2692 annum
1570 2663 1647 2691 ¹255.
