2129 3223
58 287 111 317 Au.
122 286 152 315 C.
171 286 242 315 ¹¹93

849 284 1060 310 cousensus
1085 284 1124 308 111
1145 285 1196 308 rr.

253 341 381 391 aliquod
399 340 625 389 praeiudicium
641 340 795 388 generari.
818 339 1000 376 Ordinatio·
1041 339 1263 376 incarnationis
1283 341 1459 378 dominicae
1481 354 1593 378 mcxctt
1620 345 1675 387 (1),

1695 277 1735 312 91

1702 355 1790 390 pon-

254 403 311 427 nes
331 403 404 427 vero
426 390 655 427 monachorum
674 398 849 426 vestrorum
871 402 888 426 a
911 389 1001 426 dioe-
1042 389 1177 424 tificatus
1198 402 1271 425 vero
1292 391 1412 426 domini
1435 391 1608 427 Coelestini
1630 392 1734 440 Papae
1748 392 1789 427 ΙΙΙ

251 452 366 477 cesano
391 448 444 475 etc.

300 489 508 526 Decernimus
528 500 604 536 ergo
626 496 660 524 ut
683 488 761 523 nulli
788 488 919 523 omnino
941 488 1001 523 ho-

251 540 374 576 minum
396 539 486 575 liceat
499 538 666 586 praefatam
682 537 859 574 Ecclesiam
882 544 1000 573 temere

252 589 435 637 perturbare
460 595 528 632 etc„
555 587 637 623 salva
659 586 745 622 sedis
778 595 832 621 etc.
871 585 905 621 Si
939 598 1000 634 qua

249 638 346 686 igitur
367 638 397 673 in
426 638 567 673 futurum
589 644 643 672 etc.
671 636 805 672 Cunctis
830 643 934 670 autem
954 636 1000 670 ei-

249 688 321 724 dem
343 688 413 723 loco
434 698 491 722 sua
512 687 578 722 iura
601 694 655 721 etc.
678 685 741 720 Pax
764 693 815 720 etc.
841 684 953 719 Amen.

69 538 221 560 uenatu-iones

57 573 76 590 et
132 567 238 590 clausulae

56 602 179 622 consuetue-

250 767 387 791 pannea
407 765 548 790 GRESSUS
568 765 655 788 unos
678 765 710 788 nv
729 765 857 787 SEfflTts
878 756 901 795 †
916 764 997 786 Tuis.

411 803 445 839 S.
468 802 612 847 Parnes,
637 802 671 837 S.
694 802 834 837 Paucos.

365 869 585 906 Cossrnsrmns
613 869 704 904 Papa
726 868 879 904 Tnnrtns.

66 940 233 963 ⁶⁰⁸¹‘”¹'¹²³¹'¹'-
297 939 371 975 Eoo
392 937 610 973 Contusnnus
638 935 810 971 catholicae
832 935 1000 971 Ecclesiae

249 1002 266 1024 e
291 1000 355 1024 isco
381 1000 428 1022 us.

268 1000 524 1085 pEggtAlbinus
550 1034 743 1071 Albanensis
769 1034 949 1082 episcopus.

299 1086 367 1133 Ego
401 1085 593 1121 Octavianus
626 1084 804 1119 Hostiensis
837 1091 867 1118 et
902 1082 1001 1117 Velli-

251 1136 366 1172 trensis
386 1135 568 1182 episcopus.

299 1185 369 1231 Ego
390 1183 524 1219 loannes
548 1182 774 1218 Praenestinus
800 1181 980 1227 episcopus.

300 1233 368 1281 Ego
390 1233 503 1268 Petrus
524 1231 710 1267 Portuensis
740 1238 771 1266 et
804 1230 838 1265 S.
867 1229 1001 1266 Rufinae

249 1283 429 1331 episcopus.

298 1332 368 1378 Ego
395 1329 617 1377 pandulphus,
645 1327 794 1364 basilicae
820 1327 879 1363 ΧΠ
907 1328 1001 1376 Apo-

250 1381 415 1420 stolorum,
442 1379 606 1427 presbyter
629 1377 714 1413 card.

299 1429 367 1476 Ego
382 1428 494 1464 Melior
508 1428 697 1463 Sanctorum
713 1426 841 1462 Ioannis
868 1433 898 1461 et
913 1426 1000 1460 Pauli

253 1479 418 1527 presbyter
438 1477 525 1513 card.
553 1485 585 1512 et
605 1479 651 1520 (1)
678 1475 765 1510 Pam.

299 1527 370 1574 Ego
400 1527 536 1562 Ioannes
568 1526 614 1560 tit.
642 1524 750 1560 Sancti
784 1523 936 1570 Stephani
971 1524 1001 1559 in

251 1577 361 1613 Coelio
387 1576 495 1611 Monte
521 1575 626 1623 presb.
651 1574 735 1609 card.

300 1625 370 1673 Ego
391 1624 529 1660 Censius
555 1625 601 1659 tit.
626 1622 658 1659 S.
684 1622 845 1658 Laurentii
877 1622 908 1657 in
940 1622 1003 1657 Lu-

252 1675 322 1711 cina
349 1674 514 1722 presbyter
536 1673 621 1708 card.

301 1724 371 1770 Ego
392 1723 561 1758 Goffredus
590 1723 634 1757 tit.
665 1721 697 1756 S,
726 1721 877 1756 Praxedis
900 1721 1003 1768 presb.

253 1772 433 1809 cardinalis.

302 1822 373 1869 Ego
393 1820 576 1857 Bernardus
614 1820 648 1856 S.
683 1819 766 1854 Petri
801 1819 839 1854 ad
872 1818 1005 1854 Vincula

256 1871 416 1920 presbyter
437 1870 605 1906 cardinalis
632 1870 676 1904 tit.
708 1868 884 1903 Eudoxiae.

303 1919 372 1966 Ego
393 1919 565 1955 Gratianus
585 1918 636 1954 Ss.
657 1917 793 1954 Cosmae
814 1925 843 1952 et
860 1917 1006 1952 Damiani

54 1041 75 1059 et
89 1037 110 1058 S.
132 1037 154 1059 R.
177 1037 235 1059 Eccl.

74 1068 209 1090 cardinalium

53 1098 226 1126 subscriptiones.

256 1969 336 2005 diac.
358 1969 445 2004 card.

305 2018 375 2065 Ego
401 2016 574 2064 Gregorius
608 2016 642 2052 S.
671 2016 788 2051 Mariae
813 2015 842 2050 in
879 2015 1006 2051 Porticu

257 2068 338 2103 diac.
362 2066 447 2102 card.

309 2116 376 2164 Ego
402 2114 573 2162 Gregorius
609 2114 643 2150 S.
678 2113 795 2149 Mariae
822 2114 853 2148 in
886 2114 1008 2161 Aquiro

259 2166 340 2202 diac.
368 2164 453 2201 card.

309 2215 377 2262 Ego
402 2213 575 2260 Gregorius
600 2212 635 2248 S.
663 2211 793 2259 Georgii
824 2211 863 2247 ad
895 2211 1007 2247 Velum

260 2264 401 2300 Aureum
424 2263 505 2298 diac.
525 2262 611 2297 card.

309 2313 378 2360 Ego
404 2312 539 2348 Ioannes
559 2310 593 2346 S.
620 2310 721 2357 Sergii
746 2317 777 2345 et
797 2309 913 2346 Bacchi
940 2309 1011 2345 dia-

262 2375 363 2399 conus
383 2360 565 2397 cardinalis.

310 2410 380 2458 Ego
403 2410 555 2446 Nicolaus
575 2408 709 2444 Sanctae
731 2408 847 2443 Mariae
870 2408 901 2443 in
929 2407 1010 2443 Cos-

263 2460 368 2496 medin
394 2460 475 2495 diac.
499 2458 583 2494 card.

313 2509 427 2545 Datum
458 2507 605 2544 Laterani
640 2518 696 2554 per
730 2517 857 2540 manum
892 2505 1011 2553 AEgidii

264 2559 371 2595 Sancti
393 2558 514 2594 Nicolai
541 2557 573 2591 in
595 2555 730 2591 Carcere
764 2555 911 2590 Tulliano
934 2556 1012 2590 diac.

265 2607 444 2648 cardinalis,
469 2614 557 2642 sexto
586 2616 686 2641 nonas
704 2604 818 2645 martii,
834 2603 942 2639 indict.
966 2616 1014 2642 xi,

300 2668 340 2705 (t)
356 2668 479 2697 Forsitan
496 2670 539 2694 tit.

1041 451 1125 474 anno
1146 451 1183 474 11.

1100 495 1162 527 Dat.
1183 496 1231 528 die
1247 496 1265 527 2
1289 498 1386 528 martii
1409 507 1485 529 anno
1503 499 1620 530 Domini
1639 499 1730 539 1193,

1288 541 1390 582 pontif.
1414 551 1490 573 anno
1513 552 1543 574 11.

1359 609 1480 619 ——..

1372 681 1458 718 XIV.

1044 749 1244 795 Confirmatio
1285 752 1433 785 bonorum
1472 755 1625 792 omnium,
1663 756 1787 799 finium,

1089 810 1125 832 ac
1142 799 1379 844 privilegiorum
1400 802 1550 835 Theonen.
1571 804 1736 841 Ecclesiae,
1755 817 1791 838 ac

1085 848 1250 893 praecipue
1266 850 1442 893 diplomatis
1453 851 1586 885 eiusdem
1599 853 1705 894 favore
1718 855 1793 886 edili

1090 909 1109 931 α
1131 899 1267 942 quodam
1304 900 1482 934 Guimundo
1515 902 1552 934 de
1585 901 1688 935 Rocca
1728 903 1792 935 Ro-

1089 958 1185 981 mana
1206 949 1264 992 (2).

1308 1022 1523 1054 SUMMARIUM

1040 1079 1207 1110 Exordium.
1230 1099 1268 1104 —
1290 1080 1554 1112 Praedecessorum
1578 1092 1659 1113 more
1677 1086 1794 1115 unirer-

1081 1133 1129 1154 sos
1160 1124 1309 1155 Ecclesiae
1335 1124 1486 1156 Tneanen.
1523 1127 1594 1156 fines
1625 1131 1793 1159 conservari

1082 1168 1228 1198 decernit:
1260 1184 1298 1191 ——
1328 1167 1407 1203 Quos
1430 1174 1458 1199 et
1481 1170 1607 1209 propriis
1642 1172 1792 1203 vocabulis

1083 1211 1240 1249 describit;
1257 1229 1296 1235 -—
1311 1212 1386 1243 lntra
1401 1222 1475 1252 quos
1488 1213 1673 1246 Tbeanensis
1692 1216 1794 1246 civitas

1082 1262 1110 1287 et
1139 1257 1189 1287 hic
1210 1257 1360 1288 nominata
1388 1258 1507 1288 castella
1531 1260 1728 1296 continentum
1755 1278 1795 1284 —-

1082 1301 1183 1332 Eidem
1205 1300 1281 1331 bona
1302 1302 1398 1332 omnia
1418 1303 1638 1334 confirmantur.
1665 1321 1704 1327 —
1725 1304 1792 1335 Cle-

1082 1346 1160 1376 ricos
1187 1355 1290 1376 omnes
1310 1346 1365 1376 sub
1389 1347 1453 1377 iure
1482 1348 1617 1379 eiusdem
1642 1348 1794 1379 Ecclesiae

1083 1398 1254 1427 permanere
1277 1391 1431 1428 praecipit.
1455 1407 1495 1414 —-
1523 1392 1703 1422 Sententiam
1736 1395 1793 1423 iam

1082 1443 1096 1463 a
1116 1433 1397 1472 praedecessoribus
1421 1435 1484 1464 suis
1503 1435 1716 1473 confirmatam,
1738 1446 1794 1476 qua

1083 1476 1246 1517 presbyteri
1268 1477 1473 1508 Manianenses
1502 1480 1614 1510 solvere
1637 1481 1794 1511 cathedra-

1083 1523 1172 1552 ticum
1203 1522 1342 1560 episcopo
1371 1521 1538 1554 Theanensi
1572 1525 1735 1555 confirmat.
1759 1542 1797 1549 -

1084 1566 1246 1596 Libertates
1266 1570 1293 1595 et
1308 1566 1511 1597 immunitates
1531 1568 1626 1599 eidem
1645 1569 1796 1600 Ecclesiae

1084 1620 1099 1640 a
1118 1609 1286 1640 Guimundo
1305 1610 1341 1640 de
1365 1610 1459 1641 Rocca
1480 1611 1610 1642 Romana
1638 1622 1796 1644 concessas

1085 1655 1249 1684 confirmat.
1275 1670 1313 1676 —
1335 1653 1432 1684 Tenor
1449 1657 1653 1686 concessionis
1676 1657 1798 1687 liberta-

1086 1705 1146 1730 tum
1173 1704 1202 1729 et
1222 1700 1441 1729 immunitatum
1475 1699 1551 1730 Eccl.
1582 1699 1748 1731 Theanensi
1781 1713 1795 1732 a

1086 1743 1253 1774 Gnimundo
1270 1744 1304 1773 de
1322 1744 1415 1773 Rocca
1429 1743 1557 1773 Romana
1575 1754 1795 1776 concessarum.

1086 1805 1124 1811 -—
1155 1788 1369 1818 Concessiones
1392 1788 1526 1826 singulae
1554 1793 1582 1818 et
1606 1790 1700 1826 primo
1723 1799 1797 1829 quae

1087 1842 1228 1872 personas
1250 1833 1420 1871 respiciunt
1438 1842 1547 1867 sacraS,
1567 1833 1726 1864 vel-sacris
1742 1836 1796 1863 atl-

1087 1877 1195 1913 dictas3
1217 1893 1255 1899 —
1272 1876 1382 1906 Deinde
1405 1886 1479 1915 quae
1502 1877 1594 1907 laicos
1613 1878 1748 1907 homines
1771 1883 1798 1908 et

1088 1922 1191 1951 fideles
1210 1921 1396 1951 Tlteanensis
1419 1920 1570 1951 Ecclesiae
1593 1922 1750 1952 existentes
1770 1923 1798 1952 in

1088 1966 1160 1995 locis
1189 1965 1235 1995 bic
1267 1965 1438 2002 designatis.
1460 1981 1498 1987 ——
1529 1964 1655 1995 Tertiam
1688 1971 1798 2003 partem

1088 2010 1270 2040 decimarum
1302 2009 1431 2039 demanii
1465 2008 1557 2038 libere
1589 2010 1732 2040 concedit.
1764 2027 1801 2033 -—

1089 2052 1168 2083 Bono
1188 2053 1306 2083 homine
1335 2053 1485 2089 defuncto,
1507 2053 1664 2092 episcopus
1696 2053 1800 2084 Eccle-

1089 2099 1162 2128 siam
1192 2097 1234 2127 illi
1263 2097 1331 2127 dum
1356 2098 1465 2127 viveret
1499 2106 1671 2127 concessant
1698 2098 1801 2128 habeat

1090 2146 1118 2172 et
1136 2142 1300 2181 possideat:
1318 2158 1356 2165 —-
1379 2142 1484 2172 Addita
1504 2141 1594 2171 multa
1618 2146 1734 2171 centum
1758 2142 1802 2171 bi—

1091 2186 1253 2216 santiorunt
1280 2195 1331 2224 pro
1351 2186 1576 2216 temeratoribus
1599 2186 1802 2215 concessionis

1091 2230 1191 2260 huius
1212 2246 1251 2253 —
1273 2230 1427 2260 Decretum
1447 2229 1593 2259 firmitatis
1617 2239 1668 2267 pro
1695 2238 1801 2268 supra-

1091 2274 1196 2311 dictis,
1223 2290 1262 2296 —
1289 2273 1350 2304 Sub
1377 2273 1688 2304 excommunicationis
1710 2282 1801 2312 poena

1092 2328 1143 2358 pro
1162 2317 1417 2355 inobedientibus3
1432 2335 1469 2341 -—
1485 2317 1718 2347 Observantibus
1737 2327 1802 2347 vero

1087 2384 1126 2418 (1)
1147 2383 1289 2418 Scriptoris
1301 2388 1373 2409 certe
1385 2382 1484 2409 incuria
1496 2389 1570 2408 error
1585 2382 1691 2416 irrepsit
1701 2382 1725 2407 in
1738 2381 1805 2409 hanc

1053 2427 1141 2450 notam
1157 2422 1384 2455 chronologicam:
1401 2429 1470 2448 anno
1482 2421 1552 2448 enim
1566 2421 1642 2452 1102,
1659 2424 1685 2447 et
1696 2421 1804 2455 quidem

1053 2470 1143 2489 mense
1159 2461 1263 2492 martio,
1282 2468 1329 2487 nec
1339 2460 1476 2487 undecima
1488 2460 1594 2487 indictio
1607 2461 1631 2486 in
1642 2468 1722 2487 cursu
1736 2465 1803 2493 erat,

1055 2509 1102 2529 nec
1114 2500 1247 2528 secundus
1263 2498 1431 2535 pontificatus
1448 2499 1587 2526 Coelestini
1605 2508 1691 2527 annus
1707 2508 1803 2527 nurne—

1056 2542 1178 2569 rabatur:
1196 2548 1279 2575 quare
1299 2541 1371 2566 iuxta
1388 2543 1514 2567 statutam
1531 2548 1545 2567 a
1557 2539 1633 2567 nobis
1643 2539 1803 2575 pontificiam

1056 2580 1251 2615 chronologiam
1266 2587 1352 2606 annus
1368 2579 1408 2606 hic
1428 2580 1452 2605 in
1476 2580 1674 2614 nonagesimum
1698 2580 1804 2607 tertium

1057 2619 1202 2647 vertendus
1221 2622 1268 2646 est.
1309 2618 1348 2653 (2)
1370 2619 1410 2645 Ab
1425 2619 1569 2654 exemplari
1588 2619 1671 2647 edidit
1689 2619 1804 2655 Ughelt„

1058 2659 1115 2687 Ital.
1134 2660 1204 2693 Sao„
1223 2662 1285 2687 tom.
1307 2666 1345 2686 v1.

1806 286 1856 314 An.
1870 285 1899 314 C.
1919 286 1987 314 ¹¹95
