2129 3223
22 230 73 259 Ati.
90 229 116 257 C.
136 231 200 258 ¹227

40 527 189 549 eumont-nus

19 564 30 580 t·
48 562 131 586 iszopus
154 560 201 579 ino-

19 591 106 611 »ordiens

817 229 1000 252 GiiiissOiiii’S
1023 231 1052 252 ΙΧ
1077 231 1124 251 ΡΙ).

216 284 410 325 «11111ὺο0105,
426 298 518 332 quain
539 284 608 329 ipsi,
630 296 685 318 scu
704 284 960 330 praedecessores
980 285 982 313 '2

217 346 355 380 ipsorum
395 341 620 369 consueverant
661 333 748 367 vobis
788 333 959 380 antiquitus

215 382 371 419 exhibere.
387 382 548 418 innovavit
569 383 662 418 etiam
679 382 777 429 ipsius
799 382 959 418 Ecclesiae

1627 218 1691 250 tei

1001 284 1045 318 sic
1079 295 1134 330 per
1164 284 1292 318 semitas
1325 283 1484 318 ambulare
1520 283 1678 327 iustitiae,
1713 290 1746 317 ut

1002 332 1080 367 nulli
1111 332 1259 367 daremus
1280 333 1477 368 occasionem
1504 332 1641 380 aliquam
1664 344 1746 368 mur-

1002 381 1157 424 murandi,
1172 381 1413 416 deliberavimus
1429 390 1550 417 certum
1564 381 1666 418 cidem
1682 381 1746 430 epi-

217 431 446 479 privilegium
440 446 470 467 in
498 444 562 479 quo
592 432 671 467 intei
697 440 835 467 caeteras
863 432 981 479 ipsius
1001 443 1098 478 scopo
1121 431 1287 466 terminum
1310 431 1481 478 assignare,
1503 443 1566 479 quo
1588 443 1621 466 se
1639 439 1745 466 nostro

219 481 374 517 Ecclesiae
399 482 612 536 suffraganeas
634 480 882 516 Cremonensem
902 481 960 516 Ec-

217 530 342 566 clesiam
379 531 567 566 numeravit.
595 531 704 578 Nuper
730 537 832 565 autem
871 543 960 565 iene-

217 579 329 615 nabiles
357 580 465 616 fraties
488 582 584 615 nostri
611 580 809 628 ipporegieu.
838 589 867 614 ct
895 579 960 613 Bri-

217 629 296 663 xien.
331 630 492 677 episcopi,
519 642 556 664 30
585 629 720 665 dilectus
755 629 837 664 silius
863 628 959 664 Fulco

217 678 462 715 mediolanensis
488 679 660 714 canonicus
691 691 706 713 a
734 678 822 713 vobis
848 678 885 712 ad
908 678 959 712 Se-

215 728 287 763 dem
313 729 524 775 Apostolicam
547 728 695 763 destinati
718 737 959 775 proposuerunt,

214 777 298 824 quod
321 790 393 812 cum
427 778 530 814 dictus
557 779 728 825 episcopus
761 790 775 811 a
799 785 840 821 te,
867 777 960 811 frater

214 827 466 875 archiepiscope,
482 827 601 875 pluries
618 827 658 862 ob
672 826 872 862 rationabiles
891 838 961 861 cau-

213 888 276 931 sas,
297 889 332 911 ac
355 877 481 912 demum
505 877 541 911 ad
564 877 718 925 5)1101111111
742 883 888 911 exocatus
908 888 959 910 re

216 926 281 960 nire
316 927 444 982 penitus
477 927 738 981 contempsisset
766 933 799 960 tu
827 926 858 959 in
885 937 958 960 eum

215 976 400 1011 sententiam
439 975 775 1011 excommunicationis
811 975 959 1022 promul-

214 1025 309 1068 ,rasin
336 1037 432 1072 quare
466 1026 624 1073 petierunt
655 1025 817 1060 huniilitei
849 1032 880 1058 et
909 1036 960 1058 in-

214 1081 332 1110 stanter
367 1075 509 1110 eamdem
537 1075 723 1110 sententiam
761 1086 816 1120 per
841 1073 958 1109 Sedem

215 1123 429 1171 Apostolicam
465 1124 669 1168 confirmari,
703 1133 733 1159 et
760 1122 862 1158 eidem
891 1124 981 1170 epi-¹

215 1185 311 1220 scopo
329 1173 537 1208 nihilominus
557 1173 704 1220 praecipi,
727 1184 765 1207 ne
781 1171 848 1212 tibi,
868 1172 961 1207 frater

214 1222 460 1270 archiepiscope,
483 1224 528 1257 vel
551 1222 780 1258 Mediolanensi
803 1221 960 1256 Ecclesiae

215 1283 248 1305 se
269 1279 487 1307 contumacem
510 1272 672 1307 exhiberet
693 1271 732 1306 de
753 1279 888 1311 caetero,
914 1271 958 1305 vel

217 1320 375 1356 rebellem.
399 1321 565 1356 Caeterum
593 1322 728 1356 dilectus
750 1320 831 1354 filius
852 1320 960 1366 Roge-

217 1370 280 1404 11115
313 1372 486 1406 canonicus
521 1370 745 1406 Cremonensis
778 1378 961 1416 procurator

215 1419 356 1455 tiusdem
391 1420 531 1468 episcopi
560 1420 731 1455 exadverso
751 1431 959 1473 Npropouens,

215 1468 300 1524 quod
332 1469 413 1505 dicia
441 1468 774 1504 excommunicationis
805 1468 959 1503 sententia

215 1519 245 1553 in
268 1518 484 1566 supradictum
515 1520 719 1566 episcopum
749 1516 803 1564 qui
829 1517 868 1551 de
896 1530 958 1552 nou

215 1567 410 1610 obediendo,
431 1568 487 1603 tibi
501 1569 594 1604 frater
614 1567 863 1614 archiepiscope,
886 1566 959 1601 dicti

216 1617 464 1664 praedecessoris
491 1618 587 1653 nostri
619 1617 799 1652 mandatum
823 1615 960 1663 speciale

217 1675 386 1714 receperat,
410 1667 734 1714 postappellationem
758 1665 797 1700 ad
820 1667 960 1712 Aposto—

217 1716 304 1751 licam
323 1716 440 1752 Sedem
464 1717 601 1763 legitime
623 1715 838 1762 interpositam
861 1714 961 1749 fuerat

217 1765 422 1812 promulgata,
444 1765 527 1800 illam
552 1765 640 1813 petiit
666 1766 783 1800 irritam
808 1764 960 1808 nunciari,

215 1823 245 1850 et
266 1823 485 1862 praenotatum
513 1822 715 1862 praeceptum
747 1813 787 1849 ad
814 1825 960 1859 praesens

216 1864 256 1900 de
281 1865 380 1910 gratia
403 1876 458 1912 pro
483 1864 630 1899 scandalo
656 1862 801 1899 evitando
829 1862 959 1897 differri.

215 1913 361 1961 Cumque
389 1913 568 1948 huiusmodi
591 1914 721 1960 gratiam
755 1912 862 1946 multis
883 1924 961 1959 sup-

218 1963 437 2010 plicationibus
480 1963 666 2010 postulatam
709 1962 850 1997 obtinere
898 1974 982 1996 non1

218 2021 333 2059 posset,
368 2025 406 2047 eo
439 2012 522 2059 quod
557 2024 620 2046 11011
655 2012 818 2047 videbatur
843 2011 960 2057 gratiae

217 2062 304 2097 locus
325 2074 410 2105 esse,
446 2061 500 2096 ubi
523 2061 683 2108 petebatur
710 2061 878 2096 instantius
909 2061 959 2095 iu-

215 2111 492 2153 stiua3exadvers0
518 2111 645 2146 demum
670 2111 802 2146 asseruit
828 2109 982 2145 Ci·emo-'

218 2173 346 2196 oensem
378 2160 552 2196 Ecclesiam
590 2172 658 2195 esse
690 2173 707 2194 a
745 2160 982 2194 iurisdictione

216 2210 425 2246 Mediolanen.
463 2219 660 2256 exemptam,
687 2221 721 2244 ac
749 2218 876 2256 propter
901 2209 961 2243 hoc

219 2268 419 2308 praeceptum
435 2271 496 2294 non
515 2259 628 2294 debere
651 2259 715 2293 lieri
734 2259 960 2305 supradictum,

218 2322 275 2345 nec
312 2309 489 2345 iamdictam
531 2308 709 2343 confirmari
746 2308 960 2348 seutentiam3

216 2359 271 2395 sed
306 2359 417 2395 irritari
447 2371 592 2406 prorsuS,
627 2358 672 2392 iel
705 2357 808 2404 potius
843 2359 959 2392 irritam

219 2408 364 2444 nuntiari.
386 2408 477 2444 Licet
504 2420 579 2454 ergo
601 2406 631 2442 id
659 2405 769 2441 salsum
793 2408 893 2453 prima
915 2406 961 2441 fa-

217 2458 263 2493 cie
296 2457 470 2502 videretur,
496 2469 533 2492 eo
555 2456 639 2504 quod
675 2468 736 2490 non
764 2457 961 2491 0131191151-

219 2507 292 2542 mile
326 2507 559 2555 exemptionem
595 2506 791 2546 huiusmodi,
826 2507 852 2540 si
883 2505 960 2540 sacta

219 2558 297 2592 l'orte
322 2556 443 2602 suisset,
468 2565 605 2592 nostram
632 2564 662 2591 et
684 2555 812 2590 fratrum
836 2563 962 2589 nostro-

220 2618 286 2640 rum
303 2606 485 2641 memoriam
508 2605 674 2652 ess'iigisse3
696 2605 836 2640 volentes
857 2612 960 2638 tamen
981 2611 983 2635 ὲ

1001 481 1182 528 conspectui
1205 489 1430 528 praesentaiffet
1454 481 1615 528 allegatam
1643 493 1746 516 exem-

1002 531 1140 577 ptionem
1169 530 1193 564 si
1217 538 1323 577 posset
1351 543 1406 577 per
1427 531 1624 576 Apostolicae
1652 530 1745 566 Sedis

1003 579 1200 626 privilegium
1234 580 1439 626 probaturus,
1466 580 1522 626 ipsi
1553 581 1743 636 procuratori

1001 642 1068 664 eius
1107 629 1232 676 publice
1268 637 1497 675 protestantes
1533 629 1617 676 quod
1653 629 1678 664 si
1713 630 1742 664 iu

1002 679 1180 713 huiusmodi
1208 678 1389 725 probatione
1416 678 1578 718 deficeret
1595 679 1745 725 saepedi-

1001 738 1085 763 ctum
1118 728 1302 775 episcopum
1336 728 1411 775 parti
1446 727 1553 771 alteri,
1585 740 1656 763 cum
1692 741 1746 783 per

1003 778 1237 832 piaassigiiatas
1265 777 1399 812 rationes
1423 776 1547 812 fundata
1575 785 1656 811 esset
1679 779 1746 812 eius

1002 827 1145 872 intentio,
1163 828 1192 861 in
1218 826 1368 873 legitimis
1389 826 1672 861 condemnaremus
1693 840 1746 862 ex-

1004 878 1118 922 pensis.
1152 876 1279 911 Interim
1307 884 1414 911 autem
1450 876 1533 911 idem
1565 884 1746 923 procurator

1001 926 1080 960 sicut
1107 926 1152 960 vii·
1174 925 1275 960 fidelis
1296 935 1326 961 et
1349 925 1497 972 providus
1519 925 1639 965 videns,
1662 925 1745 973 qiiod

1001 975 1103 1009 eidem
1133 975 1281 1022 episcopo
1313 983 1416 1010 tutum
1445 987 1506 1009 non
1542 983 1606 1009 erat
1640 975 1746 1010 subire

1002 1037 1081 1058 onus
1105 1024 1296 1070 probationis
1321 1024 1502 1059 huiusmodi
1531 1024 1569 1058 ab
1591 1036 1640 1066 eo,
1661 1025 1744 1072 quod

1003 1083 1205 1120 proposuerat
1246 1074 1285 1109 de
1321 1074 1521 1120 exemptione
1562 1073 1746 1120 probanda,

1001 1133 1189 1170 spontanea.
1212 1131 1242 1157 et
1265 1123 1470 1171 proculdubio
1493 1123 1620 1170 provida
1642 1123 1748 1158 volun-

1003 1181 1061 1206 tate
1097 1173 1241 1211 recessit,
1275 1181 1303 1206 et
1332 1172 1420 1207 rediit
1453 1171 1491 1207 ad
1524 1172 1745 1219 postulandum

1000 1223 1132 1266 gratiam
1160 1222 1286 1269 saepius
1313 1222 1518 1270 postulatam:
1541 1221 1747 1257 nihilominus

1003 1271 1163 1305 humiliter
1190 1271 1392 1317 postulando,
1415 1279 1447 1305 ut
1474 1283 1569 1318 super
1590 1271 1745 1319 praedicta

1001 1329 1336 1355 excommunicationis
1382 1328 1538 1355 sententia
1575 1330 1747 1356 memorato

1001 1370 1150 1424 episcopo
1170 1369 1370 1416 dignaremur
1388 1370 1555 1405 salubriter
1570 1370 1744 1417 providere.

1001 1418 1065 1453 Nos
1093 1419 1187 1465 igitur
1207 1419 1404 1455 attendentes
1425 1419 1510 1466 quod
1533 1432 1604 1454 cum
1630 1420 1748 1455 iactura

1003 1469 1077 1503 iuris
1099 1468 1193 1503 alieni
1218 1481 1279 1503 non
1303 1477 1349 1503 est
1370 1469 1465 1515 gratia
1492 1468 1644 1508 facienda,
1668 1469 1748 1517 peti-

1004 1518 1119 1552 tionem
1155 1518 1367 1564 procuratoris
1393 1518 1534 1553 eiusdem
1562 1531 1658 1566 super
1689 1532 1747 1554 iam

1002 1567 1075 1602 dicii
1102 1567 1251 1602 dilatione
1274 1567 1423 1608 mandati,
1457 1575 1748 1616 quantumcumque

1002 1617 1157 1651 civitatem
1186 1616 1376 1652 Cremonen.
1405 1625 1564 1664 tamquam
1591 1630 1686 1652 unam
1710 1618 1749 1653 de

1003 1665 1162 1701 nobilibus
1201 1675 1231 1700 et
1265 1666 1386 1713 magnis
1419 1666 1598 1701 civitatibus
1637 1667 1746 1702 mundi

1001 1716 1125 1750 sincero
1152 1715 1320 1761 diligamus
1347 1716 1478 1760 affectu,
1505 1727 1567 1750 non
1599 1715 1748 1751 duximus

1001 1764 1244 1805 adiniitendini;
1272 1765 1325 1799 sed
1358 1764 1397 1799 de
1424 1765 1585 1800 communi
1615 1765 1767 1801 consilio
1760 1773 1899 1833 ἒξέιμουεη
1909 1781 1942 1795 r<

1003 1813 1131 1848 fratrum
1159 1823 1336 1849 nostrorum
1365 1815 1553 1856 statuimus,
1581 1822 1614 1849 ut
1634 1827 1764 1871 saepe-¹

1002 1862 1104 1897 dicius
1125 1864 1293 1911 episcopus
1313 1871 1344 1898 et
1370 1876 1570 1900 successores
1592 1864 1691 1912 ipsius
1717 1874 1747 1900 et

1002 1912 1142 1948 Ecclesia
1165 1912 1357 1948 Cremonen.
1380 1914 1448 1955 11111,
1475 1914 1570 1950 frater
1590 1914 1717 1962 archiep
1722 1915 1747 1949 i-

1001 1974 1111 2008 seope,
1138 1971 1167 1997 et
1195 1963 1432 1999 successoribus
1458 1964 1536 2008 tuis,
1562 1976 1599 1999 ac
1624 1964 1747 2000 Medio-

1003 2011 1121 2046 lanensi
1162 2012 1323 2047 Ecclesiae
1358 2013 1441 2047 illani
1478 2014 1683 2049 reverentiam
1717 2021 1747 2049 et

1002 2065 1213 2100 obedientiam
1241 2075 1350 2102 curent
1372 2067 1520 2103 exhibere
1541 2067 1580 2103 de
1602 2077 1724 2105 caetero
1739 2097 1746 2109 ,

1001 2132 1094 2167 quam
1123 2119 1174 2154 alii
1196 2121 1338 2156 eiusdem
1366 2121 1534 2157 Ecclesiae
1559 2123 1745 2170 suffraganei

1003 2173 1090 2208 vobis
1124 2174 1291 2219 exhibent,
1322 2183 1352 2209 et
1383 2175 1531 2210 exhibere
1564 2184 1638 2210 sunt
1664 2176 1746 2211 soliti

980 2242 982 2251 ¹
1001 2227 1040 2262 ab
1061 2229 1200 2274 antiquo.

1051 2280 1136 2315 Nulli
1171 2292 1245 2327 ergo
1282 2282 1411 2317 omniuo
1450 2282 1615 2319 hominum
1655 2284 1743 2320 liceat

1002 2333 1082 2368 hauc
1111 2336 1255 2381 paginam
1288 2344 1412 2371 nostrae
1434 2337 1668 2374 constitutionis
1695 2339 1744 2373 in·

1002 2387 1150 2435 fringere,
1174 2390 1220 2423 vel
1241 2391 1268 2423 ei
1291 2401 1369 2424 ausu
1386 2392 1552 2426 temerario
1579 2393 1744 2428 contraire.

1002 2442 1035 2476 Si
1069 2444 1141 2489 quis
1176 2452 1281 2477 autem
1308 2442 1368 2478 hoc
1398 2451 1550 2479 attentare
1584 2457 1748 2493 praesum-

1003 2498 1115 2544 pserit,
1142 2497 1387 2543 indignationem
1411 2499 1638 2546 omnipotentis
1662 2500 1746 2546 Dei,

1003 2562 1038 2585 ac
1066 2550 1227 2585 beatorum
1254 2550 1337 2586 Petri
1360 2559 1390 2586 et
1416 2551 1506 2587 Pauli
1530 2554 1745 2601 apostolorum

1002 2616 1071 2640 eius
1091 2617 1125 2640 se
1147 2614 1266 2640 noverit
1294 2618 1504 2640 incursurum.

1762 227 1810 254 An.
1829 226 1854 252 C.
1875 226 1936 253 1227

1791 2289 1900 2310 Fiat-inulae
