2129 3223
884 250 982 272 mnex
1012 249 1122 272 uenum
1651 242 1719 274 817

235 304 398 340 Ianuarius
425 303 493 348 (S.).
521 303 600 339 Eius
623 303 800 340 festivitatis
828 304 987 340 translatio
1014 305 1050 339 ail
1075 316 1119 339 vn
1144 305 1213 339 idus
1241 306 1327 347 maii,
1357 308 1425 341 792
1448 308 1474 340 b.

236 354 367 390 lacobus
393 353 572 401 Aragoniae
600 366 665 396 rex,
688 354 821 402 eiusque
853 367 983 403 regnum
1011 354 1071 389 sub
1095 355 1288 403 protectione
1311 356 1420 403 Apost.
1456 355 1549 391 Sedis
1576 356 1770 404 suscipitur,

333 405 403 440 560
430 417 460 439 a.

234 453 365 490 Iacobus
387 453 561 489 Innocentii
583 452 625 488 III
650 453 710 489 ΡΙ).
733 454 954 496 consobrinus,
982 454 1112 489 militiae
1137 455 1314 502 pontificiae
1338 456 1523 503 praefectuS,
1562 455 1600 491 de
1633 456 1771 503 Aposto-

332 504 389 540 lica
411 503 495 540 Sede
517 504 637 552 optime
664 506 804 547 meritus,
828 506 900 539 266
927 507 955 540 b.
978 503 1124 540 Castrum
1148 504 1303 553 Nimphae
1331 505 1469 546 obtinet,
1496 508 1571 541 ibid.

235 554 406 590 lanuenses
427 555 465 590 de
491 553 633 590 Romana
666 554 807 590 Ecclesia
835 555 953 602 optime
976 555 1093 596 meriti,
1118 557 1187 589 519
1215 567 1245 595 α,
1269 557 1339 589 595
1367 558 1395 590 b.
1426 555 1465 590 Et
1493 568 1563 603 erga
1597 555 1772 603 Religionis

333 605 556 653 propagatione
575 607 645 640 596
667 617 696 640 α.
721 604 886 652 privilegia
908 605 954 640 eis
975 604 1014 640 ab
1036 605 1220 640 Innocentio
1242 604 1283 640 lV
1305 605 1367 640 PP.
1396 618 1544 640 concessa
1580 608 1773 642 confirman-

332 662 394 696 tur,
421 657 495 690 ibid.
524 654 586 690 Eos
613 655 693 691 inter
723 663 753 690 et
773 654 905 691 Pisanos
927 654 1123 690 conditiones
1145 655 1230 702 pacis
1260 655 1354 690 initae
1376 655 1435 690 sub
1458 655 1597 690 Honorio
1620 654 1662 690 III
1690 655 1773 700 PR,

335 707 405 740 555
428 707 456 740 b.

235 754 381 789 Iauuensi
404 755 518 790 civitati
556 755 707 790 medietas
734 754 855 790 insulae
882 754 1028 790 Corsicae
1051 754 1250 798 conceditur,
1272 756 1341 789 520
1369 767 1399 789 α.

236 804 447 839 larinensibus
473 805 717 852 archiepiscopis
750 804 865 852 legatio
906 805 1110 839 transmarina
1144 804 1363 847 committitur,
1403 805 1471 838 519
1501 806 1528 838 b.
1568 802 1703 838 Pallium
1731 805 1775 839 eis

334 853 530 898 conceditur,
558 856 628 890 520
649 867 679 889 α.

237 903 381 939 Iauuensi
416 903 578 939 Ecclesiae
605 903 742 950 archiep.
777 903 910 950 dignitas
934 903 1150 948 confirmatur,
1179 904 1248 937 519
1276 916 1306 937 α.
1340 902 1500 937 Ecclesiae
1528 902 1719 937 Corsicanae
1746 904 1773 938 ei

335 952 506 996 subiectae,
529 955 603 988 ibid.
631 954 732 988 Datur
757 954 784 987 ei
814 954 1038 988 monasterium
1068 953 1098 987 in
1124 953 1223 987 insula
1257 952 1440 993 Gallinaria,
1462 954 1537 986 i'bi'd.
1565 954 1592 986 b.
1617 952 1774 987 Nonnulla

334 1003 493 1050 privilegia
517 1003 753 1044 conceduntur,
779 1004 848 1038 520
870 1015 899 1037 α.
1415 1010 1418 1014 ’

238 1051 407 1087 Ierusalem
434 1065 451 1087 a
479 1052 629 1088 Saladino
656 1060 756 1100 capta,
780 1055 824 1088 50
847 1066 876 1087 α.
900 1052 1015 1087 Preces
1036 1052 1192 1100 publicae,
1206 1064 1393 1099 sacrumque
1415 1051 1530 1087 bellum
1549 1051 1702 1086 indictum
1720 1064 1775 1099 pro

336 1102 404 1136 eius
428 1103 678 1150 recuperatione,
695 1104 732 1136 51
757 1105 785 1142 b,
804 1104 850 1137 88
864 1104 893 1147 b,
912 1104 981 1136 552
1003 1115 1033 1136 α.
1060 1102 1278 1148 Indulgentiae
1301 1101 1450 1136 auxilium
1478 1101 1516 1136 ad
1537 1101 1596 1136 hoc
1613 1110 1776 1149 praestan-

337 1151 436 1197 tibus,
458 1153 530 1187 2⁹25
552 1154 581 1194 b,
603 1155 673 1187 276
700 1165 731 1197 α,
754 1154 826 1187 503
853 1154 879 1186 b.
904 1151 1139 1198 Crucesignatis
1166 1153 1235 1186 (lata
1256 1151 1426 1198 privilegia,
1455 1153 1524 1185 502
1552 1164 1583 1192 a,
1612 1153 1682 1185 503
1709 1153 1736 1185 b.

238 1200 307 1236 Iesu
330 1200 448 1236 Christi
473 1201 603 1236 Militiae
626 1201 773 1237 Parmen.
801 1201 879 1236 ordo
901 1201 1103 1249 approbatur,
1126 1202 1197 1236 486
1219 1214 1248 1236 α.

239 1250 409 1298 Imperium
440 1251 533 1286 Rom.
557 1251 781 1286 Germanicum
804 1251 863 1286 sub
884 1251 979 1286 Sedis
1008 1251 1209 1298 Apostolicae
1237 1250 1365 1298 speciali
1393 1263 1484 1291 cura,
1523 1252 1590 1284 169
1626 1263 1656 1284 a.
1699 1249 1776 1284 Eius

339 1301 475 1348 provisio
502 1301 717 1349 principaliter
742 1300 858 1337 Sedem
881 1300 1023 1336 eamdem
1050 1302 1215 1347 contingit,
1240 1302 1309 1335 178
1331 1302 1359 1335 b.

240 1349 458 1396 Indulgentiae
493 1360 522 1385 et
558 1351 717 1399 privilegia
744 1351 848 1386 omnia
888 1359 1074 1386 revocantur
1100 1351 1354 1398 quibuscumque
1392 1349 1608 1395 singularibus
1637 1350 1777 1396 personis

339 1400 560 1436 ecclesiasticis
581 1401 627 1436 vel
647 1399 871 1442 saecularibus,
894 1400 1010 1448 quibus
1033 1400 1276 1440 concedebatur,
1299 1399 1381 1446 quod
1411 1399 1566 1442 interdici,
1591 1399 1634 1432 vel
1654 1411 1777 1433 excom-

341 1450 493 1485 municari
517 1462 578 1486 non
599 1458 738 1498 possent,
762 1463 820 1485 nec
834 1458 932 1485 terrae
943 1462 1051 1485 eoruin
1067 1450 1281 1485 ecclesiastico
1304 1449 1468 1483 interdicto
1486 1447 1635 1496 supponi,
1657 1449 1726 1483 763
1748 1450 1776 1482 b.

242 1498 398 1545 infernus,
426 1501 498 1535 585
514 1513 544 1534 α.

241 1547 446 1585 Innocentius
459 1548 502 1584 III
515 1549 579 1584 PP.
595 1561 718 1585 eLxxvl
736 1549 873 1596 eligitur,
898 1550 967 1584 112
981 1551 998 1584 b
1011 1557 1113 1596 etseq.
1127 1549 1175 1584 De
1189 1549 1323 1596 legitima
1340 1549 1388 1583 sui
1404 1548 1558 1584 electione
1572 1548 1681 1582 scribit
1701 1557 1731 1583 et
1746 1557 1778 1582 ut

340 1597 457 1641 fausta,
485 1599 739 1647 reipublicaeque
767 1599 911 1635 salutaris
938 1600 1068 1643 existat,
1096 1611 1206 1634 omnes
1236 1599 1335 1634 Deum
1373 1610 1461 1633 orare
1504 1597 1611 1639 iubet,
1654 1600 1722 1632 115
1758 1611 1778 1632 α

339 1656 370 1683 et
398 1661 458 1695 seq.
480 1649 579 1684 Antea
608 1650 780 1684 canonicus
801 1649 948 1684 basilicae
974 1649 1007 1683 S,
1039 1649 1120 1683 Petri
1154 1649 1193 1682 de
1214 1648 1311 1688 Urbe,
1344 1651 1410 1682 124
1433 1661 1462 1682 a.
1497 1646 1599 1688 Quam
1635 1647 1778 1682 habuerit

339 1698 378 1732 de
400 1699 533 1746 imperio
555 1699 813 1738 sollicitudinem,
838 1701 908 1733 178
935 1701 963 1732 b.

243 1747 444 1782 Innocentius
470 1748 512 1783 lv
538 1749 622 1794 Papa
649 1760 756 1783 chxx
779 1748 914 1795 eligitur,
934 1750 1003 1783 502
1026 1760 1055 1782 α.
1074 1748 1207 1783 Litterae
1221 1747 1259 1782 de
1281 1749 1380 1782 suain
1406 1746 1589 1782 Pontificem
1612 1747 1776 1791 electione,

340 1798 416 1832 ibid.
445 1805 472 1832 ct
494 1811 553 1844 seq.
578 1798 679 1840 Quam
709 1810 816 1833 curam
841 1798 985 1833 habuerit
1012 1799 1050 1832 (le
1079 1810 1173 1844 reguo
1195 1796 1336 1841 Siciliae,
1365 1798 1433 1831 559
1456 1810 1485 1831 α.

243 1846 460 1895 Inquisitionis
477 1847 635 1889 officiales,
660 1850 730 1883 555
743 1862 773 1883 α.
791 1848 815 1882 Α
833 1848 950 1895 quibus
963 1847 1118 1894 eligendi,
1132 1850 1196 1882 611
1217 1859 1246 1881 α.
1261 1846 1475 1881 Iuramentum
1499 1846 1538 1881 ab
1559 1847 1606 1881 eis
1629 1847 1777 1882 emitten-

341 1896 428 1936 dum,
444 1899 513 1932 554
528 1911 558 1932 α.
575 1897 622 1932 Ad
638 1897 757 1933 nullum
773 1897 858 1933 aliud
874 1896 1012 1932 officium
1027 1897 1237 1944 compellendi
1257 1896 1340 1944 quod
1362 1896 1444 1931 istud
1459 1896 1620 1942 impediat,
1647 1898 1722 1931 ibid.
1749 1899 1777 1931 b.

342 1945 483 1989 Qualiter
503 1947 528 1982 si
563 1947 752 1994 deliquerint
775 1947 946 1995 puniendi,
974 1950 1044 1982 555
1071 1960 1100 1981 a.
1124 1946 1349 1993 Quaecumque
1381 1946 1510 1980 fecerint
1531 1954 1592 1980 rata
1619 1946 1777 1986 habenda,

343 1998 412 2030 612
431 2009 461 2031 α.
489 1996 707 2042 Indulgentiae
734 1998 779 2032 eis
806 2009 986 2038 concessae,
1009 2000 1080 2032 668
1106 1998 1133 2030 b.
1166 1997 1248 2030 Sunt
1270 1995 1476 2035 defendi-uili,
1492 1997 1561 2030 505
1576 2009 1605 2030 α.
1622 1994 1717 2030 Fides
1733 1996 1778 2030 eis

342 2044 532 2091 adhibenda,
559 2048 629 2081 554
650 2059 679 2081 a.
707 2046 932 2081 Praestandum
958 2047 1124 2090 auxilium,
1140 2048 1210 2081 555
1221 2058 1251 2079 α.
1273 2045 1427 2092 Sumptus
1442 2045 1486 2079 eis
1500 2044 1722 2092 suppeditandi
1741 2057 1777 2079 ex

343 2095 468 2131 mulctis
498 2096 738 2139 haereticorum,
770 2098 839 2132 562
866 2109 895 2130 α.
926 2096 1063 2131 Possunt
1094 2095 1289 2142 interpretari
1310 2102 1421 2129 statuta
1441 2095 1650 2129 ecclesiastica
1670 2103 1777 2128 contra

343 2144 516 2181 haereticos
538 2146 631 2186 edita,
655 2147 725 2180 585
752 2160 771 2180 α
793 2156 822 2180 et
844 2159 903 2192 seq.
927 2146 1042 2180 Contra
1066 2145 1192 2180 eosdem
1221 2144 1402 2192 procedere,
1425 2156 1459 2177 ac
1483 2156 1590 2178 eorum
1621 2144 1777 2184 fautores,

342 2196 411 2229 584
438 2208 468 2229 a.
497 2195 561 2230 Nec
584 2207 645 2230 non
673 2203 780 2231 contra
809 2196 1039 2243 praedicatores
1061 2195 1290 2243 quaestuarios,
1314 2196 1383 2229 585
1406 2206 1435 2228 α.
1459 2193 1602 2228 Facultas
1625 2193 1716 2228 (latur
1731 2194 1776 2228 eis

342 2244 522 2279 absolvendi
540 2257 555 2280 a
571 2245 714 2280 censuris
733 2245 954 2281 ecclesiasticis
969 2245 1140 2281 confratres
1154 2244 1312 2279 societatis
1326 2242 1635 2289 Crucesignatorum,
1659 2245 1733 2278 ibid.
1750 2244 1778 2278 b.

341 2292 507 2341 Privilegia
531 2295 649 2329 eisdem
673 2308 832 2335 concessa,
855 2297 926 2330 590
949 2309 968 2329 a
989 2303 1018 2329 ct
1037 2308 1095 2341 seq.
1120 2294 1266 2330 Facultas
1288 2294 1379 2329 datur
1396 2294 1439 2328 eis
1460 2293 1661 2341 procedendi,
1684 2294 1780 2331 etiam

343 2343 530 2392 irrequisitis
556 2345 762 2389 dioecesanis,
785 2354 891 2380 contra
927 2345 1098 2380 haereticos
1125 2343 1310 2379 iudicialiter
1340 2343 1500 2378 confessos
1526 2351 1555 2378 et
1588 2343 1779 2382 obstinatos,

344 2394 415 2429 646
436 2396 464 2430 b.
492 2394 546 2429 Eis
569 2403 642 2430 suut
668 2407 824 2443 expensae
847 2395 1072 2430 ministrandae
1095 2407 1149 2443 per
1175 2395 1354 2441 episcopos,
1377 2394 1415 2428 de
1440 2394 1569 2441 pecunia
1592 2406 1628 2427 ex
1653 2393 1778 2428 mulctis

344 2445 555 2490 provenienti,
583 2447 653 2480 666
676 2447 704 2479 b.
733 2445 796 2479 lllis
823 2445 924 2480 favere
951 2445 1068 2480 debent
1102 2444 1230 2492 praelati
1258 2444 1477 2483 ecclesiastici,
1506 2451 1641 2478 rectores
1667 2455 1780 2479 saecu-

343 2494 424 2531 lares
445 2505 476 2531 et
502 2496 551 2531 alii
575 2496 605 2531 in
635 2495 760 2543 negotio
789 2495 860 2530 fidei
889 2495 1086 2542 exequendo,
1108 2496 1178 2529 667
1207 2497 1234 2528 b.
1259 2493 1478 2539 Indulgentiae
1505 2494 1582 2534 illis,
1605 2505 1780 2540 eorumque

344 2546 473 2581 notariis
496 2556 525 2581 et
556 2546 649 2581 sociis
671 2545 899 2587 conceduntur,
932 2548 1001 2580 668
1038 2547 1065 2578 b.
1098 2544 1242 2579 Facultas
1276 2543 1367 2578 datur
1398 2543 1528 2589 cogendi
1562 2555 1780 2590 quoscumque

345 2596 545 2642 magistratus
566 2605 596 2630 et
623 2595 770 2631 officiales
791 2595 829 2630 ad
849 2594 1069 2642 exequendum
1098 2606 1206 2629 eorum
1229 2594 1419 2635 sententias,
1452 2594 1521 2628 669
1544 2605 1578 2632 α;
1607 2605 1781 2640 omnesque

344 2644 381 2680 ad
433 2646 617 2681 tradendum
657 2645 830 2693 scripturas
870 2654 900 2680 et
942 2646 1146 2679 instrumenta
1201 2643 1236 2678 ad
1287 2642 1528 2690 [aquisitionem
1581 2643 1752 2690 spectantia
1772 2670 1781 2681 ,

326 2701 400 2731 Bull.
419 2701 496 2732 Rom.
518 2702 572 2732 Vol.
593 2702 644 2732 III.
818 2702 875 2732 103
