2129 3223
35 256 82 283 Αη.
101 255 128 282 (ΣΔ
145 257 209 283 1ἓο7

60 556 176 578 clau-ntae.

53 2030 183 2053 Proominm.

46 2503 111 2526 siano
126 2505 178 2532 apud
192 2505 213 2526 5,
230 2521 234 2526 .

33 2533 130 2561 Spiritum
144 2537 165 2557 in
180 2536 216 2557 Sa-

34 2564 74 2586 xia.

824 253 992 276 issoni-:xri
1000 253 1033 275 ΓΞ
1056 254 1091 275 111
1117 253 1162 274 t‘r’.

227 311 392 358 probantes
415 312 443 344 in
471 310 528 344 hac
562 318 646 357 parte
683 317 833 343 statutum
863 309 972 356 ipsius,

227 360 299 395 illud
330 360 512 395 auctoritate
545 358 714 406 apostolica
737 358 971 397 confirmamus,

225 417 255 444 et
282 409 452 456 praesentis
479 409 587 456 scripti
624 408 795 456 patrocinio
828 420 972 443 commu-

225 471 342 494 nimus.

271 507 354 543 Nulli
386 519 461 555 ergo
500 507 630 542 omnino
669 506 832 541 hominum
881 506 971 541 liceat

217 557 303 592 'hane
330 558 475 604 paginam
502 565 624 592 nostrae
653 556 900 591 confirmationis
929 556 972 590 in-

222 607 371 654 fringere,
398 607 444 642 vel
467 607 493 641 ei
515 619 592 642 ausu
614 606 778 640 temerario
805 606 969 640 contraire.

221 655 254 691 Si
271 657 341 704 quis
355 664 456 691 autem
473 655 533 691 hoc
546 663 696 690 attentare
710 656 970 702 praesumpserit,

222 705 467 753 indignationem
495 705 720 752 omnipotentis
752 705 808 739 Dei
843 713 872 739 et
895 705 971 739 hea-

221 764 322 790 torum
348 754 429 790 Petri
447 764 476 790 et
498 755 586 790 Pauli
612 754 826 802 apostolorum
855 756 922 789 eius
937 767 970 790 se

222 806 342 840 noverit
365 805 576 840 incursurum.

269 854 537 890 DatumCorneti
565 854 655 889 tertio
682 853 741 888 kat.
781 853 970 898 novembris,

222 904 421 949 pontificatus
444 916 516 939 vero
533 904 652 938 domini
675 903 850 938 Innocentii
867 903 970 951 Papae

220 954 304 988 tertii
331 966 414 988 anuo
441 953 575 988 decimo.

241 1014 299 1046 Dat.
319 1015 366 1046 die
384 1016 423 1046 30
440 1016 569 1046 octobris
597 1018 680 1053 1207,
703 1017 803 1056 pontit.
825 1025 900 1045 anno
923 1026 947 1045 x.

558 1156 639 1191 Llll.

224 1234 375 1266 'adicitur
410 1235 622 1266 anniversaria
659 1235 751 1266 statio
782 1234 814 1265 in
846 1234 967 1267 ecclesia

269 1282 380 1316 Sancti
399 1283 533 1327 Spiritus
548 1285 580 1316 in
598 1284 702 1317 Samia
722 1294 790 1315 cum
804 1284 969 1327 indulqen—

270 1333 386 1365 tiaram
406 1339 433 1366 et
455 1333 689 1377 privileyiorum
709 1332 894 1366 concessione
911 1334 966 1376 (1).

488 1409 698 1440 SUMMARIUM

221 1475 409 1507 Prooemiuin.
433 1492 473 1498 —
505 1476 596 1506 Statio
618 1476 694 1515 apud
724 1476 750 1505 S.
775 1475 915 1514 Spiritum
938 1477 967 1506 in

259 1520 354 1550 Saxia.
385 1537 424 1542 -—
456 1519 550 1550 Huius
583 1520 736 1558 hospitalis
759 1520 898 1556 dignitas,
929 1536 969 1542 ——

261 1563 377 1602 Effigies
405 1563 512 1593 Christi
540 1573 555 1593 e
584 1563 723 1594 Vaticano
755 1565 811 1594 huc
838 1565 967 1594 transse-

260 1608 362 1638 reuda.
375 1626 414 1631 —
425 1608 615 1648 Eleeinosyna
632 1609 659 1638 ei
675 1609 710 1638 ab
727 1609 896 1639 lnnocentio
913 1609 967 1638 tri-

260 1652 531 1683 buta—Pontifex
547 1653 615 1682 huic
633 1653 755 1682 interest
767 1653 885 1682 stationi
901 1662 967 1682 euni

260 1697 470 1727 cardinalibus.
493 1714 532 1719 —
562 1696 600 1726 De
632 1698 686 1726 hac
709 1697 753 1736 pia
786 1697 969 1726 institutione

260 1741 410 1771 servanda.

220 1813 393 1842 Innocentius
411 1814 553 1849 episcopus
573 1820 668 1841 servus
687 1820 827 1841 servorum
846 1812 902 1845 Dei,
925 1821 968 1842 re-

265 1862 338 1891 otori
355 1863 386 1890 ot
406 1861 543 1890 fratribus
566 1861 716 1897 Hospitalis
740 1862 831 1890 Sancti
850 1862 970 1897 spiritus

265 1912 294 1940 in
313 1911 405 1940 saxia.

272 1977 320 2012 Ad
342 1978 636 2013 commemorandas
658 1979 784 2026 nuptias
806 1980 967 2015 salutares.

221 2027 355 2076 quaein
378 2028 582 2062 conversione
604 2030 776 2074 peccatoris
811 2031 968 2063 moraliter

221 2076 420 2113 celebrantur
444 2077 524 2111 inter
562 2077 718 2124 Spiritum
754 2078 889 2113 hominis
938 2087 970 2112 et

222 2127 351 2173 gratiam
378 2125 577 2165 Conditoris,
604 2140 640 2162 ex
677 2128 791 2174 quihus
829 2128 968 2168 affectus,

223 2184 254 2210 et
278 2176 417 2211 actiones
444 2185 600 2222 tamquam
629 2176 683 2210 filii
711 2189 747 2212 ac
774 2177 854 2212 filiae
876 2189 969 2224 gene-

225 2233 353 2270 rantur,
383 2225 539 2260 dominica
581 2226 678 2272 prima
730 2235 801 2275 post
846 2235 970 2262 octavas

224 2274 430 2321 Epiphaniae,
451 2275 579 2321 quando
601 2275 694 2310 illud.
711 2276 822 2322 legitur
856 2277 967 2311 Evan-

225 2323 341 2369 gelium
364 2324 451 2372 quod
481 2324 567 2359 lesus
593 2335 664 2358 cum
702 2325 865 2373 discipulis
904 2326 971 2360 suis

226 2375 256 2408 in
279 2372 365 2408 Cana
391 2371 531 2412 Galileae,
555 2373 608 2407 ubi
642 2373 741 2409 Mater
773 2375 872 2422 ipsius
892 2383 969 2416 erat,

227 2423 374 2458 invitatus
395 2424 437 2457 ad
466 2424 603 2470 nuptiaS,
625 2435 736 2469 aquam
759 2426 911 2460 convertit
937 2425 968 2458 in

228 2472 345 2511 vinum,
366 2473 539 2507 solemnem
561 2472 643 2519 apud
666 2472 817 2519 hospitale
833 2483 968 2509 vestrum

229 2522 425 2556 instituimus
453 2522 630 2561 stationem,
666 2523 696 2556 in
734 2533 797 2568 quo
835 2536 889 2558 vos
934 2536 970 2558 ex

230 2571 426 2605 institutione
447 2580 551 2605 nostra
573 2571 679 2605 divino
710 2573 786 2606 estis
819 2572 971 2620 obsequio

254 2635 304 2670 -(1)
323 2636 361 2662 Ex
377 2636 477 2669 Batuz„
495 2637 577 2672 Epist.
597 2637 654 2663 ¹79.

1642 240 1713 272 ⁶203

1016 307 1194 354 mancipati,
1217 319 1250 341 ea
1275 308 1468 353 potissimum
1484 307 1613 350 ratione,
1627 304 1710 352 quod
1733 306 1762 340 in

1015 357 1076 391 illis
1114 356 1230 403 nuptiis
1264 367 1317 390 sex
1353 356 1479 403 hydriae
1499 355 1675 391 secundum
1704 367 1763 402 pu-

1013 407 1218 441 rificationem
1248 405 1430 440 iudaeorum
1458 406 1553 441 fuisse
1586 413 1759 440 narrantur.

1013 456 1053 491 Et
1079 455 1206 503 quidem
1244 455 1274 488 in
1312 455 1371 489 hoc
1408 455 1567 502 hospitali,
1610 463 1758 502 tanquam

1014 506 1043 540 in
1072 505 1156 540 Cana
1183 504 1324 546 Galileae,
1348 504 1417 538 loco
1435 504 1579 540 videlicet
1601 504 1653 539 ubi
1676 504 1762 540 zelus

1013 563 1060 590 est
1083 554 1321 600 transmigrandi
1351 553 1390 588 de
1425 554 1507 588 vitiis
1543 554 1581 589 ad
1616 555 1759 595 virtutes,

1015 605 1131 651 positae
1168 611 1243 638 sunt
1281 615 1335 637 sex
1375 602 1522 650 hydriae,
1563 603 1666 643 idest,
1707 616 1759 638 sex

1013 666 1106 701 opera
1133 652 1367 688 misericordiae
1390 653 1541 693 instituta,
1572 665 1653 700 quae
1685 662 1761 688 sunt

1014 716 1140 750 pascere
1182 701 1385 746 esurientem,
1439 710 1545 749 potare
1590 702 1758 747 sitientem,

1012 753 1158 800 colligere
1180 752 1351 798 hospitem,
1374 752 1485 786 vestire
1509 751 1641 792 nudum,
1684 752 1760 786 visi-

1013 810 1076 837 tare
1111 801 1284 845 infirmum,
1320 809 1349 836 et
1392 801 1618 836 incarceratum
1660 801 1757 843 adire,

1011 851 1093 899 apud
1135 851 1384 899 purificationem
1422 850 1531 898 utique
1562 851 1757 893 iudaeorum,

1013 910 1045 935 ut
1074 913 1127 948 per
1151 901 1199 935 illa
1224 900 1365 935 videlicet
1397 900 1584 935 confitentes
1623 913 1639 935 a
1673 902 1758 937 vitiis

1012 952 1189 998 expientur.
1218 950 1297 984 Istae
1321 962 1393 984 vero
1420 962 1472 984 sex
1501 950 1628 998 hydriae
1658 963 1758 998 usque

1011 1001 1047 1034 ad
1071 1012 1229 1035 summum
1255 1000 1436 1045 implentur,
1463 1000 1590 1046 quando
1624 1000 1673 1035 illa
1703 1013 1757 1036 sex

1011 1062 1103 1096 opera
1128 1049 1361 1084 misericordiae
1382 1049 1419 1083 ad
1444 1049 1616 1096 perfeetum
1656 1063 1757 1098 usque

1010 1108 1174 1144 geruntur,
1197 1106 1227 1133 et
1248 1111 1285 1133 ex
1307 1111 1387 1145 aqua
1410 1098 1442 1132 fit
1469 1099 1588 1140 vinum,
1615 1111 1688 1134 cum
1719 1112 1756 1135 ex

1011 1149 1121 1183 merito
1147 1147 1363 1195 eleemosynae
1391 1149 1436 1182 vis
1468 1149 1650 1184 accenditur
1675 1151 1756 1183 cari-

1011 1198 1091 1231 tatis
1114 1197 1194 1238 Quia
1214 1209 1286 1231 vero
1308 1197 1395 1232 lesus
1418 1210 1490 1232 cum
1512 1198 1675 1245 discipulis
1691 1199 1756 1233 suis

1010 1246 1047 1280 ad
1084 1248 1138 1280 lias
1175 1247 1299 1293 nuptias
1333 1247 1363 1280 in
1401 1246 1486 1281 Cana
1524 1246 1663 1288 Galliae,
1701 1249 1755 1283 ubi

1010 1296 1108 1330 Mater
1133 1297 1200 1330 eius
1222 1304 1299 1338 erat,
1321 1296 1435 1341 legitur
1457 1297 1615 1337 invitatus,
1639 1298 1756 1333 idcirco

1011 1345 1234 1379 rationabiliter
1261 1345 1468 1382 instituimus,
1488 1354 1521 1379 ut
1540 1347 1658 1393 effigies
1684 1347 1754 1382 {osu

1010 1393 1124 1428 Christi
1152 1406 1168 1428 a
1195 1394 1281 1428 Beati
1306 1394 1386 1428 Petri
1408 1394 1532 1430 basilica
1548 1408 1602 1442 per
1614 1397 1754 1432 eiusdem

1010 1445 1179 1478 canonicos
1200 1443 1238 1477 ad
1261 1444 1379 1477 dictum
1408 1444 1563 1491 hospitale
1591 1445 1640 1480 uhi
1682 1459 1756 1481 me—

1011 1493 1107 1527 moria
1130 1492 1374 1538 gloriosissimae
1389 1493 1496 1529 Matris
1513 1495 1581 1529 eius
1598 1496 1755 1537 recolitur,

1011 1542 1088 1576 infra
1111 1554 1237 1589 capsam
1261 1554 1298 1577 ex
1325 1555 1401 1578 auro
1422 1551 1453 1577 et
1478 1553 1608 1590 argento
1647 1554 1677 1580 et
1709 1546 1756 1580 la-

1011 1591 1137 1637 pidibus
1159 1592 1305 1639 pretiosis
1330 1592 1367 1626 ad
1394 1593 1453 1627 hoc
1489 1594 1665 1640 specialiter
1703 1595 1756 1630 sa-

1010 1640 1178 1675 bret'aetam
1203 1641 1421 1676 venerabiliter
1448 1642 1638 1689 deportetur,
1679 1645 1756 1679 fide-

1011 1690 1092 1724 libus
1112 1691 1246 1737 populis,
1269 1691 1323 1737 qui
1346 1691 1383 1725 ad
1417 1692 1472 1726 has
1512 1694 1636 1739 nuptias
1669 1695 1755 1728 cele-

1010 1739 1144 1774 brandas
1159 1740 1269 1774 devote
1277 1742 1491 1781 convenerint,
1505 1742 1756 1778 desiderabiliter

1009 1788 1213 1823 ostendenda.
1239 1789 1277 1823 Ut
1299 1799 1404 1825 autem
1427 1803 1495 1829 nos,
1524 1793 1576 1839 qui
1619 1792 1756 1829 Domino

1010 1837 1166 1873 revelante
1201 1839 1413 1874 venerandum
1462 1840 1531 1875 aliis
1575 1844 1757 1889 aperuimus

1009 1894 1254 1933 sacramentum,
1275 1900 1313 1924 eo
1343 1890 1435 1924 etiam
1477 1890 1648 1938 inspirante
1683 1893 1757 1928 imi-

1011 1937 1140 1972 tandum
1162 1937 1231 1972 aliis
1254 1938 1458 1985 praebeamus
1481 1942 1672 1989 exemplum,
1685 1955 1757 1978 cone

1009 1986 1165 2031 cedimus,
1187 1989 1354 2023 statuimus
1380 1997 1410 2023 et
1438 1990 1594 2035 iuhemus,
1628 2001 1662 2026 ut
1701 2006 1757 2040 pro

1010 2036 1094 2071 mille
1121 2037 1313 2084 pauperibus
1349 2039 1544 2075 extrinsecus
1579 2041 1757 2078 adventan—

1010 2085 1106 2126 tibuS,
1128 2093 1158 2121 et
1185 2088 1334 2122 trecentis
1356 2090 1499 2135 personis
1526 2090 1609 2125 intus
1637 2092 1755 2138 degen-

1011 2135 1107 2175 tibus,
1139 2135 1248 2170 decem
1271 2145 1301 2171 et
1338 2146 1459 2185 septem
1502 2139 1598 2174 librae
1641 2142 1757 2176 usualis

1010 2192 1166 2225 monetae,
1194 2193 1227 2219 ut
1258 2187 1372 2231 singuli
1406 2189 1559 2235 accipiant
1593 2197 1655 2224 tres
1694 2191 1756 2225 de-

1012 2235 1129 2277 narios,
1164 2246 1259 2269 unum
1306 2248 1360 2282 pro
1404 2250 1495 2284 pane,
1533 2238 1664 2273 alterum
1700 2253 1756 2287 pro

1012 2284 1094 2324 vino,
1122 2284 1282 2330 aliumque
1305 2297 1360 2330 pro
1385 2298 1488 2324 earne,
1511 2287 1549 2321 ab
1582 2288 1756 2337 eleemosy-

1012 2333 1098 2367 nario
1117 2332 1239 2367 Summi
1255 2333 1419 2369 Pontificis
1440 2337 1597 2371 annuatim
1617 2338 1706 2373 vobis
1725 2341 1754 2373 iu

1013 2390 1198 2428 perpetuum
1226 2381 1411 2428 tribuantur,
1445 2394 1475 2419 et
1509 2387 1669 2421 canonicis
1701 2401 1757 2422 su-

1012 2430 1171 2477 pradictis,
1189 2431 1243 2476 qui
1267 2434 1488 2480 praescriptam
1503 2435 1634 2481 elligiem
1649 2437 1758 2472 Salva-

1012 2480 1088 2514 toris
1128 2480 1401 2526 processionaliter
1440 2482 1662 2530 deportabunt,
1692 2488 1758 2522 sin-

1012 2529 1093 2575 gulis
1115 2528 1282 2564 duodecim
1306 2532 1439 2571 nummi,
1461 2542 1491 2566 et
1519 2546 1629 2569 cereus
1667 2538 1759 2572 unius

990 2573 993 2626 i
1013 2578 1121 2617 librae,
1148 2579 1200 2624 qui
1224 2579 1382 2614 deseratur
1403 2593 1564 2627 aecensus,
1592 2584 1630 2619 (le
1670 2585 1759 2621 obla-

990 2627 1153 2661 {tionibus
1174 2628 1382 2664 consessionis
1424 2630 1503 2665 beati
1547 2633 1629 2668 Petri
1668 2648 1759 2683 prae·

1781 250 1828 276 An.
1848 249 1876 275 C,
1896 249 1961 276 ¹208

1790 461 1854 482 lluius
1869 463 1957 489 linquit»

1776 493 1801 514 tis
1817 495 1913 520 dignitas.

1783 1360 1865 1387 Effigies
1875 1360 1951 1382 Chrim

1770 1396 1782 1411 e
1797 1390 1896 1412 Vaticano
1913 1392 1952 1413 huc

1770 1422 1923 1443 transferenda„

1783 2302 1918 2323 [leemas-«ria
1933 2309 1951 2324 r:

1769 2334 1793 2353 ab
1828 2333 1950 2355 innocenti:

1770 2365 1853 2386 tributa,
