2129 3223
26 255 77 283 An.
95 255 124 283 C.
141 255 205 282 lectt

818 250 1026 274 INNOCENTtus
1052 251 1086 273 lv

222 307 420 342 monasteriis
453 314 483 341 et
522 304 672 339 Ecclesiis
704 304 749 339 *de
789 305 967 351 praemissis

223 356 346 392 damnis
371 363 401 391 et
423 355 545 390 iniuriis
568 353 757 395 satisfacere,
782 354 827 389 vel
851 367 884 390 ea
909 354 966 390 de-

223 407 343 442 fensat-e
361 405 508 452 neglexit;
529 404 583 439 sed
603 405 761 445 etiammt
774 405 964 451 accepimus,

34 456 207 484 ¹¹¹mn³⁹⁶¹0¹¹¹⁶
223 455 378 491 Ecclesias
399 463 429 489 et
450 454 636 490 monasteria
660 455 725 501 ipsa
741 465 795 501 per
817 466 861 498 se,
881 467 966 489 suos-

41 488 190 514 negligentiam

24 520 82 546 regnt
104 518 205 542 sscetestte

23 549 80 571 tlt-tu
88 565 94 572 ,

41 1548 65 1570 Et.
83 1549 187 1576 religioni.

221 517 282 553 que
310 504 464 553 portarios
485 512 514 540 et
536 504 696 551 meyrinos
716 503 868 543 collectis,
891 516 964 550 pro-

220 554 435 590 curationibus
456 566 491 590 ac
512 553 730 589 exactionibus
753 552 898 587 indebitis
921 554 965 587 in·

221 603 423 640 tolerabiliter
444 604 619 651 aggravavit
641 611 671 637 et
697 611 840 649 aggravat
867 603 965 637 inces-

219 661 335 695 santer,
356 666 391 689 ac
413 654 493 689 circa
517 652 750 688 malefactorum
774 652 860 698 regni
880 652 964 687 eius-

219 704 289 739 dem
318 703 514 738 insolentiam
543 702 773 750 reprimendam
796 702 841 736 sic
864 701 963 748 negli-

218 765 296 801 gens
329 753 499 796 invenitur,
536 752 619 799 quod
658 753 687 786 in
723 751 833 786 eodem
868 764 962 798 regno

219 803 299 838 bona
337 811 398 838 tam
426 802 651 846 ecclesiastica,
676 814 771 849 quam
804 801 961 836 mundana

218 865 275 900 per
306 860 464 900 raptores,
499 851 689 900 praedones,
712 852 880 891 invasores,
914 851 962 885 in-

218 901 408 943 cendiarios,
435 901 578 949 publicos
612 901 780 948 sacrilegos
813 909 843 935 et
875 900 962 935 dete-

217 951 344 987 stabiles
380 951 552 987 homicidas
595 951 741 986 ahbatum
794 950 939 985 videlicet
954 978 962 988 ,

218 1001 358 1049 priorum
381 1009 410 1037 et
437 1001 568 1036 aliorum
598 1001 814 1047 religiosorum
843 1008 870 1034 et
898 1000 964 1035 cle-

217 1051 352 1087 ricorum
376 1051 593 1090 saecularium,
620 1063 655 1085 ac
678 1051 828 1085 laicorum
869 1050 960 1084 etiam

217 1100 384 1145 occisores,
407 1100 549 1147 deperire
564 1109 691 1148 propter
717 1100 885 1134 saecularis
907 1099 963 1133 de-

216 1150 332 1185 fectum
354 1150 489 1186 iustitiae
516 1150 753 1196 dignoscuntur.
774 1148 866 1183 Unde
889 1148 963 1195 quia

215 1200 261 1235 sic
293 1200 324 1234 in
349 1201 461 1235 eodem
496 1212 590 1246 regno
624 1211 639 1233 a
671 1198 863 1246 quibuslibet
897 1198 963 1232 suis

215 1248 351 1284 subditis
370 1250 499 1297 impune
514 1249 717 1296 delinquitur,
740 1248 885 1287 barones,
901 1247 964 1282 alii-

214 1310 277 1346 que
314 1298 414 1347 ipsius
449 1299 535 1345 regni
573 1298 694 1333 nobiles
727 1306 756 1332 et
790 1297 962 1343 ignobiles,

214 1356 342 1395 sumpto
368 1360 404 1383 ex
432 1348 491 1383 hoc
512 1347 716 1395 delinquendi
743 1359 832 1387 ausu,
855 1346 963 1380 matri-

215 1398 321 1433 monia
358 1398 542 1433 contrahere
583 1398 612 1431 in
647 1397 746 1443 gradu
781 1395 961 1443 prohibito,

216 1447 297 1482 bona
324 1447 535 1483 ecclesiastica
563 1459 688 1494 rapere,
715 1459 749 1481 ac
774 1445 832 1480 alia
855 1457 960 1492 quam-

217 1497 304 1544 plura
322 1498 402 1532 mala
424 1496 499 1532 olim
513 1509 527 1531 a
543 1496 643 1531 bonae
658 1495 828 1530 memoriae
845 1494 962 1529 Ioanne

216 1545 367 1582 Sabiuen.
390 1547 542 1594 episcopo
566 1554 641 1581 tunc
668 1546 699 1580 in
728 1544 871 1593 partibus
901 1544 963 1578 illis

216 1595 416 1645 Apostolicae
443 1595 535 1632 Sedis
560 1595 674 1642 legato,
696 1595 755 1630 sub
781 1594 963 1629 anathema-

216 1646 254 1681 tis
279 1645 535 1681 interminatione
570 1645 726 1692 prohibita
767 1644 963 1679 committere

215 1707 278 1731 non
306 1703 470 1736 verentur,
492 1703 522 1730 et
544 1703 604 1729 tam
628 1694 706 1742 ipsi,
733 1706 827 1741 quam
858 1693 963 1741 plures

215 1745 266 1780 alii
289 1745 329 1780 de
347 1757 444 1792 regno
466 1743 603 1792 praefato
625 1745 817 1779 diversarum
840 1755 964 1778 excom-

216 1794 467 1830 municationum
490 1793 626 1828 innodati
653 1794 773 1840 laqueis
799 1805 854 1840 per
875 1792 963 1827 devia

216 1844 446 1892 desperationis
460 1851 599 1878 errantes
621 1844 651 1877 in
674 1850 889 1889 contemptum
906 1842 963 1876 cla-

217 1894 301 1929 vium
328 1893 443 1928 divinis
469 1906 502 1928 se
538 1892 645 1927 officiis
673 1894 879 1927 irreverenter
914 1892 965 1926 in-

216 1951 344 1990 gerunt,
378 1950 409 1978 et
434 1942 655 1978 ecclesiasticis
681 1942 906 1982 sacramentis,
929 1953 965 1976 ac

217 1994 248 2028 in
270 1992 510 2028 subversionem
537 1990 717 2026 Catholicae
742 1991 832 2026 Fidei
859 1991 965 2039 plures

217 2054 327 2078 eorum
346 2041 385 2076 de
405 2042 506 2089 ipsius
522 2041 663 2076 articulis
684 2041 885 2076 auctoritates
902 2050 963 2076 tam

218 2092 307 2134 novi,
327 2103 421 2139 quam
457 2091 569 2127 veteris
602 2090 792 2126 Testamenti
827 2100 964 2135 temere,

219 2153 281 2178 non
302 2141 373 2177 sine
390 2141 543 2177 fermento
561 2141 718 2188 pravitatis
731 2140 918 2180 haereticae,
935 2142 964 2175 in

219 2204 348 2229 suarum
375 2199 406 2226 et
433 2191 565 2226 aliorum
588 2190 762 2224 animarum
790 2190 964 2238 periculum

219 2240 420 2289 exponendo,
438 2253 475 2276 eo
497 2239 728 2282 dissimulante,
744 2252 806 2274 non
823 2248 967 2275 metuunt

220 2292 393 2339 disputare:
417 2299 446 2326 et
469 2289 612 2325 nonnulli
636 2289 675 2324 de
697 2301 792 2335 regno
814 2290 882 2336 ipso
903 2290 966 2324 Ec-

221 2341 388 2377 clesiarum
411 2349 442 2374 et
470 2339 732 2375 monasteriorum
768 2341 904 2385 patroni,
932 2351 967 2373 ac

222 2391 274 2426 alii
292 2397 468 2426 asserentes
489 2402 523 2424 se
541 2399 698 2437 patronos,
718 2400 790 2423 cum
813 2401 874 2423 non
894 2389 966 2429 sint,

222 2440 364 2476 locorum
388 2441 525 2486 ipsorum
554 2447 585 2473 et
606 2437 643 2472 ab
665 2439 710 2472 eis
734 2437 894 2484 illegitime
911 2450 969 2485 ge-

223 2489 292 2533 niti,
323 2490 354 2524 in
386 2488 478 2524 bonis
499 2489 656 2523 dictarum
692 2487 903 2522 Ecclesiarum
939 2496 969 2522 et

224 2538 412 2574 eorumdum
436 2538 696 2573 monasteriorum
720 2536 888 2572 crudeliter
914 2537 970 2572 tle-

226 2588 425 2628 bacchantes,
448 2588 606 2623 Ecclesias
626 2588 709 2635 ipsas
731 2595 761 2621 et
782 2587 969 2622 monasteria

227 2637 335 2673 eadem
367 2637 405 2672 ad
438 2645 552 2673 tantam
588 2637 725 2685 inopiam
758 2635 991 2682 redegerunt„

1632 243 1700 276 517

1006 304 1090 352 quod
1112 305 1158 340 eis
1185 305 1419 352 nequeuntibus
1441 307 1585 355 proprios
1606 307 1751 344 substen-

1006 362 1069 389 tare
1102 354 1282 395 ministros,
1317 356 1393 403 quin
1429 356 1492 391 imo
1524 356 1683 404 aliquibus
1712 369 1749 393 ex

1007 404 1082 452 ipsis
1127 404 1314 439 servitorum
1357 405 1470 441 solatio
1506 406 1685 452 destitutis,
1720 416 1751 442 et

1005 454 1135 489 aliorum
1163 453 1324 495 claustris,
1347 455 1530 495 refectoriis,
1557 456 1750 505 caeterisque

1005 504 1150 547 officinis,
1172 515 1325 551 equorum
1355 504 1484 540 stabulis
1511 513 1541 540 et
1568 506 1751 553 postribulis

1004 552 1213 600 quarumlibet
1233 565 1437 600 personarum
1461 555 1566 589 vilium
1582 555 1750 602 deputatis,

1004 603 1099 638 divini
1124 604 1271 642 nominis,
1286 611 1317 637 et
1332 603 1493 650 religionis
1511 604 1616 639 cultus
1637 606 1750 641 exinde

1005 653 1129 699 penitus
1150 660 1198 687 est
1222 652 1365 687 sublatus
1388 654 1477 689 bonis
1503 653 1627 689 illorum
1650 657 1750 690 omni-

1004 702 1063 736 bus
1090 703 1120 737 in
1148 703 1355 749 direptionem
1378 703 1528 750 expositis
1554 712 1584 739 et
1609 704 1640 738 iu
1664 718 1749 753 prae-

1003 752 1086 786 dam.
1119 751 1287 787 Caeterum
1325 761 1443 797 castra,
1478 752 1585 793 villas,
1621 766 1748 801 posses-

1003 803 1110 836 siones
1141 810 1172 836 et
1213 802 1272 836 alia
1307 802 1372 836 iura
1406 802 1540 849 regalia,
1577 802 1659 838 idem
1696 817 1748 841 rex

1005 859 1130 898 propter
1163 851 1260 898 ipsius
1298 850 1473 896 desidiam,
1505 852 1620 899 suique
1646 854 1750 890 cordis

1003 900 1250 936 imbecillitatem
1289 900 1433 947 deperire
1472 903 1680 950 permittens,
1714 916 1750 939 ac

1004 951 1119 997 passim
1139 958 1169 985 et
1188 950 1296 985 illicite
1314 950 1524 997 malignorum
1546 952 1750 999 acquiescens

1003 1000 1153 1041 consiliis,
1184 999 1325 1035 alienans
1348 1008 1409 1035 tam
1442 1001 1724 1038 ecclesiasticarum
1741 1032 1749 1043 ,

1003 1061 1096 1096 quam
1123 1049 1330 1085 saecularium
1358 1061 1563 1097 personarum
1592 1051 1747 1088 nobilium

1003 1107 1031 1133 et
1065 1099 1253 1146 ignobilium
1281 1099 1455 1135 occisiones
1487 1101 1642 1146 nefarias,
1672 1102 1748 1138 dum

1003 1148 1145 1195 religioni
1182 1161 1244 1184 non
1281 1149 1439 1196 parcitur,
1473 1161 1532 1186 nec
1558 1150 1669 1193 sexui,
1702 1153 1748 1187 vel

1002 1200 1108 1239 aetati,
1132 1199 1275 1246 rapinas,
1297 1198 1453 1244 incestus,
1480 1207 1652 1248 raptusque
1678 1213 1749 1238 mo-

1004 1247 1133 1282 nialium
1156 1256 1187 1282 et
1207 1248 1415 1283 saecularium
1438 1249 1621 1292 mulierum,
1647 1251 1748 1286 rusti-

1003 1309 1112 1332 corum
1148 1310 1183 1332 ac
1208 1298 1436 1343 negotiatorum
1460 1307 1614 1335 tormenta
1632 1301 1749 1346 gravia,

1003 1359 1081 1393 quae
1104 1347 1182 1394 ipsis
1203 1359 1218 1381 a
1246 1347 1409 1383 nonnullis
1430 1349 1519 1393 regni
1547 1349 1677 1396 praefati
1694 1362 1751 1397 pro

1002 1396 1217 1443 extorquenda
1248 1396 1287 1430 ab
1319 1396 1398 1444 ipsis
1430 1398 1563 1445 pecunia
1595 1397 1750 1445 infligun—

1002 1453 1070 1486 tur3
1098 1445 1313 1480 Ecclesiarum
1340 1454 1371 1481 et
1396 1447 1623 1483 cimiteriorum
1646 1449 1751 1484 viola-

1003 1495 1106 1529 tiones
1132 1502 1163 1530 et
1186 1495 1342 1535 incendia,
1358 1495 1524 1532 fractiones
1547 1505 1750 1544 treuguarum

1002 1552 1033 1579 et
1065 1544 1123 1579 alia
1157 1545 1331 1589 aenormia,
1363 1558 1442 1593 quae
1469 1559 1485 1581 a
1512 1547 1571 1582 sibi
1599 1548 1752 1583 subiectis

1003 1593 1099 1629 libere
1114 1594 1367 1639 committuntur,
1388 1596 1523 1632 scienter
1537 1596 1660 1642 tolerat,
1674 1598 1750 1646 quin

1004 1644 1108 1691 potius
1130 1651 1186 1683 tot,
1209 1644 1364 1691 tantisque
1386 1645 1487 1686 malis,
1509 1645 1585 1681 dum
1607 1659 1642 1682 ea
1665 1659 1752 1695 prae-

1003 1694 1074 1728 terit
1091 1694 1258 1740 impunita,
1273 1694 1453 1729 consentire
1474 1695 1613 1741 videtur,
1628 1704 1658 1732 et
1676 1709 1751 1745 pau-

1003 1742 1050 1777 dit
1072 1742 1191 1778 aditum
1218 1743 1255 1778 ad
1279 1744 1395 1791 peiora.
1424 1743 1537 1780 Terras
1569 1746 1700 1793 insuper
1721 1754 1752 1781 et

1003 1792 1062 1827 alia
1095 1791 1340 1828 christianorum
1367 1793 1447 1828 bona
1471 1794 1501 1829 in
1525 1795 1663 1831 confinio
1690 1795 1750 1831 Sa-

1005 1854 1188 1877 racenorum
1213 1843 1311 1889 posita
1334 1855 1396 1878 non
1420 1843 1605 1885 defendens,
1627 1858 1663 1881 ea
1685 1845 1753 1880 infi-

1004 1892 1129 1926 delibus
1151 1891 1354 1938 devastanda,
1376 1905 1432 1928 seu
1451 1893 1545 1928 etiam
1568 1895 1751 1943 occupanda

1004 1953 1041 1976 ex
1061 1942 1156 1976 animi
1173 1942 1430 1989 pusillanimitate
1447 1943 1608 1992 relinquit.
1625 1945 1665 1980 Et
1679 1945 1751 1981 licet

1004 2004 1020 2026 a
1043 1991 1231 2038 supradictis
1255 1992 1416 2039 praelatis,
1445 2000 1479 2028 ut
1501 1993 1540 2029 ad
1566 1995 1750 2042 corrigenda

1007 2042 1196 2088 praemissa,
1225 2042 1379 2089 pluraque
1400 2042 1459 2078 alia
1487 2043 1638 2086 nefanda,
1672 2057 1752 2093 quo-

1006 2103 1075 2126 rum
1094 2091 1211 2127 seriosa
1233 2092 1368 2127 narratio
1394 2092 1555 2128 fastidium
1576 2103 1750 2140 generaret.

1006 2141 1163 2185 ardenter,
1191 2149 1223 2176 ut
1245 2149 1379 2181 tenetur,
1401 2151 1591 2189 assurgeret,
1614 2144 1751 2178 monitu.-

1006 2190 1097 2225 fuerit
1119 2190 1295 2237 diligenter,
1319 2191 1401 2226 idem
1425 2200 1662 2236 tamen,eorum
1684 2205 1751 2228 mo-

1007 2240 1178 2274 nitionibus
1206 2240 1374 2280 obauditis,
1402 2241 1432 2275 id
1454 2241 1579 2276 efficere
1605 2254 1667 2278 non
1694 2255 1751 2277 cu-

1008 2289 1107 2329 ravit;
1136 2298 1263 2336 propter
1296 2290 1379 2336 quod
1415 2302 1472 2325 nos
1506 2292 1751 2338 episcoporum.

1007 2338 1167 2382 abbatum,
1193 2340 1334 2386 priorum
1358 2346 1388 2374 et
1419 2339 1552 2374 aliorum
1587 2349 1648 2376 tam
1680 2341 1752 2376 reli-

1008 2388 1179 2434 giosorum,
1206 2399 1299 2434 quam
1327 2389 1534 2424 saecularium
1562 2391 1649 2436 regni
1671 2392 1749 2426 eius

1009 2437 1080 2472 dem
1114 2437 1394 2484 conquestionibus
1438 2448 1467 2473 et
1499 2439 1647 2475 clamosis
1673 2440 1751 2476 insi—

1009 2486 1210 2522 nuationibus
1244 2487 1382 2532 excitati,
1404 2499 1510 2535 regem
1555 2488 1659 2536 ipsum
1697 2502 1754 2538 pet·

1010 2545 1131 2572 nostras
1163 2536 1292 2578 litteras,
1320 2544 1353 2571 ut
1380 2538 1550 2585 praemissa
1584 2539 1752 2587 corrigeret

1011 2586 1182 2633 rogandum
1218 2586 1364 2621 duximus
1393 2594 1524 2628 attente,
1555 2595 1586 2623 et
1619 2589 1753 2625 hortan-

1011 2636 1084 2670 dum
1112 2635 1343 2671 venerabilibus
1373 2636 1519 2673 fratribus
1548 2638 1663 2674 nostris
1689 2638 1753 2675 Co-

1111 251 1157 273 PP.

1765 255 1815 282 Αη.
1832 255 1861 282 (Ζ,
1879 256 1945 284 12ᾰῦ

1776 763 1822 785 Eius
1867 765 1944 786 donidio

1763 796 1782 815 in
1799 796 1857 821 regni
1872 795 1943 816 rebus*

1781 2303 1864 2324 {teritis
1878 2303 1948 2330 Papae

1765 2335 1843 2356 titteris
1879 2336 1950 2355 moni-

1767 2369 1807 2388 tus.
1823 2369 1842 2385 et
1863 2366 1947 2392 spisco-

1766 2402 1838 2424 porum
1863 2396 1939 2417 libellis
