2129 3223
45 253 95 280 An.
113 251 141 280 C.
162 252 229 281 ¹26⁷

54 756 104 779 Bias
115 757 226 780 celebrau-

40 788 67 810 δι
79 788 192 810 tuttvtus.

0 2080 4 2103 ³.
42 2082 155 2111 Proponit·
186 2088 220 2104 ne-

0 2116 9 2136 r
35 2114 144 2142 putehrum
160 2114 220 2135 etun-

0 2143 6 2166 ἓ
35 2144 82 2166 dem
129 2145 220 2166 visitan-

0 2187 10 2207 .·'
35 2175 92 2196 tibus
106 2175 220 2202 indulgen-

867 251 1012 276 CLEMENS
1039 252 1072 275 lv
1099 253 1148 276 1³1².

1659 247 1729 283 775

241 307 359 343 calcato
381 306 503 353 fastigio
522 306 692 353 potestatis,
720 305 756 340 ad
785 306 888 353 inopis
902 307 989 342 clau·
1006 314 1009 326 ⁵
1027 307 1065 342 dc
1093 308 1232 344 iniuncta
1260 310 1319 345 sibi
1348 312 1541 358 poenitentia
1564 315 1780 351 misericordi·

242 358 298 393 stri
327 370 383 405 pro
409 354 535 391 Christo
557 367 591 390 se
618 356 776 390 inclinarit
807 357 988 403 angustias,
1028 365 1074 392 ter
1097 357 1285 394 relaxamus.

241 415 275 442 ut
305 407 429 443 cunctis
463 414 544 441 esset
573 405 756 440 humilitatis
789 407 988 454 exemplum,

242 465 303 492 tam
326 458 364 492 de
387 458 526 503 ipsorum
549 454 692 495 fratrum,
714 467 808 502 quam
840 456 989 502 praelato-

241 519 310 542 rum
337 507 391 554 qui
420 513 495 540 tunc
528 505 611 551 apud
638 503 753 539 sedem
789 505 989 540 morabantur

241 556 383 591 eamdem
419 554 571 594 consilio,
607 562 786 588 sanctorum
824 554 988 598 cathalogo

239 605 438 641 decrevimus
459 602 712 642 adscribendam,
737 604 800 638 imo
821 605 924 638 verius
940 604 987 639 de·

240 655 461 689 nunciavimus
485 654 543 688 iam
566 652 766 699 adscriptam.

287 703 387 751 §23-
415 702 583 738 Caeterum
616 703 672 736 ctsi
707 702 744 736 ad
768 702 872 737 omnia
900 702 988 737 suffi-

239 753 299 788 ciat
326 753 384 788 Dei
408 753 491 787 iilius
517 750 606 786 lesus
632 750 792 791 Clu-istus,
821 760 922 786 tamen
939 764 989 786 ro-

1077 407 1190 442 Datutn
1207 408 1350 455 viterbii,
1376 413 1511 460 septimo
1532 413 1680 451 kalendas
1699 417 1780 463 apri-

1028 456 1076 501 lis,
1100 457 1299 504 pontificatus
1326 463 1422 497 nostri
1446 475 1529 498 anno
1556 465 1657 500 tertio⁴

1055 518 1114 548 Dat.
1138 519 1184 548 die
1206 520 1244 550 26
1263 522 1358 552 martii
1380 523 1464 562 1267,
1493 525 1596 563 pontif.
1613 535 1690 557 anno
1706 537 1746 558 ιιι.

1346 710 1444 745 xxti.

239 802 295 837 luit
317 802 348 836 in
375 814 472 849 opere
495 802 619 848 pietatis
647 801 751 846 plures
775 800 988 835 ltomineslia-
1028 791 1161 834 Reffldae
1185 802 1222 824 αθ
1239 797 1354 824 Sffl‘fflss
1371 793 1561 826 observanda
1583 805 1602 827 a
1623 796 1777 828 canonicis

239 851 312 887 bere
334 861 508 894 consortes,
535 851 608 897 quia
631 849 703 884 licet
725 850 812 884 solus
834 849 985 888 obtineat,

237 901 322 946 quod
345 901 395 935 alii
418 912 480 935 non
501 906 679 939 merentum
703 907 884 933 nontamen
901 899 984 945 apud

238 949 362 985 Patrem
397 962 453 997 pro
481 948 573 983 nobis
605 949 693 982 solus
718 957 766 982 est
798 948 984 988 advocatus,

238 1000 301 1034 imo
322 1011 395 1034 cum
423 997 562 1037 Christo,
590 1006 620 1032 et
653 1009 708 1044 per
733 998 855 1043 ipsum,
883 997 986 1032 iusto-

236 1060 305 1083 rum
328 1048 484 1088 omnium,
511 1047 564 1095 qui
592 1059 650 1081 nos
673 1047 703 1080 in
724 1059 820 1092 regno
839 1059 985 1093 praeces-

235 1109 322 1138 sere,
337 1098 501 1141 cobortes,
527 1099 611 1131 iuxta
634 1096 718 1143 quod
752 1097 867 1141 legitur
889 1097 984 1130 multa

235 1147 262 1181 ei
285 1147 354 1181 data
369 1147 507 1186 incensa,
534 1158 614 1193 quae
637 1154 711 1180 sunt
738 1146 895 1179 orationes
911 1157 984 1180 san-

235 1205 375 1236 ctorum,
417 1205 448 1230 ut
475 1207 572 1241 super
597 1195 692 1229 altare
727 1207 855 1229 aureum
890 1206 924 1228 ea
953 1195 982 1228 in

235 1252 406 1292 conspectu
422 1245 573 1279 Altissimi
601 1244 756 1284 adolet-eu
779 1244 832 1278 sed
856 1256 927 1278 cum
947 1256 983 1277 ex

235 1295 362 1330 assiduo
390 1295 479 1341 lapsu
508 1293 648 1328 mortalis
676 1293 841 1327 infirmitas
872 1293 984 1326 liuius-

235 1344 319 1378 modi
337 1344 516 1378 orationum
538 1342 696 1388 sulii-agiis
719 1342 832 1388 iugiter
848 1341 982 1387 indigeat

233 1392 393 1437 adiuvari,
421 1400 454 1427 ut
479 1391 656 1427 subsidium
684 1392 710 1426 ei
740 1392 839 1437 magis
860 1390 982 1425 accele—

235 1450 292 1483 ret,
319 1441 412 1476 debet
439 1453 495 1488 per
522 1441 705 1475 imitationis
742 1440 921 1486 exemplum
953 1448 982 1474 et

233 1490 376 1538 obsequii
397 1491 577 1526 servitutem
597 1490 680 1536 ipsos
698 1498 823 1524 sanctos
840 1488 983 1523 devotius

233 1540 380 1575 revereri.
407 1538 499 1575 Unde
519 1551 557 1574 ne
579 1547 649 1585 agat
677 1538 782 1581 istud,
804 1538 888 1586 quod
915 1538 982 1572 eius

233 1589 323 1624 saluti
338 1589 476 1637 expedit,
499 1589 705 1635 negligenter,
733 1587 913 1622 fraternitati
937 1599 982 1622 ve-

233 1647 315 1674 strae
342 1651 397 1686 per
429 1639 600 1684 apostolica
629 1640 746 1684 scripta
780 1636 982 1679 mandamus,

233 1696 390 1734 quatenus
428 1687 540 1722 festum
576 1687 674 1732 ipsius
709 1687 844 1721 Sanctae
878 1686 982 1720 idibus

232 1736 383 1775 octobris,
405 1737 456 1771 die
475 1737 619 1771 videlicet
645 1747 708 1782 quo
730 1735 770 1769 de
796 1736 842 1768 via
865 1735 983 1780 migra-

234 1785 275 1820 vit
296 1785 334 1820 ad
359 1785 501 1832 patriam,
523 1794 553 1819 et
575 1784 614 1819 de
632 1784 798 1818 mundanis
820 1792 983 1817 transcen-

233 1833 278 1869 dit
301 1833 416 1869 finilms
436 1834 473 1868 ad
496 1846 655 1873 coronam,
683 1841 798 1868 attenta
815 1832 982 1866 devotione

233 1883 392 1919 celebrare
418 1884 536 1918 curetis
563 1896 598 1918 ac
632 1882 750 1917 faciatis
782 1894 837 1928 per
865 1889 983 1916 vestras

233 1933 375 1968 eiv.tates
413 1941 443 1968 et
477 1933 636 1967 dioeceses
673 1944 689 1966 a
724 1930 983 1967 christifidelibus

234 1982 419 2018 solemniter
444 1981 604 2016 celebrari.

283 2031 304 2078 S
336 2033 395 2066 24.
434 2031 609 2077 Cupientes
647 2031 751 2077 itaque
786 2028 981 2076 sepulturam

236 2080 347 2128 ipsius,
373 2092 454 2128 quae
476 2088 537 2115 tam
559 2079 758 2114 evidentibus
779 2079 879 2124 signis
900 2080 981 2112 ruti-

236 2129 300 2165 lare
319 2129 530 2176 dignoscitur⁷
553 2129 702 2174 congruis
725 2128 897 2162 honoribus
921 2126 983 2162 fre-

235 2181 392 2226 quentari,
418 2186 448 2213 et
466 2177 504 2213 ad
529 2177 558 2212 id
573 2177 680 2212 fideles
697 2177 781 2224 ipsos
797 2177 983 2211 muneribus

236 2227 378 2263 illectivis
406 2227 529 2266 induci,
551 2226 698 2261 omnibus
719 2239 790 2261 vere
817 2227 982 2272 poeniten-

236 2276 321 2312 tibus
338 2286 368 2312 et
390 2276 555 2316 confessis,
582 2276 634 2322 qui
655 2288 727 2310 cum
751 2275 922 2310 reverentia
944 2274 982 2308 il-

236 2326 286 2360 luc
307 2326 339 2361 in
362 2325 473 2361 eodem
497 2325 574 2359 festo
608 2325 768 2359 annuatim
795 2325 982 2359 accesserint

235 2374 334 2421 ipsius
355 2375 503 2421 suffragia
528 2374 668 2421 petituri,
694 2374 733 2408 de
754 2374 982 2419 omnipotentis

235 2423 291 2459 Dei
327 2423 543 2459 misericordia
577 2431 607 2457 et
638 2422 800 2457 beatorum
836 2422 919 2456 Petri
952 2430 983 2456 et

237 2472 323 2508 Pauli
345 2473 559 2520 apostolorum
575 2472 643 2507 eius
659 2472 840 2506 auctoritate
858 2471 981 2511 confisi,

237 2534 333 2557 unum
360 2534 479 2557 atinum
501 2530 532 2556 et
552 2520 758 2568 quadraginta
779 2520 864 2559 dies:
890 2533 982 2556 acce-

236 2571 382 2606 dentibus
403 2582 477 2606 vero
502 2571 541 2606 ad
571 2570 758 2617 praedictam
788 2570 980 2616 sepulturam

236 2620 312 2655 infra
341 2620 481 2655 eiusdem
505 2620 572 2655 festi
596 2627 732 2658 octavas,
759 2627 886 2653 centum
915 2619 982 2653 dies

1109 847 1136 872 et
1161 840 1241 873 clero
1267 840 1420 875 Ecclesiae
1440 843 1612 876 Aniciemis
1637 845 1691 887 (1).

1291 918 1507 950 SUMMARIUM

1024 984 1213 1015 Prooemium.
1230 1002 1271 1007 —
1286 984 1422 1015 Clemens
1440 990 1524 1016 antea
1552 987 1686 1017 Anicien.
1708 990 1774 1027 epi-

1064 1035 1181 1063 scopus.
1209 1042 1249 1048 —
1265 1024 1431 1063 Capitulum
1455 1030 1558 1056 statuta
1578 1027 1614 1056 ab
1637 1029 1775 1067 episcopo

1065 1067 1144 1104 petit.
1164 1081 1204 1088 -
1231 1065 1361 1102 Capituta
1393 1065 1469 1095 edita
1502 1067 1635 1104 corrigit,
1670 1069 1776 1099 confir-

1065 1110 1180 1144 matque
1210 1104 1354 1134 Clemens.
1377 1121 1415 1126 —
1438 1106 1463 1135 1.
1492 1104 1630 1137 Canonici
1671 1108 1775 1138 saltem

1063 1154 1115 1183 per
1149 1146 1249 1174 horam
1272 1145 1362 1174 choro
1394 1146 1540 1175 intersint.
1570 1163 1609 1169 —
1639 1147 1666 1176 2.
1688 1147 1776 1178 Simi-

1065 1185 1130 1214 liter
1148 1184 1258 1220 clerici,
1284 1185 1333 1223 qui
1357 1184 1403 1214 bis
1420 1185 1449 1214 in
1472 1184 1656 1216 hebdomada
1680 1193 1777 1217 matu-

1063 1225 1132 1254 tinis
1163 1224 1272 1253 debent
1303 1225 1457 1254 interesse.
1490 1241 1529 1247 —
1552 1226 1578 1255 3.
1610 1226 1716 1257 Vicarii
1748 1234 1775 1257 et

1063 1264 1199 1294 canonici
1229 1264 1356 1302 singulis
1379 1264 1494 1294 diebus.
1515 1281 1554 1287 —
1580 1267 1608 1296 4.
1637 1266 1775 1297 Clericuli

1064 1305 1145 1333 horis
1172 1303 1319 1332 omnibus.
1346 1320 1385 1325 —
1402 1304 1429 1333 5.
1458 1304 1597 1335 Canonici
1620 1315 1774 1345 pauperes.

1061 1360 1100 1365 —
1122 1345 1148 1373 6.
1171 1342 1353 1373 Officiatores
1372 1344 1488 1382 quando
1508 1345 1630 1375 chorum
1650 1346 1776 1376 debeant

1062 1384 1182 1413 intrare.
1205 1399 1243 1405 —
1266 1383 1291 1412 7.
1311 1382 1341 1411 ln
1361 1383 1450 1413 missa
1471 1385 1574 1415 maiori
1593 1386 1712 1424 quando
1728 1395 1775 1415 se-

1063 1423 1203 1453 dendum.
1221 1439 1260 1444 —
1282 1422 1308 1452 8.
1336 1421 1444 1452 Omnes
1469 1424 1515 1453 bis
1539 1426 1567 1454 in
1591 1425 1773 1456 hebdomada

1063 1462 1214 1492 matutinis
1237 1462 1382 1492 intersint.
1405 1479 1444 1485 —
1469 1464 1496 1493 9.
1522 1463 1700 1496 Clericorum
1720 1476 1776 1497 nu-

1062 1510 1172 1532 merus.
1194 1518 1233 1524 —
1262 1501 1309 1531 10.
1339 1501 1478 1532 Clericuli
1508 1510 1574 1534 ante
1603 1505 1642 1536 20
1664 1515 1773 1536 annum

1062 1551 1119 1571 non
1143 1543 1327 1572 admittendi.
1345 1558 1384 1564 -
1403 1542 1448 1571 11.
1471 1542 1708 1576 Distributiones.
1735 1562 1774 1569 —

1064 1581 1108 1611 12.
1130 1581 1298 1612 potationes
1321 1587 1348 1611 et
1366 1591 1430 1611 arca
1461 1583 1648 1615 clericorum.
1669 1602 1710 1609 -
1727 1586 1773 1617 13.

1060 1621 1166 1651 Clerici
1185 1631 1242 1651 non
1266 1621 1431 1651 beneficiati
1449 1628 1596 1660 portantes
1615 1627 1773 1665 superpel-

1061 1661 1174 1691 licium.
1192 1679 1232 1683 —
1254 1661 1300 1690 14.
1320 1661 1480 1698 Dignitates
1492 1667 1520 1692 et
1537 1670 1720 1701 personatus.
1734 1682 1774 1689 —

1064 1701 1107 1730 15.
1129 1700 1259 1737 Magistri
1283 1701 1456 1739 hospitalis,
1475 1703 1546 1741 quid
1569 1713 1620 1743 pro
1639 1706 1773 1736 emendis

1061 1740 1227 1770 redditibus
1253 1740 1367 1770 solvere
1389 1741 1534 1777 debeantz
1559 1760 1599 1766 -
1617 1745 1662 1775 16.
1681 1744 1773 1785 lique,

1061 1782 1109 1818 qni
1134 1780 1308 1810 beneficium
1335 1780 1453 1819 aliquod
1482 1790 1709 1823 consequentur.
1734 1801 1774 1807 —

1062 1820 1107 1848 17.
1125 1819 1353 1849 Distributiones
1376 1821 1451 1850 inter
1472 1828 1653 1860 praesentes.
1671 1841 1710 1847 —
1725 1825 1771 1854 18.

1060 1858 1305 1889 Distributionum
1324 1868 1392 1889 cura
1409 1861 1518 1900 quibus
1534 1864 1719 1902 assignanda.
1734 1882 1773 1887 -—

1063 1899 1098 1929 19
1110 1905 1135 1928 et
1148 1898 1196 1929 20.
1213 1899 1282 1928 Aliae
1295 1899 1510 1935 assignationes
1523 1902 1558 1932 ad
1572 1903 1665 1933 dictos
1673 1913 1771 1934 emen-

1061 1939 1114 1968 dos
1131 1939 1263 1968 redditus
1283 1938 1443 1976 faciendae,
1460 1946 1487 1970 et
1500 1943 1594 1980 quoad
1621 1943 1768 1974 absentes.

1060 1977 1203 2008 —21.ln
1221 1979 1352 2017 dignitat.
1380 1981 1531 2011 constituti
1560 1983 1630 2021 quid
1658 1984 1770 2014 solvere

1061 2018 1187 2047 debeant
1207 2027 1258 2054 pro
1280 2019 1365 2048 dictis
1382 2019 1586 2051 distribution.
1617 2021 1770 2054 faciendis.

1060 2073 1098 2080 —-
1124 2057 1170 2087 22.
1192 2058 1318 2088 Fructus
1347 2060 1510 2089 vacantium
1534 2061 1767 2099 praebendarum

1061 2106 1112 2135 per
1124 2107 1232 2127 annum
1250 2098 1368 2128 servitio
1379 2099 1460 2128 cltori
1479 2101 1659 2136 assignandi.
1673 2102 1768 2133 ——23.

1060 2137 1289 2168 Distributiones
1311 2138 1396 2167 aliae.
1412 2155 1452 2161 -—
1468 2139 1515 2169 24.
1531 2140 1578 2170 25.
1596 2140 1769 2172 Distributio

1061 2177 1177 2215 quando
1190 2177 1321 2207 facienda
1334 2181 1592 2215 etaugmentanda.
1611 2181 1707 2211 —26.
1725 2181 1770 2211 Di-

1062 2217 1199 2246 stributio
1215 2217 1342 2247 officium
1360 2217 1596 2248 facientibus.—
1609 2219 1654 2249 27.
1664 2221 1710 2250 28.
1722 2221 1769 2251 29.

1061 2255 1249 2286 praebendae
1285 2257 1502 2292 sacerdotales,
1539 2259 1706 2289 diaconales
1741 2266 1769 2290 et

1061 2295 1298 2326 subdiaconales,
1317 2312 1356 2318 —
1374 2296 1420 2326 30.
1443 2296 1473 2325 ln
1493 2307 1547 2327 suo
1565 2308 1621 2327 non
1641 2299 1770 2329 servien-

1061 2339 1103 2365 tes
1126 2335 1221 2365 officio
1240 2336 1389 2374 puniendi.
1413 2353 1452 2358 —-
1474 2337 1520 2366 31.
1544 2336 1709 2376 Capitulum
1733 2341 1768 2369 ad

1060 2384 1220 2413 campanae
1239 2385 1356 2405 sonum.
1375 2392 1415 2398 —
1428 2376 1474 2405 32.
1494 2375 1569 2407 Illud
1591 2386 1658 2407 vero
1681 2382 1724 2408 ter
1739 2379 1768 2409 in

1061 2415 1243 2445 hebdomada
1257 2415 1435 2451 cogendum:
1451 2432 1489 2437 —
1504 2415 1550 2446 33.
1567 2415 1596 2445 ln
1613 2426 1671 2455 quo
1687 2427 1769 2455 prae-

1059 2455 1155 2484 valeat
1177 2455 1271 2484 maior
1292 2459 1319 2484 et
1341 2455 1440 2484 sanior
1458 2465 1534 2491 pars.
1549 2472 1589 2478 -
1606 2456 1652 2486 34.
1671 2456 1709 2487 De
1724 2467 1770 2488 re-

1061 2494 1185 2524 sidentia
1197 2499 1225 2523 et
1236 2495 1429 2532 hospitiis.—
1441 2494 1486 2524 35.
1495 2495 1540 2524 36.
1554 2494 1768 2528 Beneficiorum

1059 2534 1213 2572 pluralitas
1232 2534 1377 2564 damnata.
1392 2551 1432 2556 —
1448 2534 1495 2563 37.
1513 2534 1681 2574 Cappellani
1697 2546 1769 2568 non-

1056 2590 1094 2625 (t)
1110 2590 1149 2616 Ex
1169 2589 1288 2617 Martene
1303 2589 1380 2617 Thes.
1409 2590 1550 2623 Anecdot„
1571 2593 1635 2619 tom.
1655 2599 1691 2622 ιι,
1717 2592 1766 2619 col.

1020 2629 1079 2656 [476.

1793 260 1843 286 Au.
1859 258 1886 285 C.
1910 258 1975 286 1207
