2129 3223
50 245 102 274 An.
118 244 149 273 C.
165 246 233 272 ¹230

247 299 445 336 cessitatibus
484 306 716 345 praesentetur,
756 299 988 346 eleemosynam

246 349 307 384 sibi
333 347 534 384 commissam
558 355 670 395 potest.
693 348 775 382 sicut
797 356 827 382 et
845 348 994 383 dominiis

247 397 330 446 apud
356 396 566 444 spiritualem,
592 396 640 431 vel
657 396 841 432 familiarem
856 397 992 432 amicum

248 447 376 482 fratrum
410 446 586 493 deponere,
622 457 679 492 per
713 446 817 492 ipsum
858 447 926 480 loco
963 454 993 481 et

247 505 388 543 tempore
405 507 460 543 pro
482 494 623 542 ipsorum
645 495 895 532 necessiiaiibus,
913 496 992 530 sicut

246 544 397 592 expedire
419 544 542 585 viderit,
557 543 812 591 dispensandam.
834 544 881 578 Ad
897 557 991 591 quem

245 595 338 630 etiam
365 593 477 629 fratres
506 605 562 641 pro
583 592 769 628 huiusmodi
793 594 992 628 necessitan-

246 643 306 678 bus
331 651 478 690 poterunt
504 642 618 678 babere
642 654 824 682 recursum,
857 643 992 677 maxime

245 692 270 727 si
294 692 457 740 negligens
480 692 582 731 fuerit,
605 691 651 726 vet
680 692 884 726 necessitates
906 692 992 737 igno-

245 742 358 777 raverit
373 740 570 777 eorumdem.
600 740 764 776 Praeterea
787 753 859 775 cum
880 741 908 775 in
926 742 991 788 ipsa

246 791 349 836 regula
372 791 569 826 contineatur
591 802 753 837 expresse,
775 790 860 837 quod
885 790 993 825 fratres

245 840 323 875 nihil
351 840 410 876 sibi
436 839 650 887 approprient,
678 852 736 875 nec
762 839 912 878 domum,
937 852 992 875 nec

244 890 363 931 locum,
391 901 450 924 nec
471 902 536 924 rem
563 888 718 936 aliquam,
754 901 790 923 ac
823 889 881 935 ipsi
919 901 992 936 pro-

244 951 336 974 cessu
364 939 516 986 temporis
551 938 755 973 contaminari
783 938 913 973 timeant
940 951 992 973 or-

244 988 328 1023 dinis
354 995 588 1036 paupertatem,
619 987 801 1034 praesertim
829 1000 900 1022 cum
931 988 990 1022 iam

244 1037 381 1072 dixerint
418 1037 515 1084 aliqui
553 1037 779 1084 proprietatem
826 1036 990 1071 mobilium

246 1086 401 1132 pertinere
419 1088 458 1121 ad
482 1094 580 1121 totum
595 1085 749 1120 Ordinem
766 1086 796 1119 in
813 1087 990 1120 communi:

246 1135 336 1170 nobis
363 1136 422 1170 fuit
453 1135 616 1171 humiliter
641 1135 867 1182 supplicatum,
905 1145 937 1170 ut
960 1136 990 1169 in

245 1185 304 1219 boc
325 1185 501 1220 animarum
529 1184 732 1230 dignaremur
756 1184 919 1230 providere
943 1196 992 1229 pc-

245 1233 362 1274 riculis,
383 1242 414 1268 et
429 1234 526 1268 totius
547 1233 679 1268 Ordinis
694 1233 832 1280 puritati.
849 1232 992 1267 Dicimus

245 1283 368 1330 itaque,
396 1283 480 1329 quod
508 1294 565 1317 nec
601 1283 631 1316 in
665 1283 842 1321 communi,
875 1295 932 1317 nec
961 1283 989 1315 in

244 1331 372 1379 speciali
399 1332 514 1367 debent
536 1331 760 1378 proprietatem
783 1331 914 1370 babere,
936 1331 989 1365 sed

245 1381 440 1421 utensilium,
455 1389 486 1416 et
513 1380 676 1421 librorum,
705 1390 735 1415 et
757 1393 866 1415 eornm
888 1379 990 1414 mobi-

245 1430 336 1472 lium,
361 1442 442 1476 quae
469 1430 539 1464 licet
561 1429 694 1473 habere,
716 1429 803 1464 Ordo
822 1442 914 1463 usum
934 1430 991 1463 lia-

245 1479 326 1520 beat,
353 1487 384 1514 et
405 1479 515 1514 fratres
535 1478 712 1513 secundum
736 1478 818 1526 quod
836 1478 991 1524 generalis

245 1528 407 1568 minister,
442 1529 490 1563 vel
522 1528 730 1575 provinciales
757 1527 990 1574 disponendum

244 1577 411 1622 duxerint,
437 1578 477 1612 iis
498 1585 639 1620 utantur,
662 1577 747 1611 salvo
772 1577 928 1620 locorum,
962 1587 991 1613 et

244 1626 410 1662 domorum
430 1627 570 1662 dominio
593 1626 666 1668 illis,
688 1626 724 1660 ad
746 1639 825 1673 quos
849 1626 992 1661 noscitur

244 1676 413 1723 pertinere:
438 1688 497 1711 nec
519 1676 609 1711 vendi
639 1675 754 1710 debent
778 1675 916 1720 mobilia,
944 1676 990 1710 vel

244 1733 330 1760 extra
364 1725 507 1760 ordinem
541 1725 748 1764 commutari,
783 1733 837 1759 aut
863 1725 989 1759 alienari

243 1775 488 1822 quoquomodo,
525 1774 583 1809 nisi
631 1774 794 1809 Ecclesiae
830 1774 991 1808 Romanae

244 1823 427 1868 cardinalis,
454 1824 507 1871 qui
531 1823 625 1857 fuerit
645 1822 773 1857 Ordinis
788 1823 991 1868 gubernator,

245 1871 395 1919 generali,
417 1885 471 1908 seu
499 1872 746 1919 provincialibus
767 1872 921 1907 ministris
939 1885 992 1906 au-

245 1921 418 1957 ctoritatem
454 1933 551 1969 super
572 1921 631 1956 boc
657 1920 847 1967 praebuerit,
871 1921 919 1955 vel
947 1933 992 1955 as-

60 1283 92 1304 An
107 1284 138 1305 rai
157 1286 231 1305 euius—

12 1326 16 1331 .
47 1319 108 1341 quin
146 1319 231 1336 maneat

47 1349 114 1372 penes
134 1347 230 1367 ordinem

46 1375 174 1402 proprietas.

61 1973 156 2002 0¹¹·¹¹¹⁶¹
194 1980 233 1996 ¹0-
245 1982 384 2006 sensum.
416 1970 498 2012 Quia
523 1982 596 2004 vero
628 1970 657 2003 iii
681 1970 818 2017 quodam
850 1970 990 2005 eiusdem

48 2006 233 2064 {gmffipmssgj
246 2019 374 2067 regulae
410 2018 547 2066 capitulo
582 2020 780 2059 continetur,
819 2027 851 2053 ut
878 2020 902 2053 si
938 2020 991 2066 qui

50 2069 84 2088 tes
116 2067 143 2088 nd
169 2068 234 2088 mini-

50 2100 113 2119 nim.
247 2069 391 2112 fratrum,
419 2069 589 2114 instigante
622 2068 748 2102 liumaiii
781 2070 908 2114 generis
931 2069 992 2102 ini-

248 2119 342 2162 mico,
365 2118 538 2152 mortaliter
561 2118 745 2164 peccaverit,
765 2130 820 2164 pro
843 2118 904 2152 illis
926 2130 992 2165 pec-

247 2168 325 2203 catis
345 2167 384 2202 de
405 2167 521 2214 quibus
543 2166 720 2201 ordinatum
742 2167 853 2204 fuerit.
887 2174 920 2201 ut
942 2179 992 2202 re-

248 2224 393 2252 curratur
419 2216 458 2250 ad
484 2216 568 2250 solos
591 2216 752 2250 ministros
773 2216 992 2263 provinciales,

248 2273 415 2301 teneantur
441 2265 550 2300 fratres
568 2264 605 2299 ad
622 2277 676 2300 eos
698 2277 857 2300 recurrere
879 2278 992 2312 quam-

247 2315 342 2350 citius
363 2322 522 2362 poternnt,
549 2315 618 2348 sine
649 2326 751 2348 mora:
779 2315 837 2360 ipsi
860 2316 909 2361 pie
931 2314 993 2348 dii-

247 2364 364 2404 bitant,
397 2372 502 2398 utrum
530 2362 589 2398 boc
616 2362 655 2397 de
690 2363 825 2408 peccatis
857 2363 994 2409 publicis

248 2418 369 2447 tantum
392 2413 522 2459 intelligi
553 2411 679 2450 debeat,
716 2424 754 2445 an
791 2411 830 2446 de
858 2412 993 2458 publicis

249 2462 367 2509 pariter
390 2468 422 2496 et
453 2461 591 2509 privatis.
625 2459 869 2505 Respondemus
900 2461 994 2507 igitur

249 2511 444 2558 praedictum
470 2510 642 2557 capitulum
665 2509 704 2543 ad
735 2509 896 2544 manifesta
923 2518 996 2544 tan-

249 2567 318 2594 tum
363 2567 394 2594 et
426 2559 553 2607 publica
587 2558 740 2606 pertinere
768 2558 925 2602 volentes,
962 2567 995 2593 ut

250 2607 405 2655 generalis
426 2609 569 2644 minister
583 2608 763 2648 constituat,
781 2607 828 2641 vel
847 2608 994 2642 constitui

873 244 1052 276 GREGORU’S
1074 245 1110 267 lx
1134 245 1180 267 PP.

1663 238 1726 271 451

1035 298 1127 334 faciat
1148 307 1192 334 tot
1220 312 1273 346 per
1297 301 1484 347 provincias,
1507 311 1583 349 quot
1604 314 1711 338 earum
1728 304 1781 338 mi=

1034 349 1123 383 nistri
1143 348 1278 383 viderint
1300 350 1458 396 expedire,
1485 351 1525 386 de
1547 351 1780 397 maturioribus,

1034 406 1065 432 et
1091 397 1329 433 discretioribus
1351 400 1584 441 sacerdotibus,
1606 402 1658 448 qui
1686 414 1781 449 super

1035 446 1160 494 privatis
1181 446 1311 482 audiant
1334 449 1545 495 poenitentes,
1582 450 1640 485 nisi
1670 451 1781 487 fratres

1035 496 1204 535 ministris,
1231 504 1284 530 aut
1317 497 1504 533 custodibus
1540 500 1608 534 suis
1640 500 1678 535 ad
1713 500 1779 536 loca

1033 557 1142 580 eorum
1169 545 1401 581 declinantibus
1429 547 1599 582 maluerint
1624 549 1778 585 confiteri.

1033 594 1201 630 Caeterum
1233 607 1304 629 cum
1342 596 1528 642 probibente
1563 598 1668 645 regula
1702 599 1778 633 nulli

1034 643 1163 678 fratrum
1189 643 1283 679 liceat
1318 645 1434 691 populo
1456 645 1654 691 praedicare,
1677 648 1734 683 nisi
1763 661 1779 683 a

1034 693 1179 727 ministro
1209 693 1347 739 generali
1386 694 1479 728 fuerit
1507 696 1715 739 examinatus,
1749 706 1780 732 et

1032 741 1238 789 approbatus,
1260 750 1291 777 et
1312 742 1370 777 sibi
1387 743 1523 778 officium
1539 745 1781 788 praedicationis

1033 791 1072 825 ab
1109 792 1177 838 ipso
1211 803 1418 832 concessum:
1453 793 1618 828 certificari
1659 796 1781 842 petistis

1034 848 1137 875 utrum
1166 853 1221 887 pro
1243 841 1403 876 laboribus
1435 842 1575 883 fratrum,
1604 852 1635 878 et
1658 845 1781 891 pericu-

1033 889 1108 924 losis
1132 890 1328 925 discursibus
1355 891 1509 926 evitandis
1536 894 1693 939 generalis
1719 896 1781 929 mi-

1033 939 1130 974 nister
1151 939 1266 975 dictam
1288 941 1563 984 examinationem,
1588 943 1782 990 approbatio-

1034 1000 1123 1028 nem,
1155 997 1185 1024 et
1211 990 1465 1024 commissionem
1495 991 1589 1026 officii
1616 992 1782 1039 praedica-

1033 1038 1126 1072 tionis
1154 1038 1298 1073 discretis
1324 1038 1483 1086 aliquibus
1505 1043 1704 1076 committere
1725 1055 1781 1077 va-

1032 1087 1094 1121 leat
1116 1099 1172 1133 pro
1194 1088 1410 1122 examinandis
1427 1089 1616 1134 generaliter
1631 1090 1704 1131 illis,
1726 1092 1779 1138 qui

1033 1136 1063 1170 in
1089 1136 1258 1181 provinciis
1281 1145 1353 1171 sunt
1379 1138 1504 1177 statuti,
1534 1138 1581 1173 vel
1603 1140 1782 1186 specialiter

1034 1197 1088 1231 pro
1105 1185 1304 1231 quibusdam.
1329 1185 1377 1220 Ad
1400 1187 1485 1233 quod
1505 1187 1618 1223 damus
1635 1189 1695 1224 tale
1714 1201 1781 1224 res—

1033 1246 1185 1279 ponsum,
1216 1234 1300 1281 quod
1334 1235 1412 1270 baec
1445 1236 1601 1281 generalis
1642 1238 1782 1273 minister

1033 1283 1110 1316 nulli
1130 1290 1234 1330 potest
1254 1283 1377 1319 absenti
1401 1286 1612 1327 committere,
1638 1287 1693 1321 sed
1726 1288 1780 1334 qui

1033 1332 1263 1366 examinatione
1298 1333 1442 1380 indigere
1481 1334 1674 1375 creduntur,
1708 1339 1781 1371 mit-

1033 1389 1137 1415 tantur
1163 1381 1200 1415 ad
1225 1382 1348 1429 ipsum,
1374 1383 1420 1417 vel
1444 1395 1514 1417 cum
1538 1384 1689 1419 ministris
1707 1398 1781 1432 pro-

1033 1430 1219 1465 vincialibus
1241 1432 1427 1466 conveniant
1450 1441 1577 1479 propter
1601 1434 1659 1468 boc
1681 1435 1711 1468 in
1735 1447 1782 1470 ca-

1034 1479 1131 1526 pitulo
1158 1480 1313 1526 generali,
1353 1482 1376 1515 si
1417 1483 1469 1529 qui
1506 1495 1580 1518 vero
1607 1485 1781 1518 examinari

1033 1541 1094 1563 non
1135 1537 1230 1576 egent
1261 1542 1317 1577 pro
1351 1542 1388 1565 eo
1431 1531 1514 1578 quod
1548 1532 1578 1566 in
1607 1532 1781 1579 theologica

1019 1577 1196 1619 facultate,
1235 1587 1265 1614 et
1299 1579 1542 1627 praedicationis
1575 1581 1677 1617 officio
1708 1590 1781 1617 sunt

1034 1627 1196 1671 instructi,
1230 1629 1255 1662 si
1287 1629 1395 1663 aetatis
1428 1631 1610 1670 maturitas,
1644 1640 1675 1666 et
1707 1633 1780 1675 alia,

1032 1689 1113 1724 quae
1135 1678 1340 1724 requiruntur
1368 1679 1397 1712 in
1426 1679 1558 1719 talibus,
1592 1681 1781 1715 conveniant

1033 1726 1064 1759 in
1079 1725 1212 1766 eisdem,
1233 1734 1376 1772 possunt,
1406 1728 1465 1761 nisi
1493 1728 1611 1775 quibus
1637 1730 1781 1765 minister

1032 1775 1188 1820 generalis
1210 1776 1445 1815 contradixerit,
1472 1786 1502 1811 et
1525 1777 1620 1812 modo
1638 1791 1701 1825 quo
1723 1779 1780 1813 di-

1033 1833 1118 1858 ctum
1141 1832 1200 1864 est,
1236 1825 1352 1872 populo
1385 1826 1574 1872 praedicare.
1602 1827 1708 1875 Super
1743 1841 1780 1863 eo

1032 1881 1149 1913 autem,
1177 1874 1261 1920 qiiod
1285 1874 1430 1909 dubitant
1464 1875 1583 1915 fratres,
1611 1889 1646 1912 ac
1674 1877 1780 1912 vicarii

1033 1923 1270 1969 provincialium
1294 1925 1524 1967 ministrorum,
1546 1938 1626 1971 qnos
1645 1927 1702 1974 ipsi
1719 1927 1779 1961 sibi

1032 1971 1249 2012 substituunt,
1277 1985 1347 2007 cum
1383 1974 1420 2008 ad
1456 1975 1629 2020 capitulum
1654 1976 1782 2010 veniunt

1033 2021 1196 2066 generale,
1232 2023 1353 2068 possint
1387 2023 1425 2057 ad
1461 2023 1604 2058 ordinem
1641 2026 1780 2072 recipere

1034 2070 1210 2110 venientes,
1238 2071 1284 2105 rel
1307 2072 1420 2106 eiicere
1446 2072 1504 2106 iam
1539 2081 1701 2120 receptos,
1730 2074 1781 2108 di-

1033 2119 1145 2159 cimus,
1172 2120 1256 2167 quod
1280 2132 1341 2155 non
1370 2129 1514 2167 possunt,
1541 2124 1613 2169 qnia
1637 2135 1694 2157 nec
1721 2123 1781 2158 boc

1034 2176 1186 2203 ministris
1209 2169 1286 2216 ipsis
1309 2170 1514 2216 permittitur,
1543 2171 1602 2205 nisi
1631 2172 1676 2205 cis
1704 2184 1781 2217 spe-

1033 2217 1122 2252 cialis
1143 2230 1238 2264 super
1260 2218 1320 2253 boc
1346 2219 1468 2254 licentia
1486 2220 1686 2258 concedatur,
1709 2221 1782 2268 qui-

1034 2266 1093 2300 bus
1114 2267 1208 2301 etiam
1231 2267 1386 2312 generalis
1408 2268 1569 2310 minister,
1596 2269 1678 2303 sicut
1703 2282 1782 2304 con-

1034 2315 1165 2355 cedere,
1192 2316 1237 2350 sic
1264 2328 1377 2362 negare
1412 2325 1513 2362 potest
1543 2317 1701 2352 licentiam
1731 2332 1782 2354 sii-

1035 2364 1223 2410 pradictam;
1258 2372 1289 2399 et
1315 2377 1387 2399 cum
1412 2366 1495 2400 iuxta
1523 2367 1664 2401 eamdem
1690 2379 1783 2413 regu-

1035 2413 1117 2452 lam,
1144 2413 1211 2447 aliis
1238 2425 1332 2460 qiiam
1355 2414 1506 2448 ministris
1538 2416 1782 2461 provincialibus

1036 2462 1163 2496 fratrum
1205 2463 1341 2509 receptio
1381 2464 1535 2497 committi
1571 2476 1632 2498 non
1667 2465 1782 2506 valeat;

1036 2511 1135 2545 multo
1158 2511 1263 2545 miuus
1291 2520 1474 2557 potestatem
1499 2512 1634 2548 babeant
1657 2516 1784 2559 provin·-

1036 2560 1130 2594 ciales
1167 2560 1302 2594 ministri
1343 2561 1401 2595 lioc
1437 2561 1505 2595 aliis
1543 2563 1783 2605 committendi,

1036 2609 1151 2656 quibus
1180 2609 1231 2653 id,
1259 2617 1289 2644 et
1322 2622 1384 2644 non
1408 2609 1476 2645 aliis
1497 2619 1544 2645 est
1566 2613 1769 2648 commissum

1796 248 1843 273 An.
1862 248 1890 274 C.
1911 248 1980 275 12³0

1805 601 1913 628 Quomodo
1926 608 1977 623 eu-

1793 634 1892 656 mmandt,
1909 638 1928 653 et
1944 635 1978 654 in<

1794 665 1894 685 utinen-tt
1912 671 1977 691 pra·-

1794 695 1907 715 ditatores.

1802 1881 1840 1909 Qut
1850 1885 1930 1909 post÷nt
1938 1882 1976 1903 tra·

1795 1916 1838 1934 tres
1848 1919 1946 1940 roo-peris
1957 1918 1977 1934 οι

1795 1949 1883 1964 exmere-
