2129 3223
74 231 127 261 An.
145 231 173 259 C.
193 231 257 258 ¹268

269 288 392 318 clemens
410 289 550 325 episcopus
565 293 661 316 servus
672 293 812 315 servorum
836 285 892 318 Dei.
912 285 1022 314 dilectis

313 337 379 368 titiis
397 338 543 373 magistro,
563 338 593 365 et
612 336 746 365 univorsis
762 335 898 371 prioribus
917 335 948 362 et
961 333 1019 362 sra-

313 387 404 416 trihus
435 387 539 416 ordinis
570 385 805 416 Praedicatorum.
838 383 958 412 satutem
990 383 1020 410 ot

313 436 491 472 apostoticam
509 434 731 463 benedictionem,

316 503 516 540 Providentia
556 503 723 538 laudabilis
761 512 790 538 ct
824 503 958 538 salubris
986 503 1015 537 in

102 558 221 582 mmmm·
267 555 388 589 cunctis
412 554 522 588 vestris
542 552 651 587 baberi
678 552 772 586 debet
794 552 955 600 operibus,
984 561 1016 588 ut

266 603 382 639 exinde
403 603 574 638 claritatem
605 602 743 636 nominis
778 602 808 636 in
843 610 1013 649 conspectu

265 651 324 688 Dei
353 661 384 688 et
411 652 577 687 hominum
600 651 753 686 habeatis.

315 706 330 746 ἕ
354 705 384 737 1.
413 701 494 737 Cum
517 699 621 748 itaque
643 702 736 744 (sicut
758 700 907 744 asseritis)
934 712 1014 735 con-

267 752 367 798 tingat
393 751 563 790 interdum,
591 750 675 797 quod
704 749 746 784 illi
773 762 809 783 ex
838 749 938 790 vobis,
960 751 1013 797 qui

265 800 304 836 de
329 800 440 836 ordine
466 808 569 835 vestro
603 798 640 834 ad
668 799 956 846 archiepiscopatus
984 807 1013 834 et

264 850 466 897 episcopatus
493 857 523 884 et
551 847 626 883 alias
655 848 846 894 praelaturas
868 848 1013 883 ecclesia—

263 899 357 934 sticas
397 906 622 940 assumuntur,
661 909 721 932 non
762 897 1010 938 considerantes,

262 948 347 995 quod
365 961 401 983 cx
419 948 612 994 professione
626 947 655 980 in
676 947 744 993 ipso
757 948 872 980 emissa
889 947 1010 987 ordine,

262 997 339 1032 nihil
366 997 483 1032 liabent
505 997 679 1044 proprium,
698 995 781 1042 quod
804 996 863 1030 sibi
887 996 1010 1043 specia—

261 1045 332 1081 liter
363 1047 483 1081 valeant
507 1047 652 1089 retinere,
675 1046 771 1080 libros
793 1053 823 1079 et
841 1045 899 1080 alia
929 1057 1010 1092 quae

260 1096 344 1143 apud
372 1108 427 1130 eos
453 1095 636 1130 huiusmodi
671 1103 812 1141 tempore
837 1095 1009 1141 promotio:

261 1146 312 1180 nis
346 1144 481 1189 liabent,
516 1145 626 1179 usibus
665 1143 800 1190 propriis
837 1143 1008 1190 applicare,

260 1206 434 1241 secumque
462 1204 585 1241 portare
621 1201 833 1239 praesumant,
867 1193 897 1226 in
934 1205 1009 1239 pro-

260 1244 346 1291 priae
368 1243 478 1278 salutis
504 1242 720 1289 dispendium,
739 1250 768 1276 et
788 1241 862 1276 dicti
889 1243 1008 1276 ordinis

261 1305 323 1327 non
352 1292 510 1327 modicum
534 1292 771 1327 detrimentum.

308 1345 324 1386 ἕ
356 1345 389 1376 2.
430 1341 495 1376 Nos
534 1341 784 1387 praesumptioni
826 1340 1007 1375 huiusmodi

259 1391 400 1426 volentes
435 1391 603 1425 salubriter
645 1390 807 1436 refragari,
852 1389 1008 1424 universis

259 1439 407 1475 fratribus
433 1439 507 1474 dicti
532 1440 662 1477 ordinis,
689 1439 726 1473 ad
751 1438 932 1473 huiusmodi
956 1450 1008 1472 ar-

257 1488 522 1537 chiepiscopatus,
543 1489 744 1535 episcopatus
762 1496 791 1522 et
815 1487 1007 1534 praelaturas

251 1537 297 1573 de
320 1546 445 1573 caetero
472 1537 682 1575 assumendis,
705 1537 890 1571 auctoritate
913 1549 1006 1584 prae-

257 1587 394 1623 sentium
416 1587 592 1622 districtius
620 1586 812 1625 inhibemus,
850 1598 888 1619 ne
923 1598 1007 1620 con-

257 1637 442 1671 secrationis
464 1649 582 1671 munus
596 1635 821 1683 quoquomodo
841 1636 1006 1682 recipiant,

257 1695 423 1732 antequam
463 1686 561 1720 libros
600 1693 630 1719 et
673 1685 753 1719 bona
792 1684 1007 1730 contingentia

257 1733 401 1769 ordinem
418 1742 638 1776 memoratum,
653 1745 733 1781 quae
749 1733 831 1780 ⁴ipud
854 1745 908 1767 eos
924 1742 1006 1768 tcm-

81 760 161 782 Causue
169 763 253 783 eonsti-

67 793 162 812 tutionis.

83 1395 217 1417 eonstitutto,

258 1795 335 1830 pore
356 1796 432 1819 suae
455 1784 662 1831 promotionis
688 1783 805 1817 habere
827 1783 1006 1828 contigerit,
1027 1812 1028 1816 ,

258 1833 416 1879 prioribus
449 1841 478 1867 et
510 1832 729 1877 conventibus,
752 1832 790 1866 de
812 1831 930 1879 quibus
956 1844 1007 1866 as-

258 1883 375 1929 sumpti
392 1881 530 1921 fuerunt,
553 1894 624 1917 cum
642 1882 816 1928 integritate
836 1882 1006 1927 resignent,

258 1931 318 1966 nisi
353 1931 458 1967 forsan
494 1932 588 1966 iidem
621 1931 752 1978 priores,
779 1931 816 1964 de
850 1943 1005 1965 consensu

258 1980 397 2027 ipsorum
432 1989 657 2019 conventuum,
692 1992 783 2015 usum
813 1980 937 2014 illorum
968 1979 1004 2013 ud

259 2038 379 2064 certum
407 2038 534 2077 tempus
566 2030 612 2065 eis
646 2030 793 2064 duxerint
826 2028 1007 2064 conceden-

258 2078 346 2114 dum.
381 2079 531 2126 Alioquin
566 2091 603 2114 eo
641 2079 709 2125 ipso
744 2078 783 2112 nb
818 2079 1006 2113 executione

259 2127 448 2174 pontificalis
467 2128 630 2163 ministerii
655 2129 798 2163 noverint
820 2140 853 2162 se
871 2140 1006 2174 suspen-

259 2189 321 2213 sos.
349 2177 436 2213 Inter
467 2177 647 2212 huiusmodi
676 2185 780 2212 autem
819 2177 915 2210 libros
943 2189 1005 2211 non

260 2226 466 2273 intelligimus
492 2226 716 2273 comprehendi
744 2226 950 2273 qnaternulos
977 2235 1006 2259 et

259 2274 327 2310 illas
348 2276 508 2311 chartulas
531 2278 577 2310 vel
602 2276 812 2314 membranas,
835 2276 865 2309 in
890 2274 1007 2321 quibus

260 2328 334 2364 dicti
357 2329 466 2364 fratres
493 2329 551 2364 sibi
581 2338 661 2364 certa
686 2329 834 2363 notabilia
853 2341 923 2363 cum
948 2328 1029 2361 ali·-

260 2383 374 2430 quibus
408 2385 535 2431 privatis
570 2383 767 2417 sermonibus
801 2382 1005 2428 collegerunt.

309 2436 394 2472 Nulli
416 2449 489 2483 ergo
516 2437 646 2471 omnino
667 2436 829 2470 hominum
855 2444 908 2470 etc.

308 2490 425 2526 Datum
449 2491 578 2526 Viterbii
600 2489 710 2537 quinto
732 2489 803 2524 idus
826 2489 914 2533 iunii,
933 2500 1009 2535 pon-

262 2544 398 2581 tificatus
423 2545 521 2580 nostri
542 2555 625 2579 anno
649 2550 769 2590 quarto.

330 2606 391 2637 Dat.
407 2607 454 2637 die
469 2607 487 2637 9
504 2605 577 2637 iunii
595 2605 679 2639 1268,
696 2604 798 2643 pontif.
816 2613 892 2633 anno
904 2611 940 2632 tv.

887 225 1035 249 chtENs
1062 225 1094 247 iv
1129 225 1174 248 Pe.

1694 214 1762 247 799
1827 223 1876 249 An.
1899 222 1927 250 C.
1947 222 2012 250 ¹268

1381 279 1494 315 XXXl.

1062 359 1292 404 Archt'epi'scopi
1321 367 1346 393 ee
1377 361 1434 393 alii
1463 361 1600 404 praelati
1628 361 1749 404 yratt'as
1784 368 1811 394 ee

1104 410 1271 453 privileqia
1305 411 1410 443 ordini
1440 411 1574 454 fratrum
1607 410 1811 443 Praedicato-

1107 469 1176 492 rum
1197 459 1307 492 Sancti
1327 459 1487 493 Domini'ct‘
1504 459 1551 492 vel
1571 459 1722 503 fratribus
1743 459 1810 492 Mt·-

1105 509 1232 542 nori'bus
1269 509 1380 542 Sancti
1417 509 1576 543 Francisci'
1612 509 1811 553 interpretari

1107 559 1316 604 prohibentur.

1323 635 1537 666 §nititur-tuit

1055 704 1243 735 Prooemium.
1270 720 1310 725 —
1342 705 1367 733 t.
1389 702 1502 732 Causae
1526 702 1675 732 faciendae
1700 703 1804 741 prohi-

1093 749 1224 831 Ibliltgqpis.
1254 765 1293 770 —
1313 749 1340 778 Ξ.
1363 747 1525 778 Proliibitio
1555 748 1600 785 (de
1626 757 1677 786 qua
1702 748 1731 776 in
1759 756 1805 776 ru-

1052 860 1174 889 ctemens
1188 860 1328 896 episcopus
1353 865 1447 887 servus
1456 864 1597 887 servorum
1620 857 1677 890 noi,
1695 858 1806 887 ducetis

1095 908 1160 937 tiliis
1178 909 1315 944 magistro
1340 909 1368 937 et
1391 907 1530 936 fratribus
1544 906 1648 935 ordinis
1662 906 1805 935 Praedica-

1096 959 1198 990 torum,
1219 959 1249 986 et
1265 957 1388 986 Gener-ali
1406 956 1533 984 ministro
1554 956 1586 983 ot
1604 954 1744 984 fratribus
1761 962 1803 984 or·

1094 1007 1165 1036 dinis
1189 1007 1334 1041 minorum,
1356 1006 1474 1034 satutem
1498 1006 1528 1033 et
1553 1004 1735 1040 apostoticam
1758 1005 1805 1033 be-

1094 1056 1284 1086 nedictionem.

1098 1118 1230 1153 Ordinis
1265 1118 1357 1153 vestri
1390 1129 1477 1153 sacra
1508 1117 1631 1162 religio,
1653 1116 1713 1151 sub
1740 1128 1800 1162 qua
1841 1133 1973 1155 nmmum,

1051 1169 1202 1203 virtutum
1230 1167 1369 1202 Domino
1400 1167 1431 1201 in
1462 1165 1638 1200 bumilitate
1670 1165 1802 1212 spiritus

1050 1217 1250 1252 laudabiliter
1265 1217 1443 1256 deservitis,
1464 1222 1672 1262 promeretur,
1693 1222 1727 1249 ut
1743 1226 1800 1249 nos

1050 1267 1153 1314 ipsum
1176 1266 1321 1301 ordinem
1344 1267 1466 1301 sincera
1493 1264 1662 1310 diligentes
1680 1263 1712 1298 in
1734 1262 1800 1298 Do-

1050 1317 1135 1351 mino
1169 1316 1331 1355 charitate,
1359 1315 1410 1349 illa
1438 1313 1527 1349 vobis
1559 1312 1667 1348 libenti
1694 1313 1800 1348 animo

1048 1365 1274 1409 concedamus,
1302 1376 1357 1411 per
1383 1375 1477 1411 quae,
1500 1363 1627 1397 materia
1654 1361 1798 1397 submota

1048 1414 1256 1460 gravaminis,
1301 1421 1400 1448 status
1450 1412 1542 1446 vestri
1589 1411 1799 1458 tranquillitas

1027 1480 1029 1494 ι
1050 1473 1251 1510 procuretur.

1026 1497 1029 1528 Ι
1097 1513 1117 1559 ξς
1146 1517 1176 1546 1.
1205 1511 1289 1547 Sane
1311 1510 1492 1546 transmissa
1523 1509 1615 1544 nobis
1649 1520 1796 1556 conque—
1824 1521 1995 1543 musaraneu-

1048 1562 1149 1597 stionc
1173 1560 1382 1603 monstrastis,
1404 1559 1488 1607 quod
1515 1557 1659 1593 nonnulli
1686 1558 1796 1593 archi-
1811 1555 1850 1604 25²
1868 1554 1992 1579 'mmmm

1048 1611 1188 1657 episcopi
1210 1619 1238 1645 et
1271 1610 1413 1656 episcopi
1436 1617 1466 1643 et
1501 1609 1550 1642 alii
1583 1607 1796 1642 Ecclesiarum

1048 1661 1196 1706 praelati,
1224 1659 1336 1693 vestris
1366 1657 1564 1693 libertatibus
1597 1657 1797 1701 derogantes,

1026 1709 1028 1722 ¹
1048 1709 1263 1754 indulgentias
1283 1720 1338 1742 scu
1360 1707 1524 1754 privilegia
1548 1706 1637 1740 vobis
1659 1705 1698 1740 ab
1712 1706 1798 1753 Apo-

1026 1782 1028 1807 ,
1048 1758 1154 1793 stolica
1177 1757 1261 1792 Sede
1283 1768 1432 1792 concessa
1462 1754 1669 1802 interpretari,
1702 1763 1732 1789 et
1759 1754 1796 1789 ad

1048 1819 1140 1842 suun]
1155 1807 1347 1842 intellectum
1360 1805 1482 1840 trabere
1495 1805 1669 1839 moliuntur
1681 1807 1797 1850 (quam-

1048 1868 1142 1904 quam
1166 1855 1359 1890 intellectum
1384 1856 1488 1901 ipsum
1511 1853 1603 1888 verba
1627 1852 1795 1899 indulgen-

1027 1904 1162 1940 'tiarum
1198 1913 1227 1940 et
1263 1904 1497 1952 privilegiorum
1533 1902 1715 1937 huiusmodi
1742 1914 1797 1936 ex-

1026 1974 1028 1987 .
1048 1955 1183 2002 primere
1210 1954 1386 1997 rideantur)
1408 1965 1442 1988 ac
1468 1964 1523 1986 vos
1546 1953 1628 1986 iuxta
1656 1951 1794 1998 ipsorum

1049 2003 1338 2051 interpretationem
1379 2001 1540 2049 privilegia
1568 2001 1633 2048 ipsa
1672 2012 1796 2035 servare

1048 2053 1261 2099 compellunt,
1292 2052 1323 2086 in
1365 2060 1501 2086 vestrum
1539 2062 1600 2085 non
1637 2049 1793 2084 modicum

1049 2102 1277 2150 praeiudicium
1305 2109 1335 2135 et
1356 2112 1536 2147 gravamen.

1097 2151 1117 2198 g
1149 2151 1291 2192 aonia
1327 2162 1399 2185 vero
1426 2161 1521 2195 super
1548 2149 1606 2183 boc
1642 2146 1793 2194 apostoli·
1821 2154 1991 2189 annuntio-,12

1026 2213 1102 2244 ¹cae
1143 2200 1330 2247 provisionis
1372 2199 1545 2234 remedium
1587 2185 1982 2244 implorastis:''¹¹¹⁴'¹¹‘¹¹¹³'¹⁶³'

1025 2250 1106 2284 fuos
1140 2249 1249 2284 vestris
1287 2247 1573 2295 supplicationibus
1605 2252 1794 2285 annuentes,

1026 2304 1029 2342 ξ
1050 2311 1086 2332 ne
1103 2298 1231 2346 praelati
1247 2297 1486 2344 archiepiscopi,
1505 2295 1644 2342 episcopi
1659 2302 1689 2329 ct
1705 2305 1795 2340 prae-

1026 2349 1100 2392 1Ἰειῑί
1128 2348 1176 2381 alii
1202 2347 1357 2394 praedicta
1386 2346 1546 2393 privilegia
1569 2352 1598 2378 et
1627 2343 1795 2389 indulgen-

1027 2397 1029 2415 ³
1050 2399 1118 2436 tias,
1146 2398 1212 2430 sive
1234 2397 1328 2439 clara,
1343 2407 1423 2442 quae
1446 2394 1704 2440 interpretatione
1732 2404 1794 2426 non

1050 2446 1201 2492 indigent,
1228 2446 1293 2480 sire
1317 2444 1411 2478 dubia
1433 2444 1626 2486 contineant,
1649 2441 1688 2476 de
1717 2453 1795 2476 cae·

1050 2505 1114 2530 tero
1142 2495 1339 2540 interpretari
1376 2500 1577 2539 praesumant
1611 2490 1796 2525 auctoritate

1051 2543 1261 2591 praesentium
1300 2543 1475 2577 districtius
1510 2540 1703 2583 inhibemus,
1744 2552 1796 2573 vo-

1050 2595 1160 2635 tentes,
1184 2600 1217 2627 ut
1236 2604 1309 2627 cum
1333 2593 1402 2626 eius
1421 2593 1459 2625 sit
1482 2589 1690 2636 interpretari,
1706 2589 1798 2624 cuius
