2129 3223
895 240 987 263 ixnssx
1014 241 1123 263 unium
1667 234 1735 264 809

244 296 495 330 Cenomanensis
514 295 683 342 episcopus
696 296 934 343 responsionem
958 296 1078 332 obtinet
1096 297 1133 331 ad
1150 297 1399 332 consultationes
1415 298 1484 333 eius
1507 298 1544 333 de
1568 299 1782 337 matrimonio,

344 346 396 380 lite
419 344 578 392 pendente
605 354 778 386 contracto,
807 348 852 380 45
879 359 899 380 α
925 354 953 381 et
976 348 1002 381 b.

244 395 531 431 Centumcellensis
553 395 708 431 dioecesis
737 396 925 431 Viterbiensi
949 397 1047 440 uuita,
1078 401 1149 432 204
1176 410 1206 431 α.

244 445 403 481 Cliaritate
431 445 493 490 (de)
516 446 697 481 monasterii
722 446 844 481 abbatis
867 446 994 481 saevitia
1018 447 1047 480 in
1074 447 1145 482 abb.
1170 446 1330 487 Cluniae,
1353 450 1423 481 268
1447 450 1473 481 b.
1506 448 1629 482 Poenae
1654 448 1684 481 in
1713 460 1785 481 eum

343 495 479 531 inflictae
501 495 539 531 ab
561 495 672 531 abbate
699 496 856 540 Cluniae,
885 498 955 530 269
978 498 1005 530 b.
1023 497 1090 531 Non
1116 497 1283 544 resipiscit,
1304 499 1377 531 ibid.
1401 497 1560 543 Delegatis
1583 506 1683 544 apost.
1712 498 1785 532 mit-

343 546 419 581 titur
440 546 580 593 cognitio
601 558 714 581 causae
744 555 775 581 et
801 546 1000 582 confirmatio
1027 547 1201 582 sententiae
1231 547 1259 581 in
1286 548 1420 595 priorem
1444 548 1482 582 de
1505 547 1664 582 Cliaritate
1688 547 1783 588 latae,

343 597 415 630 272
441 609 472 631 α.

242 644 359 681 Charta
383 644 569 686 Charitatis,
597 659 652 681 seu
677 645 801 692 regulae
828 645 1033 683 Cisterciens.
1057 647 1125 681 ord.
1150 647 1331 683 declaratio.
1357 650 1424 682 729
1448 661 1476 681 α.

243 694 393 730 Clu-isma
416 710 431 731 a
455 697 530 731 solis
550 696 707 742 episcopis
728 696 959 731 coniicitndum
984 705 1012 732 et
1040 696 1281 738 conferzendum
1311 699 1375 731 581
1396 711 1426 731 α.

245 743 397 779 Cluistus
422 747 559 801 primum
582 745 745 780 Ecclesiae
769 745 1019 786 fundamentum
1046 749 1117 781 469
1143 748 1170 780 b.

248 793 400 830 Cintliius
422 804 572 842 maoister
588 795 753 842 hospitalis
779 794 812 829 S.
841 795 987 831 Mariae
981 809 1010 830 in
1038 795 1142 830 Saxia.
1176 795 1205 829 V
1233 796 1375 843 Spiritus
1398 795 1453 839 S.)
1482 796 1511 829 in
1536 795 1640 829 Saxi-a.

243 842 433 880 Circumcisi
458 845 643 889 iliaeretici'),
665 857 842 891 eorumque
870 858 1000 892 poenae
1030 848 1099 880 506
1130 847 1146 879 b
1169 854 1198 878 ct
1221 859 1282 891 seq.

244 892 473 929 cistercienses
525 894 719 940 piiiilegium
763 894 884 929 obtinet
935 896 972 929 ad
1020 895 1253 930 confirmandas
1290 895 1537 930 consuetudines
1579 895 1626 927 sni
1668 895 1788 929 ordinis

343 945 388 979 50
421 957 451 979 α.
490 944 536 978 Ad
568 944 716 989 fugitivos
738 944 785 978 sui
810 945 928 978 ordinis
965 945 1163 992 recipiendos
1204 945 1274 990 cogi
1298 956 1359 979 non
1394 953 1539 992 possunt,
1564 945 1634 977 185
1655 956 1674 978 α
1703 952 1733 977 et
1758 946 1786 978 b.

345 993 457 1028 Ordiui
488 993 646 1039 privilegia
670 1003 696 1027 et
723 993 843 1029 indulta
875 1006 1042 1037 concessa,
1065 995 1146 1029 salva
1173 995 1327 1040 generalis
1353 994 1478 1029 concilii
1503 992 1729 1031 moderatione,
1757 995 1787 1027 in

348 1043 435 1078 viridi
471 1042 579 1078 haberi
607 1043 819 1087 declarantur,
843 1046 912 1078 547
935 1057 965 1078 a.
994 1044 1042 1078 Ad
1067 1044 1185 1078 monita
1211 1044 1389 1079 Innocentii
1417 1043 1458 1079 111
1490 1052 1684 1089 componunt
1715 1055 1787 1077 cum

345 1093 559 1127 Ecclesiarum
589 1093 736 1139 praelatis
750 1092 788 1127 de
808 1093 950 1133 decimis,
975 1095 1044 1128 408
1067 1107 1096 1128 a.
1126 1093 1345 1140 {inquietantur
1367 1094 1406 1128 ab
1433 1092 1566 1132 eisdem,
1590 1094 1664 1127 ibid.
1688 1092 1715 1126 A
1731 1105 1788 1127 no-

346 1143 460 1177 valium
484 1142 641 1177 solutione
669 1142 757 1177 liberi
781 1142 995 1187 declarantur,
1024 1145 1096 1177 ibid.
1121 1145 1148 1176 b.
1171 1143 1290 1178 Eorum
1318 1144 1503 1178 monasteria
1527 1141 1607 1176 taliis
1635 1154 1696 1176 non
1717 1155 1789 1188 gra-

345 1191 461 1232 vanda,
484 1193 555 1226 482
576 1204 607 1226 α.
637 1191 815 1227 Abbatibus
842 1192 963 1226 ordinis
989 1193 1174 1227 conceditur
1196 1193 1395 1239 privilegium
1418 1191 1610 1228 succedendi
1636 1192 1666 1226 in
1697 1192 1788 1226 bonis

344 1242 583 1280 monachorum,
612 1243 682 1276 522
709 1243 736 1276 b.
760 1241 899 1288 Regulae
927 1254 1038 1277 eorum
1062 1243 1172 1289 (vulgo
1194 1242 1310 1278 Charta
1334 1242 1503 1278 Charitatis
1520 1241 1710 1289 appellatae)
1734 1242 1791 1275 de-

344 1291 515 1335 clarantur,
539 1294 608 1326 729
631 1304 661 1326 α.

251 1340 381 1376 Citatio.
417 1340 540 1375 Libello
562 1341 717 1376 citationis
738 1350 809 1375 ante
833 1341 952 1376 obitum
975 1341 1148 1388 delegantis
1184 1343 1357 1389 proposito,
1391 1343 1442 1375 lite
1467 1350 1535 1388 post
1567 1341 1635 1375 eins
1669 1341 1788 1375 obitum

349 1398 532 1434 contestata,
566 1399 669 1437 potest
697 1390 726 1425 in
750 1402 843 1426 causa
873 1390 1043 1437 procedere
1074 1391 1254 1437 delegatus3
1290 1392 1343 1439 qui
1379 1393 1471 1425 etiam
1503 1391 1538 1425 ad
1569 1391 1791 1436 producendos

345 1449 441 1476 testes
463 1440 605 1474 inducias
629 1440 796 1487 postulavit
822 1440 947 1475 videtur
968 1441 1173 1488 appellationi
1201 1442 1398 1481 renunciare,
1422 1443 1466 1475 45
1495 1443 1512 1474 b
1531 1449 1561 1475 et
1589 1443 1635 1474 46
1658 1453 1688 1474 a.

244 1490 394 1525 Civitates
421 1489 502 1524 duae
531 1489 649 1524 vicinae
671 1490 701 1524 in
726 1490 916 1537 metropoles
945 1502 1004 1525 non
1029 1499 1104 1526 sunt
1125 1491 1306 1538 erigendae,
1332 1493 1369 1525 11
1403 1493 1431 1525 b.

241 1540 338 1587 Cypri
362 1539 488 1585 reginae
515 1548 545 1574 et
568 1539 776 1586 praelatorum
804 1540 945 1574 eiusdem
971 1541 1058 1587 regni
1081 1541 1250 1576 concordia
1273 1542 1489 1579 confirmatur,
1513 1542 1583 1574 582
1611 1553 1640 1573 a.

242 1589 354 1625 Clarae
376 1588 438 1634 (B.)
467 1589 506 1624 de
532 1589 654 1623 civitate
677 1589 790 1624 Assisii
818 1591 960 1624 encomia
984 1603 999 1625 a
1024 1591 1150 1625 nornine
1179 1600 1317 1638 sumpta.
1349 1594 1420 1626 620
1443 1592 1470 1624 b.
1497 1590 1593 1624 Breve
1616 1592 1684 1623 eius
1705 1590 1786 1623 vitae

341 1640 580 1686 compendium.
604 1641 669 1673 621
702 1652 721 1672 ιι
742 1647 773 1673 et
790 1652 849 1684 seq.
878 1639 1039 1681 Quaedam
1063 1641 1130 1675 eius
1153 1641 1315 1681 miracula,
1339 1642 1409 1674 622
1429 1642 1445 1673 b
1467 1649 1494 1673 et
1518 1652 1576 1684 seq.
1601 1639 1684 1673 Inter
1698 1639 1784 1673 San-

341 1697 407 1723 ctas
435 1688 582 1734 Virgines
605 1689 653 1722 illa
682 1688 883 1727 adscribitur,
911 1690 983 1723 623
1005 1692 1032 1723 b.

243 1737 390 1773 Clarissis
409 1738 477 1772 data
502 1739 606 1783 regula
631 1751 646 1772 a
670 1738 706 1772 B.
731 1737 898 1773 Francisco
912 1740 1011 1774 Assis.
1033 1739 1234 1786 approbatur,
1255 1742 1326 1773 570
1341 1742 1368 1773 b.
1389 1740 1479 1781 Quae
1501 1740 1566 1783 sir,
1588 1741 1662 1772 ibid.
1680 1747 1785 1783 etseq.

344 1786 465 1833 Regula
489 1788 565 1822 baec
593 1787 763 1834 mitigatur,
791 1789 859 1822 709
882 1801 912 1822 a.

244 1836 385 1881 Classus,
407 1837 482 1884 quid
502 1839 553 1881 sit,
583 1839 650 1870 777
674 1840 702 1872 b.
737 1838 771 1871 V.
801 1846 865 1872 not.
891 1838 927 1872 ad
952 1838 1069 1872 calcem
1092 1839 1208 1872 colum.
1238 1838 1390 1873 eiusdem.

244 1885 394 1921 Clemens
420 1886 463 1921 Ill
485 1886 548 1921 PP.
573 1886 709 1932 eligitur,
733 1889 779 1921 54
803 1900 832 1920 α.

245 1934 394 1971 Clemens
421 1935 474 1977 IV,
502 1936 584 1982 Papa
617 1948 782 1977 crxxxni,
812 1939 874 1970 721
910 1939 936 1970 b.
974 1937 1152 1984 Encyclicis
1175 1938 1287 1972 litteris
1312 1950 1422 1971 omues
1452 1937 1663 1972 Ecclesiarnm
1689 1951 1789 1984 prae-

345 1985 423 2020 latos
444 1985 482 2020 ad
500 1986 728 2033 implorandam
744 1986 879 2021 divinam
896 1999 988 2033 opem
1014 1999 1068 2033 pro
1081 1987 1225 2022 Ecclesia
1243 1987 1322 2021 bene
1337 1987 1539 2033 gubernanda
1569 1988 1686 2026 incitat,
1710 1989 1787 2022 ibid.

246 2034 361 2070 Clerici
389 2035 531 2070 iniuriam
562 2036 643 2083 passi
679 2036 861 2071 testimonio
897 2036 1060 2076 standum,
1099 2038 1143 2070 76
1170 2050 1199 2071 α.
1235 2036 1283 2071 Ad
1306 2036 1408 2071 forum
1438 2037 1597 2071 saeculare
1621 2049 1682 2070 non
1715 2046 1788 2071 sunt

346 2084 504 2128 trahendi,
532 2087 602 2120 558
625 2087 651 2120 b.

246 2133 448 2169 cluniacensi
473 2136 662 2170 monasterio
685 2137 911 2170 couliruizuunr
931 2136 1008 2169 bona
1037 2136 1155 2180 omnia,
1180 2136 1339 2183 privilegia
1355 2144 1384 2170 et
1400 2136 1626 2178 immunitates,
1651 2137 1695 2170 35
1720 2138 1737 2170 b
1759 2145 1788 2170 et

344 2197 418 2230 seq„
450 2186 494 2218 55
522 2186 549 2218 b.

246 2233 474 2269 Cluniaeenses
502 2234 646 2269 monaehi
671 2235 841 2270 ordinis<
819 2258 852 2269 e.
878 2235 1040 2270 Bemdicti
1065 2235 1287 2276 reformantur,
1311 2237 1383 2270 275
1405 2237 1433 2275 b
1462 2238 1532 2269 474
1561 2237 1587 2269 b.

247 2282 450 2318 Coelestiuus
473 2283 527 2327 111,
550 2284 612 2318 PP
636 2284 772 2331 eligitur,
804 2286 848 2319 76
871 2287 897 2320 b.

246 2332 449 2369 Coelestinus
470 2332 523 2373 lv,
546 2334 628 2381 Papa
651 2346 775 2369 (mxxix
803 2335 940 2382 eligitur,
964 2338 1027 2370 501
1058 2337 1086 2369 b.
1113 2335 1191 2370 Eius
1219 2336 1335 2375 obitus,
1365 2337 1434 2370 502
1462 2349 1491 2369 a.

246 2382 412 2419 Colocensi
453 2384 691 2432 archiepiscopo
723 2385 904 2420 conceditur
931 2386 1061 2420 facultas
1101 2386 1239 2430 erigendi
1277 2386 1500 2419 monasterium
1533 2385 1570 2419 de
1598 2384 1721 2420 Cucliet
1756 2386 1786 2420 in

345 2433 452 2469 sedem
476 2434 698 2482 episcopalem,
728 2436 798 2469 442
820 2448 849 2470 α.

245 2483 430 2519 Colocensis
457 2492 487 2519 et
510 2483 737 2530 Strigoniensis
759 2484 918 2519 Ecclesiae
941 2485 1109 2519 ‹Uoncoidia
1137 2485 1352 2525 confirmatur
1380 2487 1449 2519 257
1473 2498 1503 2519 α.

246 2531 459 2568 Coloioannes
481 2546 534 2568 rex
557 2534 769 2580 Bulgwiorum
799 2543 829 2568 et
854 2534 1045 2569 Blaclioium
1071 2543 1230 2581 sceptrum
1260 2547 1295 2569 ac
1326 2535 1467 2569 diadtma
1491 2534 1600 2581 accipit
1631 2534 1668 2568 ab
1688 2516 1787 2569 inno-

349 2584 454 2618 centio
476 2583 517 2617 111
541 2583 616 2623 PP
644 2584 710 2616 186
733 2586 761 2617 b.
791 2584 889 2618 Dunr
911 2584 937 2618 ti
964 2584 1043 2618 sicul
1050 2594 1094 2618 tas
1117 2583 1252 2618 cudendi
1282 2593 1451 2625 monetam
1480 2586 1546 2618 188
1569 2585 1595 2617 b.

246 2630 445 2672 Comitanus‚
468 2633 541 2679 quid
564 2634 615 2676 sit,
643 2636 663 2667 9
687 2646 716 2667 a.
747 2634 779 2666 i.
805 2642 867 2667 not.
892 2633 928 2667 ad
953 2633 1067 2668 calcem
1096 2634 1211 2668 colum.
1236 2634 1335 2668 eiusd.

326 2689 399 2719 Ball.
416 2690 492 2720 Rom.
520 2691 572 2720 Vol.
592 2691 642 2720 ΙΙΙ.
820 2691 877 2721 102
