2129 3223
124 262 185 288 -Αῃ,
204 261 232 288 c.
251 261 316 288 ¹252
381 251 449 282 :¹518

329 325 377 351 cet

330 328 487 400 uoralibus
511 362 570 409 pati
597 360 765 400 defectum,
793 371 864 394 cum
889 370 961 393 eum
985 370 1074 405 opor-

329 404 387 449 ieat
408 414 437 447 in
465 412 534 447 loco
562 419 668 458 utpote
692 408 838 457 populato
861 408 987 451 morari,
1012 408 1072 442 sre-

327 472 477 511 quenter,
499 469 529 496 et
545 459 717 495 honorifice
741 458 908 506 procedere
924 470 979 504 pro
996 458 1072 491 utri-

329 525 425 560 usque
446 511 605 546 Ecclesiae
623 509 755 556 negotiis
774 508 968 555 peragendis,
982 518 1072 553 prae-

145 565 184 585 Μ
207 564 310 599 ‚Mst‘ffl-
328 563 418 598 satam
442 560 614 596 Ecclesiam
638 557 846 594 cathedralem
863 557 996 591 Sanctae
1011 555 1070 590 Ma-

131 595 236 647 ffss‘fifiss‘f
259 601 312 616 ‘⁰⁰'
326 614 389 647 riae
424 610 574 645 Hadrien.
610 621 681 644 cum
709 607 856 642 omnibus
889 605 1009 640 iuribus
1042 613 1070 640 et

328 660 524 708 pertinentiis
551 659 617 694 suis
655 658 711 705 ipsi
747 657 895 703 episcopo
923 655 1070 689 duximus

324 709 568 748 concedendam,
591 707 689 746 vobis,
713 707 857 753 potestati
885 715 913 740 et
937 704 1070 739 consilio

322 774 358 795 ac
379 759 548 795 Communi
570 757 772 792 nibilominus
793 756 1004 801 iniungentes.
1035 762 1070 788 ut

322 811 361 845 de
390 810 480 844 bonis
515 809 624 843 vestris
662 806 794 853 propriis
828 804 939 840 ematis
966 803 1067 838 eidem

322 861 471 906 episcopo
499 858 712 904 possessiones
735 853 935 897 sufficientes,
960 861 1067 887 uttam

322 922 358 944 cx
385 909 448 948 eis,
471 919 563 955 quam
591 919 627 940 ex
648 905 716 940 aliis
744 903 947 951 proventibus
970 902 1068 949 ipsius

321 957 482 994 Ecclesiae
504 957 602 1004 possit
636 954 783 989 decenter
812 954 930 989 vivere.
959 960 987 986 et
1015 963 1068 986 ec-

321 1006 503 1043 clesiasticis
527 1004 709 1053 prolegatiS,
737 1003 930 1049 caeterisque
959 1001 1067 1046 bospi—

321 1057 404 1092 tibus
441 1056 478 1091 ad
515 1067 586 1090 eum
623 1052 852 1088 confluentibus
893 1051 1065 1085 necessaria

135 1111 305 1147 Demuseriuo-
320 1107 508 1142 ministrare.
547 1104 685 1139 Domum
720 1102 813 1136 etiam
854 1099 1064 1147 episcopalem

122 1144 181 1169 ‘mi'
320 1156 436 1191 faciatis
469 1154 570 1190 eidem
598 1153 779 1191 decentem,
817 1159 846 1185 et
872 1150 971 1184 donec
999 1150 1064 1197 ipsa

320 1206 383 1249 fiat,
420 1203 606 1251 provideatis
639 1203 677 1237 de
704 1201 798 1235 domo
830 1199 1007 1238 communi,
1035 1199 1063 1233 in

319 1268 379 1301 qua
405 1255 499 1300 possit
523 1251 695 1287 honorilice
714 1249 911 1285 commorari.
948 1249 1062 1282 Verum

318 1305 390 1351 qnia
418 1303 523 1338 Sancti
551 1302 678 1336 loannis
700 1301 730 1334 in
753 1298 929 1338 Garavello,
957 1298 1063 1333 Sancti

318 1353 436 1388 Nicolai
460 1354 488 1386 in
512 1351 640 1393 Hadria,
663 1350 795 1384 Sanctae
818 1347 931 1382 Mariae
951 1348 979 1381 in
995 1346 1064 1381 Vat-

319 1403 409 1442 libns,
434 1401 539 1436 Sancti
563 1400 680 1434 *Nicolai
704 1399 734 1432 in
757 1397 908 1437 Galvano,
930 1397 1063 1432 Sanctae

317 1451 431 1495 Illariae
465 1452 494 1484 in
522 1449 629 1483 Monte
655 1448 761 1484 Sancti
788 1446 924 1486 Claudii,
955 1445 1061 1481 Sancti

317 1499 492 1540 Guillelmi,
525 1498 630 1534 Sancti
652 1497 777 1542 Angeli,
804 1496 909 1531 Sancti
937 1495 1062 1530 loannis

319 1551 348 1583 in
371 1549 571 1596 Gogovanos,
594 1547 698 1582 Sancti
721 1545 894 1581 Clementis
908 1545 946 1580 de
965 1543 1063 1579 Guar-

317 1599 382 1639 dia,
416 1599 523 1634 Sancti
558 1597 725 1632 Salvatoris
747 1595 786 1630 de
812 1594 920 1638 Silvio,
955 1593 1060 1628 Sancti

316 1648 462 1690 loannis,
494 1657 523 1682 et
556 1646 661 1681 Sancti
696 1645 819 1680 Martini
855 1644 894 1678 de
920 1643 1060 1684 Casulis,

315 1697 420 1732 Sancti
444 1696 630 1735 Concordii,
654 1695 759 1729 Sancti
786 1692 913 1740 Georgii
937 1693 976 1727 de
997 1693 1060 1727 Mu-

316 1746 413 1790 raldo,
444 1745 549 1781 Sancti
577 1744 743 1792 Sylvestri,
768 1752 797 1778 et
819 1742 923 1777 Sancti
946 1742 1059 1782 Blasii,

315 1795 420 1831 Sancti
448 1794 618 1831 Salvatoris
642 1794 679 1828 de
700 1792 779 1828 Casa
802 1791 991 1831 Combusta,
1025 1791 1058 1826 S.

315 1845 411 1886 Petri,
443 1853 473 1879 et
499 1844 631 1880 Sanctae
659 1843 772 1877 Mariae
798 1841 836 1876 de
861 1840 1059 1884 Metimiano,

315 1895 422 1929 Sancti
447 1894 546 1937 Pauli,
573 1902 601 1927 ct
623 1892 729 1927 Sancti
766 1890 933 1930 Leonardi,
954 1889 1057 1925 Sancti

315 1944 440 1979 loannis
461 1943 499 1979 (le
521 1943 699 1989 Aquaviva,
731 1949 762 1975 et
787 1939 955 1976 nonnullae
982 1940 1059 1975 aliae

315 1993 475 2029 Ecclesiae
497 1993 534 2027 de
560 1992 695 2034 Hadria,
722 2001 749 2026 et
773 1991 839 2026 eius
860 1989 1002 2024 districtu
1021 1989 1057 2024 atl

316 2042 421 2078 Sancti
443 2042 568 2078 loannis
595 2042 624 2075 in
647 2040 769 2076 Venere
797 2049 826 2074 et
854 2039 960 2075 Sancti
986 2038 1060 2073 Cle-

316 2093 429 2128 mentis
449 2092 488 2127 de
511 2091 660 2131 piscaria,
680 2099 709 2125 et
728 2089 877 2138 quasdam
906 2089 979 2123 alias
1001 2088 1058 2122 ab-

316 2143 412 2178 batias
447 2143 600 2190 pertinere
634 2148 814 2179 narrantur,
847 2151 923 2186 quas
957 2137 1059 2173 dictus

317 2205 372 2240 pro
396 2191 535 2227 Ecclesia
563 2189 697 2225 Hadriae
717 2197 839 2228 tenere,
867 2187 954 2223 vobis
970 2199 1059 2221 man-

315 2243 441 2286 damus,
471 2249 503 2276 ut
528 2241 553 2275 si
584 2240 686 2275 dictus
715 2240 881 2286 episcopus
904 2236 1059 2271 Ecclesias

315 2293 399 2337 ipsas
420 2291 557 2336 legitime
586 2289 720 2324 retinere
750 2287 934 2335 nequiverit,
957 2293 1009 2320 et.
1028 2313 1033 2319 .
1051 2313 1057 2320 .

314 2341 353 2376 ab
374 2353 411 2376 eo
441 2340 563 2375 facietis
586 2339 906 2386 recompensationem
930 2347 1060 2382 compe-

317 2398 431 2426 tentem
453 2390 586 2424 abbatiis
620 2388 786 2435 praedictis
820 2387 858 2421 de
881 2386 1060 2420 memoratis

317 2439 465 2475 Ecclesiis
489 2438 660 2474 retinendis
682 2437 718 2472 ad
739 2449 819 2484 opus
832 2435 972 2470 eiusdem
992 2435 1059 2481 epi-

317 2490 419 2536 scopi,
446 2501 516 2523 cum
548 2488 592 2522 eis
619 2487 781 2535 potueritis
808 2484 1008 2525 concordare,
1035 2484 1059 2517 si

319 2551 390 2572 vero
420 2537 610 2574 concordare
633 2535 850 2584 nequiveritis,
876 2534 986 2569 emetis
1014 2534 1060 2567 ei-

318 2587 389 2622 dem
430 2588 578 2634 episcopo
610 2585 824 2634 possessiones
854 2583 1060 2626 sufficientes,

320 2644 409 2683 prout
436 2637 580 2682 superius
607 2645 652 2671 est
679 2646 871 2682 expressum.
906 2633 940 2668 ln
970 2644 1062 2680 prae-

919 254 1053 277 BULtAtu
1060 254 1103 276 ΟΜ
1132 254 1293 276 nonaxtffl

1115 358 1299 392 nonicorum
1342 359 1546 393 saecularium
1588 370 1753 393 nnmerum
1790 371 1859 393 esse

1115 407 1271 450 iubemus,
1298 407 1413 455 quibus
1444 407 1644 452 assignabitis
1669 407 1859 443 sufficientes

1114 456 1271 495 redditus,
1304 457 1492 504 computatis
1515 457 1562 500 iis,
1589 470 1668 504 quos
1690 457 1805 493 liabent
1827 458 1856 492 in

1113 505 1224 541 eadem
1258 506 1417 549 Ecclesia,
1454 506 1536 541 unde
1561 507 1683 553 possint
1710 506 1857 541 decenter

1112 564 1268 603 tamquam
1291 556 1432 591 canonici
1457 555 1571 590 nobilis
1592 556 1778 591 cathedralis
1794 555 1854 591 Ec-

1111 605 1224 640 clesiae
1251 606 1430 645 sustentari;
1454 605 1483 638 in
1506 605 1657 640 electione
1678 613 1780 640 autem
1805 606 1855 640 fu-

1111 655 1170 689 turi
1194 654 1354 690 Pontificis
1375 663 1440 693 etc..
1458 655 1623 702 utriusque
1635 655 1768 702 capitula
1784 667 1855 690 con-

1111 705 1237 739 veniant
1271 705 1301 739 in
1335 704 1428 739 altera
1457 703 1665 739 Ecclesiarum
1695 705 1852 751 ipsarum,

1112 754 1155 788 vel
1181 754 1210 788 in
1239 754 1307 789 loco
1328 754 1502 793 communi,
1532 754 1559 787 in
1580 765 1643 800 quo
1666 754 1854 789 unanimiter

1110 803 1357 843 concordabun13
1380 803 1404 837 si
1428 802 1618 837 concordare
1641 815 1702 837 non
1727 812 1853 850 possent

1109 852 1246 893 deloco,
1270 853 1367 900 prima
1383 852 1495 887 electio
1510 865 1590 899 quae
1609 852 1769 887 emerserit
1785 861 1854 898 post

1110 901 1300 949 praedictum
1335 902 1539 949 episcopum,
1577 901 1630 936 fiet
1667 900 1802 936 Hadriae
1835 915 1850 936 a

1108 952 1268 986 canonicis
1296 951 1457 998 utriusque
1486 950 1654 990 Ecclesiae,
1681 960 1711 986 et
1734 950 1795 986 alia
1820 952 1850 986 in

1108 1000 1247 1036 Ecclesia
1275 1001 1448 1039 Pennensi,
1476 1009 1504 1034 et
1526 1001 1571 1034 sic
1593 999 1743 1047 deinceps
1764 1001 1850 1035 vicis-

1107 1050 1176 1089 sim,
1204 1052 1227 1085 si
1251 1050 1369 1084 deloco
1390 1050 1450 1084 alio
1468 1050 1628 1084 communi
1652 1061 1714 1084 non
1738 1051 1850 1097 poterit

1108 1100 1186 1134 inter
1213 1099 1348 1146 capitula
1384 1098 1550 1134 concordia
1586 1099 1758 1146 provenire.
1786 1098 1850 1137 Ca-

1108 1149 1210 1184 nonici
1233 1157 1336 1184 autem
1359 1148 1444 1184 illius
1466 1148 1637 1189 Ecclesiae,
1662 1150 1691 1183 in
1714 1161 1776 1196 qua
1797 1161 1850 1185 ce—

1107 1198 1217 1233 lebrari
1245 1197 1372 1233 debebit
1406 1198 1533 1242 electio,
1569 1198 1759 1245 ubicumque
1780 1199 1849 1245 epi-

1105 1260 1220 1294 scopus
1243 1248 1406 1291 moriatur,
1434 1247 1480 1281 vel
1506 1247 1613 1291 cedat,
1639 1260 1673 1282 ea
1705 1248 1771 1282 vice
1795 1260 1849 1283 vo-

1105 1297 1220 1332 cabunt
1241 1297 1411 1333 canonicos
1445 1297 1572 1331 alterius
1607 1297 1785 1341 Ecclesiae,
1818 1306 1849 1332 et

1104 1359 1179 1381 suos
1206 1347 1297 1382 etiam
1332 1346 1564 1382 concanonicos
1589 1346 1627 1380 ad
1662 1346 1847 1381 electionem

1105 1396 1197 1431 futuri
1230 1396 1368 1443 episcopi
1398 1395 1628 1431 celebrandam.
1660 1396 1704 1430 Ex
1728 1395 1785 1431 hac
1805 1398 1848 1431 si-

1103 1446 1227 1493 quidem
1257 1445 1373 1480 unione
1400 1446 1514 1479 vicin³s
1542 1445 1697 1492 episcopis
1731 1454 1760 1480 et
1789 1445 1847 1480 ab-

1102 1494 1240 1534 batibus,
1275 1496 1468 1541 caeterisque
1499 1494 1642 1541 praelatis
1663 1503 1691 1529 et
1714 1494 1846 1537 clericis,

1102 1556 1157 1579 seu
1178 1544 1433 1591 quibuscumque
1462 1544 1602 1590 personis
1624 1543 1763 1578 locorum
1789 1545 1846 1578 ad-

1103 1593 1283 1637 iacentium,
1310 1593 1356 1628 vel
1376 1593 1463 1627 vobis
1485 1593 1573 1638 ipsis,
1596 1600 1625 1627 et
1652 1593 1767 1627 civitati
1790 1605 1846 1628 ve-

1102 1651 1199 1681 strae,
1234 1651 1263 1677 et
1297 1642 1464 1677 cathedrali
1499 1642 1656 1677 Ecclesiae
1680 1642 1843 1677 Hadriensi

1102 1692 1132 1726 in
1155 1691 1276 1726 iuribus
1304 1699 1334 1726 et
1369 1691 1541 1726 rationibus
1569 1692 1691 1733 restris,
1723 1703 1843 1727 necnon

1101 1749 1132 1776 et
1157 1741 1270 1776 civitati
1299 1749 1328 1775 et
1359 1740 1519 1775 Ecclesiae
1540 1740 1699 1775 Pennensi
1722 1742 1751 1775 in
1769 1741 1845 1776 iuri-

1103 1790 1159 1825 bus
1194 1799 1222 1825 et
1250 1790 1422 1824 rationibus
1448 1790 1514 1824 suis
1540 1790 1660 1824 nullum
1685 1790 1845 1837 praeiudi-

1100 1840 1182 1874 cium
1210 1848 1386 1886 generetur.
1409 1839 1520 1874 Latere
1543 1848 1645 1874 autem
1670 1851 1723 1874 vos
1748 1839 1844 1874 nolu-

1101 1902 1183 1933 mus,
1206 1889 1289 1936 quod
1313 1889 1337 1923 si
1360 1901 1375 1923 a
1399 1888 1564 1923 devotione
1590 1888 1682 1924 Sedis
1708 1889 1845 1936 Aposto-

1101 1939 1176 1973 licac
1210 1939 1356 1973 recedere
1385 1951 1436 1973 vos
1459 1938 1634 1984 contingat,
1661 1938 1755 1973 huius
1790 1951 1844 1974 vos

1102 1987 1292 2035 privabimus
1316 1988 1476 2035 dignitate.
1500 1987 1674 2022 Statuimus
1700 1988 1849 2035 insuper„

1102 2048 1132 2072 ut
1159 2050 1231 2073 cum
1260 2037 1403 2072 canonici
1438 2037 1598 2085 utriusque
1624 2037 1784 2072 Ecclesiae
1805 2038 1842 2072 ad

1099 2088 1282 2122 electionem
1322 2087 1527 2122 convenerint
1569 2087 1663 2122 futuri
1701 2088 1842 2135 episcopi

1099 2135 1328 2175 celebrandam,
1353 2143 1385 2170 ut
1414 2144 1457 2171 tot
1482 2136 1624 2171 canonici
1647 2137 1707 2171 sint
1729 2149 1766 2171 ex
1782 2149 1842 2171 una

1101 2185 1251 2225 Ecclesia,
1279 2193 1355 2232 quot
1376 2198 1413 2219 ex
1434 2185 1509 2220 alia:
1537 2198 1625 2229 narn,
1657 2185 1712 2220 etsi
1736 2185 1842 2232 plures

1100 2236 1239 2270 canonici
1263 2237 1326 2270 sint
1348 2235 1377 2269 in
1393 2247 1465 2276 una,
1483 2247 1575 2282 quam
1592 2235 1621 2268 in
1638 2234 1712 2275 alia;
1732 2235 1762 2269 in
1775 2235 1842 2270 ele-

1099 2285 1201 2319 ctione
1218 2293 1319 2319 tamen
1335 2285 1485 2319 electores
1507 2285 1660 2331 cuiusque
1682 2283 1842 2319 Ecclesiae

1101 2334 1130 2368 in
1159 2346 1291 2369 numero
1307 2333 1451 2369 volumus
1469 2347 1536 2369 esse
1554 2345 1654 2381 pares.
1681 2333 1758 2369 Acta
1770 2342 1842 2368 sunt

1100 2382 1192 2424 haec,
1220 2392 1249 2418 et
1272 2383 1425 2431 publicata
1448 2382 1662 2430 praesentibus
1685 2381 1843 2418 Ecclesiae

1102 2433 1264 2480 utriusque
1288 2432 1558 2480 procuratoribus,
1585 2440 1613 2467 et
1639 2431 1777 2480 syndicis
1798 2432 1843 2467 ci-

1101 2482 1201 2517 vitatis
1225 2482 1419 2517 Hadriensis.
1457 2482 1488 2516 ln
1515 2482 1605 2517 cuius
1635 2481 1677 2516 rei
1701 2482 1844 2517 testimo-

1101 2531 1188 2566 nium
1212 2540 1392 2579 praesentes
1413 2531 1529 2566 litteras
1546 2530 1638 2577 sigilli
1662 2531 1757 2565 nostri
1774 2543 1844 2566 mn-

1103 2581 1219 2615 nimine
1238 2581 1367 2616 fecimus
1395 2580 1542 2616 roborari.
1566 2579 1681 2614 Datum
1711 2579 1844 2625 Perusii,

1103 2630 1208 2665 idibus
1232 2630 1344 2671 martii,
1372 2641 1454 2665 anno
1476 2629 1600 2664 Domini
1622 2630 1726 2664 1252.

1877 255 1925 282 An.
1944 255 1975 282 G.
1989 255 2057 283 ¹252

431 313 581 349 raesulem
616 312 673 346 loci
701 320 763 345 tam
795 309 909 344 nobilis
935 310 965 343 in
989 317 1074 343 tem—
1117 308 1174 342 fata
1204 320 1274 343 vero
1309 308 1476 344 cathedrali
1504 309 1644 343 Ecclesia
1673 309 1780 356 viginti
1808 322 1860 344 ca—
1889 314 2040 337 canonicorum

1913 352 2020 368 numerum

1883 563 1962 586 Eisone
1992 571 2052 587 com-

1869 601 1937 616 munis
1947 597 2049 624 episcopt.
