2129 3223
39 237 90 281 :An-
106 236 136 264 C.
151 236 217 264 ¹255

43 939 72 962 Do
110 942 212 967 praemit-

30 972 99 992 tendis
150 975 212 993 unte-

29 1008 89 1029 qnum
111 1003 156 1030 quis
175 1007 212 1024 re-

29 1033 128 1060 ctpintu13

40 1532 145 1562 Receptus
171 1540 210 1556 nu-

27 1567 70 1585 um
93 1564 209 1586 christiane

26 1595 90 1616 vtvat.

843 239 1026 263 enne-omns
1048 239 1080 261 tx
1104 239 1152 262 Pr.

232 293 297 331 tulo
319 294 462 330 voluistis
488 306 554 329 eam
578 293 704 340 provide
727 295 913 341 nuncupari,
942 304 974 329 ut

233 344 351 380 scilicet
384 344 507 379 dicatur
531 343 655 390 dogma,
683 355 736 378 seu
770 344 867 380 forma
896 345 973 380 vitae

233 394 362 430 fratrum
384 393 512 428 Militiae
539 392 606 427 lesu
634 391 764 437 Christi,
800 407 853 441 per
879 408 971 442 quam

232 445 385 488 videlicet,
408 450 441 479 ut
462 443 587 491 possitis
611 443 724 478 melius
745 444 871 485 erudiri,
893 458 973 493 qua-

232 494 301 530 liter
327 494 358 529 in
381 493 547 541 principio,
569 493 673 528 medio
706 501 734 528 et
768 494 798 528 in
829 494 889 530 fine
917 496 973 530 iter

231 543 399 580 discretius
419 551 449 579 et
474 543 587 578 iustius
606 543 759 590 peragatis
781 544 971 591 incaeptum,

231 605 286 641 per
313 605 409 641 pauca
438 600 469 628 et
496 601 578 628 certa
596 592 728 628 duxistis
746 605 813 628 eam
837 594 971 641 capitula

229 642 484 690 distinguendam
517 642 595 678 duas
631 650 732 689 partes
768 643 902 679 iustitiae
941 645 970 678 in

228 693 338 728 ordine
364 692 595 740 prosequendo.
627 691 709 727 Cum
741 701 843 728 autem
874 694 970 741 prima

229 755 300 790 pars
321 742 360 778 sit
380 742 540 778 declinare
554 755 569 777 a
585 742 677 782 malo,
699 741 816 778 bonum
841 755 913 778 vero
932 743 972 778 sa-

228 805 298 828 cere
330 793 370 828 sit
400 792 554 837 secunda,
587 791 625 826 de
659 791 756 839 prima
791 801 838 828 est
872 793 900 827 in
935 805 970 828 ea

227 842 374 888 primitus
407 842 453 877 sic
489 842 665 889 provisum,
704 850 737 876 ut
776 843 970 890 quicumque

226 891 338 932 frater,
365 904 420 927 seu
453 904 542 927 soror
569 890 698 926 voluerit
725 903 759 926 se
790 891 850 928 sub
876 893 970 928 huius

226 949 357 978 sanctae,
371 941 498 976 Militiae
522 941 620 977 stadio
638 949 810 985 coarctare,
833 943 968 989 primum

225 1003 314 1026 suam
343 998 499 1026 scrutetur
532 991 756 1026 conscientiam
791 991 969 1038 diligenter,

225 1048 256 1075 et
276 1040 369 1088 plene
386 1040 570 1076 confiteatur
592 1048 716 1088 peccata
735 1053 792 1076 sua
810 1042 969 1077 ordinario

226 1089 410 1131 confessori,
444 1090 490 1126 vel
524 1091 573 1126 cui
607 1090 658 1125 ille
687 1090 809 1126 duxerit
838 1092 970 1127 ‹leman-

225 1139 376 1181 dandum,
403 1148 433 1175 et
465 1140 504 1175 de
536 1139 651 1187 quibus
678 1141 891 1181 restituendis,
918 1141 970 1176 ‹ti-

225 1189 399 1234 mittendis,
432 1197 485 1225 aut
517 1190 610 1224 etiam
645 1189 795 1224 faciendis
829 1199 969 1238 repertus

224 1238 316 1274 fuerit
330 1238 497 1283 obnoxius,
512 1239 549 1274 ad
570 1239 670 1286 ipsius
683 1239 871 1275 confessoris
886 1253 968 1275 man-

224 1287 332 1324 datum
355 1289 522 1325 satisfaciat
544 1297 770 1336 competenter,
793 1289 846 1324 ubi
869 1290 895 1324 si
917 1289 968 1324 du-

225 1337 310 1373 bium
345 1337 470 1386 aliquod
511 1339 685 1383 emerserit,
719 1339 755 1374 ad
792 1339 967 1375 dioecesani

225 1387 390 1423 consilium
426 1396 612 1424 recurratur.
647 1388 783 1423 Demum
814 1389 860 1424 sic
892 1388 969 1423 liber

224 1449 240 1471 a
262 1445 402 1485 peccato,
428 1439 472 1472 uti
500 1450 609 1473 servus
631 1437 730 1473 factus
757 1438 890 1473 iustitiae
918 1449 968 1473 se-

224 1498 298 1521 cure
320 1495 454 1522 transeat
475 1487 512 1522 ad
540 1499 666 1527 nomen,
694 1495 723 1522 et
751 1487 879 1522 fratrum
908 1500 969 1522 nu—

224 1547 346 1571 merum
384 1537 628 1584 praedictorum.
663 1536 824 1584 Receptus
863 1546 966 1572 autem

226 1585 328 1622 vivere
349 1585 473 1622 studeat
494 1586 688 1632 innocenter,
710 1586 868 1622 neminem
890 1599 969 1622 con-

223 1635 357 1677 cutiens,
386 1635 441 1671 sed
468 1644 636 1672 contentus
664 1637 695 1671 in
724 1636 872 1672 omnibus
903 1637 968 1671 iure

224 1696 294 1726 suo;
309 1697 419 1721 usuras
427 1685 604 1730 abhorreat,
619 1695 649 1721 et
663 1698 773 1721 omnes
791 1694 968 1721 contractus

224 1735 255 1769 in
282 1734 422 1770 fraudem
451 1735 555 1777 initos,
571 1748 734 1771 usurarum
759 1737 913 1783 rapinam,
940 1744 969 1771 et

224 1795 349 1819 omnem
372 1784 550 1819 violentiam
573 1785 756 1825 detestetur,
778 1793 809 1819 et
831 1798 892 1820 non
917 1798 970 1821 so-

225 1832 290 1868 lum
315 1846 440 1875 manus,
468 1834 522 1869 sed
551 1835 644 1869 etiam
674 1834 812 1880 linguam
842 1847 856 1868 a
889 1835 970 1870 malo

225 1882 380 1924 cohibeat,
395 1891 430 1918 ut
450 1884 554 1918 videre
569 1883 666 1918 valeat
685 1884 751 1918 dies
766 1883 876 1918 bonos.
892 1884 969 1919 Item

225 1931 427 1967 matrimonio
448 1933 494 1968 sic
516 1940 630 1975 utatur,
652 1933 736 1980 quod
759 1941 900 1968 sanctum
925 1941 970 1968 est
989 1958 991 1964 .

226 1989 257 2016 et
274 1993 291 2017 a
314 1981 449 2017 Domino
471 1983 660 2026 institutum,
682 1981 766 2030 quod
788 1982 970 2018 fornicarios
990 1991 991 1999 ¹

226 2038 258 2066 et
282 2030 461 2078 illegitimos
487 2044 596 2067 omnes
628 2032 764 2067 declinet
796 2033 969 2080 amplexus,

227 2080 332 2116 sciens
352 2081 437 2128 quod
466 2080 646 2116 fornicarios
667 2089 696 2116 et
722 2081 880 2117 adulteros
906 2083 971 2117 Do-

228 2130 332 2165 minus
349 2130 510 2166 iudicabit:
525 2131 814 2173 commessationes,
829 2140 858 2167 et
874 2132 972 2167 ebrie-

227 2187 317 2222 tates,
339 2188 369 2215 et
389 2188 508 2216 caetera
533 2181 624 2228 gulae
645 2180 818 2228 dispendia,
840 2182 890 2217 cui
919 2182 970 2229 qui

230 2230 325 2264 nimis
342 2230 526 2278 obsequitur
545 2230 692 2265 inimicus
710 2230 842 2265 efficitur
860 2230 972 2266 Crucis
990 2236 992 2244 '

229 2277 360 2321 Christi,
394 2279 527 2328 quilibet
557 2288 707 2327 quantum
730 2292 802 2315 cum
830 2280 887 2315 Dei
915 2293 972 2328 po-

230 2327 323 2364 tuerit
349 2330 474 2374 auxilio,
501 2338 618 2376 satagat
644 2329 769 2374 evitare,
789 2337 819 2364 et
840 2342 973 2376 genera-

230 2376 300 2413 liter
313 2378 445 2426 quilibet
460 2379 491 2414 in
510 2380 608 2427 prima
628 2387 713 2426 parte
733 2379 878 2421 iustitiae,
894 2392 973 2427 quae

231 2434 279 2462 est
295 2427 451 2464 declinare
467 2441 483 2463 a
500 2430 591 2470 malo,
608 2437 642 2463 ut
656 2429 802 2475 superius
823 2437 870 2464 est
888 2442 974 2477 prae-

231 2477 375 2519 missum,
403 2478 515 2519 taliter,
538 2478 719 2513 faventesibi
742 2478 844 2513 divina
859 2479 973 2525 gratia,

232 2537 267 2560 se
288 2536 456 2574 componat
477 2540 493 2562 a
515 2527 619 2569 corde,
642 2528 746 2574 lingua
769 2536 798 2562 et
820 2540 925 2573 manu,
941 2537 974 2563 nt

233 2574 367 2612 totaliter
387 2589 403 2612 a
429 2578 532 2627 seipso
564 2577 715 2613 abiiciens
761 2589 854 2624 opera
892 2586 975 2613 tene-

234 2625 381 2666 brarum,
426 2627 523 2674 possit
575 2626 705 2662 induere
752 2638 836 2662 arma
870 2626 951 2663 lucis
966 2655 974 2669 ,

1637 233 1705 266 487

1014 293 1127 340 quibus
1160 293 1197 328 ad
1233 295 1400 331 secundam
1436 305 1566 343 partem,
1594 310 1674 345 quae
1707 307 1755 334 est

1014 343 1112 378 facere
1139 343 1268 382 bonum.
1296 354 1456 393 acceptus,
1479 347 1584 382 hostes
1597 347 1755 384 debellare

1015 393 1110 428 valeat
1138 392 1205 428 lesu
1233 392 1366 436 Christi,
1388 404 1418 430 et
1443 396 1511 431 eius
1533 396 1678 432 familiam
1697 398 1754 433 de-

1014 442 1149 478 fensare:
1183 443 1220 478 ad
1253 445 1337 491 quod
1372 445 1514 481 omnium
1545 446 1639 482 huius
1676 448 1755 483 vitae

1014 493 1149 528 virorum
1176 493 1388 541 principaliter
1411 495 1539 531 intentio
1566 497 1606 530 sit
1627 496 1753 542 directa,

1013 543 1094 577 sicut
1108 542 1337 590 subsequenter
1359 555 1413 591 per
1427 545 1560 593 capitula
1579 554 1622 580 est
1647 545 1755 582 distin-

1012 601 1107 627 ctum.
1122 591 1247 628 Fratres
1267 601 1297 628 et
1323 605 1457 635 sorores,
1479 595 1531 642 qui
1555 595 1591 630 ad
1614 595 1693 631 lianc
1716 597 1752 630 vi·
1779 605 1948 657 ,f‘ss‘mhffiw'

1767 643 1776 657 Γ
1793 644 1801 658 Ι”
1818 643 1827 658 b*
1842 644 1864 658 flu
1916 643 1949 657 te<

1013 650 1060 677 tae
1075 642 1217 683 formam,
1240 642 1360 678 scilicet
1387 643 1515 679 Militiae
1534 644 1602 679 lesu
1623 644 1846 689 Christifflfflffl,
1875 667 1895 688 s,
1924 670 1947 689 Α,

1014 691 1206 733 transibunt,
1246 693 1277 726 in
1303 692 1479 728 obedientia
1518 701 1547 728 et
1587 693 1753 731 devotione
1767 702 1787 718 θ·
1802 700 1948 725 ‘'t'‘“0t’0‘11ffl

1768 731 1838 749 vivore
1859 730 1947 749 debent:

1770 245 1820 271 An.
1842 245 1869 273 C.
1885 248 1949 274 1236

1011 750 1136 777 sanctae
1164 741 1324 777 Romanae
1351 742 1522 787 Ecclesiae,
1552 751 1581 777 et
1607 743 1754 779 Summo-

1012 803 1078 825 rum
1110 791 1301 827 Pontificum
1338 792 1581 834 catholicorum,
1613 794 1666 840 qui
1699 807 1754 841 per

1011 848 1150 887 tempora
1178 841 1293 876 fuerint
1315 842 1344 876 in
1367 842 1489 884 eadem,
1518 854 1640 878 necnon
1667 843 1754 878 dioe-

1011 901 1194 925 cesanorum
1209 903 1352 936 suorum,
1367 892 1549 927 intemerata
1569 891 1642 927 fidei
1666 894 1754 940 puri-

1010 947 1069 974 tate
1082 941 1264 986 persistant;
1278 941 1429 977 habentes
1441 954 1537 976 unum
1558 942 1753 988 magistrum,

1011 989 1056 1024 vel
1079 998 1243 1033 rectorem,
1270 991 1361 1025 cuius
1382 991 1577 1038 providentia
1599 1000 1629 1026 et
1651 991 1755 1040 dispo-

1010 1040 1123 1074 sitione
1141 1040 1244 1087 quoad
1264 1040 1358 1075 huius
1379 1040 1562 1088 disciplinae
1583 1053 1754 1077 commune

1010 1090 1204 1136 propositum
1226 1091 1488 1136 promovendum,
1504 1091 1752 1127 conservandum

1010 1146 1040 1172 et
1068 1140 1288 1187 exequendum
1320 1148 1480 1188 regantur,
1506 1140 1556 1176 cui
1583 1140 1674 1176 etiam
1702 1153 1753 1176 re-

1011 1197 1152 1224 verenter
1179 1189 1352 1235 intendant,
1381 1198 1544 1237 postquam
1577 1189 1671 1225 suerit
1699 1203 1753 1238 per

1010 1237 1067 1272 loci
1096 1238 1329 1280 dioecesanum,
1357 1239 1404 1275 vel
1434 1252 1487 1287 per
1517 1239 1629 1275 Sedem
1663 1240 1753 1287 Apo—

1009 1287 1151 1323 stolicam
1181 1288 1389 1336 approbatus,
1417 1289 1587 1336 apostolica
1611 1296 1641 1324 et
1666 1289 1753 1325 dioe-

1009 1349 1194 1373 cesanorum
1217 1338 1406 1380 obedientia,
1430 1339 1601 1374 reverentia
1622 1347 1654 1375 et
1681 1351 1754 1374 cor-

1010 1388 1148 1422 rectione
1167 1388 1197 1422 in
1217 1388 1365 1423 omnibus
1381 1400 1505 1436 semper
1526 1389 1620 1425 salva.
1643 1387 1752 1423 Fidem

1009 1437 1192 1472 catholicam
1209 1437 1316 1472 fratres
1328 1437 1497 1474 defendent
1510 1447 1617 1474 contra
1628 1450 1752 1475 omnem

1010 1496 1126 1522 sectam
1165 1487 1340 1522 haereticae
1362 1488 1544 1538 pravitatis;
1580 1487 1755 1525 haereticos

1009 1549 1131 1579 omnes,
1147 1537 1265 1572 scilicet
1279 1537 1443 1579 Catharos,
1455 1538 1615 1586 Pauperes
1626 1539 1665 1575 de
1675 1537 1756 1584 Lug—

1009 1586 1113 1631 duno,
1139 1586 1355 1633 Arnaldistas,
1386 1588 1586 1635 Speronistas
1617 1598 1648 1624 et
1679 1587 1755 1622 alios

1010 1649 1209 1684 quocumque
1247 1638 1373 1674 nomine
1408 1646 1596 1674 censeantur
1627 1637 1755 1673 viriliter

1010 1686 1224 1733 impugnando
1246 1687 1419 1723 libertatem
1437 1687 1677 1724 ecclesiasticam
1698 1698 1754 1733 po-

1011 1736 1129 1771 tissime
1151 1735 1378 1783 desensabunt,
1401 1736 1602 1785 impediendo
1624 1736 1755 1773 fideliter

1011 1785 1040 1819 in
1071 1785 1248 1821 civitatibus
1273 1787 1350 1832 suis,
1377 1799 1412 1822 ac
1439 1786 1529 1832 locis,
1556 1799 1596 1823 ne
1617 1787 1692 1834 quid
1723 1785 1754 1820 in

1010 1835 1077 1869 eius
1100 1835 1328 1882 praeiudicium
1351 1844 1519 1878 statuatur,
1542 1837 1589 1872 vel
1611 1836 1675 1882 fiat,
1701 1842 1754 1871 aut

1010 1885 1246 1931 quomodolibet
1267 1894 1441 1922 attentetur.
1465 1886 1576 1922 Claves
1596 1886 1755 1922 Ecclesiae

1012 1947 1072 1969 non
1100 1943 1320 1979 contemnent,
1347 1936 1400 1972 sed
1436 1937 1465 1971 in
1494 1936 1640 1972 omnibus
1673 1935 1754 1971 bona

1011 1984 1071 2018 fide
1093 1984 1262 2019 servabunt
1283 1986 1630 2030 excommunicationis,
1653 1993 1684 2020 et
1705 1985 1755 2020 in-

1012 2033 1131 2068 terdicti
1161 2035 1331 2070 sententias
1362 2035 1455 2071 Sedis
1488 2035 1699 2083 Apostolicae,
1726 2044 1756 2070 et

1011 2083 1267 2119 dioecesanorum
1295 2097 1426 2120 suorum
1457 2093 1519 2120 tam
1542 2085 1572 2120 in
1595 2097 1639 2125 se,
1661 2097 1755 2132 quam

1782 1403 1851 1425 Fidem
1876 1404 1951 1424 cattio·

1768 1435 1829 1455 licam
1836 1434 1949 1455 defendero

1782 2001 1909 2023 Libertatem
1918 2006 1951 2022 et>-

1771 2033 1924 2058 ctostasncam,

990 2144 992 2178 ζ
1013 2133 1043 2167 in
1063 2133 1140 2167 alios
1161 2133 1238 2168 latas
1261 2134 1343 2169 iuxta
1361 2134 1557 2170 traditionem
1576 2142 1754 2169 sanctorum

1011 2194 1167 2217 canonum
1185 2183 1404 2219 inviolabiliter
1425 2183 1634 2224 observand0;
1652 2183 1755 2218 Eccle-

1013 2232 1075 2266 sias
1110 2244 1252 2279 quoque,
1289 2234 1496 2278 monasteria,
1532 2232 1695 2280 hospitalia
1727 2241 1756 2267 et

1012 2293 1232 2328 quaecumque
1254 2282 1397 2328 religiosa
1424 2282 1503 2323 loca,
1534 2294 1655 2317 necnon
1684 2294 1757 2328 per-

1014 2343 1106 2365 sonas
1128 2331 1353 2366 ecclesiasticas
1379 2332 1609 2379 cuiuscumque
1636 2331 1757 2378 religio·
1810 2328 1813 2331 i

1014 2381 1072 2424 nis,
1100 2380 1144 2414 vel
1168 2380 1304 2422 ordinis3
1323 2380 1396 2415 item
1419 2381 1538 2421 viduas,
1566 2381 1702 2428 pupillos
1726 2390 1757 2417 et
1784 2398 1806 2420 a«
1823 2400 1953 2427 mmmm..

1014 2429 1182 2476 orphanos,
1204 2441 1239 2464 ac
1267 2438 1403 2465 caeteras
1425 2429 1618 2466 miserabiles
1646 2442 1756 2477 perso·
1771 2435 1864 2456 ”mm

1015 2492 1081 2519 nas,
1108 2486 1138 2513 ut
1165 2491 1226 2513 non
1249 2480 1464 2526 opprimantur
1484 2492 1501 2514 a
1527 2480 1595 2515 suis
1620 2480 1758 2516 civitati-

1014 2529 1083 2572 bus,
1117 2540 1170 2563 seu
1200 2529 1291 2573 locis,
1313 2536 1342 2562 et
1378 2537 1409 2563 ut
1436 2528 1607 2565 liberentur
1632 2529 1672 2565 ab
1697 2542 1757 2578 op-

1015 2577 1228 2625 pressionibus
1255 2578 1335 2613 bona
1366 2578 1426 2613 fide
1452 2578 1625 2621 intendent,
1648 2587 1678 2614 et
1700 2593 1757 2628 pro

1016 2627 1180 2675 praedictis
1209 2627 1369 2673 omnibus,
1404 2627 1522 2664 scilicet
1553 2641 1608 2677 pro
1634 2628 1696 2665 fide
1721 2642 1756 2666 ac
