2129 3223
121 265 172 292 Au.
191 264 219 291 C.
240 265 305 291 ¹256

369 253 440 286 496

367 317 436 363 Ego
470 313 641 350 Guifredus
678 312 758 348 tituli
787 311 920 347 Sanctae
948 310 1062 346 Mariae

319 367 481 414 presbyter
501 363 671 399 cardinalis
696 362 880 409 subscripsi.

366 416 434 463 Ego
455 413 624 450 waaldus
655 413 735 448 tituli
764 410 870 446 Sancti
901 409 1062 446 Laurentii

317 468 347 501 in
370 464 489 501 Lucina
513 463 675 511 presbyter
690 461 858 498 cardinalis
876 459 1060 506 subscripsi.

365 515 433 562 Ego
455 514 637 561 Stephanus
660 511 792 547 Sanctae
810 511 924 545 Mariae
946 509 1064 544 Trans-

316 565 446 613 tyberim
482 563 560 598 tituli
584 562 696 598 Calixti
718 561 880 609 presbyter
898 559 1064 594 cardinalis

316 614 500 662 subscripsi.

365 664 434 711 Ego
461 664 594 699 loannes
616 661 798 697 Sabinensis
826 660 994 707 episcopus
1020 670 1062 692 ss.

365 714 435 761 Ego
455 712 589 749 Iacobus
609 710 810 748 Tusculanus
832 710 999 757 episcopus
1021 720 1063 742 ss.

366 763 436 810 Ego
458 762 640 811 Raynaldus
667 760 825 795 Ostiensis
850 766 880 793 et
902 757 1063 792 Vellitren.

317 814 485 861 episcopus
514 812 698 859 subscripsi.
939 857 944 862 ¹

366 863 435 910 Ego
462 862 620 897 Ranerius
640 860 774 896 Sanctae
802 858 916 893 Mariae
939 869 969 891 in
991 855 1067 891 Cos-

319 912 424 948 medin
448 912 602 947 diaconus
624 908 792 946 cardinalis
813 906 999 953 subscripsi.

368 962 435 1008 Ego
461 961 612 1008 AEgidius
644 960 834 995 Sanctorum
868 956 1002 991 Cosmae
1037 964 1067 989 et

319 1011 461 1048 Damiani
489 1011 642 1046 diaconus
663 1007 829 1044 cardinalis
854 1005 1036 1052 subscripsi.

367 1060 433 1107 Ego
461 1060 536 1096 Otto
569 1059 676 1095 Sancti
709 1057 832 1092 Nicolai
869 1057 899 1090 in
930 1054 1067 1089 Carcere

317 1110 464 1146 Tulliano
485 1109 638 1145 diaconus
665 1106 830 1144 cardinalis
857 1104 1042 1151 subscripsi.

367 1159 482 1195 Datum
504 1159 673 1194 Interamn.
702 1169 757 1204 per
776 1167 903 1191 manum
927 1152 1067 1200 magistri

319 1209 480 1245 Guillelmi
502 1216 627 1244 sanctae
653 1207 815 1242 Romanae
841 1204 1002 1239 Ecclesiae
1021 1203 1068 1236 vi-

320 1259 568 1299 ce-cancellarii,
586 1258 697 1306 quinto
711 1254 861 1291 kalendas
878 1252 1068 1293 decembris,

322 1309 544 1345 incarnationis
576 1307 752 1343 dominicae
774 1317 857 1339 anno
882 1315 1068 1346 mccxxxvi,

322 1358 492 1394 indictione
518 1358 652 1402 decima,
681 1355 886 1403 pontificatus
908 1366 980 1388 vero
1010 1352 1070 1386 do-

323 1408 398 1442 mini
420 1407 566 1455 Gregorii
590 1406 695 1454 Papae
717 1417 752 1440 ix
774 1416 857 1439 anno
884 1403 1019 1437 decimo.

361 1469 423 1500 Dat.
439 1469 486 1499 die
507 1468 543 1498 27
567 1467 700 1498 novemb.
720 1467 805 1503 1236,
824 1465 925 1505 pontif.
944 1474 989 1494 an.
1005 1473 1030 1493 x.

679 1612 715 1648 L.

327 1687 488 1721 Restitutio
514 1686 691 1732 episcopalis
718 1685 895 1730 dignitatis,
923 1685 1075 1718 aliorum-

374 1749 431 1782 que
450 1737 582 1775 iuriam,
611 1736 719 1780 quibus
740 1735 846 1768 civitas
873 1735 1011 1772 Lucana,
1038 1734 1075 1766 ob

375 1787 527 1832 quosdam
551 1786 584 1819 in
606 1786 797 1825 Romanam,
818 1785 946 1828 'eiusque
970 1784 1076 1816 las-cle-

375 1837 438 1870 sias
462 1847 599 1870 eaecessus
630 1835 820 1872 commissos,
849 1834 980 1878 spoliata
1010 1835 1077 1878 sae-

377 1893 427 1920 rat
449 1888 511 1929 (l).

598 1953 813 1984 SUMMARIUM

330 2012 497 2043 Exordium.
515 2028 553 2035 -
575 2011 689 2042 Lucana
708 2010 809 2041 civitas
827 2020 841 2040 a
859 2009 998 2049 Gregorio
1010 2009 1080 2040 sub-

371 2058 444 2087 iecta
467 2057 632 2087 interdicte.
653 2072 691 2078 —
711 2055 754 2085 Ab
777 2054 947 2085 excessibus
970 2055 1080 2094 resim--

372 2101 525 2132 scentibus
537 2101 672 2132 Lucanis:
687 2117 726 2123 —
740 2099 841 2130 Eidem
860 2099 1008 2129 Ecclesiae
1020 2099 1082 2138 epi-

373 2146 500 2187 scopalis
518 2146 655 2185 dignitas,
678 2154 790 2185 suaque
803 2145 865 2174 iura
876 2144 1083 2174 restituuntur.

334 2213 480 2249 Gregorius
494 2212 635 2249 episcopus
653 2219 748 2241 servus
767 2218 905 2240 servorum
915 2210 972 2243 Dei,
985 2210 1083 2240 dilecto

379 2263 436 2292 filio
455 2263 544 2293 eiecto
567 2263 674 2296 Lucan..
715 2261 834 2291 satutem
852 2262 883 2289 et
905 2259 1085 2297 apostolicam

381 2313 602 2343 benedictionem.

387 2375 582 2424 Redemptor
603 2383 710 2411 noster
731 2387 804 2410 cum
832 2374 946 2409 delicto
973 2385 1088 2420 pecca-

178 2426 294 2447 fi¹⁰¹⁴³1¹¹¹¹¹>
341 2427 418 2462 toris
439 2426 626 2467 offenditur,
653 2433 683 2461 et
716 2424 828 2469 Pater,
864 2425 915 2471 qui
950 2423 1085 2459 filiOrum

378 2497 418 2533 (i)
432 2497 472 2524 Ex
492 2498 597 2533 Regest.
616 2497 698 2524 Vatic.
728 2511 758 2515 —
783 2495 897 2523 Consule
921 2494 1068 2530 Ughellium
1081 2515 1087 2526 ‚

344 2537 402 2564 Ital.
419 2538 490 2570 Sac.,
511 2542 575 2565 tom.
594 2545 614 2569 i,
631 2537 674 2564 ubi
686 2536 718 2563 de
731 2536 861 2572 episcopis
874 2535 1044 2562 Lucensibus.
1058 2549 1088 2554 —

345 2577 419 2603 Diem
442 2577 554 2604 Lucanis
569 2577 677 2608 dictam,
695 2576 729 2604 ob
757 2575 914 2610 Gariagnani
940 2575 1090 2610 occupatio-

346 2623 417 2647 nem,
435 2617 613 2652 minatamque
629 2616 764 2652 dignitatis
782 2616 957 2650 privationem
968 2615 1091 2650 superius

347 2654 462 2683 vidimus
478 2658 503 2683 in
522 2656 713 2684 Constitutione
729 2657 793 2688 XX,
811 2663 868 2692 pag.
881 2656 941 2683 alifi.

892 255 1029 279 BULLAR!
1035 255 1080 278 UM
1107 252 1269 276 ROMANFM

1104 307 1287 344 excessibus
1324 307 1361 342 ad
1405 307 1596 343 iracundiam
1642 313 1848 354 provocatur,

1104 358 1212 394 maiori
1249 370 1303 393 eos
1343 358 1515 393 creduntur
1553 358 1666 405 pietate
1696 356 1849 403 diligere,

1104 420 1183 455 quos
1209 407 1403 455 gravioribus
1437 408 1562 443 student
1593 407 1776 444 verberibus
1809 408 1847 444 ad

1105 458 1183 492 viam
1223 458 1418 494 rectitudinis
1456 471 1620 499 revocare,
1661 470 1779 506 eosque
1811 458 1847 493 ad

1104 507 1181 548 Dei,
1214 516 1245 542 et
1271 508 1370 543 Patris
1403 508 1647 543 misericordiam
1682 508 1849 543 redeuntes

1106 558 1136 591 in
1170 558 1294 603 signum
1330 559 1444 604 gratiae
1482 558 1635 593 uberioris
1669 558 1849 605 excipiunt,

1105 619 1184 654 quos
1209 607 1361 643 abeuntes
1389 608 1419 642 in
1449 607 1713 643 dissimilitudinis
1746 608 1849 654 regio-

1106 669 1176 692 nem
1199 657 1330 704 flagellis
1357 657 1393 692 ad
1414 665 1581 704 paternum
1606 657 1760 704 gremium
1783 658 1849 692 du—

1107 706 1239 742 rioribus
1266 707 1460 742 reduxerint.
1488 707 1608 743 Horum
1631 707 1801 755 siquidem,
1823 708 1848 742 si

1106 756 1266 795 consules,
1306 756 1474 792 consilium
1506 766 1537 793 et
1568 758 1703 805 populus
1728 757 1848 793 Lucani

1107 815 1188 841 recta
1212 806 1240 840 id
1269 807 1335 842 acie
1361 806 1623 842 considerationis
1656 807 1850 854 inspiciunt,

1106 856 1188 891 circa
1224 868 1278 890 eos
1314 865 1420 891 secuta
1456 857 1583 904 vestigia
1622 857 1734 892 borum
1769 856 1851 891 circa

1107 905 1266 940 Lucanam
1281 905 1455 941 Ecclesiam
1472 906 1653 954 Apostolica
1669 906 1771 942 Sedes
1787 906 1852 940 imi-

1108 963 1166 989 tata
1182 967 1377 1003 processum,
1391 964 1516 1004 propter
1524 956 1675 1004 quosdam
1691 968 1852 1000 excessus,

1107 1017 1186 1052 quos
1216 1005 1246 1039 in
1268 1004 1445 1041 Romanam
1468 1013 1498 1041 et
1518 1005 1677 1041 Lucanam
1696 1004 1853 1041 Ecclesias

1109 1067 1170 1090 non
1209 1055 1384 1091 timuerunt
1423 1055 1558 1103 superba
1598 1057 1853 1103 praesumptione

1109 1105 1317 1145 committere,
1351 1105 1434 1139 etin
1470 1117 1503 1140 se
1536 1105 1672 1140 divinam
1700 1104 1852 1140 offensam

1110 1167 1170 1189 non
1187 1154 1315 1189 suerunt
1329 1155 1416 1189 veriti
1436 1154 1652 1202 multipliciter
1675 1167 1854 1201 provocare,

1110 1205 1267 1240 civitatem
1308 1204 1465 1239 Lucanam
1508 1204 1678 1252 episcopali
1718 1205 1855 1248 honore,

1110 1267 1173 1302 quo
1200 1263 1274 1289 tunc
1296 1266 1329 1289 se
1357 1254 1516 1300 indignam
1538 1253 1687 1298 reddidit,
1712 1261 1742 1289 et
1758 1266 1857 1289 cano-

1111 1305 1200 1339 nicos
1226 1303 1386 1339 Ecclesiae
1408 1303 1596 1338 cathedralis
1618 1303 1768 1350 dignitate
1784 1316 1857 1351 por-

1111 1354 1195 1389 tandi
1223 1354 1347 1397 mitras,
1382 1360 1412 1388 et
1436 1353 1494 1388 alia
1515 1353 1603 1401 siqua
1625 1353 1664 1388 ab
1678 1353 1857 1401 Apostoliea

1111 1404 1316 1439 obtinuerunt
1342 1402 1437 1447 Sede,
1460 1403 1600 1450 privavit,
1623 1415 1743 1450 nosque
1764 1414 1859 1438 vene-

1113 1452 1263 1488 rabilibus
1295 1452 1444 1488 fratribus
1470 1453 1586 1487 nostris
1622 1452 1859 1500 archiepiscopo

1114 1503 1231 1543 pisan„
1254 1502 1462 1547 Volaterran.,
1483 1502 1606 1537 Lumen.
1634 1510 1665 1536 et
1690 1501 1856 1537 Pistorien.

1113 1553 1286 1600 episcopis,
1314 1561 1347 1586 ut
1379 1551 1544 1593 Ecclesiis,
1573 1552 1710 1593 clericis,
1737 1560 1768 1586 et
1788 1564 1861 1600 par-

1115 1601 1272 1636 rochianis
1310 1601 1521 1636 Ecclesiarum
1563 1602 1702 1648 ipsarum
1741 1601 1861 1636 Lucan.

1115 1651 1249 1686 civitatis
1276 1658 1306 1685 et
1341 1650 1496 1686 dioecesis
1523 1652 1618 1686 certis
1641 1651 1721 1685 inter
1741 1663 1796 1686 eos
1811 1650 1863 1686 di-

1115 1710 1233 1735 ctarum
1261 1700 1394 1735 civitatis
1427 1708 1457 1735 et
1478 1700 1632 1736 dioecesis
1655 1701 1795 1748 partibus
1813 1712 1863 1735 as-

1116 1751 1246 1796 signatis
1267 1758 1460 1785 sacramenta
1487 1750 1697 1785 ecclesiastica
1727 1749 1864 1786 exhibe-

1118 1807 1200 1839 rent,
1227 1812 1351 1834 necnon
1387 1799 1615 1847 praedictarum
1649 1799 1863 1835 Ecclesiarum

1119 1850 1262 1897 praelatis
1289 1857 1319 1884 et
1345 1849 1479 1890 clericis,
1503 1858 1538 1884 ut
1559 1849 1598 1884 ab
1620 1849 1665 1884 eis
1687 1850 1754 1898 ipsa
1782 1851 1865 1885 reci-

1121 1907 1239 1946 perent,
1261 1907 1291 1933 et
1309 1899 1475 1934 venerabili
1493 1899 1577 1934 fratri
1594 1907 1701 1935 nostro
1715 1899 1864 1947 episcopo

1119 1948 1293 1984 Florentin.
1322 1948 1484 1984 humiliter
1518 1948 1717 1984 intendentes
1747 1949 1775 1984 ei
1798 1949 1865 1984 vice

1121 2007 1225 2033 nostra
1248 1998 1286 2032 de
1308 1997 1430 2033 iuribus
1460 1998 1695 2045 episcopalibus
1728 2011 1866 2046 respon-

1121 2048 1250 2089 derent,
1292 2059 1327 2082 ac
1366 2048 1467 2082 eidem
1504 2049 1653 2095 episcopo
1692 2047 1862 2083 Florentio.

1123 2094 1237 2132 nostri‘s
1263 2096 1409 2132 dedimus
1436 2097 1545 2132 litteris
1580 2098 1611 2132 in
1634 2098 1805 2139 mandatis,
1834 2105 1868 2132 ut

1124 2148 1154 2181 in
1176 2146 1295 2181 eisdem
1323 2147 1445 2182 civitate
1469 2159 1504 2181 ac
1538 2147 1672 2182 dioecesi
1699 2154 1868 2194 proventus

1124 2196 1318 2244 episcopales
1340 2197 1405 2231 vice
1428 2204 1532 2231 nostra
1557 2197 1741 2243 perciperet,
1763 2204 1793 2231 et
1806 2196 1871 2243 epi-

1125 2247 1281 2293 scopalem
1315 2246 1558 2280 iurisdictionem
1587 2246 1662 2280 inibi
1691 2253 1869 2287 exerceret,

1863 251 1915 278 An.
1933 250 1962 278 C.
1977 251 2044 278 1236

1877 710 1960 732 Lucana
1971 711 2047 732 civitas

1863 749 1875 764 ι
1888 742 1990 768 Gregorio
2000 741 2050 762 sub-

1863 772 2049 794 iectainterdicto.

1126 2296 1325 2341 iniungentes
1347 2296 1555 2331 nibilominus
1578 2303 1682 2343 postea
1708 2295 1870 2342 archiepi-
1893 2292 1896 2296 ’

1127 2357 1223 2391 scopo
1256 2353 1439 2385 memorato,
1472 2353 1505 2380 ut
1539 2345 1651 2380 dictam
1679 2345 1870 2380 iurisdictio-

1129 2407 1198 2429 nem
1226 2395 1435 2442 episcopalcm
1460 2397 1490 2429 in
1515 2403 1600 2442 parte
1622 2394 1777 2441 assignata
1811 2394 1870 2429 sibi

1129 2456 1274 2479 exercere
1299 2453 1432 2486 curaret,
1459 2443 1657 2488 Carfaniani,
1684 2452 1714 2478 et
1735 2443 1868 2479 Vallisli·

1129 2506 1197 2528 mae
1218 2493 1369 2529 Ecclesiis
1394 2496 1426 2528 in
1452 2505 1559 2529 eorum
1588 2493 1733 2528 manibus
1763 2505 1872 2529 reser-

1130 2545 1218 2578 vatis.
1246 2543 1338 2579 Nunc
1363 2552 1464 2579 autem
1486 2542 1633 2590 quoniam
1669 2553 1794 2589 paterna
1816 2543 1872 2578 in—

1131 2594 1313 2641 crepatione
1340 2593 1540 2633 commoniti,
1575 2600 1606 2627 et
1627 2592 1664 2627 ad
1693 2596 1870 2628 mandatum

1132 2642 1223 2678 Sedis
1250 2643 1445 2691 Apostolicae
1469 2642 1575 2677 matris
1598 2654 1706 2677 eorum
1735 2643 1873 2691 pruden—

1899 2555 1929 2576 Ab
1945 2553 2068 2576 excessibus

1886 2585 2061 2612 resipiscentibus

1886 2614 1988 2638 Lucanis:
