2129 3223
358 257 428 290 500
884 265 1072 289 iit-ttamen
1100 265 1263 289 nom-wir

645 319 724 354 LIV.
1076 318 1167 354 ⁷dire
1206 318 1382 355 videbimus
1419 320 1647 355 Humanatensi
1689 319 1850 356 Ecclesiae

308 390 430 422 Erectio
457 387 565 431 oppidi
592 388 772 421 Recanaten.
809 389 842 421 in
881 389 1030 422 civitatem
1048 415 1054 423 .
1076 406 1077 420 i
1098 373 1128 407 5¹¹
1152 374 1478 421 recompensationem
1495 374 1705 422 SP¹fl¹¹¹al¹⁰m
1721 381 1752 409 et
1774 382 1850 410 '0¹¹¹‘

111 265 160 291 An.
179 265 208 291 C.
227 265 293 291 ΝΜΟ
1864 269 1915 294 An.
1930 267 1962 294 C.
1980 266 2049 294 ΗΜ)

124 1350 275 1371 nannenten-

104 1383 156 1402 =iun=
169 1383 220 1402 fides
237 1388 287 1407 erga

103 1411 179 1432 §edem
196 1412 268 1439 Aposv.

107 2045 232 2073 Ererii‹·(de
244 2054 284 2074 qua

101 2080 120 2099 in
140 2079 240 2100 rubrica).

354 443 475 486 eiusque
497 442 647 475 Ecclesiae
665 442 697 475 in
718 443 933 479 cathedralem,
957 449 984 475 et,
1015 453 1057 474 se·
1098 427 1254 474 p0s³¹¹¹¹m
1287 440 1414 469 'unum’
1445 440 1526 476 quae
1561 441 1592 463 ¹¹¹
1627 428 1712 465 d¹⁰t⁰
1746 436 1849 464 casm)

354 497 418 529 dem
449 496 647 540 episcopalem
687 508 754 529 cum
791 497 1056 530 dismembratione

354 551 393 583 ab
416 550 553 583 Ecclesia
577 550 802 584 Humanatcnsi
825 552 879 593 (1).

575 626 788 658 SUMMARICM

303 688 470 719 Exordium.
493 706 532 712 —
547 689 790 719 Recanateusiuni
812 690 884 719 tides
908 699 974 728 erga
1004 690 1056 720 Se—

343 734 408 763 dem
429 733 530 772 Apost.
552 750 591 756 —
608 733 722 763 Erectio
739 734 784 772 (de
803 744 853 773 qua
874 735 900 762 in
922 734 1054 772 rubrica),

347 803 494 840 Gregorius
512 805 653 841 opiscopus
675 812 770 834 servus
799 813 938 834 servorum
957 805 1011 834 Dei.

352 865 471 902 Rectae
496 867 756 902 considerationis
790 868 939 903 examine
975 868 1077 903 libra=

302 920 511 967 praesidentis
539 920 741 968 appenditur,
764 934 836 956 cum
857 921 1054 956 subditorum

302 973 412 1008 merita
464 973 511 1009 sic
553 974 635 1008 iusto
677 975 824 1009 examine
860 982 1030 1021 pensantur
1046 1002 1055 1019 ,

303 1035 335 1062 ut
360 1026 548 1062 devotorum
567 1027 728 1074 obsequiis
755 1028 918 1063 retributio
960 1028 1054 1075 digna

301 1080 504 1127 respoudeat,
525 1089 555 1115 et
581 1081 740 1128 opprobrii
766 1093 866 1128 poena
903 1091 1054 1128 perpetuo

303 1134 478 1170 infidelium
502 1135 582 1171 colla
610 1144 741 1182 premat,
768 1136 814 1170 sic
835 1137 918 1170 enim
947 1136 977 1170 in
997 1137 1055 1171 bo-

302 1201 417 1224 norum
440 1189 604 1224 beneficiis
626 1190 764 1236 plurium
781 1190 818 1224 ad
842 1191 953 1225 merita
970 1202 1056 1225 men-

301 1250 361 1276 tem
390 1243 562 1289 erigimus,
585 1252 615 1278 et
643 1244 674 1278 in
710 1255 878 1289 pravorum
919 1245 1054 1291 poenis,

301 1296 432 1330 caeteris
459 1296 663 1344 delinquendi
699 1297 862 1332 audaciam
903 1298 1056 1345 prohibe-

301 1362 382 1383 mus.
411 1349 455 1383 Ea
483 1357 622 1396 propter,
645 1349 749 1384 dilecti
774 1350 841 1390 filii,
859 1359 951 1397 prout
976 1363 1055 1386 con-

301 1402 385 1436 venit
405 1402 613 1442 attendentes,
636 1403 720 1449 quod
740 1404 770 1438 in
797 1404 964 1439 devotione
991 1405 1055 1440 Ec-

299 1456 412 1491 clesiae
434 1456 516 1491 illam
540 1457 703 1491 studuistis
722 1457 888 1492 observare
910 1466 1054 1493 constan—

301 1509 386 1552 tiam,
408 1509 492 1556 quod
515 1522 574 1544 nec
595 1509 708 1545 damna
724 1522 829 1545 rerum
846 1511 933 1546 vobis
948 1524 1003 1559 per
1016 1512 1052 1547 F.

300 1566 344 1605 (2)
362 1562 483 1598 dictum
512 1564 746 1610 imperatorem,
760 1564 818 1599 Dei
842 1573 871 1599 et
893 1565 1052 1602 Ecclesiae

298 1616 476 1660 inimicum,
499 1617 594 1658 illata,
622 1630 678 1652 nec
705 1618 843 1665 pericula
884 1631 1051 1666 corporum

300 1681 353 1702 vos
374 1680 390 1702 a
412 1669 474 1704 fide
496 1669 589 1704 Sedis
610 1670 813 1716 Apostolicae
840 1681 978 1709 avertere
1003 1687 1054 1720 po-

297 1729 440 1763 tuerunt,
478 1731 508 1757 et
550 1735 727 1770 congruum
763 1725 988 1768 aestimantes,
1018 1737 1053 1763 ut

297 1782 433 1810 castrum
461 1775 691 1818 Recanatense,
724 1778 809 1825 quod
853 1780 892 1814 de
929 1790 1052 1817 caetero

297 1841 367 1863 esse
400 1829 557 1865 civitatem
586 1832 763 1875 statuimus,
785 1840 870 1879 grata
898 1833 1053 1870 honorifi-

297 1883 398 1917 centia
420 1884 619 1923 extollamus,
642 1885 681 1920 de
716 1887 876 1921 communi
920 1887 1050 1924 fratrum

297 1944 476 1971 nostrorum
522 1949 678 1973 consensu
713 1947 745 1973 et
782 1952 911 1975 assensu
953 1950 1052 1978 terrae

297 1997 435 2031 vestrae,-
464 2003 558 2038 quam
596 2004 613 2026 a
656 1992 869 2029 iurisdictione
892 1994 1051 2031 Ecclesiae

296 2043 494 2080 Humanatae
520 2045 703 2090 eximimus,
738 2047 950 2095 episcopalem
973 2061 1073 2084 con-x

296 2098 439 2133 cedimus
457 2098 658 2145 dignitatem:
687 2113 702 2134 a
725 2101 954 2137 maledictionis
981 2103 1051 2139 filiis

297 2152 415 2200 populo
437 2152 633 2198 Auximano,
655 2154 708 2201 qui
737 2154 822 2189 dicto
844 2155 880 2190 F.
901 2156 957 2191 Dei
987 2157 1052 2192 Ec-
1071 2167 1073 2189 ὲ

296 2205 422 2241 clesiam
444 2207 656 2254 persequenti,
689 2207 795 2243 divino
824 2210 934 2245 timore
967 2220 1051 2257 post-

297 2260 409 2306 posito,
437 2259 656 2297 damnabiliter
680 2261 902 2301 adhaeserunt.
936 2264 972 2299 ad
996 2265 1050 2300 Ec·

297 2313 425 2349 clesiam
453 2314 560 2349 Sancti
583 2314 720 2350 Flaviani
756 2315 796 2350 de
834 2315 919 2351 dicto
957 2317 1050 2359 loco,

296 2379 390 2414 quam
414 2368 454 2403 de
480 2377 603 2404 caetero
636 2369 848 2404 cathedralem
883 2382 953 2405 esse
992 2371 1051 2406 de-

297 2422 473 2462 cernimus,
496 2415 708 2458 Auximanam
732 2423 852 2466 sedem,
875 2436 947 2458 cum
982 2437 1051 2460 om—

298 2474 391 2510 nibus
418 2476 538 2511 iuribus
564 2478 648 2520 suis,
675 2477 882 2524 dignitatibus
903 2486 934 2513 et
955 2478 1051 2514 hono-

301 2527 388 2563 ribus
404 2529 638 2566 transferentes.
657 2530 700 2566 lta
725 2540 827 2567 tamen
856 2544 928 2567 cum
951 2545 1051 2580 expc-

333 2598 373 2633 (¹)
389 2598 428 2625 Ex
451 2600 554 2635 Regest.
573 2600 659 2628 Vatic.
676 2600 758 2628 edidit
773 2601 885 2636 Ughell.‚
904 2603 960 2630 ital.
978 2603 1049 2636 Sac„

299 2641 364 2663 tom.
383 2645 402 2667 i,
421 2645 479 2673 pag.
501 2639 573 2666 ¹217.
616 2639 654 2675 (Ξ)
676 2640 839 2668 Fridericum
857 2641 888 2668 ll.

1079 489 1127 516 ‘et
1148 481 1306 517 territorio
1327 482 1394 517 eius
1420 482 1567 524 obtinuit,
1607 483 1768 530 assignare
1789 483 1849 518 ali-

1075 539 1191 583 1¹quam
1216 544 1335 584 partem
1363 537 1563 573 Auximauae
1600 537 1755 574 dioecesis
1792 550 1848 573 va-

1097 590 1229 626 leamus.

1145 644 1229 679 Nulli
1255 657 1329 692 ergo
1351 645 1482 680 omnino
1504 645 1668 680 hominum
1696 654 1747 680 etc.

1146 697 1261 732 Datum
1288 706 1342 732 etc.
1381 698 1549 733 undecimo
1587 699 1736 735 kalendas
1758 700 1847 744 iunii,

1097 764 1180 786 anno
1202 751 1451 799 quartodecimo.

1137 817 1198 847 Dat.
1218 818 1264 848 die
1293 818 1330 847 22
1353 818 1423 848 maii
1444 818 1528 855 1240,
1563 819 1664 857 pontif.
1682 828 1727 849 an.
1751 828 1805 849 xiv.

1435 953 1496 987 LV.

1153 1025 1298 1070 Sequitur
1318 1026 1360 1058 ad
1381 1025 1590 1059 Humanalom
1616 1027 1787 1071 episcopum

1245 1081 1276 1112 in
1302 1080 1382 1112 idem
1407 1087 1623 1124 arqumcntum
1636 1081 1692 1123 (1).

1096 1158 1239 1193 Gregorius
1248 1158 1391 1195 episeopus
1401 1166 1497 1188 servus
1506 1166 1647 1188 servorum
1655 1159 1710 1193 Dei.
1724 1161 1848 1196 episcopo

1397 1207 1550 1237 numanati.

1146 1269 1228 1305 Cum
1272 1269 1347 1305 olim
1386 1270 1586 1317 Apostolicae
1618 1272 1712 1307 Sedis
1742 1273 1849 1320 provi—

1095 1323 1211 1368 dentia,
1233 1324 1326 1359 cuius
1363 1325 1487 1371 praesul
1524 1324 1610 1360 illius
1645 1324 1742 1369 vices,
1776 1325 1848 1361 lieet

1097 1377 1363 1413 insufficientibus
1378 1379 1510 1419 meritis,
1528 1379 1610 1425 gerit
1625 1379 1656 1413 in
1676 1380 1778 1424 terris,
1792 1381 1846 1428 qui

1073 1431 1205 1479 ⁴uuque
1232 1445 1289 1479 pro
1308 1432 1430 1467 meritis
1456 1433 1614 1479 condigna
1642 1433 1847 1469 retributione

1095 1485 1276 1532 respondet,
1299 1486 1338 1521 de
1360 1486 1449 1521 cuius
1473 1486 1620 1522 manibus
1641 1486 1759 1533 pendet
1798 1500 1847 1522 ae-

1094 1539 1222 1585 quitatis
1245 1547 1369 1583 statera,
1391 1540 1604 1574 subiectorum
1626 1540 1767 1576 actiones
1794 1541 1846 1576 iu-

1094 1592 1234 1627 dicantes
1250 1596 1294 1637 (2)
1306 1593 1483 1640 diligenter,
1493 1605 1529 1628 ac
1539 1592 1619 1629 bene
1627 1594 1748 1629 meritis
1756 1603 1786 1629 et
1802 1595 1844 1630 in-

1074 1653 1075 1657 ’
1095 1645 1198 1692 dignis
1212 1647 1298 1682 iuxta
1312 1659 1441 1682 suorum
1452 1655 1579 1682 actuum
1590 1648 1779 1695 exigentiam
1793 1660 1844 1684 re-

1095 1708 1335 1747 compensantes
1347 1703 1403 1745 (5),
1416 1701 1541 1748 utrique
1562 1701 1744 1737 meritorum
1767 1714 1844 1738 suo-

1094 1765 1161 1788 rum
1185 1754 1340 1801 stipendia
1362 1755 1537 1796 inferend03
1560 1755 1663 1790 villam
1693 1756 1844 1792 Auxima-

1094 1819 1165 1842 nam
1193 1816 1321 1855 propter
1355 1808 1588 1853 infidelitatem,
1621 1809 1842 1850 rebellionem,

1093 1870 1123 1896 et
1146 1861 1379 1897 indevotionem
1402 1862 1576 1897 incolarum
1599 1863 1743 1899 eiusdem
1774 1865 1844 1912 epi-

1093 1923 1241 1963 scopatus
1264 1917 1383 1952 honore
1413 1918 1591 1964 privaverit,
1631 1930 1666 1952 ac
1700 1920 1844 1954 statuerit

1092 1971 1176 2017 quod
1199 1979 1336 2006 castrum
1376 1971 1525 2006 Recanati
1564 1971 1605 2006 ob
1644 1972 1841 2008 devotionem

1092 2032 1122 2059 et
1144 2024 1323 2059 fidelitatem
1347 2025 1554 2061 habitantium
1568 2026 1598 2060 in
1613 2025 1737 2066 eodem,
1757 2027 1841 2074 quod

1071 2086 1073 2110 ὲ
1092 2086 1156 2112 erat
1180 2077 1351 2113 Humanati
1374 2078 1532 2114 Ecclesiae
1549 2078 1754 2115 dioecesanae
1771 2081 1843 2115 sub-

1071 2131 1219 2175 :iectum,
1247 2131 1428 2167 huiusmodi
1457 2133 1575 2168 lionorc
1609 2134 1756 2182 polleret;
1784 2147 1842 2169 nos

1071 2195 1073 2224 ξ
1093 2184 1123 2218 in
1147 2187 1472 2232 recompensationem
1496 2187 1569 2222 dicti
1583 2188 1674 2222 castri
1697 2188 1842 2235 spiritua·

1070 2229 1073 2287 l
1093 2238 1132 2272 lia
1156 2247 1185 2273 et
1212 2240 1396 2286 temporalia
1414 2241 1492 2281 iura,
1514 2242 1643 2288 quaein
1666 2242 1733 2289 ipsa
1758 2242 1839 2280 villa.

1070 2290 1122 2352 'et
1143 2292 1223 2327 circa
1243 2306 1311 2328 eam
1346 2294 1506 2341 quondam
1546 2296 1740 2331 auximanus
1772 2297 1840 2344 epi·

1071 2362 1072 2367 ¹
1092 2359 1207 2393 scopus
1230 2348 1374 2392 habebat,
1396 2349 1538 2384 eiusdem
1566 2350 1631 2392 tibi,
1653 2358 1683 2385 et
1722 2363 1777 2397 pro
1809 2360 1840 2388 te

1092 2400 1192 2435 dictae
1232 2401 1401 2437 Humanati
1443 2403 1605 2439 Ecclesiae
1655 2406 1840 2441 auctoritate

1091 2454 1263 2501 apostolica
1274 2457 1449 2492 concedere
1459 2460 1504 2502 (4)
1514 2458 1543 2492 in
1557 2465 1744 2505 perpetuum
1753 2471 1840 2494 eam-

1127 2525 1165 2558 (¹)
1187 2525 1224 2551 Ex
1243 2525 1348 2561 Regest.
1369 2527 1452 2554 Vatic.
1468 2527 1549 2554 edidit
1566 2527 1678 2562 Ugheli.‚
1697 2529 1753 2555 Ital.
1767 2530 1838 2561 Sao„

1092 2565 1155 2589 tom.
1173 2571 1192 2594 1,
1210 2572 1268 2599 pag.
1291 2566 1367 2598 ¹217,
1393 2566 1465 2593 1218.
1506 2568 1545 2602 (Ξ)
1565 2567 1684 2595 Forsitan
1701 2568 1839 2604 legendum

1092 2605 1223 2630 iudicans.
1263 2605 1303 2640 (5)
1330 2606 1448 2633 Forsitan
1475 2615 1680 2641 recompensans.
1720 2610 1759 2645 (ln)
1775 2609 1837 2646 Leg.

1091 2646 1268 2672 concedimus.
