2129 3223
79 274 130 304 An.
146 277 166 307 C
195 279 261 306 ¹¹95

76 333 114 384 '⁸¹
137 336 203 372 rvi-‘¹²5’
218 336 249 372 {²¹5
274 333 393 368 ratione
414 332 546 372 inducti.

84 370 149 386 etl5fl⁰
168 372 258 388 immicis

855 278 1069 302 COBLESTtNus
1091 279 1127 301 ΙΙΙ
1151 280 1200 302 PP.

1715 273 1760 307 89

568 332 726 367 universis
751 331 839 367 orbis
863 331 1022 378 principi·
1061 339 1092 365 et
1109 334 1266 380 episcopis
1292 335 1466 373 districtius
1487 338 1675 379 iniunxisse,
1698 348 1731 374 ut
1754 352 1809 376 eo·

75 382 331 422 remitit-nane,ffll1us
357 382 387 416 in
411 382 627 416 remissionem
652 381 847 416 iniunximus
869 388 1021 427 peccato—
1062 393 1130 415 rum
1159 391 1278 424 terras,
1314 386 1366 431 qui
1404 395 1632 422 contumaciter
1666 389 1808 436 incaepto

75 427 257 485 ἓῇᾞζζωξζζ
272 443 352 472 rum,
381 438 414 465 ut
435 430 534 464 divini
559 430 675 465 amoris
696 438 723 464 et
742 430 885 476 propriae
911 430 1020 464 salutis

251 476 396 519 'intuitu,
417 479 442 514 si
465 480 538 526 quis
552 480 700 514 adversus
719 478 856 525 aliquem
873 478 1018 525 concepit

267 529 405 577 qualibet
432 529 598 563 occasione
625 539 809 572 rancorem,
832 535 862 562 et
896 529 920 562 si
943 528 1018 562 des-

267 579 386 625 pexerit
415 577 546 617 bomini,
573 576 713 612 Creatori
735 576 881 617 dimittat,
909 589 948 612 ne
974 577 1018 611 ul-

266 628 363 662 terius
402 626 605 661 tlissentiendi
641 625 679 660 ad
720 625 854 660 invicem
894 626 1016 660 occasio

266 676 469 723 praebeatur,
503 686 584 722 quae
611 675 783 718 hactenus,
810 682 840 709 et
868 675 1014 710 victoriae

265 725 367 766 nobis,
403 733 434 759 ut
462 726 571 768 nostis,
607 731 778 771 proventus
811 723 949 764 abstulit,
984 733 1013 758 et

264 775 419 809 maximae
453 773 646 808 multitudini
680 772 799 819 absque
835 772 898 807 ullo
924 784 1012 807 com-

263 823 358 858 modo
380 822 551 870 periculum
577 823 686 857 mortis
721 821 860 861 induxit,
895 830 925 856 et
947 830 1011 857 toto

261 872 356 906 animi
379 871 483 907 studio
505 871 533 905 id
562 871 642 905 inter
663 883 696 905 se
719 870 841 905 consilii
869 872 1010 916 recipere

262 930 443 967 procurent,
477 931 562 967 quo,
590 928 620 954 et
647 920 769 954 interim
796 919 896 954 valeat
931 919 1008 953 illud

262 970 416 1005 tantillum
444 976 544 1004 terrae
565 968 692 1003 Domini
727 968 897 1016 portionis,
929 981 1009 1014 quae

259 1017 362 1053 adhuc
383 1019 442 1053 sub
459 1018 702 1053 christianorum
720 1025 872 1064 potestate
886 1025 1009 1052 tenetur

259 1080 318 1103 nec
339 1079 558 1115 perversorum
587 1066 732 1101 manibus
753 1074 937 1112 occupatur,
959 1067 1008 1101 in-

258 1128 414 1152 concusse
435 1116 564 1157 servari,
585 1123 617 1150 et
638 1124 745 1150 contra
761 1116 929 1162 impiorum
948 1117 1007 1149 irn-

258 1173 351 1212 petus
376 1166 444 1200 sine
466 1164 572 1212 aliquo
594 1176 707 1211 pavore
734 1164 873 1207 (tetendi,
896 1172 924 1198 et
954 1177 1007 1198 ac-

258 1216 404 1261 cingatur
429 1214 534 1250 denuo
556 1213 725 1248 multitudo
747 1213 902 1256 fidelium,
927 1225 1007 1259 quae

259 1262 333 1298 illuc
365 1262 426 1298 sub
463 1262 569 1298 debita
608 1269 639 1296 et
673 1261 785 1296 devota
829 1260 1006 1297 bumilitate

258 1312 351 1352 itura,
373 1320 467 1347 totam
491 1311 591 1358 possit
611 1319 738 1351 terram,
759 1319 788 1345 et
802 1310 1004 1357 sepulchrum

257 1360 467 1401 dominicum,
493 1360 616 1395 devicto
631 1367 660 1394 et
672 1359 857 1394 conculcato
880 1360 1006 1406 penitus

257 1410 481 1457 occupantium
505 1409 621 1452 tumre,
648 1407 791 1442 liberare.

304 1459 354 1493 Ad
382 1459 459 1493 haec
480 1458 573 1493 etiam
600 1458 674 1504 quia
696 1468 734 1492 ex
761 1457 821 1491 hoc
842 1456 947 1498 nobis,
975 1465 1006 1493 et

257 1507 406 1543 universo
432 1507 549 1554 populo
570 1507 745 1542 christiano
766 1505 898 1540 nimium
922 1514 1005 1542 eiu-

256 1563 343 1603 perat
376 1568 467 1592 causa
500 1555 605 1599 fletus,
640 1563 670 1590 et
706 1554 819 1589 tristari
853 1554 1006 1591 debemus

255 1605 404 1640 omnibus
429 1604 544 1645 modis,
575 1617 638 1639 non
662 1605 787 1645 laetar53
818 1603 893 1638 dum
917 1605 1006 1640 vide-

254 1654 328 1689 licet
349 1662 449 1695 terra,
483 1653 534 1688 ubi
561 1661 716 1688 steterunt
745 1653 843 1700 pedes
866 1652 1005 1695 Domini,

255 1711 286 1738 et
311 1703 421 1738 salutis
443 1710 567 1738 nostrae
589 1711 662 1736 sunt
683 1710 875 1737 sacramenta
901 1712 1007 1749 patra-

256 1760 306 1797 ta,
335 1751 500 1799 gentilium
530 1751 794 1798 occupationibus
829 1751 1004 1786 detinetur:

257 1809 484 1844 torneamenta,
505 1813 586 1848 quae
609 1813 701 1835 causa
724 1801 859 1834 laetitiae
883 1801 1005 1835 inventa

255 1850 393 1890 fuerunt,
421 1858 452 1884 et
479 1850 614 1884 tironum
644 1848 838 1884 exercendae
866 1849 1006 1893 virtutis,

257 1900 389 1946 penitus
415 1898 617 1937 inhibemus,
659 1907 689 1932 ut
727 1899 778 1944 qui
806 1910 840 1932 se
874 1898 1007 1932 voluerit

255 1959 415 1987 exercere,
441 1947 480 1982 ad
507 1955 619 1981 terram
656 1946 741 1981 illam
768 1948 914 1988 ascedat,
938 1947 1005 1987 ubi,

256 2005 286 2031 et
307 1996 430 2031 animae
451 1997 550 2031 virtus
576 1996 705 2030 viriliter
737 1997 849 2042 poterit
893 2008 929 2030 ac
956 2009 1007 2030 sa-

59 2045 388 2098 uilssss'llffitstub‘fle‘
414 2044 635 2079 demonstrari.
666 2043 782 2079 Taliter
809 2045 903 2079 etiam
932 2046 1007 2079 uni-

59 2108 163 2128 neemiae.
256 2094 308 2128 tati
343 2101 373 2129 et
401 2094 487 2139 pacis
508 2093 694 2128 concordiae
715 2093 754 2128 atl
776 2093 912 2128 invicem
941 2107 1008 2140 pro-

255 2152 368 2178 curent
395 2141 576 2186 intendere,
600 2150 632 2176 ut
659 2143 765 2176 nullus
787 2143 845 2184 sit,
873 2142 927 2189 qui
950 2142 1007 2177 ad-

256 2204 367 2226 versus
384 2191 478 2226 alium
501 2203 645 2237 guerram
662 2191 816 2230 intendat,
842 2193 889 2226 vel
912 2192 1008 2226 armis

257 2240 401 2276 iniuriam
439 2239 552 2275 audeat
580 2241 774 2286 propulsare.
812 2240 876 2275 Sed
919 2252 1008 2275 com-

257 2290 394 2324 muniter
421 2289 526 2336 potius
554 2289 718 2332 studeant,
745 2301 826 2336 quae
848 2289 1007 2324 dissiden—

257 2339 336 2374 tium
364 2339 488 2373 animos
518 2337 624 2372 studio
656 2349 692 2372 ac
717 2337 824 2373 labore
862 2338 1006 2384 diligenti

257 2387 440 2422 reforment.

305 2435 339 2472 Si
364 2437 436 2483 quis
459 2447 542 2476 vero,
565 2434 648 2482 quod
663 2447 726 2470 non
749 2435 921 2480 credimus,
948 2436 1005 2471 Dei

60 2483 174 2536 „22:113
184 2484 243 2535 ’Ἓξ
259 2485 371 2521 timore
395 2487 581 2532 postposito,
608 2493 638 2518 et
661 2486 831 2519 reverentia
854 2493 959 2520 nostra
978 2494 1009 2520 et

69 2549 232 2580 cptemperave-
258 2534 330 2570 fidei
362 2535 550 2569 christianae
581 2541 773 2580 contempta,
806 2543 912 2569 contra
949 2534 1008 2569 hoc

61 2580 236 2627 2¹ss¹gussi¹f⁰m¹¹¹¹¹
259 2595 351 2629 agere
381 2584 485 2630 aliqua
529 2583 704 2617 temeritate
741 2583 1008 2630 praesumpserit,

259 2633 380 2667 noverit
404 2644 461 2666 nos
483 2632 586 2671 vobis,
616 2640 644 2665 et
666 2630 738 2665 aliis
761 2631 1009 2679 archiepiscopis

382 2688 458 2718 Ball.
479 2687 556 2717 Rom.
586 2687 641 2716 t'ol.
661 2687 712 2716 III.
905 2687 941 2708 Ν)

77 1797 103 1819 To
107 1800 228 1819 momenta

80 1828 225 1856 relinquenda.

1061 430 1240 466 huiusmodi
1270 432 1419 469 duxerint
1452 436 1674 477 insistendum,
1709 440 1808 474 inter-

1059 479 1144 533 dicto
1157 482 1372 518 ecclesiastico
1391 487 1589 530 supponatis,
1611 495 1641 521 et
1657 500 1807 533 personas

1058 536 1166 572 ettam,
1189 531 1213 565 si
1236 542 1316 577 opus
1339 532 1447 579 fuerit,
1469 538 1805 574 excommunicationis

1058 578 1184 613 vinculo
1211 582 1410 627 astringatis,
1444 591 1475 617 et
1496 583 1618 619 faciatis
1640 594 1803 634 utramque

1055 629 1243 663 senteutiam
1267 630 1486 666 inviolabiliter
1507 633 1675 669 observari.
1705 635 1802 672 Vobis

1054 687 1129 730 ergo
1152 689 1206 723 per
1231 679 1402 725 apostolica
1420 682 1534 728 scripta
1556 683 1695 719 districte
1711 698 1801 733 prae-

1053 726 1201 771 cipiendo
1215 729 1402 764 mandamus
1419 738 1578 776 quatenus
1595 732 1633 766 ad
1656 745 1703 778 ea,
1722 747 1801 781 quae

1055 774 1277 820 praediximus,
1305 777 1450 813 celeriter
1475 779 1687 827 adimplenda,
1714 785 1799 818 omni

1053 823 1195 859 tarditate
1241 834 1271 860 et
1305 828 1552 863 contradictione
1598 833 1798 878 postpositis,

1053 884 1106 906 vos
1139 873 1326 919 accingatis,
1354 883 1385 910 et
1417 877 1570 913 studeatis
1603 891 1658 925 per
1684 889 1800 916 vestras

1050 920 1222 966 dioeceses,
1248 923 1398 959 dilatione
1423 933 1454 959 et
1486 927 1696 973 appellatione
1728 942 1799 965 ces-

1049 982 1138 1010 sante
1152 1002 1160 1015 ,
1182 975 1211 1010 id
1235 978 1413 1013 executioni
1440 980 1601 1015 mandare.

1098 1028 1212 1063 Datum
1234 1029 1353 1066 Rornae
1374 1032 1456 1079 apud
1483 1033 1634 1070 Sanctum
1656 1035 1797 1081 Petrum,

1049 1082 1140 1117 tertio
1180 1082 1252 1118 idus
1286 1084 1436 1127 ianuarii,
1465 1088 1666 1134 pontificatus
1701 1091 1797 1126 nostri

1047 1147 1130 1170 anno
1152 1137 1305 1172 secundo.
1738 1152 1749 1161 ·

1086 1191 1146 1222 Dat.
1166 1193 1213 1223 dle
1232 1193 1265 1223 11
1288 1195 1415 1227 ianuarii
1439 1207 1514 1228 anno
1529 1197 1646 1230 Domini
1663 1196 1751 1238 1193,

1302 1241 1403 1280 pontif.
1427 1251 1503 1273 anuo
1521 1246 1551 1274 Π.

1380 1410 1462 1448 XIII.

1049 1488 1249 1539 Confirmatio
1283 1496 1432 1529 bonorum
1459 1499 1613 1537 omnium,
1640 1510 1677 1533 ac
1699 1501 1800 1545 privi-

1097 1547 1247 1592 legiorum
1272 1550 1421 1583 concessio
1446 1552 1632 1585 monasterio
1660 1554 1697 1587 S.
1730 1554 1800 1587 Mu-

1095 1601 1162 1635 riae
1202 1602 1238 1635 de
1279 1602 1429 1637 Ferraria
1466 1605 1586 1638 ordinis
1627 1605 1797 1641 Ci'scercien.

1100 1650 1251 1688 Theanen.
1283 1656 1424 1690 dioecesis
1451 1659 1513 1699 (l).

1316 1728 1532 1765 summumst

1047 1797 1214 1828 Exordium.
1237 1814 1274 1821 —
1296 1798 1459 1828 Ecclesiam
1483 1798 1512 1830 S.
1535 1799 1642 1831 Mariae
1669 1802 1703 1832 de
1725 1801 1798 1832 Fer-

1087 1842 1162 1872 raria
1196 1842 1250 1872 sub
1282 1841 1366 1871 Sedis
1399 1843 1585 1882 Apostolicae
1621 1848 1800 1883 protectione

1086 1886 1199 1923 recipit.
1225 1902 1264 1909 -
1285 1885 1386 1916 Eidem
1409 1885 1484 1917 bona
1509 1889 1605 1918 omnia
1635 1890 1799 1920 confirmat.

1086 1929 1220 1965 -Quae
1246 1932 1349 1969 partim
1377 1931 1504 1970 propriis
1528 1932 1680 1963 vocabulis
1706 1935 1800 1972 expri-

1086 1975 1149 2003 mit.
1170 1990 1210 1996 —
1226 1974 1248 2004 A
1268 1974 1449 2005 decimarum
1464 1975 1610 2006 solutione
1622 1978 1731 2014 eximit,
1748 1983 1798 2008 εἰς.

1085 2034 1125 2040 -
1151 2017 1227 2048 Infra
1260 2018 1410 2056 locorum,
1436 2029 1488 2050 seu
1508 2021 1696 2058 grangiarum
1718 2023 1798 2051 eius-

1087 2062 1153 2092 dem
1170 2063 1343 2093 monasterii
1358 2063 1501 2094 ambitum
1521 2064 1669 2103 quaslibet
1689 2066 1798 2095 violen-

1088 2107 1142 2136 tias
1161 2108 1289 2137 exerceri
1310 2107 1451 2146 prohibet.
1474 2119 1513 2131 .›>-›
1530 2107 1742 2138 conclusiones
1772 2115 1799 2138 et

1086 2150 1240 2180 clausulae
1267 2158 1436 2181 consuetae.
1458 2163 1498 2175 ·-
1523 2151 1678 2182 Coelestini
1705 2152 1757 2182 t‘P.
1772 2158 1799 2182 et

1089 2193 1116 2222 S.
1143 2194 1176 2224 R.
1198 2193 1277 2224 Eccl.
1299 2196 1494 2226 cardinalium
1518 2196 1765 2236 subscriptiones.

1048 2269 1215 2298 coelestinus
1232 2270 1374 2306 opiscopus
1398 2273 1492 2300 sei-vus
1511 2277 1649 2300 servorum
1667 2265 1724 2304 Det.
1758 2271 1800 2300 dl-

1092 2317 1171 2347 lectis
1189 2318 1256 2348 filiis
1274 2319 1381 2348 nicolao
1400 2320 1494 2348 abbati
1514 2320 1629 2348 sanotae
1652 2320 1752 2348 Martae
1768 2321 1800 2348 de

1092 2362 1227 2397 fieri-aria.
1255 2368 1364 2404 eiusque
1381 2367 1517 2398 fratribus
1535 2369 1595 2398 tam
1613 2368 1800 2405 praesentibus

1093 2422 1173 2452 quam
1192 2416 1309 2450 futuris.
1329 2417 1358 2447 in
1375 2418 1547 2454 perpetuum.

1097 2487 1290 2534 Religiosam
1320 2488 1413 2523 vitam
1443 2489 1632 2535 eligentibus
1668 2498 1798 2536 aposto-

1049 2537 1144 2571 licum
1179 2538 1324 2572 convenit
1363 2538 1474 2573 adesse
1511 2538 1719 2584 praesidium,
1760 2552 1798 2575 ne

1085 2611 1123 2645 (l)
1142 2610 1180 2637 Ab
1190 2610 1333 2646 exemplari
1345 2611 1507 2645 exscriptum
1519 2610 1601 2638 edidit
1611 2610 1725 2646 Ughett.‚
1738 2612 1796 2639 ttal.

1028 2661 1030 2665 ·
1049 2649 1120 2679 Suc..
1139 2654 1202 2677 tom.
1221 2659 1247 2677 vi
1278 2650 1321 2677 ubi
1338 2651 1370 2678 de
1390 2650 1522 2678 Theanen.
1549 2650 1674 2685 Ecclesia,
1693 2661 1718 2679 n.
1737 2660 1797 2681 xiv-

1825 282 1875 309 An.
1896 283 1924 310 C.
1940 284 2006 310 ¹¹93

1843 2498 1962 2521 Exordium.
