2129 3223
57 267 108 296 An.
125 267 156 296 c.
171 267 238 295 {258

58 1450 124 1478 &put
131 1453 226 1476 alterum,

859 272 1052 296 Ataxarmnn
1083 272 1117 295 lv
1149 273 1197 295 PP.

1667 262 1736 295 667
1805 273 1854 299 An.
1872 273 1901 300 c.
1917 273 1983 299 im

251 323 401 365 vandum,
424 331 458 358 ut
484 324 661 364 haereticis,
688 324 902 367 credentibus,
930 326 998 361 i'au-
1040 328 1185 372 Sequitur
1210 329 1274 361 alia
1306 330 1477 362 constitutio
1505 340 1594 374 super
1617 340 1786 374 poenarum

252 373 385 414 toribus,
424 374 672 420 receptatoribus
711 382 741 409 et
779 375 996 410 defensoribus

250 423 478 458 haereticorum
498 423 650 469 ipsorum,
673 423 711 457 ad
735 424 915 459 mandatum
935 424 997 460 Ec·

249 471 362 508 clesiae
388 471 608 515 redeuntibus,
634 471 693 506 sub
719 481 802 507 certa
830 485 928 520 poena
946 485 996 519 pe-

249 521 388 556 cuniaria
417 521 497 555 inter
517 530 652 561 caetera,
686 533 766 568 quae
800 522 995 568 iniungenda

248 569 377 610 fuerint,
404 569 574 616 iniungatis
600 569 751 611 districte,
786 571 868 617 quod
901 571 993 606 fidem

248 618 434 654 catholicam
463 618 594 653 firmiter
621 627 765 663 teneant,
799 628 830 654 et
865 620 995 655 ulterius

249 667 412 702 haereticis
446 667 522 715 ipsis
556 667 725 707 auxilium,
762 670 929 703 consilium
964 678 994 704 et

248 716 383 752 favorem
406 716 540 763 aliquem
564 729 625 751 non
652 717 847 763 impendant,
870 730 992 753 necnon

247 765 403 800 Ecclesiae
426 765 581 800 mandatis
599 765 759 807 obediant,
771 775 801 801 et
815 767 993 807 observent,

246 825 327 862 quae
349 815 394 849 eis
421 814 568 855 feceritis,
590 816 638 849 vel
657 827 741 850 unus
768 825 917 855 vestrum,
940 829 994 851 oc-

246 863 373 899 casione
391 863 490 911 ipsius
516 863 689 899 haereticae
710 865 880 910 pravitatis,
903 874 934 900 et
954 866 994 900 ab

245 912 366 948 eisdem
388 913 492 948 cautio
518 913 672 960 exigatur.
691 914 756 948 Nos
777 924 882 950 autem
907 915 994 949 robis

245 970 274 997 et
300 961 433 1008 singulis
455 969 611 1003 vestrum,
640 963 772 1008 cogendi
797 976 851 1010 per
877 975 994 998 censu-

244 1023 310 1046 ram
343 1010 597 1055 ecclesiasticam,
617 1012 827 1059 appellatione
859 1021 992 1053 remota,

244 1068 305 1095 tam
329 1059 496 1095 redeuntes
519 1061 616 1108 ipsos,
639 1073 733 1108 quam
749 1070 779 1096 et
800 1062 993 1106 defensores,

243 1110 269 1144 si
291 1110 478 1156 oportuerit,
505 1110 704 1150 eorumdem,
737 1110 775 1144 ad
807 1112 993 1157 praestatio-

243 1170 316 1193 nem
343 1158 391 1193 vel
427 1159 616 1194 solutionem
650 1159 829 1194 huiusmodi
859 1172 993 1206 poenae,

243 1207 396 1254 :id-quam
419 1219 452 1242 se
480 1207 699 1254 obligaverint,
731 1208 768 1253 si,
794 1209 877 1256 quod
898 1209 992 1250 absit,

243 1257 276 1291 in
292 1255 408 1292 dictam
432 1269 564 1304 poenam
582 1257 760 1302 inciderint,
783 1260 905 1305 plenam
920 1270 993 1293 con-

243 1305 386 1341 cedimus
419 1306 601 1341 auctoritate
625 1308 851 1354 praesentium,
888 1307 993 1342 facul-

243 1362 348 1390 talem.

291 1403 311 1451 g
331 1408 365 1438 2.
387 1404 526 1439 Pecunia
544 1416 628 1439 vero.
656 1416 737 1451 quae
752 1404 791 1439 de
808 1405 990 1439 huiusmodi

243 1454 372 1500 poenis,
404 1453 450 1488 vel
478 1465 515 1488 ex
551 1454 639 1488 tertia
668 1462 754 1500 parte
781 1454 990 1494 muletarum,

240 1502 290 1538 vel
312 1502 612 1537 condemnationum
635 1503 864 1549 exigendarum
882 1516 899 1537 a
921 1503 992 1550 qui-

240 1554 380 1591 buslibet
407 1556 550 1602 personis
577 1564 607 1591 et
628 1556 718 1597 locis,
753 1569 809 1592 seu
833 1557 989 1592 bonorum

239 1609 580 1656 apprehendendorum
596 1638 604 1651 ‚
644 1610 809 1646 occasione
851 1611 990 1645 haeresis

239 1663 288 1698 vel
301 1662 544 1707 haereticorum,
562 1663 738 1698 secundum
754 1672 896 1699 tenorem
913 1676 990 1698 con-

239 1716 439 1752 stitutIOnum
467 1725 644 1752 nostrarum
681 1720 777 1764 (quas
806 1718 837 1752 in
860 1717 989 1752 eosdem

238 1769 427 1814 haereticos,
458 1769 594 1805 fautores
621 1782 748 1814 eorum,
770 1778 800 1805 et
822 1771 899 1805 alios
918 1783 990 1817 pro-

238 1823 412 1870 mulgatas,
440 1824 471 1857 in
499 1823 724 1870 capitularibus
759 1825 917 1858 civitatum
960 1832 990 1858 et

239 1875 380 1912 locorum
407 1876 540 1912 aliorum
574 1877 729 1911 conscribi
754 1877 989 1921 mandavimus)

238 1930 318 1965 forte
351 1933 547 1977 pervenerit,
585 1943 684 1977 penes
720 1939 782 1965 tres
814 1931 895 1966 viros
930 1931 990 1966 fide

239 1982 388 2031 probatos
418 1996 435 2018 a
471 1983 579 2027 vobis,
613 1991 642 2018 et
676 1996 692 2019 a
715 1983 914 2026 dioecesano,
943 1986 990 2020 vel

238 2037 381 2072 eiusdem
403 2037 538 2079 vicario,
571 2037 596 2071 si
633 2037 714 2072 idem
749 2050 898 2086 praesens
925 2051 988 2074 non

239 2090 343 2131 fuerit,
364 2090 540 2137 eligendos,
562 2090 738 2137 deponatur
758 2091 894 2126 fideliter
912 2105 989 2128 con-

238 2143 403 2184 servanda,
429 2151 459 2179 et
480 2143 520 2178 de
541 2143 592 2178 illa
620 2144 708 2179 robis
729 2152 761 2180 et
782 2146 915 2192 singulis
935 2159 989 2181 ve-

237 2206 338 2233 strum
367 2198 561 2233 necessariae
587 2197 624 2233 ad
657 2199 908 2245 prosecutionem
932 2212 990 2235 ne-

237 2251 313 2299 gotii
335 2260 443 2287 contra
466 2251 640 2286 haereticos
661 2264 819 2299 expensae
840 2254 910 2288 sine
929 2254 990 2289 dif-

238 2304 378 2340 ficultate
394 2304 497 2352 aliqua
525 2304 564 2339 de
594 2304 695 2352 ipsius
716 2306 894 2342 dioecesani
917 2320 990 2342 con-

237 2357 308 2393 silio
329 2358 557 2398 ministrentur,
579 2366 609 2393 et
627 2358 731 2394 eidem
749 2359 936 2396 dioecesano
951 2361 989 2396 de

238 2413 288 2456 iis,
314 2424 395 2460 quae
417 2412 551 2460 expendi
575 2412 754 2459 contigerit,
776 2414 905 2449 rationis
921 2414 990 2462 ple-

237 2466 344 2501 nariae
369 2465 471 2501 fidelis
497 2466 692 2513 computatio
715 2475 900 2514 exponatur.

286 2518 403 2555 Datum
442 2519 603 2566 Anagniae
643 2518 748 2553 idibus
784 2520 964 2557 novembris
979 2549 986 2562 ‚

239 2571 441 2619 pontificatus
462 2573 559 2608 nostri
583 2583 664 2606 anno
686 2580 807 2618 quarto.

278 2633 339 2664 Dat.
363 2635 410 2664 die
436 2635 470 2665 13
485 2643 599 2665 novem.
616 2632 701 2670 1258,
719 2637 798 2672 pont.
816 2643 892 2665 anno
910 2644 947 2666 rv-

1086 378 1252 410 exactione.

1305 446 1519 477 summanum

1038 507 1064 536 1.
1082 506 1237 537 Nonnullis
1267 516 1318 546 pro
1340 509 1442 546 poenis
1471 508 1528 538 sibi
1551 509 1692 539 iniunctis
1714 509 1786 539 fide-

1076 551 1218 581 iussorias
1245 552 1398 581 cautiones
1429 553 1658 592 praestantibus,
1688 570 1728 576 —
1759 554 1784 584 Ξ.

1075 595 1156 634 Exigi
1179 597 1280 626 statuit
1303 596 1472 626 huiusmodi
1492 599 1653 627 cautiones.

1035 662 1184 692 Alexander
1195 663 1336 698 episcopus
1346 670 1441 692 servus
1453 670 1591 693 sorvorum
1605 664 1661 697 Dai.
1677 664 1786 693 anoctis

1078 710 1143 740 filiis
1162 710 1300 740 fratribus
1311 712 1344 740 do
1364 711 1456 741 ordina
1474 711 1616 746 minorum,
1636 713 1784 749 inquisito-

1079 760 1154 789 ribus
1172 761 1328 790 haereticae
1338 761 1491 797 pravitatis
1505 762 1533 790 in
1544 762 1784 791 administratione

1079 810 1107 838 B.
1141 809 1286 842 Francisci.
1307 810 1426 838 salutem
1445 812 1474 839 et
1493 812 1669 847 apostolicam
1703 811 1784 839 bene-

1078 859 1234 888 dictionem.

1083 921 1104 969 S
1126 924 1156 955 1.
1179 921 1227 956 Ad
1251 921 1443 957 audientiam
1464 931 1601 958 nostram
1630 927 1783 971 pervenit,
1811 931 1922 975 Nonnnssjf
1945 939 1982 967 ξω

1035 970 1119 1015 quod
1156 971 1297 1006 nonnulli
1333 971 1372 1006 de
1405 971 1676 1009 administratione
1702 974 1782 1010 beati
1798 963 1876 1014 i’ffii
1889 964 1983 1014 iiiiii]

1034 1019 1195 1055 Francisci
1223 1021 1320 1055 notati
1347 1029 1378 1055 et
1403 1023 1542 1068 suspecti
1570 1022 1610 1058 de
1629 1022 1782 1059 haeretica
1798 1024 1982 1075 ⁵ii¹sss⁵iiiiiii12⁰⁵

1037 1070 1197 1115 pravitate,
1220 1082 1255 1104 ac
1275 1069 1413 1104 fautores
1426 1079 1454 1105 et
1478 1079 1688 1118 receptatores
1710 1074 1784 1108 liae·
1798 1060 1810 1080 Ρ
1947 1070 1968 1076 ”

1036 1118 1214 1161 reticorum,
1235 1119 1273 1153 ad
1296 1118 1477 1154 mandatum
1491 1119 1654 1156 Ecclesiae
1670 1122 1785 1157 redeu-

1036 1175 1119 1207 ntes,
1163 1167 1321 1203 interdum
1355 1180 1388 1202 se
1425 1168 1565 1215 obligant
1599 1170 1658 1205 sub
1690 1173 1784 1207 certis

1037 1217 1146 1262 poenis
1168 1217 1205 1251 ad
1228 1217 1403 1264 parendum
1425 1218 1581 1253 mandatis
1603 1219 1784 1264 Ecclesiae,

1034 1274 1064 1300 et
1091 1278 1187 1313 super
1205 1266 1265 1301 hoc
1292 1275 1450 1313 praestant
1466 1267 1553 1302 vobis
1574 1268 1786 1305 fideiussorias

1034 1315 1216 1353 cautiones.
1255 1328 1389 1362 quorum
1429 1317 1570 1351 nonnulli
1606 1319 1761 1354 mandatis
1777 1347 1784 1355 ,

1034 1376 1115 1410 quae
1136 1364 1213 1410 ipsis
1235 1364 1351 1404 facitis,
1378 1377 1487 1411 parere
1509 1375 1664 1401 recusant.

1082 1413 1102 1460 g
1129 1417 1161 1447 2.
1194 1413 1275 1454 Quia
1304 1426 1376 1448 vero
1411 1415 1507 1448 nostri
1541 1415 1631 1450 decet
1658 1418 1786 1464 apposi-
1810 1425 1869 1460 Epist
1911 1429 1981 1460 §¹³¹³ss

1034 1461 1118 1496 tione
1140 1462 1262 1496 consilii
1289 1475 1385 1509 super
1412 1462 1472 1497 hoc
1490 1464 1657 1500 salubriter
1680 1467 1786 1513 provi·
1797 1456 1981 1509 fflffifffflffl‘

1033 1510 1121 1554 dere,
1148 1510 1329 1546 discretioni
1366 1520 1485 1547 vestrae
1522 1526 1578 1560 per
1612 1516 1785 1562 apostolica

1033 1561 1148 1607 scripta
1171 1560 1377 1604 mandamus,
1410 1571 1565 1609 quatenus
1588 1564 1664 1599 tales
1695 1573 1725 1599 et
1747 1565 1786 1599 fi-

1032 1609 1212 1644 deiussores
1238 1622 1365 1649 eorum,
1402 1611 1486 1657 quod
1518 1612 1673 1648 mandatis
1697 1613 1785 1649 factis

1032 1659 1078 1693 eis
1105 1671 1162 1706 per
1188 1671 1242 1693 vos
1270 1667 1301 1694 et
1328 1659 1479 1694 faciendis
1513 1670 1652 1708 pareant,
1680 1664 1785 1698 moni·

1033 1708 1117 1742 tione
1145 1708 1328 1755 praemissa,
1351 1720 1404 1755 per
1423 1709 1655 1756 impositionem
1678 1719 1708 1745 et
1729 1724 1785 1746 ex-

1032 1757 1187 1791 actionem
1211 1769 1395 1803 poenarum,
1419 1758 1455 1792 ad
1475 1770 1556 1805 quae
1578 1772 1611 1794 se
1631 1760 1783 1807 obligant.

1032 1813 1062 1840 et
1084 1806 1177 1840 etiam
1195 1818 1249 1853 per
1262 1818 1428 1842 censuram
1451 1808 1705 1851 ecclesiasticam,
1731 1822 1783 1857 ap-

1032 1854 1201 1901 pellatione
1237 1863 1365 1897 remota,
1402 1857 1535 1903 cogatis:
1570 1858 1714 1894 invocato
1744 1860 1782 1894 ad

1033 1905 1103 1944 hoc,
1126 1904 1151 1939 si
1171 1917 1252 1952 opus
1268 1905 1373 1950 suerit,
1388 1906 1506 1941 auxilio
1528 1907 1646 1943 brachii
1669 1920 1783 1944 saecu—

1033 1953 1115 1988 laris.

1080 2011 1195 2046 Datum
1224 2012 1387 2059 Anagniae
1409 2013 1531 2049 decimo
1558 2014 1707 2050 kalendas
1736 2015 1783 2051 fe-

1032 2059 1161 2101 bruarii,
1185 2062 1386 2109 pontificatus
1408 2064 1506 2098 nostri
1528 2076 1611 2100 anno
1637 2074 1736 2100 sexto.

1061 2117 1122 2148 Dat.
1138 2118 1184 2148 die
1199 2118 1238 2149 23
1252 2120 1378 2150 ianuarii
1400 2120 1485 2157 1260,
1500 2121 1602 2161 pontif.
1622 2132 1698 2152 anno
1715 2131 1752 2152 vr.

1342 2246 1452 2280 Xle.

1034 2316 1125 2355 Quod
1147 2317 1285 2360 praelati
1317 2318 1527 2357 ecclesiastici,
1560 2326 1686 2353 rectora
1711 2333 1780 2354 saa-

1082 2365 1220 2404 culares,
1249 2373 1276 2399 et
1301 2367 1369 2404 alii,
1398 2368 1522 2411 faveant
1548 2369 1780 2413 inquisitoribus

1080 2414 1246 2448 haereticae
1266 2417 1454 2460 pravitatis,
1496 2418 1529 2450 in
1565 2419 1684 2462 negotio
1708 2419 1781 2464 fidet

1079 2464 1262 2507 exequendo.

1312 2531 1525 2565 SUMMARIUM

1032 2592 1057 2621 1.
1079 2591 1151 2622 Cum
1174 2598 1319 2624 cresceret
1346 2595 1492 2627 haeretica
1512 2598 1649 2637 pravitas,
1671 2600 1780 2631 missos

1069 2645 1084 2665 a
1103 2644 1134 2666 se
1152 2636 1193 2667 ait
1210 2637 1370 2677 minoritas,
1388 2650 1405 2670 a
1430 2652 1437 2671 ι
1461 2642 1496 2672 de
1514 2651 1547 2673 ea
1566 2643 1726 2683 inquirant.
1741 2660 1781 2668 —
