2129 3223
43 258 98 292 Μ».
115 263 144 290 c.
162 263 224 289 ωσι

60 1551 92 1574 Bis
113 1553 134 1572 in
156 1556 229 1573 meum

47 1583 68 1604 iu
91 1582 230 1604 conventibus

47 1614 176 1635 conveniant
204 1601 370 1637 adveniant
395 1601 575 1637 huiusmodi

0 1651 1 1659 ¹
47 1645 170 1666 tudier-idum
185 1648 231 1665 ver-

47 1675 94 1697 bum
109 1673 155 1696 Dei

871 261 1015 284 URBANUS
1040 260 1073 283 lV

245 319 354 365 pitulo,
376 319 459 366 quod
482 319 526 353 sic
554 318 678 364 incipit:
717 320 852 353 lei'unent
877 320 987 363 fratres

243 370 275 401 in
300 371 437 403 omnibus
460 369 580 402 ieiuniis
600 375 671 407 etc„
694 375 725 402 et
746 368 928 403 observetur
948 367 987 403 ab

243 418 288 452 eis
323 418 456 452 totaliter
482 417 635 464 quidquid
671 417 699 451 in
733 418 799 464 ipso
831 417 986 465 capitulo,

243 475 303 502 tam
323 467 402 502 circa
427 467 576 502 ieiunium
593 476 623 501 et
639 467 870 508 abstinentiam,
892 479 985 514 quam

242 517 324 551 circa
351 515 443 551 horas
476 524 643 551 nocturnas
667 525 697 551 et
718 516 846 551 diurnas
877 516 988 551 dicen-

241 565 296 600 das
329 565 367 600 ab
399 566 456 607 eis,
494 574 524 600 et
551 566 643 600 etiam
680 565 760 600 circu
799 565 985 601 audiendam

241 614 380 660 Missam,
402 625 432 650 et
459 615 671 650 confessiones
694 615 862 659 faciendas,
889 623 918 650 et
938 627 988 649 re-

241 664 419 711 ceptionem
454 663 603 711 Corporis
637 663 765 699 Christi.
793 664 988 700 Observetur

240 725 367 769 quoque
395 713 434 749 ab
462 715 507 748 eis
532 713 661 749 firmiter
683 722 713 748 et
735 714 867 749 totaliter
892 713 988 769 quid-

241 763 346 809 quid'
341 775 370 798 in
399 763 590 810 praescripto
611 763 758 809 capitulo,
780 762 864 810 quod
883 764 928 798 sic
944 775 989 796 in-

240 812 333 858 cipit:
363 813 495 847 Caveant
535 824 636 847 omnes
662 813 771 857 fratres
801 825 838 846 ne
874 813 988 846 vadant

240 863 283 895 ad
312 864 449 896 convivia
480 863 627 901 Militum,
664 862 852 897 continetur.
880 861 988 896 Liceat

241 919 343 945 tamen
362 911 410 946 eis
431 911 460 945 in
483 911 533 945 die
561 911 652 946 lunae
674 911 838 946 comedere
861 922 986 951 carnes,

240 959 295 994 sed
314 960 379 994 sani
396 959 506 995 frati-es
525 960 575 995 die
593 960 741 995 mercurii
760 959 906 994 carnibus
924 972 985 994 non

242 1017 379 1054 utantur,
405 1009 464 1044 nisi
485 1010 561 1044 forte
582 1009 759 1044 Nativitatis
781 1009 918 1047 Domini.
935 1017 987 1043 aut

240 1057 299 1093 alia
316 1058 469 1094 solemnis
490 1058 641 1094 festivitas
659 1066 838 1093 occurreret
855 1058 904 1092 tatii
924 1057 986 1097 die,

241 1119 299 1143 nec
324 1108 436 1156 aliquis
463 1107 644 1143 huiusmodi
672 1107 802 1143 fratrum
832 1119 887 1154 per
913 1108 988 1142 civi-

240 1165 336 1192 tatem
378 1165 429 1192 aut
465 1169 520 1205 per
544 1158 638 1192 alium
662 1158 764 1192 locum
787 1157 874 1192 solus
901 1157 987 1191 ince-

241 1207 304 1249 dat,
326 1207 380 1242 sed
404 1206 517 1242 habeat
531 1219 638 1242 secum
656 1206 750 1241 alium
766 1206 892 1241 fratrem
907 1206 987 1241 eius-

241 1256 312 1291 dem
335 1256 455 1291 ordinis
475 1264 529 1291 aut
555 1255 649 1291 alium
667 1256 834 1291 honestum
852 1256 987 1296 socium,

241 1305 360 1340 scilicet
390 1306 549 1341 hominem
571 1305 671 1340 bonae
698 1305 808 1346 famae,
836 1305 875 1340 de
895 1305 988 1340 domo

241 1367 296 1390 sua
331 1354 369 1390 ad
391 1354 556 1390 ecclesiam
578 1363 609 1389 et
635 1354 672 1389 ad
701 1366 792 1402 agros
814 1367 888 1390 suos
919 1355 988 1389 sine

241 1405 328 1440 socio
350 1405 449 1451 possit
471 1405 527 1444 ire,
549 1404 642 1452 petita
664 1411 693 1438 et
715 1405 841 1439 obtenta
862 1404 988 1438 licentia

241 1453 289 1488 sui
315 1454 454 1501 praelati.

290 1502 394 1550 526.
431 1502 536 1538 Semel
576 1503 623 1537 vel
656 1502 703 1537 bis
743 1502 773 1537 in
801 1514 910 1537 mense
936 1513 988 1536 se-

243 1551 381 1587 cundum
413 1551 643 1599 beneplacitum
678 1552 727 1586 sui
756 1551 882 1599 praelati
910 1563 989 1586 cou-

612 1601 720 1636 fratres
745 1613 816 1636 cum
848 1613 989 1636 conten-

244 1650 381 1686 tualibus
407 1652 438 1686 iu
460 1652 555 1687 domo
586 1650 803 1695 conventuali,
838 1651 862 1685 si
891 1651 930 1685 sit
957 1651 987 1684 in

243 1700 368 1736 civitate
393 1701 439 1736 vel
462 1709 576 1739 castro,
603 1708 652 1734 aut
675 1700 734 1735 alio
761 1700 828 1734 loco
852 1699 903 1734 ubi
932 1699 988 1746 ipsi

244 1749 381 1796 degunt,
414 1751 479 1785 sive
515 1751 545 1784 in
573 1749 681 1784 eadem
711 1749 845 1784 dioecesi
868 1749 904 1783 ad
932 1761 989 1782 an-

245 1798 396 1834 diendum
425 1799 555 1834 verbum
572 1797 648 1842 Dei,
683 1805 713 1832 et
734 1798 770 1832 ad
793 1797 988 1832 tractandum

246 1847 286 1883 de
310 1847 376 1892 bis,
402 1860 482 1894 quae
515 1847 553 1882 ad
588 1825 782 1882 lioriestatem
810 1855 909 1882 status
941 1847 989 1881 sui

247 1896 381 1932 viderint
401 1897 567 1945 expedire,
594 1896 653 1930 nisi
685 1895 840 1942 praelatus
866 1896 925 1930 boc
953 1908 991 1930 ex

247 1945 349 1993 aliqua
377 1946 454 1981 iusta
485 1957 579 1981 causa
613 1945 737 1980 duxerit
766 1944 991 2000 differendum,

247 2004 463 2031 verumtamen
490 1995 527 2030 ad
551 1993 738 2029 morandum
766 1994 796 2028 in
825 1995 992 2029 conventi-

249 2044 322 2086 bus,
343 2044 392 2080 vel
426 2044 479 2079 ubi
511 2052 595 2079 extra
617 2043 728 2078 domos
754 2055 826 2078 suas
846 2043 991 2091 compelli

250 2105 312 2129 non
341 2094 472 2141 possin13
508 2092 562 2128 sed
592 2092 629 2128 ad
657 2092 910 2128 conveniendum
937 2105 993 2140 pro

251 2143 409 2179 audiendo
434 2142 528 2178 verbo
544 2142 615 2186 Dei,
641 2150 672 2177 et
699 2154 753 2188 pro
776 2142 993 2177 babendotra-

252 2201 334 2228 ctatu
361 2192 400 2228 de
425 2192 493 2234 his,
520 2204 599 2239 quae
619 2191 656 2226 ad
681 2191 874 2227 honestatem
897 2198 994 2226 status

253 2242 300 2278 sui
322 2243 490 2289 pertinent,
517 2249 547 2275 et
563 2241 655 2276 etiam
677 2241 715 2275 ad
730 2241 869 2276 eundum
884 2241 921 2276 ad
950 2253 995 2275 ca

255 2292 351 2339 pitula
377 2291 532 2339 generalia
556 2291 675 2325 valeant
695 2291 854 2331 coarctari;
875 2291 996 2338 possint

253 2341 358 2383 etiam,
385 2341 411 2376 si
439 2340 603 2384 voluerint,
625 2340 656 2374 in
678 2339 802 2380 maiori,
833 2347 863 2375 et
888 2339 996 2375 Sancti

253 2389 376 2425 Martini
398 2389 658 2438 quadragesimis,
685 2389 715 2423 in
742 2388 884 2431 Quatuor
898 2389 996 2424 Tem-

255 2439 385 2487 poribus
406 2449 435 2475 et
459 2440 488 2474 in
513 2439 630 2486 vigiliis
656 2438 853 2474 festivitatum
882 2439 997 2486 princi-

256 2489 390 2536 palium,
426 2497 457 2524 et
491 2489 520 2524 in
542 2488 662 2523 eisdem
684 2487 903 2523 festivitatibus
928 2501 998 2524 esse

257 2549 328 2573 cum
355 2538 503 2574 fratribus
524 2538 555 2573 in
582 2545 756 2576 conventu,
784 2537 880 2573 choro
910 2546 942 2573 et
968 2539 996 2572 in

257 2586 431 2632 refectorio,
457 2596 487 2623 et
508 2588 539 2623 in
561 2587 699 2635 capitulo
720 2586 778 2621 loci
800 2599 874 2622 suae
895 2587 999 2622 civita-

257 2635 298 2671 tis
328 2646 382 2672 aut
407 2637 560 2672 dioecesis
586 2636 740 2671 eiusdem.

378 2693 449 2723 Bull.
469 2692 544 2723 Rom.
566 2693 620 2722 Vol.
642 2692 685 2722 111
824 2692 862 2722 86

1100 252 1714 286 91².ss81

1029 367 1059 402 in
1094 367 1241 402 domibus
1274 368 1338 403 suis
1360 369 1475 409 vivunt
1503 369 1658 404 voluerint
1693 382 1770 404 con-

1029 418 1186 452 ventuales
1233 417 1310 452 effici
1351 427 1380 453 ct
1414 418 1637 465 proftssionem
1671 419 1812 455 facere‘fi·

1029 467 1199 513 regularem
1229 467 1309 501 iuxta
1345 467 1473 502 formam
1499 468 1577 503 beati
1600 468 1769 515 Augustini

1028 516 1172 564 superius
1206 516 1397 559 adnotatam,
1432 518 1499 552 sine
1526 519 1770 554 contradictione

1028 565 1130 614 aliqua
1156 566 1346 613 recipiantur
1373 566 1403 601 in
1438 567 1497 601 alio
1528 576 1683 602 conventu
1720 580 1771 602 sc-

1027 616 1165 650 eundum
1201 614 1428 663 beneplacitum
1456 616 1609 661 generalis
1631 617 1769 664 praelati.

1029 664 1096 699 Hoc
1121 673 1224 699 autem
1263 665 1292 699 in
1329 665 1464 700 uxoratis
1498 665 1601 700 locum
1639 666 1770 705 habeat.

1028 722 1193 762 postquam
1218 726 1330 749 uxores
1351 726 1460 749 eorum
1483 722 1625 749 mortuae
1645 716 1770 756 fuerint,

1027 771 1080 798 aut
1103 763 1285 809 religionem
1308 763 1502 808 intraverint,
1523 776 1579 799 seu
1608 764 1722 799 fuerint
1740 765 1771 798 in

1028 813 1080 848 tali
1102 821 1201 848 aetate
1223 813 1428 857 constitutae,
1460 813 1544 860 quod
1566 813 1605 848 de
1627 814 1719 860 ipsis,
1746 814 1771 848 si

1028 863 1058 896 in
1080 862 1205 896 saeculo
1226 862 1442 901 remanserint,
1464 863 1567 909 aliqua
1589 875 1649 896 non
1678 864 1773 909 possit

1027 910 1132 946 haberi
1152 911 1302 957 suspicio,
1326 911 1370 946 vel
1387 919 1551 959 postquam
1567 911 1684 947 eaedem
1701 924 1774 946 uxo-

1028 973 1078 995 res
1112 960 1241 995 liberam
1268 972 1363 1007 super
1395 961 1453 995 boc
1486 961 1699 996 concesserint
1736 961 1774 994 li-

1027 1009 1160 1044 centiam
1198 1010 1270 1044 viris
1305 1010 1386 1050 suis,
1421 1010 1451 1044 in
1483 1010 1600 1057 quibus
1638 1011 1774 1045 uxoratis

1028 1071 1083 1093 seu
1105 1059 1282 1106 coniugatis
1303 1071 1374 1093 curn
1397 1059 1427 1092 in
1447 1059 1655 1094 conventibus
1677 1059 1772 1105 recipi

1028 1108 1200 1152 volueriut,
1228 1108 1328 1154 quoad
1352 1120 1477 1151 uxores,
1496 1107 1594 1143 forma
1621 1108 1698 1142 iuris
1725 1117 1773 1142 to-

1029 1158 1130 1192 taliter
1151 1157 1344 1192 observetur.

1076 1210 1091 1250 ξ
1117 1209 1174 1241 28.
1202 1205 1324 1241 Uxores
1351 1206 1530 1241 huiusmodi
1564 1208 1693 1242 fratrum
1722 1206 1773 1240 in-

1029 1255 1166 1291 duantur
1188 1255 1325 1291 vestibus
1344 1256 1382 1290 de
1401 1255 1566 1295 camelino,
1586 1256 1629 1291 vel
1653 1257 1691 1291 de
1713 1255 1774 1290 alio

1029 1318 1134 1353 panno
1155 1305 1247 1351 grisei
1274 1305 1321 1340 vel
1348 1305 1409 1339 albi
1436 1305 1559 1340 coloris.
1582 1305 1618 1340 ln
1647 1307 1774 1352 optione

1029 1363 1132 1391 tamen
1157 1355 1293 1401 ipsarum
1314 1354 1352 1388 sit
1373 1354 1488 1389 habere
1509 1367 1608 1390 uuum
1638 1356 1684 1389 vel
1708 1354 1776 1401 plu-

1029 1416 1078 1439 res
1112 1416 1151 1439 ex
1184 1403 1352 1451 praedictis
1378 1404 1537 1439 coloribus
1570 1406 1601 1438 in
1637 1404 1776 1439 vestibus

1028 1454 1106 1493 suis,
1133 1453 1307 1488 dummodo
1330 1453 1375 1487 vel
1403 1453 1540 1497 tunicae,
1562 1453 1608 1488 vel
1632 1462 1777 1500 supertu-

1030 1503 1159 1548 nicalia,
1200 1503 1245 1538 vel
1285 1503 1421 1538 mantelli
1456 1503 1548 1538 unius
1586 1511 1705 1538 tantum
1739 1515 1776 1537 ex

1029 1552 1189 1588 coloribus
1229 1553 1409 1599 praemissis
1451 1553 1601 1591 existant,
1643 1552 1776 1599 pellibus

1030 1610 1155 1637 utantur
1176 1602 1313 1647 agninis,
1335 1610 1365 1636 et
1385 1601 1517 1636 babeant
1533 1602 1643 1636 bindas
1664 1610 1715 1636 aut
1738 1602 1776 1636 li-

1030 1660 1155 1698 gaturas
1181 1652 1354 1698 simpliceS,
1377 1663 1433 1685 nec
1457 1651 1638 1686 indecenter
1660 1651 1777 1686 colora-

1030 1709 1088 1741 tas,
1109 1701 1147 1735 ad
1175 1701 1257 1748 quod
1275 1708 1439 1734 teneantur
1454 1700 1594 1744 omnino,
1611 1709 1774 1748 postquam

1030 1750 1150 1785 maritis
1176 1751 1242 1784 suis
1269 1749 1495 1796 professionem
1519 1749 1716 1791 facientibus,
1744 1758 1775 1784 ut

1031 1799 1245 1846 supradictum
1273 1806 1337 1839 est,
1370 1799 1573 1846 praestabunt
1601 1811 1774 1834 assensum.

1080 1848 1177 1895 829.
1205 1848 1395 1883 Huiusmodi
1423 1856 1527 1883 autem
1556 1847 1665 1884 fratres
1693 1861 1776 1883 uxo-

1032 1899 1088 1932 rati
1111 1906 1141 1933 et
1174 1896 1237 1936 alii,
1263 1898 1317 1944 qui
1353 1898 1383 1931 in
1418 1899 1483 1933 suis
1509 1898 1657 1933 domibus
1679 1910 1777 1932 mora-

1033 1947 1161 1986 buntur,
1181 1947 1211 1981 in
1234 1947 1382 1982 omnibus
1402 1955 1433 1982 et
1456 1960 1511 1994 per
1529 1947 1632 1982 omnia
1654 1947 1777 1982 subsint

1034 1997 1168 2043 propriis
1189 1996 1348 2043 episcopis
1369 2004 1399 2031 et
1420 1997 1488 2032 aliis
1510 1997 1655 2044 praelatis
1675 1997 1775 2031 eccle·

1033 2046 1178 2090 siasticis,
1205 2046 1284 2080 sicut
1308 2046 1407 2093 prius.

1081 2095 1102 2143 S
1123 2097 1179 2130 50
1202 2094 1366 2130 Generalis
1390 2096 1544 2142 praelatus
1565 2094 1659 2130 huius
1685 2095 1778 2130 ordi-
1805 2106 1833 2128 oe
1868 2108 1973 2134 generans

1792 2138 1879 2165 praelati
1887 2139 1949 2160 electi
1944 2145 1973 2160 o-

1035 2145 1083 2179 nis
1099 2145 1259 2191 eligatur
1253 2157 1281 2178 tn
1309 2145 1446 2191 capitulo
1471 2144 1607 2191 generali
1635 2157 1650 2179 a
1674 2145 1779 2179 srani-

1036 2194 1176 2229 bustam
1204 2194 1474 2233 conventualibus
1498 2206 1591 2241 quam
1612 2194 1692 2238 aliis,
1724 2196 1775 2241 qui

1014 2275 1016 2284 ,
1037 2252 1198 2278 morantur
1225 2252 1308 2277 ΕΧῙΙἮ
1331 2252 1533 2282 convessltlm,
1560 2252 1591 2278 ef.
1617 2256 1655 2278 ΘΧ
1678 2243 1778 2277 sffllt'l-

1037 2293 1096 2328 bus
1123 2292 1274 2327 militibus
1305 2300 1437 2333 tantum,
1471 2293 1523 2339 qui
1555 2292 1632 2327 facta
1659 2292 1778 2340 profes-

1037 2343 1135 2383 sione,
1154 2343 1356 2377 moranturin
1373 2343 1574 2386 monasterio,
1592 2350 1777 2383 assumatur,

1037 2393 1128 2426 cuius
1154 2391 1265 2426 electio
1287 2400 1503 2440 praesentetur
1530 2392 1672 2426 Romano
1694 2391 1778 2426 Pon-

1039 2441 1111 2476 tifici
1134 2441 1368 2482 confirmanda;
1397 2441 1446 2475 ille
1467 2441 1520 2488 qui
1543 2442 1662 2476 electus
1688 2440 1777 2476 fuerit

1038 2490 1077 2526 ab
1097 2490 1245 2525 omnibus
1272 2491 1416 2526 fratribus
1438 2490 1510 2525 dicti
1533 2490 1672 2538 capituli,
1694 2491 1739 2525 vel
1762 2503 1779 2526 a

1041 2540 1147 2575 maiori
1177 2549 1261 2587 parte
1300 2541 1451 2587 ipsorum,
1479 2548 1548 2586 post
1573 2540 1778 2575 confirmatio-

1040 2602 1110 2624 nem
1132 2589 1293 2624 electionis
1319 2603 1393 2624 suae
1421 2589 1459 2624 ab
1492 2589 1670 2637 Apostolica
1695 2589 1779 2625 Sede

1040 2639 1210 2677 obtentam,
1240 2651 1292 2685 ¹cro
1332 2639 1465 2685 generali
1505 2639 1642 2685 praelato
1680 2639 1779 2686 ipsius

1787 267 1836 291 An.
1850 265 1879 292 C.
1898 267 1961 293 ¹20¹

1076 317 1174 366 527.
1203 317 1234 353 Si
1263 318 1314 365 qui
1341 318 1520 354 huiusmodi
1549 318 1694 362 fratrum,
1716 321 1768 368 qui
1798 326 1824 347 Ε(
1838 328 1869 349 ¹³¹³
1885 334 1917 356 ‘1¹¹¹
1935 335 1967 350 re-

1785 360 1867 385 gulares
1877 361 1901 379 tto
1892 366 1921 379 οτι
1932 365 1967 380 vo-

1785 390 1836 416 lunt¹
1859 396 1893 411 rec
1885 392 1923 417 ἰμι
1928 396 1967 411 en-

1795 1216 1871 1239 Vestes
1883 1223 1968 1239 uxorum

1787 1247 1881 1270 fratrum.

1804 1862 1887 1885 Fratres
1919 1870 1971 1885 uxo—

1791 1895 1829 1915 rati
1840 1894 1919 1915 subsint
1930 1896 1973 1921 epi—

1791 1926 1867 1952 scopin.
