2129 3223
132 275 183 302 An.
201 275 230 301 C.
246 275 310 301 ti‘t'r‘

144 764 260 789 ttuttgtusus
277 769 312 784 re—

130 795 196 820 gulam
211 793 313 815 observa-

131 831 153 847 re
167 825 237 850 debet,
251 830 311 852 quani

131 859 246 883 profitetur,

138 1358 314 1379 ltinnrentiuste-

131 1389 196 1415 gulam
205 1390 262 1410 bisce
272 1396 314 1410 mo-

131 1420 221 1441 nialibus
251 1426 313 1448 prue-

131 1452 203 1472 §cithii

185 2199 260 2225 Regula

150 2393 247 2413 1ζ1-..1-1111
271 2398 302 2418 pet
310 2403 319 2406 -

139 2427 198 2449 ΡΕΙΠΕ
211 2424 319 2442 ΣΕΙῚΔΙΠΞΛ,

378 266 446 298 528

367 330 425 359 111111
446 328 653 358 monasterium
679 326 790 367 absque
812 326 928 356 licentia
951 326 1070 365 capituli

365 372 510 411 generalis
539 371 762 401 aedificandum.
790 388 829 393 —
858 370 1070 400 Conversoruin

366 416 555 446 servientium
574 415 701 445 habitus.
719 432 757 438 —
774 415 946 455 Capellanus
962 420 1072 444 616011-

366 460 442 491 versi
461 460 603 491 visitatori
626 459 762 490 subiecti.
779 476 818 482 --
834 459 1000 489 Clausulae.

325 537 496 566 Innocentius
514 535 655 572 episcopus
674 542 768 565 servus
784 542 923 565 servorum
938 534 994 567 Dei,
1013 535 1072 562 nni·

369 586 457 614 vorsis
484 585 633 614 abbatissis
647 586 677 614 ot
685 585 846 614 monialibus
861 584 963 612 ordinis
981 582 1074 611 sancti

368 634 501 664 Damiani.

374 706 456 742 Cum
483 708 587 742 omnis
609 719 677 741 vera
705 706 827 753 religio,
853 714 884 741 et
911 705 989 740 vitae
1022 704 1073 738 in-

326 756 446 792 stitutio
484 756 654 804 approbata
680 756 772 791 certis
799 763 917 790 constet
957 754 1072 800 regulis

326 815 357 841 et
384 807 551 846 mensuris,
577 805 670 841 certis
691 806 783 840 etiam
806 812 926 839 constet
948 803 1072 850 legibus

326 856 523 904 disciplinae,
555 855 697 902 quisquis
737 854 912 901 religiosam
955 853 1072 888 ducere

326 906 419 940 vitam
434 905 530 951 cupit,
543 905 602 939 nisi
619 912 733 939 certam
750 911 844 951 atque
866 911 980 938 rectam
1000 914 1072 937 eon·

326 954 509 990 versationis
534 965 609 989 suae
634 954 786 1000 regulam,
808 952 1071 999 disciplinamque

327 1004 447 1040 vivendi
481 1003 646 1039 observare
683 1002 839 1037 studuerit
877 1002 1070 1048 diligenter,

325 1066 362 1089 eo
384 1055 451 1100 ipso
473 1066 488 1088 a
513 1052 699 1088 rectitudine
721 1051 834 1096 deviat,
856 1063 918 1098 quo
940 1051 1070 1086 rectitu-

325 1103 408 1138 dinis
430 1103 528 1138 lineas
550 1114 612 1137 non
631 1102 784 1146 observat,
806 1109 835 1136 et
848 1101 890 1135 ibi
905 1100 1067 1135 deficiendi

326 1153 456 1188 incurrit
484 1152 670 1199 periculum,
693 1150 743 1186 ubi
787 1163 842 1198 per
873 1150 1071 1185 discretionis

326 1203 471 1237 virtutem
505 1209 626 1236 certum
671 1213 706 1235 ac
737 1200 848 1235 stabile
887 1199 1070 1247 proficiendi

326 1252 479 1287 collocare
506 1250 677 1297 neglexerit
698 1250 949 1284 fundamentum.

339 1342 341 1344 ¹
374 1301 585 1349 Quapropter,
608 1300 740 1335 dilectae
763 1300 792 1333 in
822 1299 958 1334 Domino
981 1299 1072 1343 tiliae,

326 1351 399 1398 quia
422 1350 525 1385 divina
553 1350 641 1385 vobis
667 1349 765 1396 gratia
804 1348 975 1395 inspirante
1016 1360 1072 1395 per

327 1400 456 1435 arduam
491 1400 569 1434 viam
591 1407 621 1434 et
642 1407 771 1442 arctam,
793 1410 874 1445 quae
900 1397 939 1432 ad
979 1397 1070 1433 vitam

327 1449 425 1491 ducit,
448 1448 606 1494 incedere,
631 1457 662 1483 et
688 1448 780 1482 vitam
810 1459 979 1494 pauperem
1007 1447 1073 1481 du—

327 1511 398 1534 cere
424 1511 481 1546 pro
502 1498 637 1534 aeternis
663 1496 824 1533 lucrandis
849 1496 967 1531 divitiis
1007 1497 1069 1531 ele-

327 1549 426 1591 gistis,
454 1548 566 1583 vestris
588 1548 647 1594 piis
669 1546 816 1595 precibus
850 1546 1000 1586 inclinati,
1035 1546 1072 1580 B.

328 1598 486 1633 Francisci
514 1597 651 1644 regulam
679 1603 831 1644 quantum
853 1595 892 1630 ad
915 1596 973 1629 tria
999 1603 1074 1630 tan-

328 1656 406 1692 tum,
422 1647 566 1682 videlicet
587 1646 809 1689 obedientiam,
841 1645 1073 1680 abdicationem

329 1697 446 1744 proprii
469 1697 500 1731 111
523 1696 661 1744 speciali,
683 1703 713 1731 et
735 1702 916 1743 perpetuam
945 1695 1070 1729 castita-

328 1756 537 1788 tem‚necn0n
560 1746 690 1781 sormam
711 1744 834 1780 vivendi
861 1744 1076 1792 praesentibus

328 1804 520 1840 annotatam,
558 1795 736 1831 secundum
771 1807 866 1842 quain
900 1793 1077 1841 specialiter

328 1846 430 1881 vivere
451 1846 645 1890 decrevistis,
668 1844 766 1884 vobis,
794 1851 824 1878 et
851 1844 901 1884 iis,
923 1855 1003 1890 quae
1022 1856 1077 1878 vo-

330 1895 378 1930 bis
390 1895 600 1931 successerint
617 1894 822 1930 concedimus
838 1893 1076 1934 observandam3

329 1945 517 1980 auctoritate
543 1944 712 1992 apostolica
750 1952 935 1987 statuentes,
980 1952 1011 1978 ut
1046 1943 1076 1976 in

329 1994 462 2041 singulis
488 1993 686 2029 monasteriis
707 1993 799 2028 vestri
821 1992 939 2028 ordinis
966 2003 1078 2039 perpe-

331 2044 394 2078 tuis
419 2043 616 2092 temporibus
650 2043 844 2078 observetur.
877 2041 967 2083 Quae
1008 2041 1079 2076 talis

330 2102 388 2128 esi.

378 2141 499 2177 Omnes
527 2142 642 2190 itaque,
681 2153 761 2189 quae
794 2140 909 2176 saeculi
944 2141 1078 2175 vanitate

331 2192 451 2236 relicta,
479 2192 659 2238 religionem
682 2199 814 2226 vestram
838 2202 1000 2225 assumere
1023 2202 1079 2224 vo—

332 2241 447 2278 luerint
472 2250 503 2276 et
538 2250 655 2277 tenere:
677 2241 758 2275 113116
779 2253 834 2275 605
865 2240 967 2286 legem
1001 2240 1079 2274 vitae

332 2301 362 2327 et
384 2291 569 2338 disciplinae
596 2298 719 2339 oportet
751 2298 782 2325 et
803 2291 947 2325 convenit
976 2289 1079 2324 obser-

334 2353 404 2376 vare
426 2341 559 2376 vivendo
581 2341 611 2375 111
633 2340 811 2376 obedientia
839 2340 906 2374 sine
942 2339 1080 2386 proprio,

334 2399 364 2425 et
391 2391 421 2425 in
450 2391 600 2426 castitate.
631 2389 725 2425 Omni
769 2401 904 2437 namque
940 2396 1080 2435 tempore

336 2440 414 2475 vitae
439 2452 513 2475 suae
535 2440 617 2475 hanc
642 2440 734 2475 vitam
758 2439 942 2486 profitentes
959 2439 1080 2473 clausae

338 2501 462 2525 manere
489 2489 617 2535 debent,
643 2497 673 2524 et
707 2498 872 2537 postquam
908 2489 1079 2523 claustrum

915 273 1099 295 BULLARIUM
1124 272 1282 294 ttOMANtJM

1871 268 1920 294 An*
1938 268 1966 295 C.
1984 269 2052 295 1Ξ117

1113 325 1205 360 datur
1227 325 1351 360 licentia
1378 325 1423 360 vel
1448 325 1577 360 facultas
1613 324 1686 359 inde
1705 343 1707 345 ·
1725 324 1856 360 ulterius

1113 374 1261 415 exeundi,
1290 375 1347 409 nisi
1375 374 1452 410 forte
1489 387 1580 410 causa
1621 374 1778 421 plantandi
1811 374 1855 408 vel

1113 424 1295 459 aedificandi
1319 425 1460 460 eamdem
1499 423 1691 469 religionem,
1728 423 1773 458 vel
1807 435 1856 458 re-

1115 473 1266 509 formandi
1289 474 1414 522 aliquod
1438 474 1673 514 monasterium,
1695 486 1748 508 seu
1763 485 1855 508 causa

1115 523 1276 570 regiminis
1296 524 1344 558 vel
1379 524 1592 561 correctionis,
1629 535 1684 558 seu
1723 522 1857 558 alicuius

1113 574 1214 618 gravis
1235 573 1391 620 dispendii
1414 572 1570 607 devitandi
1609 585 1662 618 per
1696 573 1855 607 licentiam

1113 622 1266 669 generalis
1289 623 1420 657 ministri
1442 622 1560 656 ordinis
1582 621 1712 657 fratrum
1752 621 1855 657 Mino—

1115 685 1194 712 rum,
1216 684 1271 707 seu
1316 671 1514 719 provincialis
1555 670 1637 706 illius
1677 672 1855 719 provinciae

1113 722 1253 757 eiusdem
1281 721 1412 761 ordinis,
1436 721 1466 755 in
1487 733 1546 768 qua
1568 721 1789 756 monasterium
1817 722 1857 755 si-

1114 780 1179 806 tum
1219 771 1322 815 fuerit,
1359 770 1395 805 ad
1431 770 1567 817 aliquem
1601 769 1705 805 locum
1735 770 1855 818 aliquat-

1113 821 1372 856 transmittantur.
1400 820 1461 854 Pro
1483 820 1540 854 alia
1567 819 1675 863 etiam,
1697 827 1727 855 et
1762 820 1855 854 ratio-

1113 870 1206 905 nabili
1234 882 1327 904 causa
1358 869 1513 904 interdum
1548 868 1705 903 transferri
1738 869 1855 916 possint

1113 919 1151 954 tle
1174 919 1345 966 supradicti
1369 918 1528 953 dumtaxat
1549 917 1673 953 licentia
1689 918 1854 965 generalis.

1113 969 1283 1003 Mor-ientes
1305 980 1377 1003 vero
1399 976 1460 1003 tam
1488 979 1623 1007 sorores,
1661 979 1755 1015 quam
1789 979 1856 1002 ser-

1114 1019 1244 1058 vientes,
1268 1017 1344 1053 inl'ra
1372 1018 1558 1060 claustrum,
1586 1025 1677 1064 prout
1699 1018 1854 1061 convenit,

1112 1068 1318 1103 tumulentur.
1345 1067 1504 1102 Omnibus
1525 1075 1627 1102 autem
1652 1068 1730 1102 113116
1763 1079 1855 1113 regu-

1113 1117 1171 1151 lam
1200 1129 1360 1152 assumere
1381 1116 1592 1164 cupientibus,
1611 1124 1641 1151 et
1666 1129 1745 1163 quae
1781 1116 1855 1151 fue—

1113 1166 1407 1207 rintadmittendae,
1432 1167 1610 1214 priusquam
1634 1166 1771 1201 habitum
1791 1179 1857 1200 11111-

1112 1225 1190 1261 tent,
1213 1224 1242 1251 et
1271 1216 1452 1262 religionem
1483 1223 1666 1256 assumant,
1699 1215 1777 1250 dura
1811 1216 1856 1250 eis

1113 1275 1142 1301 et
1164 1278 1271 1313 aspera
1301 1266 1529 1313 praedicentur,
1553 1278 1608 1312 per
1629 1277 1708 1312 quae
1736 1266 1798 1299 itur
1818 1265 1855 1299 ad

1113 1316 1228 1360 Deum,
1253 1324 1285 1349 et
1311 1327 1391 1362 quae
1412 1315 1586 1350 secundum
1610 1314 1689 1349 banc
1724 1315 1858 1361 religio-

1114 1378 1185 1401 nem
1209 1377 1339 1399 necesse
1361 1365 1524 1399 habuerint
1540 1364 1668 1399 firmiter
1684 1364 1858 1406 observare,

1116 1429 1153 1450 116
1175 1416 1212 1449 de
1236 1415 1408 1461 ignorantia
1432 1423 1537 1462 postea
1561 1427 1593 1449 se
1615 1423 1772 1448 excusent.
1788 1413 1857 1448 Non

1115 1465 1282 1512 recipiatur
1303 1464 1418 1511 aliqua,
1441 1476 1520 1511 quae
1542 1464 1587 1498 vel
1610 1463 1741 1510 longiori
1761 1471 1858 1498 aetate

1116 1515 1161 1549 vel
1191 1513 1368 1548 infirmitate
1395 1513 1508 1560 aliqua,
1536 1525 1590 1548 seu
1614 1513 1695 1547 fatua
1728 1513 1858 1560 simpli-

1115 1564 1206 1598 citate
1227 1563 1264 1597 ad
1289 1562 1382 1597 11111115
1405 1564 1484 1597 vitae
1505 1562 1731 1597 observantiam
1755 1564 1859 1596 minus

1116 1613 1275 1648 sufficiens
1320 1620 1350 1646 et
1391 1611 1501 1647 idonea
1534 1611 1764 1659 comprobetur.
1800 1611 1860 1645 Per

1117 1663 1193 1697 tales
1215 1662 1297 1696 enim
1325 1669 1422 1696 status
1444 1670 1472 1696 et
1494 1662 1582 1707 vigor
1609 1661 1766 1707 religionis
1788 1673 1859 1696 sae-

1119 1713 1188 1759 pius
1227 1711 1407 1746 dissolvitur
1439 1720 1467 1745 et
1503 1711 1654 1746 turbatur.
1699 1710 1790 1745 Unde
1828 1711 1857 1743 111

1119 1762 1261 1809 personis
1288 1761 1478 1807 recipiendis
1513 1761 1654 1807 diligenti
1683 1760 1787 1795 studio
1830 1769 1858 1795 et

1118 1811 1258 1846 cautliela
1273 1810 1455 1845 huiusmodi
1478 1811 1571 1845 debet
1586 1810 1708 1844 occasio
1719 1809 1861 1847 devitari.

1118 1861 1239 1896 etiamsi
1266 1872 1339 1895 cum
1366 1860 1480 1907 aliqua,
1502 1859 1669 1906 aliquando
1696 1871 1787 1894 causa
1809 1871 1861 1894 ra-

1120 1909 1257 1945 tionabili
1273 1909 1428 1956 exigente,
1453 1909 1568 1944 alieubi
1596 1909 1673 1944 forte
1696 1908 1863 1944 1361111115-

1120 1959 1328 2007 pensandum.
1356 1958 1476 1993 Omnes
1498 1971 1568 1994 vero
1595 1971 1631 1993 ex
1664 1971 1750 1993 more
1783 1959 1861 1993 intra

1119 2009 1289 2043 claustrum
1319 2016 1473 2055 receptae,
1501 2009 1526 2043 si
1563 2008 1672 2043 aetatis
1711 2006 1862 2054 intelligi-

1121 2059 1189 2093 bilis
1201 2058 1328 2101 fuerint,
1351 2059 1443 2093 citius
1465 2058 1622 2105 deponant
1637 2057 1775 2092 habitum
1798 2069 1864 2093 sae-

1119 2107 1271 2152 cularem,
1298 2116 1323 2141 et
1356 2107 1433 2142 infra
1472 2119 1586 2154 paucos
1620 2107 1686 2142 dies
1719 2106 1860 2142 habitum

1121 2158 1293 2203 regularem
1322 2157 1506 2204 suscipiant,
1543 2156 1659 2203 quibus
1693 2156 1864 2203 deputetur

1122 2207 1280 2253 magistra,
1302 2219 1382 2253 quae
1421 2208 1503 2253 ipsas
1538 2206 1681 2241 informet
1712 2206 1864 2251 regulari-

1121 2256 1180 2289 bus
1199 2256 1386 2302 disciplinis,
1413 2264 1443 2290 et
1472 2256 1629 2301 completo
1665 2255 1759 2289 unius
1791 2256 1862 2290 311111

1121 2306 1231 2351 spatio,
1257 2305 1480 2352 professionem
1503 2305 1614 2340 faciant
1636 2305 1666 2339 in
1687 2305 1768 2339 1111116
1796 2317 1864 2339 1110-

1122 2354 1209 2389 dum:
1233 2354 1299 2401 Ego
1327 2356 1396 2390 talis
1418 2367 1505 2390 soror
1527 2355 1674 2402 promitto
1714 2353 1799 2398 Deo,
1833 2364 1863 2389 et
1890 2359 2059 2394 rur-...ipsum-

1124 2404 1228 2439 beatae
1273 2404 1388 2440 Mariae
1421 2416 1545 2449 semper
1588 2403 1706 2450 Virgini
1722 2431 1731 2447 ,
1774 2395 1952 2439 beato⁵¹⁰⁰¹³'

1122 2453 1301 2494 Francisco,
1338 2462 1368 2489 et
1406 2453 1553 2489 omnibus
1587 2453 1711 2488 Sanctis
1744 2465 1865 2488 servare

1881 976 1996 998 oetuuetae
2017 978 2053 997 in-

1869 1011 1901 1029 tra
1938 1007 2051 1029 claustrum

1869 1039 2009 1060 tumulandae.

1882 1223 2038 1244 Praetnittentln

1870 1255 1891 1276 in
1907 1254 2043 1281 recipiendis.

1100 2489 1105 2553 1
1125 2513 1308 2552 perpetuam
1331 2503 1551 2544 obedientiam,
1578 2502 1751 2538 secundum
1779 2515 1868 2550 regu-

337 2544 430 2578 lmius
458 2543 617 2590 religionis
651 2543 833 2578 intraverint
866 2542 1009 2589 aliquae,
1052 2550 1081 2576 et
1124 2553 1182 2586 130,
1207 2562 1236 2587 M
1264 2552 1393 2588 formam
1417 2553 1538 2588 vivendi
1565 2564 1580 2587 3
1614 2551 1696 2587 Sede
1730 2553 1867 2600 Aposlo..

340 2597 496 2642 professae
524 2597 639 2632 tuerint
660 2596 742 2631 hanc
770 2596 942 2642 regularem
974 2596 1083 2631 obser·
1124 2602 1179 2636 tica
1203 2602 1302 2637 ordini
1332 2611 1439 2638 nostro
1461 2601 1617 2641 traditam,
1641 2602 1772 2637 vivendo
1804 2610 1868 2637 toto

341 2650 471 2684 varitiam
504 2651 732 2697 promittentes,
772 2650 856 2685 nulla
895 2650 940 2685 eis
971 2658 1265 2702 conce-,ternpore
1295 2653 1471 2687 ritae-mea}
1492 2651 1559 2686 sine
1595 2652 1733 2698 proprio,
1767 2660 1796 2687 et
1836 2652 1867 2686 111
