2129 3223
33 279 81 304 An.
99 275 127 303 C.
147 276 213 303 ¹2⁵5

42 331 141 353 leonlae
176 338 212 353 ar-

30 363 160 390 chiepiscopi
177 368 213 382 an-

30 395 63 412 tea
101 392 211 413 instabiles

29 424 78 443 unda

34 1084 58 1108 m
79 1086 129 1115 mg·
156 1094 202 1110 mo-

21 1117 107 1146 nopoli·
138 1117 202 1140 luerit

21 1149 144 1170 constituta,

29 1675 87 1703 Quod
120 1676 199 1697 confir-

17 1710 83 1728 matur
97 1713 107 1727 a
124 1706 161 1728 Pr.

50 2210 166 2235 clausulas,

842 272 1039 295 Ataxaunnn
1063 272 1096 294 iv
1123 272 1172 295 ΡΡ.
1645 264 1714 295 597

228 341 297 365 rum
324 337 449 364 tuorum
472 327 643 362 insinuatio
666 326 821 373 patefecit,
844 326 918 361 olim
942 326 971 360 in

225 386 308 414 certa
330 377 473 414 Ecclesia
496 375 755 421 metropoliticam
775 388 836 409 non
852 375 972 410 habens

224 428 343 469 sedem,
366 426 529 466 Livoniae‚
557 425 722 464 Estoniac,
751 437 786 460 ac
809 425 970 465 prussiae,

222 476 480 523 archiepiscopus
502 474 673 513 vocareris,
701 473 799 508 felicis
825 473 970 508 recorda-

223 525 316 560 tionis
338 524 543 560 Innocentius
563 523 647 568 Papa
671 522 896 569 praedecessor
913 535 970 557 no-

221 583 287 610 ster
313 573 388 618 tibi,
415 586 455 608 ne
482 572 665 620 praesidalis
692 571 792 606 honor
826 571 969 606 vacillare

221 635 277 670 per
299 622 625 658 indeterminationcm
647 621 708 655 loci
736 621 969 668 quodammodo

221 672 388 712 videretur,
415 679 468 706 aut
495 671 617 716 insigne
643 670 754 715 capitis
775 681 889 704 nomen
912 682 969 715 ge-

220 721 315 756 nerali
338 721 480 768 corporis
501 719 710 766 appellatione
732 718 900 757 confundi,
937 727 968 753 ut

220 770 249 804 in
278 781 478 817 quacumque
506 768 604 803 velles
630 767 769 802 Ecclesia
797 768 966 802 cathedrali

218 819 287 866 lege
309 819 363 854 tibi
386 818 625 865 metropolitana
648 816 799 856 subiecta,
822 816 965 852 camdem

218 885 328 920 posses
349 872 469 912 sedem,
492 884 564 906 cum
584 870 766 905 huiusmodi
790 871 965 906 Ecclesiam

217 934 339 973 pastore
362 938 468 960 vacare
484 925 694 971 contingeret,
716 924 881 967 collocare,
911 937 966 971 per

214 992 288 1015 suas
308 979 368 1014 sub
393 987 475 1014 certa
504 979 600 1013 forma
623 977 759 1021 litteras,
782 978 820 1012 de
854 986 905 1013 tua
934 979 962 1012 in

215 1033 352 1068 Domino
377 1026 541 1077 considens
568 1031 864 1077 circumspectione,
887 1044 964 1066 con-

214 1087 322 1122 cessit.
343 1086 443 1121 Porro
461 1085 591 1131 Rigensi
615 1085 755 1119 Ecclesia
781 1084 963 1125 cathedrali,

214 1152 295 1188 quae
323 1139 376 1174 tibi
412 1139 568 1187 praedicta
596 1138 723 1172 suberat
750 1137 835 1183 lege,
871 1146 963 1184 post-

215 1193 344 1229 modum
368 1200 492 1240 pastore
514 1200 658 1235 vacante,
686 1198 717 1225 tu
742 1191 772 1225 in
795 1202 830 1225 ea
854 1199 963 1226 metro-

214 1246 383 1294 politanam
417 1246 531 1281 'sedem
570 1246 743 1280 litterarum
780 1245 963 1281 auctoritate

213 1299 410 1340 huiusmodi,
446 1306 540 1346 prout
569 1311 606 1333 ex
638 1299 775 1345 ipsarum
808 1298 962 1334 beneficio

214 1360 353 1400 poteras,
385 1352 425 1387 de
452 1364 607 1386 consensu
643 1352 799 1396 omnium,
826 1363 960 1398 quorum

215 1407 374 1450 intererat,
400 1405 627 1440 deliberatione
655 1405 781 1451 provida
809 1406 961 1447 statuisti,

215 1467 248 1494 ut
281 1459 354 1494 inde
388 1458 608 1506 appellationis
635 1470 749 1493 nomen
777 1460 962 1506 metropoli-

213 1513 292 1548 ticae
331 1512 467 1558 dignitas
505 1519 535 1546 et
574 1511 736 1558 provincia
782 1512 960 1557 sortiretur,

212 1574 311 1614 tuque
332 1578 367 1601 ac
388 1577 587 1601 successores
608 1565 667 1606 tui,
689 1574 774 1600 certo
799 1566 961 1611 gaudeatis

213 1619 395 1667 principalis
415 1619 577 1655 domicilio
602 1619 787 1653 mansionis.
809 1619 887 1653 Tuis
903 1620 961 1665 igi-

214 1680 280 1714 tur,
312 1680 344 1708 et
371 1673 554 1708 eorumdem
583 1672 854 1719 suffraganeorum
890 1685 961 1720 pre-

211 1724 302 1761 cibus
327 1726 486 1767 inclinati,
513 1726 599 1773 quod
625 1738 642 1760 a
676 1733 706 1761 te
733 1726 764 1760 in
792 1726 851 1760 hac
875 1735 960 1773 parte

212 1779 342 1826 provide
368 1780 482 1816 factum
506 1788 564 1819 est,
587 1786 687 1814 ratum
712 1786 741 1813 et
763 1779 887 1814 firmum
911 1780 962 1813 ha-

212 1831 340 1877 bentes,
374 1833 451 1868 illud
480 1833 663 1868 auctoritate
687 1833 856 1879 apostolica
884 1845 961 1867 con-

213 1885 375 1921 firmamus
395 1894 466 1926 etc„
495 1887 561 1921 iure
588 1885 749 1920 Romanae
784 1885 960 1927 Ecclesiae,

213 1951 249 1974 ac
281 1938 468 1974 dilectorum
499 1939 633 1974 filiorum
663 1939 804 1985 magistri
833 1947 865 1973 et
892 1939 962 1974 fra-

213 1998 296 2026 trum
320 1993 484 2040 hospitalis
515 1991 649 2027 Sanctae
675 1991 789 2026 Mariae
817 1992 962 2027 Theuto-

215 2046 358 2082 nicorum
384 2048 415 2081 in
442 2045 589 2082 omnibus
615 2053 646 2080 et
674 2057 729 2092 per
749 2046 853 2081 omnia
876 2059 962 2081 sem-

214 2111 269 2147 per
289 2100 384 2135 salvo.

263 2155 348 2190 Nulli
383 2167 457 2201 ergo
499 2153 628 2188 omnino
668 2152 833 2188 hominum
872 2154 963 2189 liceat

215 2209 295 2244 hanc
322 2210 465 2256 paginam
493 2215 616 2241 nostrae
638 2207 885 2242 confirmationis
907 2208 961 2242 in-

215 2262 362 2309 fringere,
388 2262 434 2296 vel
456 2261 484 2295 ei
507 2273 586 2295 ausu
607 2261 772 2295 temerario
793 2262 960 2296 contraire.

215 2315 248 2351 Si
280 2315 352 2363 quis
381 2322 487 2350 autem
514 2313 574 2348 hoc
605 2320 757 2348 attentare
792 2326 962 2361 praesum-

216 2369 329 2417 pserit,
355 2367 602 2415 indignationem
637 2366 862 2414 omnipotentis
888 2367 961 2408 Dei,

215 2434 252 2458 ac
272 2421 434 2458 beatorum
456 2421 541 2457 Petri
568 2429 598 2455 et
627 2419 714 2463 Pauli
751 2421 961 2467 apostolorum

217 2476 286 2511 eius
306 2487 340 2511 se
362 2475 483 2511 noverit
507 2475 720 2509 incursurum.

265 2526 380 2564 Datum
405 2528 554 2577 Neapoli,
581 2527 707 2562 decimo
734 2527 826 2562 tertio
848 2527 964 2563 kalen-

219 2582 275 2617 das
295 2581 456 2624 sebruarii,
483 2582 685 2630 pontificatus
715 2582 812 2616 nostri
839 2593 922 2617 anno
940 2595 962 2617 1.

259 2643 319 2672 nat.
338 2643 383 2674 <tie
401 2644 440 2675 20
457 2643 796 2682 ianuarii1255‚pontis.
815 2633 889 2672 anno'
906 2653 923 2673 ι,

1780 274 1827 299 Λη.
1844 273 1871 300 α,
1895 275 1959 301 ¹953

1370 326 1406 359 V.

1013 402 1197 435 Lichuam'ae
1233 404 1297 446 reyi
1332 404 1474 440 concedit,
1516 410 1549 436 ut
1594 404 1761 447 praesulem

1060 452 1241 484 catholicam
1263 458 1359 485 evocet
1381 453 1423 485 ad
1448 454 1534 495 reqia
1568 453 1633 497 filio
1666 463 1762 485 orna-

1060 507 1161 533 menta
1186 502 1368 544 conserenda
1391 504 1445 543 (l).

1277 576 1491 608 SUMMARIUM

1011 642 1176 672 Exordium.
1199 659 1237 665 -—
1261 642 1411 672 Lectoviae
1434 652 1483 672 rex
1506 644 1686 674 christianus
1718 645 1757 674 sit.

1049 703 1086 708 —
1117 686 1321 724 Privilegium,
1353 687 1387 716 de
1415 696 1472 726 quo
1501 688 1529 717 in
1562 687 1690 718 rubrica.
1722 706 1758 710 »-

1048 730 1215 760 Clausulae.

1007 805 1156 833 Alexander
1169 805 1309 841 episcopus
1324 812 1420 833 servus
1432 812 1571 834 servorum
1580 805 1636 839 Dei.
1652 806 1759 836 lllustri

1051 854 1111 889 regi
1130 854 1280 882 Lectoviae.

1055 916 1236 951 Catholicae
1259 916 1331 951 fidei
1354 917 1473 952 cultum
1504 917 1630 964 longius
1652 917 1757 953 latius·
1803 925 1911 947 emmim

1006 977 1067 1012 que
1091 977 1146 1012 per
1172 965 1279 1000 orbem
1302 965 1436 1000 diffundi
1476 966 1627 1002 continue
1660 979 1756 1015 super

1005 1015 1109 1049 omnia
1133 1014 1236 1049 cordis
1258 1015 1354 1049 nostri
1377 1014 1595 1051 desiderabilia
1622 1016 1755 1063 cupien-

1006 1071 1061 1103 tcs,
1090 1064 1126 1097 ad
1154 1064 1294 1098 eiusdem
1317 1071 1545 1110 augumentum
1568 1064 1653 1105 fidei,
1670 1066 1753 1111 vigili

1005 1112 1179 1159 sedulaque
1200 1112 1336 1156 solertia,
1364 1125 1426 1147 non
1455 1125 1617 1148 cessamus
1652 1114 1754 1149 inten—

1004 1162 1089 1205 dere,
1111 1174 1157 1202 ac,
1186 1169 1219 1196 ut
1242 1162 1327 1196 iuxta
1355 1162 1452 1196 nostri
1480 1162 1626 1197 desiderii
1650 1162 1753 1210 pleni-

1005 1211 1142 1245 tudinem
1167 1210 1265 1245 valeat
1288 1210 1464 1257 provenire,
1491 1212 1586 1246 totius
1618 1210 1754 1259 diligen-

1004 1260 1063 1294 tiae
1085 1260 1237 1300 studium,
1260 1271 1393 1294 excusso
1416 1260 1447 1294 in
1463 1260 1521 1295 hac
1543 1267 1630 1306 parte
1653 1262 1754 1296 cuius·

1004 1308 1079 1342 libet
1111 1308 1319 1355 negligentiae
1358 1309 1434 1349 otio,
1470 1308 1672 1350 adhibemus,
1697 1322 1754 1345 au-

1003 1365 1189 1403 gumentum
1212 1357 1315 1403 ipsum
1336 1369 1390 1404 per
1417 1369 1485 1398 nos,
1507 1369 1544 1392 ac
1570 1358 1648 1393 alios
1668 1360 1753 1393 omni

1003 1418 1062 1453 ope
1102 1419 1138 1441 ac
1165 1418 1272 1452 opera,
1301 1414 1394 1453 prout
1415 1418 1454 1441 ex
1475 1406 1537 1441 alto
1559 1406 1754 1452 conceditur,

1002 1455 1127 1490 assidue
1150 1454 1361 1501 procurando.
1376 1455 1460 1490 Hinc
1481 1463 1526 1489 est
1553 1455 1639 1503 quod
1667 1468 1752 1496 cum,

1002 1506 1085 1539 sicut
1105 1513 1133 1539 te
1152 1504 1315 1539 intimante
1341 1504 1434 1539 nobis
1447 1505 1640 1551 accepimus,
1659 1513 1690 1540 tu
1712 1505 1753 1540 di-

1004 1553 1119 1588 vinitus
1146 1553 1317 1600 inspiratus
1345 1553 1384 1588 de
1420 1565 1559 1600 paganae
1593 1555 1754 1589 caecitatis

1002 1614 1107 1637 errore
1129 1602 1167 1636 ad
1191 1603 1271 1637 viam
1293 1603 1387 1646 vitae,
1409 1614 1490 1649 quae
1512 1601 1660 1638 Christus
1693 1611 1752 1643 est,

1003 1651 1202 1698 baptismatis
1241 1659 1368 1685 renatus
1407 1650 1490 1685 unda
1536 1651 1664 1687 redieris
1681 1679 1689 1693 ,
1722 1661 1754 1686 et

1002 1699 1070 1734 Deo
1092 1700 1164 1734 vivo
1185 1712 1221 1735 ac
1256 1711 1328 1734 vero
1369 1699 1492 1746 placere
1528 1700 1657 1735 studeas
1692 1701 1752 1736 sub

1002 1749 1166 1795 religionis
1187 1748 1386 1783 observantia
1408 1747 1617 1794 christianae,
1632 1761 1691 1785 nos
1713 1750 1753 1785 de

1003 1798 1062 1832 hoc
1088 1799 1188 1832 multo
1211 1805 1365 1844 concepto
1386 1797 1520 1843 gaudio,
1547 1798 1689 1834 volentes
1723 1807 1753 1834 te

1004 1847 1034 1881 in
1074 1846 1171 1881 huius
1209 1846 1271 1881 fide
1303 1846 1453 1892 congruis
1486 1846 1634 1882 roborare
1671 1847 1753 1883 savo-

1003 1895 1091 1930 ribus
1114 1904 1144 1930 et
1165 1895 1332 1941 condignis
1358 1895 1466 1942 gratiis
1487 1895 1666 1938 confovere,
1689 1898 1752 1932 tuis

1002 1944 1446 1992 supplicationibusinclinati,
1459 1944 1750 1991 excellentiaetuac,

1004 2001 1035 2028 ut
1058 2006 1152 2041 quem
1180 1994 1328 2028 malueris
1355 1994 1484 2029 latinum
1498 1994 1685 2042 episcopum
1702 2007 1752 2043 pa-

1002 2055 1070 2078 cem
1094 2051 1125 2078 et
1151 2043 1409 2077 communionem
1431 2042 1631 2090 Apostolicae
1659 2043 1751 2079 Sedis

1004 2092 1183 2133 habentem,
1205 2092 1259 2126 tibi
1281 2092 1433 2127 advocare
1460 2092 1562 2134 liceat,
1589 2093 1643 2140 qui
1671 2093 1752 2128 dile-

1002 2149 1086 2176 ctum
1107 2141 1206 2176 filium
1234 2141 1373 2176 nobilem
1396 2141 1496 2176 virum
1518 2149 1625 2176 natum
1659 2149 1750 2177 tuum

1003 2190 1041 2224 ad
1070 2190 1220 2225 honorem
1260 2190 1330 2235 Dei,
1366 2198 1397 2225 et
1434 2198 1559 2225 sanctae
1590 2190 1751 2226 Romanae

1003 2239 1164 2274 Ecclesiae
1187 2239 1218 2273 in
1246 2251 1349 2285 regem
1378 2239 1543 2274 Lectoviae
1570 2239 1751 2275 auctoritate

1004 2297 1109 2322 nostra
1132 2296 1272 2329 coronet,
1300 2296 1408 2322 tenore
1443 2288 1657 2334 praesentium
1695 2288 1751 2323 in-

1004 2337 1181 2381 dulgemus.

1052 2385 1136 2420 Nulli
1175 2397 1250 2431 ergo
1283 2385 1413 2419 omnino
1453 2385 1617 2420 hominum
1660 2385 1751 2422 liceat

1004 2434 1084 2469 hanc
1108 2434 1254 2481 paginam
1299 2441 1422 2468 nostrae
1455 2434 1669 2470 concessionis
1707 2435 1752 2470 in-

1004 2483 1153 2529 fringere,
1176 2483 1223 2517 vel
1251 2483 1278 2517 ei
1301 2495 1380 2517 ausu
1399 2485 1565 2518 temerario
1586 2484 1749 2520 contraire.

1004 2532 1036 2567 Si
1050 2532 1121 2579 quis
1133 2540 1236 2567 autem
1251 2531 1310 2566 hoc
1331 2539 1482 2567 attentare
1498 2534 1751 2580 praesumpserit,

1005 2581 1251 2628 indignationem
1266 2581 1493 2628 omnipotentis
1511 2581 1582 2623 Dei,
1600 2594 1636 2617 ac
1649 2582 1754 2619 beato-

1041 2646 1080 2680 (l)
1096 2646 1134 2672 Ex
1154 2645 1288 2680 Raynaldo
1307 2646 1337 2672 ad
1355 2654 1451 2673 anuum
1471 2647 1537 2673 1255

1781 1512 1894 1535 Lectevtae
1912 1520 1948 1535 rex

1768 1545 1895 1566 christianus
1906 1546 1934 1566 fit,

1773 2008 1913 2034 Privnegrum,
1922 2010 1947 2030 do

1765 2045 1805 2066 quo
1820 2040 1841 2060 in
1855 2039 1947 2060 rubrica.

1797 2392 1905 2413 Clausulas
