2129 3223
368 266 436 298 tit

321 329 436 375 dignus
470 328 570 362 honor
603 326 646 360 illi
679 325 880 361 exhiberetur
904 325 932 359 111
962 325 1088 365 101115,”

320 378 374 426 qui
402 377 448 412 sic
480 376 572 412 claris
601 376 701 423 signis
734 383 764 410 et
789 375 988 411 evidentibus
1016 386 1065 409 ar-

319 426 480 475 gumentis
507 433 635 474 apparet
663 425 833 460 honoratus
855 425 885 459 in
909 424 1014 460 coelis.

292 492 295 497 ·
368 476 389 524 g
415 479 447 510 4.
470 475 560 511 Licet
581 475 676 522 igitur
701 487 782 523 quos
804 475 907 510 divina
934 474 1066 508 honorat
1085 473 1086 480 ¹

125 532 254 584 ,⁰⁰mm¹{³³
276 532 306 566 ,δε
320 526 472 573 dignatio,
489 525 625 560 humana
648 525 774 560 devotio
789 532 933 573 prompto
951 523 1064 559 affectu
1085 533 1087 545 ³

125 570 165 615 viii
181 567 307 619 2055&ss
319 576 432 611 debeat
454 575 628 616 honorare;
656 575 794 610 volentes
817 583 920 609 tamen
947 573 977 607 in
1006 572 1065 606 hu·
1085 587 1087 611 ,1

320 625 454 661 iusmodi
481 625 636 672 negocio,
655 624 832 660 secundum
856 621 1064 658 consuctudi-

318 687 390 710 nem
414 675 613 722 Apostolicae
638 674 731 710 Sedis
752 686 825 709 cum
853 673 944 719 digna
968 679 1067 705 matu-

320 725 406 760 ritate
433 724 620 772 procedere,
649 723 785 772 praefato
807 722 1065 769 archiepiscopo,

319 784 350 810 et
376 774 413 809 N.
436 774 573 815 decano,
608 781 638 808 et
664 774 701 808 N.
733 772 928 807 thesaurario
949 770 1088 805 Rodio-2

319 837 442 871 magen.
472 823 619 859 dedimus
653 824 683 857 in
718 822 884 863 mandatis,
912 830 944 855 111
973 831 1088 866 super,

319 875 392 909 dicti
427 874 484 908 viri
520 874 579 908 vita
614 881 643 907 et
677 871 837 907 miraculis
872 871 1067 917 inquirerent

319 924 557 971 diligentissime
578 922 754 966 veritatem,
775 929 805 955 et
831 933 898 955 eam
929 919 1017 954 nobis
1035 918 1068 951 fi-

319 974 429 1009 deliter
450 973 647 1012 intimarent;
672 981 706 1007 ut
727 984 762 1006 ea
783 970 872 1017 plene
893 975 1067 1016 comperta,

321 1025 373 1071 1110
425 1022 671 1070 supplicantium
717 1020 875 1055 desiderio
925 1019 1067 1053 securius

319 1084 458 1107 annuere
485 1071 670 1106 valeremus.

368 1122 388 1170 g
415 1124 447 1156 5.
476 1121 537 1168 lpsi
573 1129 677 1155 autem
706 1119 888 1154 mandatum
924 1126 1067 1152 nostrum

322 1184 393 1207 cnm
416 1171 577 1218 diligentia
599 1177 802 1217 exequentes,
824 1168 897 1216 quia
913 1168 950 1202 de
975 1178 1068 1214 prae·

323 1221 374 1256 1311
403 1221 457 1256 viri
484 1219 720 1256 conversatione
755 1230 791 1253 ac
817 1220 893 1258 vita,
922 1228 977 1264 per
1003 1216 1068 1249 ho-

323 1271 423 1306 mines
446 1270 485 1305 de
513 1269 654 1318 partibus
686 1268 749 1303 illis
769 1266 932 1303 certificari
957 1266 1068 1312 nequi-

324 1321 408 1365 bant,
441 1332 478 1355 eo
499 1319 583 1367 quod
611 1331 667 1365 per
689 1326 792 1365 partes
813 1317 881 1352 illas
902 1315 1066 1350 transitum

323 1370 440 1405 faciens
474 1370 504 1403 in
537 1368 677 1404 Ecclesia
712 1367 868 1415 praedicta
904 1372 1090 1411 correptus⁴

324 1419 503 1454 infirmitate
542 1417 711 1457 decubuit,
745 1425 776 1451 01
810 1415 889 1450 10113
923 1423 1066 1449 octavum

323 1469 405 1503 diem
428 1468 467 1503 ab
489 1468 546 1503 hac
567 1467 637 1502 luce
658 1466 813 1512 migravit,
839 1464 992 1511 scripsere
1018 1475 1070 1497 ve-

325 1517 454 1553 nerabili
490 1517 575 1552 fratri
603 1524 709 1551 nostro
735 1514 974 1561 archiepiscopo
1001 1513 1069 1547 Du-

324 1568 456 1608 blinen.,
482 1575 515 1601 ut
541 1568 703 1601 veritatem
731 1576 827 1611 super
853 1564 913 1598 hoc
935 1563 1070 1610 inquisi-

324 1625 399 1658 tam,
422 1617 468 1652 eis
491 1629 544 1664 per
569 1627 643 1650 suas
670 1615 787 1648 litteras
814 1613 982 1647 intimaret.
1005 1611 1069 1654 Qui

325 1668 398 1702 citra
421 1678 507 1701 mare
523 1665 729 1700 Hibernicum
752 1663 883 1697 illustris
904 1663 987 1709 regis
1004 1662 1071 1695 An-

324 1716 446 1763 glornm
481 1715 622 1761 negociis
648 1722 840 1760 occupatus,
874 1724 937 1746 non
966 1711 1071 1746 valens

325 1767 484 1813 inquirere
510 1766 539 1799 id
567 1776 622 1812 per
644 1776 676 1798 se
700 1764 817 1810 ipsum,
840 1760 1072 1796 venerabilibus

326 1815 473 1851 fratribus
499 1814 615 1849 nostris
641 1813 757 1848 Daren.
785 1811 935 1859 episcopo
957 1809 1071 1845 suffra—

326 1877 427 1912 ganeo
448 1877 524 1905 500,
551 1876 587 1899 30
621 1863 715 1910 priori
743 1861 876 1896 Sanctae
909 1859 1072 1894 Trinitatis

326 1914 498 1950 Dublinen.
534 1913 691 1948 commisit
718 1912 748 1945 10
778 1909 957 1945 huiusmodi
980 1921 1073 1956 nego-

125 274 174 300 Αη.
192 274 221 301 C.
239 275 306 301 {2³25
897 271 1084 294 BULLAntUM

138 1183 191 1205 Hine
203 1184 307 1204 adhibitae

130 1215 302 1242 [inquisitiones.

126 1247 224 1272 serioque
247 1248 307 1267 inve.

126 1278 222 1302 fugatum

327 1966 377 2000 cio
399 1965 479 1999 vices
494 1975 577 1999 5035.
601 1962 646 1996 Αο
662 1962 791 1996 demum
811 1972 920 1994 eorum
943 1959 1073 2003 litteras,

328 2014 523 2049 sanctitatem
553 2013 633 2047 vitae
655 2021 684 2046 et
706 2009 961 2053 conversationis,
978 2020 1072 2056 saepe

329 2064 402 2099 dicti
429 2063 483 2098 viri
509 2063 632 2110 plenius
654 2061 865 2103 continentes,
887 2071 945 2092 suo
970 2066 1001 2092 et
1024 2059 1074 2105 ip-

329 2125 436 2149 sorum
459 2112 568 2159 sigillis
589 2111 728 2146 munitas
749 2109 913 2143 destinavit
941 2107 1072 2142 eisdem.

329 2163 415 2206 Quas
453 2174 511 2196 1103
547 2173 618 2196 0001
659 2158 911 2207 depositionibus
945 2158 1072 2191 testium

329 2225 424 2260 super
447 2211 606 2246 miraculis
639 2216 834 2256 receptorum
851 2235 858 2248 ‚
886 2207 977 2242 nobis
1015 2206 1074 2241 sub

330 2263 438 2310 sigillis
461 2261 593 2309 propriis
621 2259 828 2293 transmisere.

379 2312 460 2360 56.
498 2309 693 2356 Collegimus
720 2316 823 2342 antem
862 2319 898 2340 ex
937 2306 1074 2352 ipsarum

331 2365 411 2397 serie
438 2361 633 2399 litterarum,
660 2358 744 2405 quod
779 2356 979 2403 saepedictus
1010 2356 1075 2395 vir,

333 2412 413 2458 regis
439 2418 470 2445 01
499 2410 623 2456 reginae
649 2407 818 2442 Hiberniae
845 2405 929 2439 fitius
959 2405 1075 2444 extitit,

333 2470 362 2495 et
383 2461 422 2495 ab
443 2459 570 2494 infantia
591 2458 689 2493 sacris
709 2457 818 2491 litteris
845 2455 1000 2494 eruditus,
1026 2465 1076 2488 50-

334 2510 426 2544 nilem
450 2508 547 2556 gessit
569 2508 599 2542 in
623 2509 783 2542 iuventute
810 2505 1010 2552 gravitatem,
1046 2511 1077 2538 et

335 2559 563 2594 mundanarum
599 2556 760 2592 illecebras
786 2554 969 2595 vanitatum,
996 2566 1012 2588 a
1043 2564 1077 2588 se

336 2608 414 2643 ultra
436 2620 530 2655 quam
558 2615 641 2642 aetas
663 2607 713 2640 illa
735 2604 864 2645 solebat,
891 2603 1056 2638 abdicavit.

384 2657 403 2700 ,ξ
431 2660 462 2689 7.
491 2656 612 2691 Deinde
640 2657 670 2690 in
706 2654 980 2701 archiepiscopum
1008 2652 1078 2687 Du-

145 2373 200 2393 Lrett
213 2372 315 2393 Laurentii

137 2410 201 2429 genus
225 2408 244 2424 et
274 2405 315 2430 pri-

137 2435 222 2455 merdin,

1088 1218 1150 1267 ¹ob
1179 1218 1276 1265 ipsius
1300 1217 1407 1252 merita
1429 1216 1579 1263 gloriosa,
1613 1223 1732 1262 septem
1763 1227 1855 1250 mor-—

1089 1412 1270 1464 ¹certificati
1303 1416 1484 1456 miraculis,
1518 1415 1726 1462 divinumque
1757 1413 1855 1449 secuti

1089 1510 1091 1515 .
1112 1466 1279 1506 iudicium,
1308 1477 1363 1512 per
1384 1464 1469 1512 quod
1492 1466 1560 1500 eius
1586 1464 1771 1510 glorificatio
1793 1476 1857 1498 00-

1112 269 1273 292 ROMANUM
1865 272 1914 292 An.
1932 264 1961 292 C.
1978 264 2044 291 ¹228

1107 324 1225 359 blinen.
1261 330 1460 370 assumptus,
1495 322 1541 357 sic
1566 322 1596 356 in
1633 321 1778 356 virtutem
1813 319 1852 354 de
1877 326 2032 348 mun-mute..

1107 374 1220 408 virtute
1247 373 1395 420 profecit,
1423 380 1457 407 ut
1478 372 1508 406 in
1532 371 1671 407 oratione
1693 369 1851 410 assiduus,

1085 437 1086 466 i
1106 432 1251 458 austerus
1273 423 1303 457 in
1326 422 1533 458 maceratione
1557 421 1675 469 proprii
1697 418 1850 466 corporis,

1106 485 1141 507 30
1168 474 1198 507 10
1218 473 1487 520 eleemosynarum
1510 471 1673 517 largitione
1692 469 1850 517 profusus,

1107 535 1140 557 se
1167 523 1300 557 totaliter
1325 522 1462 557 Domino
1490 520 1652 556 dedicarit.

1156 572 1175 619 g
1210 574 1242 607 8.
1277 572 1338 607 Per
1368 570 1582 618 depositiones
1619 582 1692 605 vero
1723 569 1849 604 testium

1108 621 1337 669 praedictorum
1352 621 1493 656 constitit
1514 619 1685 664 evidenter,
1712 626 1849 653 sanctam

1108 672 1200 706 vitam
1223 671 1366 706 eiusdem
1393 682 1461 705 esse
1484 677 1528 703 tot
1550 668 1756 715 sequentibus
1786 668 1852 703 mi-

1109 721 1226 756 raculis
1252 720 1507 768 comprobatam;
1535 728 1608 766 quot
1636 731 1698 753 non
1727 730 1853 766 parvam

1109 779 1190 806 texet
1228 771 1414 814 historiam,
1456 769 1510 816 qui
1550 770 1632 804 volet
1668 780 1704 802 ea
1731 767 1852 814 singula

1108 820 1244 855 scribere
1266 820 1414 856 seriatim.
1450 818 1513 854 Sed
1542 827 1574 852 nt
1603 825 1854 865 praetereamus,

1108 870 1191 916 quod
1214 869 1317 905 claudi
1340 882 1496 916 gressum,
1523 869 1607 903 caeci
1632 868 1745 909 visum,
1766 866 1853 901 surdi

1109 920 1263 960 auditum,
1286 920 1364 954 muti
1391 918 1560 966 loquelam,
1586 918 1702 965 leprosi
1726 916 1856 959 munda·

1110 970 1239 1009 tionem,
1267 978 1297 1004 et
1324 969 1416 1003 variis
1437 967 1541 1003 afflicti
1578 967 1783 1014 languoribus
1803 979 1855 1001 sa-

1902 579 2008 602 miracuta.

1087 1020 1236 1057 ¹nitatem
1278 1019 1314 1053 ad
1350 1018 1579 1053 invocationem
1614 1018 1682 1052 eius
1720 1016 1855 1051 nominis

1110 1076 1309 1115 receperunt,
1330 1075 1360 1103 et
1383 1068 1459 1103 haec
1480 1067 1557 1112 sola,
1583 1079 1664 1114 quae
1691 1067 1772 1102 inter
1787 1078 1856 1101 cac-

1088 1157 1089 1164 *
1111 1128 1172 1153 tera
1200 1119 1359 1153 emicuere
1386 1117 1546 1152 miracula.

1158 1169 1178 1216 g
1205 1171 1235 1203 9.
1265 1167 1351 1202 Idem
1384 1167 1535 1210 Sanctus,
1568 1166 1666 1201 immo
1700 1165 1855 1200 Dominus
1867 1170 1969 1223 mlifflmi
1983 1171 2050 1192 ¹¹1³&-

1111 1275 1194 1313 tnos,
1221 1279 1355 1314 quorum
1380 1279 1461 1301 unus
1483 1266 1645 1301 triduanus
1667 1272 1743 1305 erat,
1766 1265 1856 1299 miri-

1089 1339 1090 1342 =
1110 1317 1169 1352 fiee
1195 1317 1366 1352 suscitavit.

1883 1369 1914 1391 s..
1943 1369 2053 1395 cathalogo

1159 1367 1179 1413 ξ
1202 1368 1258 1400 10.
1282 1366 1328 1400 De
1345 1366 1444 1413 ipsius
1461 1365 1555 1412 igitur
1577 1365 1740 1400 sanctitate
1762 1364 1857 1399 tantis
1870 1401 1994 1423 mmmm

1112 1516 1159 1550 bis
1182 1525 1242 1549 tam
1265 1515 1463 1549 evidentibus
1489 1515 1625 1550 innotuit
1649 1513 1858 1562 argumentis,

1112 1565 1257 1600 eumdem
1297 1564 1421 1599 beatum
1456 1565 1557 1599 virum
1590 1564 1753 1610 cathalogo
1786 1575 1860 1598 530-

1111 1623 1231 1649 0101001
1260 1613 1501 1661 adscripsimus,
1534 1622 1564 1649 et
1585 1612 1858 1649 annumerandum

1112 1664 1312 1698 decrevimus
1349 1672 1530 1699 sanctorum
1564 1664 1696 1710 collegio
1733 1663 1860 1699 confes-

1112 1726 1232 1757 sorum,
1255 1725 1289 1747 ac
1313 1715 1393 1748 inter
1414 1727 1468 1749 eos
1489 1726 1505 1748 3
1528 1712 1789 1749 christifidelibus
1806 1725 1859 1748 vc-

1113 1763 1299 1798 nerandum.

1162 1813 1182 1860 g
1209 1815 1265 1847 tt.
1300 1812 1497 1858 Statuentes,
1532 1822 1563 1847 nt
1594 1814 1662 1848 eius
1684 1812 1858 1848 veneranda
1873 1817 2055 1860 Εψξςεῑῠὴτωᾱθ

1114 1863 1266 1898 festivitas
1288 1863 1328 1897 (10
1344 1871 1467 1898 0301010
1482 1864 1573 1897 annis
1594 1862 1729 1910 singulis
1749 1870 1858 1898 octavo
1872 1849 1984 1870 ‘mmm‘

1114 1912 1239 1948 decimo
1277 1912 1426 1947 kalendas
1465 1904 1641 1947 decembi‘ts
1677 1912 1860 1948 solemniter

1114 1962 1298 1997 celebretur.
1336 1962 1503 1997 Monemns
1535 1970 1639 1997 3010111
1674 1962 1860 1997 universita-

1115 2021 1176 2046 tem
1200 2020 1349 2056 vestram,
1383 2021 1415 2047 et
1448 2013 1610 2047 hortamur
1645 2012 1676 2046 in
1710 2012 1859 2052 Domino,

1115 2069 1271 2108 quatenus
1297 2061 1400 2096 Deum
1423 2061 1543 2097 devotis
1563 2061 1725 2097 mentibus
1745 2061 1860 2097 collau-

1094 2156 1095 2160 *
1116 2112 1237 2155 dantes,
1259 2120 1289 2146 01
1310 2111 1474 2146 studentes
1498 2111 1649 2159 proficere
1672 2119 1776 2146 tantae
1798 2112 1861 2146 vir-

1117 2168 1190 2201 tutis
1212 2167 1369 2214 exemplo,
1384 2165 1526 2201 eiusdem
1548 2166 1765 2213 gloriosissimi
1789 2177 1861 2200 con-

1117 2221 1244 2256 fessoris
1265 2221 1347 2268 apud
1383 2220 1553 2256 Dominum
1581 2220 1725 2266 suffragia
1754 2219 1861 2254 humi-

1117 2275 1187 2310 liter
1214 2276 1396 2322 imploretis.

1165 2329 1185 2375 5
1209 2331 1264 2364 12.
1287 2329 1352 2364 Nos
1375 2338 1479 2364 autem
1503 2329 1541 2364 de
1562 2327 1789 2375 omnipotentis
1801 2327 1859 2363 Dei

1118 2383 1345 2428 misericordia,
1367 2392 1397 2419 et
1419 2384 1580 2419 beatorum
1607 2381 1691 2417 Petri
1713 2391 1744 2417 et
1770 2381 1860 2417 Pauli

1118 2438 1302 2472 auctoritate
1324 2438 1453 2482 confisi,
1485 2437 1636 2472 omnibus
1657 2449 1729 2472 vere
1751 2437 1862 2483 poeni-

1118 2491 1266 2531 tentibus,
1302 2500 1330 2526 et
1353 2491 1516 2531 confessis,
1550 2491 1602 2538 qui
1626 2489 1663 2525 ad
1692 2490 1860 2538 praefatam

1118 2545 1294 2580 Ecclesiam
1328 2547 1357 2580 in
1393 2545 1445 2580 die
1480 2545 1686 2580 solemnitatis
1720 2545 1861 2580 eiusdem

1118 2599 1333 2646 gloriosissimi
1353 2599 1551 2639 confessoris,
1575 2597 1621 2633 vel
1639 2598 1716 2633 10113
1739 2607 1862 2635 octavas

1119 2665 1191 2688 cum
1211 2653 1376 2688 devotione
1394 2653 1582 2688 accesserint
1602 2652 1669 2687 0105
1685 2653 1861 2688 orationum

1888 2332 2001 2353 Concessio
2023 2333 2058 2353 in-

1875 2364 2036 2389 duissmtinrnm.
