2129 3223
162 261 214 286 An.
231 259 260 285 C.
275 259 343 286 ¹219

171 616 302 636 caracteris
312 615 340 634 ol·

176 2300 203 2318 ba
226 2299 344 2318 »πίοι-ιο-

408 250 478 281 552

361 363 462 398 riosus
495 362 562 396 eius
591 361 820 396 correctionem
843 361 982 408 recipere
1010 372 1107 395 recu-

360 412 482 451 saverit,
500 411 603 446 tribus
621 410 735 445 diebus
757 410 915 445 continuis
933 410 970 444 ad
995 418 1106 444 terram

359 460 501 496 comedat
533 460 683 506 grossiori
716 471 795 506 pane
814 468 842 493 et
869 471 959 506 aqua,
982 470 1107 505 unoque

358 519 477 545 tantum
506 511 670 557 pulmento
683 517 902 553 contentus,et
921 509 945 543 si
968 520 1108 556 perseve-

358 560 482 605 raverit,
509 559 547 594 ad
570 559 706 606 priorem
730 559 870 593 mittatur
891 558 958 593 eius
979 557 1106 592 arbitrio

357 609 547 656 puniendus.
575 609 674 644 Porro
703 608 769 655 ipse
798 616 956 643 corrector
983 618 1106 653 semper

356 658 471 694 diebus
492 658 661 693 dominicis
677 665 707 692 et
728 657 844 692 festivis
867 665 936 705 post
955 657 1106 703 primam,

357 721 413 755 pro
448 708 536 744 festis
573 720 646 743 vero
677 707 790 742 diebus
824 707 852 740 in
890 706 1002 753 hyeme
1036 712 1105 752 post

355 758 490 798 tertiam,
513 767 540 792 et
570 765 639 806 post
668 757 798 803 primam
824 756 853 790 in
876 764 992 791 aestate
1018 755 1106 801 eapi-

355 808 456 843 tulum
487 815 609 847 teneat,
637 807 675 841 ad
708 805 792 853 quod
826 805 959 851 singuiis
991 804 1106 838 diebus

354 857 541 892 conveniam
557 869 668 891 omnes
698 855 803 890 clerici
826 864 857 889 et
879 855 1022 889 conversi
1051 854 1104 900 qui

356 914 503 953 poterunt
530 906 711 946 convenire,
727 904 897 939 dominicis
919 916 991 938 vero
1013 912 1043 937 et
1065 904 1106 937 l'e-

354 957 444 991 stivis
458 955 569 990 diebus
584 954 771 989 conveniant
784 966 894 988 omnes
909 961 970 988 tam
987 952 1104 992 clerici,

353 1018 447 1052 quam
467 1004 548 1048 laici,
566 1004 676 1051 eisque
702 1003 850 1038 omnibus
877 1011 1035 1037 corrector
1074 1002 1103 1035 in

354 1055 422 1102 ipso
432 1055 570 1101 capitulo
584 1054 710 1101 praesit,
721 1052 772 1087 ubi
788 1060 941 1098 proponat
956 1052 1023 1098 ipse
1039 1063 1105 1085 cor-

353 1113 464 1148 rector,
479 1116 535 1139 seu
555 1103 634 1138 alius
647 1103 776 1137 verbnm
786 1100 1041 1146 Deiexponendo
1052 1101 1103 1134 ali·
1124 1116 1125 1119 ¹

353 1153 436 1200 quod
453 1152 626 1201 capitulum
645 1152 779 1198 regulae,
796 1159 847 1185 aut
862 1150 1053 1197 aliud,qu0d
1066 1151 1103 1183 ad

352 1204 528 1240 animarum
545 1202 795 1237 aedificationem
817 1200 970 1247 pertineat
993 1211 1105 1246 propo-

353 1253 470 1299 nendo,
493 1253 644 1299 idemque
666 1260 825 1286 corrector
847 1249 982 1294 corrigat
1004 1258 1033 1283 et
1056 1249 1104 1283 di-

352 1302 513 1349 sciplinet,
549 1314 620 1336 cum
653 1313 734 1347 opus
768 1300 870 1339 luerit,
909 1310 1019 1333 omnes
1042 1306 1103 1332 tam

352 1351 494 1393 clericos,
520 1363 616 1399 quam
643 1351 754 1390 laicos,
783 1357 811 1384 et
843 1355 955 1383 statuta
985 1347 1104 1382 ordinis

353 1400 443 1436 faciat
466 1401 506 1437 ab
528 1400 676 1435 omnibus
703 1399 873 1439 observari,
895 1408 975 1443 quae
999 1397 1104 1431 onmia
1124 1423 1125 1426 η

354 1451 383 1484 in
419 1451 488 1498 ipso
527 1449 629 1496 capite
662 1447 828 1494 adimpleri
870 1446 1015 1481 volumus
1039 1458 1125 1500 'per‘

353 1500 488 1546 priorem
524 1499 570 1533 vel
608 1511 662 1546 per
694 1498 800 1536 illum,
836 1497 885 1531 eui
920 1495 1003 1542 prior
1039 1507 1105 1542 ipse

354 1548 382 1582 id
406 1549 531 1584 duxerit
554 1547 798 1594 iniungendum,
817 1545 876 1580 hoc
892 1543 1106 1578 moderamine

355 1599 384 1632 in
417 1597 667 1633 correctionibus
698 1596 878 1639 observato,
908 1594 1106 1628 utcorrectio

354 1647 478 1683 illorum
517 1646 704 1682 delictorum
745 1645 925 1682 dumtaxat,
970 1655 1104 1690 quorum

354 1697 532 1732 emendatio
559 1695 627 1730 sine
656 1695 759 1742 priore
787 1694 962 1728 secundmn
993 1701 1104 1727 statuta

354 1747 447 1782 vestri
470 1745 593 1782 ordinis
621 1745 686 1779 lieri
711 1751 823 1792 potest,
843 1755 898 1790 per
914 1742 1016 1788 ipsum
1041 1753 1107 1776 cor—

355 1805 509 1831 rectorem
538 1795 601 1838 fiat,
624 1795 701 1829 itaut
730 1795 814 1828 iuxta
842 1793 909 1826 eius
939 1790 1107 1838 providen-

355 1846 427 1880 tiam
450 1845 555 1880 clerici
580 1856 635 1890 per
655 1843 800 1879 clericos,
830 1850 858 1876 et
882 1840 1023 1876 conversi
1054 1852 1108 1886 per

354 1906 523 1930 conversos
538 1893 791 1940 disciplinentur,
814 1891 864 1925 ubi
882 1891 941 1925 hoc
956 1901 1106 1924 excessus

355 1944 532 1991 exegerint,
561 1951 590 1978 et
622 1942 742 1977 ordinis
769 1941 909 1975 instituta
936 1939 1106 1986 requirent,

356 2005 415 2028 nee
439 1993 521 2028 ullus
548 1992 701 2027 laicorum
724 1990 853 2025 fratrum
877 1989 907 2022 in
930 1988 1106 2022 consessio-

357 2042 468 2085 nibus,
500 2041 716 2090 poenitentiis,
747 2039 861 2074 divinis
886 2037 995 2072 officiis
1024 2037 1108 2072 cele-

357 2092 487 2127 brandis
508 2100 538 2126 et
559 2089 754 2136 corrigendis
774 2087 958 2124 excessibus
982 2086 1109 2121 clerico-

357 2153 466 2177 corum
487 2140 624 2188 aliquam
648 2139 707 2174 sibi
727 2138 941 2173 auctoritatem
966 2143 1107 2182 usurpet,

358 2190 411 2226 sed
434 2191 512 2226 haec
538 2189 644 2225 omnia
669 2201 722 2236 per
746 2188 880 2235 priorem
905 2194 933 2220 et
956 2192 1110 2220 correcto-

359 2253 438 2281 rem,
459 2239 542 2275 sicut
570 2246 788 2287 praenotatum
817 2245 879 2280 cst,
908 2234 1106 2282 impleantur.

359 2289 589 2337 Quaecumque
605 2297 730 2336 peccata
754 2287 867 2333 aliquis
882 2286 1010 2320 fratrum
1027 2295 1111 2318 com-

362 2339 490 2381 miserit,
504 2339 595 2374 alicui
607 2337 774 2379 sacerdoti,
793 2337 846 2384 qui
866 2347 938 2370 cnm
961 2345 998 2368 eo
1017 2333 1110 2368 fuerit

363 2391 393 2423 in
420 2401 477 2424 sua
499 2388 624 2429 cellula,
646 2399 681 2422 ea
704 2385 919 2428 confitebitur,
941 2395 998 2418 nec
1020 2394 1110 2430 opor-

361 2438 437 2474 tebit
464 2450 536 2473 enm
564 2437 603 2473 de
632 2436 816 2472 necessitate
845 2434 988 2469 cellulam
1018 2444 1110 2467 occa—

362 2488 450 2523 sione
473 2487 627 2524 dicendae
647 2484 857 2521 consessionis
878 2483 982 2527 exire,
1006 2490 1037 2516 et
1057 2493 1110 2516 sa—

363 2537 481 2573 cerdoti
504 2536 608 2573 licebit
631 2536 673 2570 illi
698 2534 921 2583 poenitentiam
937 2531 1111 2578 iniungere,

366 2586 414 2621 liis
427 2587 566 2633 peccatis
580 2587 732 2632 exceptis,
747 2583 786 2619 de
800 2582 917 2630 quibus
936 2580 1111 2616 secundum

365 2643 478 2670 statuta
500 2635 592 2670 vestri
615 2634 735 2669 ordinis
763 2632 887 2667 nonnisi
915 2631 1001 2666 solus
1028 2632 1113 2677 prior

944 256 1081 280 nt'LtARt
1088 256 1130 278 [Μ
1155 256 1315 278 ΙὶυΜΑΝυΜ

192 321 345 336 ⁰⁸¹¹·0‘1‘02*
359 313 508 357 clericus,
534 313 600 347 sive
627 311 737 354 laicus,
759 311 824 346 sive
846 312 936 345 etiam
965 312 1030 358 ipsc
1052 323 1109 345 cu—
1148 318 1250 357 potest
1279 311 1503 358 poenitentiam
1525 311 1702 356 iniungere,
1721 312 1761 347 de
1779 312 1897 359 quibus

159 352 166 366 Ι
175 353 220 366 uum

1148 367 1251 394 tamen
1274 360 1298 394 si
1324 359 1487 397 manifesta
1516 373 1580 395 non
1606 360 1733 402 fuerint,
1763 362 1895 409 presby-

1149 417 1225 454 tero,
1243 409 1297 457 qui
1313 421 1421 445 secum
1445 410 1476 445 in
1492 410 1568 445 cella
1589 410 1773 452 morabitur,
1791 410 1895 445 licebit

1148 458 1313 505 iniungere
1346 459 1568 506 poenitentiam
1603 460 1777 496 confitenti.
1809 459 1895 495 Haec

1146 515 1251 542 autem
1264 509 1409 543 volumus
1420 508 1537 544 illibata
1549 510 1663 544 servari
1676 522 1737 545 non
1752 509 1895 544 obstante

1146 558 1352 594 conventione
1379 558 1441 598 illa,
1463 570 1544 605 quae
1571 559 1601 593 in
1625 560 1799 606 praesentia
1821 559 1895 594 clia-

1147 607 1259 641 rissimi
1294 608 1323 642 in
1363 607 1492 642 Christo
1532 608 1585 642 fitii
1621 609 1718 643 nostri
1756 607 1894 656 Philippi

1146 657 1230 702 regis
1266 656 1462 692 Francorum
1498 656 1641 697 illustris,
1676 666 1706 692 et
1740 657 1894 693 baronum

1145 718 1275 741 suorum
1304 708 1384 741 inter
1399 706 1553 754 quosdam
1568 706 1699 742 clericos
1715 714 1745 741 et
1763 719 1895 742 conver-

1145 767 1197 790 sos
1211 756 1301 790 vestri
1324 756 1443 791 ordinis
1459 758 1535 790 l'acta
1551 756 1623 800 suit,
1639 768 1710 791 cum
1724 768 1759 790 ea
1771 757 1895 791 statutis

1145 805 1347 852 Apostolicae
1368 805 1462 840 Sedis
1485 806 1514 839 in
1539 805 1681 851 pluribus
1701 805 1894 850 adversetur,

1144 863 1174 889 et
1203 854 1272 889 ideo
1299 867 1367 890 eam
1386 855 1477 891 >vires
1506 854 1606 889 nullas
1640 855 1784 890 volumus
1810 855 1895 890 obti-

1145 916 1230 938 nere.
1254 903 1370 938 Curam
1395 917 1467 939 vero
1489 904 1709 951 temporalium
1735 905 1820 951 prior
1842 905 1893 939 uni

1144 965 1381 994 conversorum,
1407 965 1500 1000 quem
1527 954 1755 993 discretiorem,
1789 962 1818 989 et
1856 953 1894 989 ad

1146 1003 1205 1037 lioc
1239 1003 1340 1049 magis
1372 1002 1521 1038 idoneum
1556 1003 1685 1042 viderit,
1711 1002 1896 1050 inqualibet

1144 1051 1311 1087 domorum
1334 1053 1526 1088 exteriorum
1547 1052 1733 1093 committat,
1748 1053 1802 1099 qui
1818 1052 1897 1090 elee-

1145 1114 1303 1149 mosynas,
1330 1110 1360 1137 et
1381 1101 1439 1137 alia
1463 1101 1542 1136 bona
1565 1101 1679 1136 domus
1706 1102 1847 1149 recipiat,
1866 1110 1896 1137 et

1144 1164 1179 1187 ea
1208 1152 1237 1186 in
1267 1151 1335 1199 pios
1369 1164 1447 1186 usus
1474 1163 1509 1186 ac
1536 1151 1754 1186 necessitatem
1781 1151 1896 1186 domus

1145 1200 1272 1247 provida
1285 1201 1538 1236 consideratione
1548 1209 1719 1239 convertat,
1731 1200 1791 1236 hoc
1811 1200 1897 1236 adhi-

1144 1250 1210 1285 bito
1232 1250 1458 1295 moderamine,
1485 1258 1518 1285 ut
1557 1246 1704 1285 curiosus'
1732 1249 1807 1297 ipse
1834 1261 1899 1285 ma-

1146 1301 1210 1335 iora
1234 1300 1355 1346 negotia
1383 1308 1490 1347 utpote
1518 1298 1764 1344 aedificationes,
1791 1298 1898 1334 vendi-

1145 1350 1258 1390 tiones,
1286 1350 1476 1397 emptiones,
1503 1348 1724 1395 obligationes,
1750 1360 1787 1384 ac
1811 1348 1898 1384 debi-

1145 1408 1247 1434 torum
1286 1399 1461 1433 solutiones
1499 1410 1662 1445 nunquam
1701 1397 1791 1433 faciat
1828 1398 1896 1433 sine

1145 1449 1333 1483 correctoris
1373 1448 1507 1483 consilio
1547 1456 1577 1482 et
1623 1459 1766 1483 assensu.
1808 1445 1896 1484 Idem

1145 1510 1273 1545 quoque
1295 1498 1439 1532 curiosus
1458 1497 1497 1532 de
1519 1496 1698 1532 commissis
1718 1496 1779 1531 sibi
1799 1496 1895 1537 curis,

1145 1556 1176 1581 et
1203 1548 1340 1593 receptis
1366 1546 1516 1581 omnibus
1543 1557 1579 1581 ac
1604 1546 1763 1592 expensis,
1788 1545 1897 1581 reddat

1126 1595 1185 1631 ‘ad
1222 1596 1329 1631 minus
1367 1595 1502 1642 singulis
1541 1595 1703 1630 mensibus
1743 1595 1895 1630 rationem

1146 1645 1298 1680 omnibus
1332 1645 1480 1680 fratribus
1520 1645 1551 1679 in
1591 1644 1768 1688 communi,
1789 1643 1837 1679 vel
1870 1644 1896 1679 si

1147 1696 1345 1742 nequiverint
1386 1707 1498 1729 omnes
1536 1693 1703 1729 commode
1745 1694 1897 1729 interesse

1148 1743 1418 1790 prudentioribus,
1435 1756 1516 1791 quos
1534 1751 1694 1778 corrector
1707 1750 1737 1778 et
1751 1742 1898 1778 curiosus

1126 1794 1293 1828 'duxerint
1327 1793 1544 1836 advocandos,
1572 1792 1754 1827 redditurus
1780 1791 1897 1828 nihilo-

1147 1844 1253 1878 minus
1276 1843 1427 1878 rationem
1448 1843 1554 1889 priori,
1577 1854 1650 1876 cum
1669 1841 1778 1876 audire
1794 1841 1898 1877 volue-

1148 1894 1196 1932 rit,
1210 1901 1239 1926 et
1253 1893 1310 1935 eis,
1333 1892 1450 1939 quibus
1468 1892 1550 1926 idem
1571 1891 1655 1938 prior
1676 1891 1706 1925 in
1730 1890 1792 1926 hoc
1814 1891 1898 1926 vices

1147 1954 1220 1977 suas
1255 1942 1380 1976 duxerit
1407 1940 1662 1976 committendas.
1696 1939 1812 1975 Clerici
1842 1952 1897 1988 per

1148 2003 1317 2026 conversos
1362 1990 1558 2025 mansionem
1604 2001 1666 2025 non
1713 1989 1897 2034 mutabunt,

1149 2041 1245 2075 immo
1267 2052 1375 2075 eorum
1399 2040 1531 2074 mutatio
1553 2039 1592 2074 de
1616 2039 1682 2074 sola
1706 2038 1758 2073 liet
1785 2038 1897 2073 volun-

1148 2098 1209 2125 tats¹
1228 2090 1353 2136 prioris,
1367 2089 1477 2124 licebit
1491 2098 1593 2124 tamen
1609 2099 1760 2123 converso
1772 2088 1897 2122 curioso

1148 2151 1297 2174 excessus
1312 2139 1415 2173 clerici
1431 2138 1485 2185 qui
1506 2150 1613 2173 secum
1633 2137 1725 2172 debet
1749 2139 1792 2181 (l)
1815 2149 1897 2171 nun-

1149 2189 1231 2223 ciare
1267 2189 1374 2235 priori,
1408 2196 1438 2222 et
1472 2188 1617 2222 similiter
1650 2185 1755 2220 licebit
1782 2185 1897 2220 clerico

1149 2250 1296 2273 excessus
1324 2238 1394 2272 laici
1421 2238 1572 2272 nunciare
1607 2236 1720 2283 priori,
1752 2243 1783 2270 ut
1810 2235 1895 2282 quod

1151 2288 1234 2335 prior
1262 2287 1453 2322 mandaverit
1490 2286 1666 2332 impleatur.
1703 2284 1750 2318 Ad
1782 2295 1897 2331 ampu-

1150 2337 1279 2372 tandum
1308 2349 1434 2383 quoqne
1461 2336 1584 2382 plenius
1610 2334 1768 2368 audaciam
1797 2345 1896 2368 exce-

1150 2386 1257 2424 dendi,
1293 2388 1462 2421 statuimus
1494 2394 1525 2420 ut
1561 2383 1745 2432 presbyteri,
1776 2384 1828 2429 qui
1857 2382 1897 2417 de

1152 2436 1299 2471 mandato
1333 2437 1445 2482 prioris
1471 2436 1501 2469 in
1535 2432 1684 2468 domibus
1705 2431 1743 2465 de
1768 2431 1898 2467 Vicenis

1151 2486 1189 2520 de
1211 2485 1314 2520 Bosco
1348 2484 1470 2524 Raerii,
1497 2491 1527 2518 et
1563 2482 1602 2517 de
1628 2480 1728 2516 Podio
1754 2479 1897 2528 Caprarii

1151 2534 1239 2570 cellis
1266 2536 1359 2569 vestri
1387 2533 1507 2569 ordinis
1534 2543 1588 2578 per
1618 2538 1757 2577 tempora
1789 2542 1896 2566 corre-

1152 2585 1246 2619 ctoris
1267 2583 1404 2618 officium
1422 2581 1619 2624 obtinebunt,
1638 2580 1700 2615 sint
1720 2581 1898 2616 visitatores

1187 2641 1226 2675 (l)
1245 2642 1367 2668 Fortasse
1381 2643 1461 2672 aequ.

1913 260 1964 286 An.
1982 259 2011 286 C.
2026 259 2092 287 122¹·

1922 914 1974 935 eura
1983 917 2092 941 tempora-

1909 946 1958 967 lium
1978 945 2012 966 cui
2031 949 2093 965 corn-

1909 977 2018 997 mittenda.

1924 2448 1953 2469 De
1968 2448 2092 2468 visitationi-

1910 2478 1948 2499 hu·
1963 2478 2078 2499 donorum.
