2129 3223
152 304 201 330 An.
223 304 249 330 C-
267 303 334 330 ttaz

178 1682 307 1709 Snpplicatio

157 1713 328 1738 congre-gationis

153 1743 215 1763 tulis
246 1743 333 1763 [rubro-

152 1782 187 1796 sae
210 1781 247 1802 pro
268 1781 334 1796 cano—

152 1811 213 1827 nizat,
250 1806 334 1827 loannis

151 1838 258 1858 Cualberti
289 1839 333 1858 cius

152 1875 211 1895 prtnii
228 1868 307 1888 ,husius

179 2502 314 2521 Lanariizatto

154 2531 255 2554 eiusdem,
275 2536 335 2556 piae-

155 2567 188 2580 vis
204 2562 265 2581 liuius
280 2559 322 2580 Pon

397 295 444 328 96
926 303 1112 326 Bruanium
1141 302 1302 326 ROMtNUM
1899 299 1948 326 An
1969 298 1999 326 C
2014 298 2081 327 ttaz

348 359 449 394 solum
472 357 726 393 immarcescibili
760 357 885 399 bravio,
911 365 941 392 et
967 365 1094 392 aeterno

349 415 539 447 remunerat,
562 419 669 441 verum
691 408 785 441 etiam
809 407 839 441 in
863 406 1019 454 praesenti
1034 406 1094 441 vita

350 468 404 503 pet
425 455 648 491 exhibitionem
686 456 821 503 plurium
854 455 1094 500 miraculorum,

348 505 616 540 commendabiles
638 505 750 549 reddit,
772 513 801 539 et
828 504 1002 540 secundum
1021 516 1096 551 pro-

350 554 508 600 pheticum
534 554 683 594 verbum,
718 566 771 589 eos
805 553 878 588 tacit
906 554 934 588 in
970 562 1095 588 aeterna

348 616 416 637 esse
439 604 589 638 memoria
612 605 670 647 (l),
692 611 722 637 et
743 603 781 637 ab
802 603 951 637 omnibns
969 602 1097 637 celebri-

350 661 395 686 ter
422 653 573 687 venerari.
602 652 666 687 Nec
689 653 772 687 enim
795 653 963 699 quisquam
992 651 1097 686 catho-

349 702 428 736 licus
448 701 589 747 ambigit,
611 713 682 736 cum
699 709 729 736 et
746 702 804 735 hoc
819 701 982 748 Scriptura
1001 700 1096 735 Sacra

350 758 496 794 testetur,
540 750 625 797 quod
653 750 683 784 in
718 751 835 785 sanctis
861 751 926 784 suis
953 749 1097 784 laudatur

350 800 517 839 Dominus,
536 808 566 833 et
588 799 641 846 qui
664 799 796 834 honorat
819 811 884 843 eos,
907 800 1007 846 ipsum
1031 799 1097 833 Do-

350 849 469 883 minum
494 861 622 896 prorsus
649 848 792 889 honor-,at
821 849 888 894 ipso
909 855 1073 882 attestante
1089 875 1096 888 ,

348 899 400 945 qui
428 897 518 932 dicit:
547 898 609 938 Qui
639 910 691 931 vos
714 897 856 937 honorat,
881 909 930 931 me
952 897 1096 936 honorat,

348 957 376 981 et
406 947 459 993 qui
489 958 543 981 vos
570 946 701 992 recipit,
735 958 785 980 me
821 947 932 1000 recipit
964 947 1020 989 (2).
1060 945 1097 979 Et

350 996 439 1029 item:
470 996 562 1037 Quod
596 995 649 1029 nni
678 1008 714 1028 ex
744 995 822 1029 meis
848 995 987 1029 minimis
1014 994 1097 1028 feci-

347 1045 414 1087 stis,
441 1044 517 1078 mihi
547 1044 663 1078 lecistis
690 1047 746 1087 (5).
777 1044 812 1077 Et
836 1043 962 1090 quidem
986 1043 1096 1077 rationi

348 1101 594 1128 consentaneum
617 1105 686 1127 esse
710 1092 871 1140 probatur,
898 1100 932 1127 ut
954 1092 1098 1147 quando-

347 1142 477 1188 quidem
512 1143 723 1196 omnipotens·
738 1141 842 1180 Pater,
869 1140 941 1175 Filii
967 1142 1016 1175 sui
1044 1153 1099 1175 co-

348 1190 517 1231 haeredes,
551 1203 588 1226 eo
622 1203 684 1239 quo
719 1191 822 1237 ipsum
851 1189 970 1224 honore
1002 1190 1098 1224 voluit

349 1239 502 1286 insigniri,
532 1241 600 1287 ipso
636 1248 744 1275 orante
772 1247 800 1273 et
827 1238 969 1274 dicente:
999 1238 1097 1279 V,olo

348 1288 451 1329 Pater,
482 1297 515 1323 ut
536 1289 590 1324 ubi
613 1301 672 1335 ego
694 1301 777 1330 sum,
807 1287 868 1322 illic
890 1289 927 1322 sit
951 1296 979 1322 et
1003 1288 1099 1322 mini-

348 1347 413 1372 ster
434 1350 535 1374 meus.
562 1338 603 1373 Ei
625 1350 766 1372 rursum:
792 1336 825 1372 Si
847 1338 918 1384 quis
940 1337 1016 1371 mihi
1039 1337 1099 1371 mi-

350 1387 538 1430 nistraverit,
559 1386 778 1422 honorificabit
797 1398 868 1421 eum
888 1385 982 1420 Pater
998 1398 1099 1430 meus,

349 1436 402 1482 qui
427 1436 456 1470 in
480 1435 574 1471 caelis
595 1444 643 1471 est
665 1437 718 1481 (4).
746 1434 903 1469 Homines
918 1435 971 1482 qui
991 1446 1030 1469 ex
1050 1435 1100 1469 lu-

349 1493 396 1518 tea
424 1485 550 1520 materia
575 1492 665 1524 sunt,
701 1484 800 1531 ipsius
832 1484 1015 1518 memoriam
1044 1495 1099 1519 ce—

350 1533 469 1568 lebrent
490 1542 520 1568 et
543 1542 730 1568 venerentur
752 1533 783 1567 in
805 1534 910 1573 terris,
932 1533 1024 1567 cuius
1042 1545 1100 1568 no-

350 1594 421 1616 men
448 1583 587 1617 creditur
608 1583 760 1629 scriptum
784 1594 852 1616 esse
877 1582 906 1615 in
930 1582 1036 1616 coelis.

396 1631 417 1678 g
445 1636 476 1666 1.
499 1631 565 1666 Hac
593 1632 741 1666 nimirum
770 1630 1024 1666 consideratione
1051 1630 1100 1665 in—

349 1679 460 1721 ducti,
493 1692 564 1715 cum
601 1692 708 1727 preces
742 1679 927 1714 dilectorum
963 1679 1098 1714 filiorum

351 1736 528 1764 nostrorum
551 1728 679 1775 Georgii
706 1728 838 1772 abbatis,
865 1737 894 1763 et
926 1736 1099 1763 conventus

351 1777 601 1813 passinianensis
624 1778 816 1821 monasterii,
844 1785 1045 1824 vestrumque
1060 1786 1097 1812 te-

349 1827 533 1862 stimonium
561 1827 791 1874 recepissemus
811 1834 842 1861 et
863 1827 979 1864 literas,
1004 1836 1036 1861 ut
1059 1827 1100 1860 in-

349 1876 438 1910 clitae
483 1876 705 1911 recordationis
742 1875 892 1910 Ioannem
940 1875 1098 1921 quondam

349 1924 493 1960 abbatem
522 1924 618 1959 Vallis
640 1924 859 1959 Umbrosanac
880 1924 1100 1970 congregatio-

350 1974 398 2008 nis
421 1973 645 2013 institutorem,
671 1974 723 2020 qui
747 1973 906 2008 Creatoris
927 1973 974 2007 sui
990 1985 1100 2008 servus

349 2022 491 2068 prudens
512 2022 613 2057 extitit
634 2030 664 2057 et
687 2022 799 2066 fidelis,
824 2031 854 2057 et
876 2021 1013 2056 familiae
1039 2021 1097 2056 sibi

349 2072 538 2106 commissae
568 2071 598 2105 in
626 2078 767 2117 tempore
794 2071 886 2105 tritici
917 2081 1097 2105 mensuram

350 2120 516 2167 impendit,
539 2128 568 2154 et
591 2131 685 2166 quem
704 2120 777 2167 quia
799 2119 856 2154 fuit
878 2130 976 2166 super
1001 2130 1098 2165 pauca

351 2169 468 2210 fidelis,
505 2177 573 2216 post
609 2168 728 2203 obitum
752 2181 845 2203 suum
873 2179 969 2214 super
1002 2168 1097 2203 multa

349 2218 508 2253 Dominus
531 2218 596 2265 ipse
618 2218 795 2262 constituit,
823 2225 852 2252 et
876 2217 982 2251 multis
1004 2217 1098 2252 mira-

350 2268 491 2302 culorum
520 2266 690 2314 privilegiis
713 2266 884 2313 insignivit,
914 2266 981 2301 istis
1006 2266 1098 2300 etiam

350 2316 562 2363 temporibus,
586 2324 619 2350 ut
645 2315 770 2356 dicitur,
798 2316 991 2350 incessanter
1025 2314 1100 2349 illu-

350 2373 441 2405 strat,
475 2372 657 2400 sanctorum
685 2364 850 2412 cathalogo
876 2375 1098 2405 annumerare,

350 2422 377 2448 et
400 2414 582 2449 consociare
610 2413 771 2449 vellemus.

399 2462 419 2509 S
445 2464 478 2497 2.
501 2461 611 2497 Visum
641 2463 744 2510 itaque
766 2469 813 2497 est
837 2461 938 2506 nobis,
960 2470 988 2496 et
1011 2474 1099 2496 com-

351 2512 437 2545 muni
460 2513 594 2546 consilio
616 2511 744 2547 fratrum
769 2510 894 2551 insedit,
923 2519 955 2545 ut
979 2510 1099 2545 vicino-

328 2572 335 2574 *
352 2572 419 2594 rum
442 2562 662 2607 episcopor-um
683 2569 712 2595 et
734 2560 865 2594 aliorum
890 2559 1097 2605 praelatorum

386 2633 425 2667 U)
442 2632 535 2659 Psatm.
553 2642 607 2660 cxi.
647 2633 686 2668 (Ξ)
699 2632 792 2659 tttattti.
806 2640 831 2659 x.
871 2633 910 2667 (5)
921 2632 1015 2659 Matth.
1028 2640 1096 2659 xxv.

352 2671 390 2706 (ἢ)
407 2671 478 2698 loan.
496 2679 544 2703 xit,
563 2671 608 2698 26,

1136 355 1316 395 Ecclesiae
1348 356 1538 392 deberemus
1570 357 1609 392 de
1647 353 1960 393 conversationeuflei·
1983 360 2084 380 verme*-

1136 405 1275 440 eiusdem
1304 405 1378 440 boni
1415 406 1488 449 viri,
1524 414 1555 441 et
1582 406 1761 445 miraculis,
1794 391 2082 442 testi-{232⁰‘23'31'ffl-

1138 454 1239 489 monia
1257 456 1448 501 praestolari.
1472 455 1608 490 Demum
1632 467 1705 491 vcro
1726 466 1798 489 cum
1814 453 1886 501 epi·
1898 452 1958 473 ⁰⁰¹¹*

1136 515 1317 550 scoporum,
1344 504 1503 545 abbatum,
1531 505 1696 551 priorum,
1721 503 1886 538 archidia-

1136 564 1300 593 conorum,
1325 553 1542 600 plebanorum,
1562 554 1810 600 praepositorum
1832 563 1887 586 ec-

1137 601 1383 637 clesiasticorum
1406 611 1437 638 et
1464 603 1711 637 monasticorum
1742 613 1886 636 conven—

1137 658 1239 692 tuum,
1261 660 1355 699 atque
1376 652 1524 699 aliorum,
1545 663 1640 699 super
1661 651 1804 686 eiusdem
1827 650 1887 685 mi-

1138 700 1227 735 nistri
1254 700 1325 735 Iesu
1347 700 1464 737 Christi
1489 701 1551 736 vita
1585 710 1616 736 et
1637 700 1887 743 conversatione,

1138 757 1231 797 atquc
1259 750 1421 785 miraculis
1449 750 1680 797 recepissemus
1709 748 1887 783 testimonia

1138 807 1167 833 et
1205 811 1334 845 preces,
1373 812 1469 846 super
1506 797 1723 834 canonizando
1757 797 1887 837 eodem,

1139 847 1268 882 fratrum
1294 856 1472 883 nostrorum
1495 847 1712 883 convenientia
1741 847 1888 893 requisita

1138 905 1168 931 et
1187 897 1305 941 habita,
1328 898 1499 932 referentes
1520 897 1634 943 gratias
1655 896 1812 934 Creatori.
1834 895 1888 942 qui

1140 946 1313 981 Ecclesiam
1336 959 1425 980 suam
1448 959 1573 993 semper
1599 957 1677 980 nova
1704 945 1790 992 prole
1813 945 1891 978 mul-

1140 996 1275 1041 tiplicat,
1311 1004 1423 1029 ettam
1453 1007 1606 1034 r,osarum
1633 1006 1728 1041 quam
1752 993 1888 1027 liliorum

1140 1044 1215 1079 ssore
1229 1045 1366 1085 decorat,
1383 1044 1654 1091 praenominatum
1667 1043 1702 1077 bt
1696 1051 1790 1077 atum
1803 1041 1892 1076 Ioan-

1141 1105 1211 1127 nem
1241 1094 1510 1138 canonizavimus,
1544 1101 1573 1127 et
1599 1103 1731 1126 numero
1762 1090 1891 1126 confes-

1139 1154 1245 1176 sorum
1273 1141 1390 1176 Christi
1416 1142 1614 1177 decrevimus
1640 1139 1889 1187 adiungendum.

1139 1191 1365 1226 Conl'essorum
1394 1192 1538 1226 omnium
1574 1201 1678 1234 regem
1711 1201 1803 1236 prece
1829 1189 1892 1223 hu-

1142 1239 1207 1274 mili
1223 1239 1442 1286 deposcentes,
1464 1249 1498 1275 ut
1521 1239 1665 1275 eiusdem
1689 1238 1892 1282 confessoris,

1140 1289 1194 1336 qui
1228 1289 1287 1324 sibi
1327 1297 1454 1344 propter
1491 1289 1613 1324 lucidas
1639 1295 1671 1322 et
1704 1287 1894 1333 conspicuas

1142 1338 1256 1385 placuit
1278 1339 1435 1379 actiones,
1463 1338 1610 1384 precibus
1635 1346 1665 1372 et
1693 1336 1812 1371 meritis
1844 1348 1894 1371 re-

1140 1387 1294 1427 colendis,
1333 1387 1372 1422 ab
1406 1366 1598 1422 instantibus
1626 1385 1774 1433 periculis
1800 1397 1893 1420 erua-

1141 1448 1228 1479 mur,
1256 1444 1286 1471 et
1311 1437 1340 1471 in
1370 1436 1486 1471 nostris
1518 1434 1758 1471 necessitatibus
1793 1434 1893 1482 ipsius

1142 1485 1353 1547 patrocinium
1377 1485 1565 1521 sentiamus.

1188 1533 1208 1580 S
1232 1536 1264 1568 5.
1288 1533 1416 1570 Vestrae
1440 1535 1544 1581 itaque
1562 1533 1719 1568 devotioni
1749 1545 1802 1580 per
1820 1544 1894 1578 apo·
1918 1543 1967 1564 eius
1984 1542 2089 1564 tentum

1140 1583 1250 1618 stolica
1277 1583 1392 1630 scripta
1419 1583 1618 1620 mandamus
1647 1590 1741 1629 atque
1768 1574 2027 1630 praeci-¹²⁶⁰¹²”‘¹³'

1142 1632 1256 1678 pimus
1279 1641 1436 1678 quatenus
1461 1632 1500 1666 de
1528 1631 1602 1666 tanti
1628 1630 1753 1686 patroni
1780 1631 1892 1665 suffra-

1140 1681 1204 1727 gio,
1238 1693 1333 1728 quem
1360 1681 1468 1728 genuit
1490 1689 1520 1715 et
1553 1681 1681 1715 nutrivit
1701 1680 1765 1727 ipsa
1793 1680 1891 1722 ltalia,

1141 1729 1344 1784 spiritualiter
1370 1730 1590 1776 gratulemini,
1624 1736 1652 1764 et
1680 1741 1748 1763 etus
1770 1740 1891 1763 memo-

1142 1779 1218 1813 riam
1245 1788 1331 1814 certo
1353 1779 1404 1814 (lie
1432 1780 1511 1814 inter
1532 1778 1610 1813 alios
1631 1777 1829 1813 confessores
1843 1789 1892 1812 ve-

1142 1828 1303 1863 neratione
1325 1828 1440 1863 celebri
1465 1828 1621 1867 recolatis,
1651 1827 1750 1873 ipsius
1772 1827 1891 1861 festivi-

1142 1885 1234 1911 tatem
1270 1877 1373 1912 colere
1406 1876 1579 1920 studeatis,
1613 1876 1641 1910 in
1679 1888 1717 1910 eo
1751 1875 1890 1910 divinam

1141 1925 1402 1972 omnipotentiam
1426 1926 1608 1961 exaltantes.
1637 1924 1670 1958 Si
1693 1925 1789 1965 enim,
1812 1932 1892 1959 atte-

1141 1982 1242 2009 stante
1257 1986 1332 2010 voce
1344 1974 1521 2017 Dominica,
1541 1975 1641 2008 Deum
1658 1974 1788 2020 diligere
1802 1986 1891 2008 com-

1142 2023 1305 2068 probatur,
1333 2024 1385 2070 qui
1413 2024 1558 2058 mandata
1587 2023 1656 2057 eius
1689 2022 1844 2063 observat,
1874 2034 1891 2056 a

1142 2071 1294 2107 fructibus
1317 2073 1543 2119 praenominati
1566 2071 1664 2107 sancti
1699 2071 1753 2105 viri
1778 2083 1890 2117 cogno·

1140 2121 1250 2160 scitur,
1273 2121 1358 2168 quod
1381 2121 1462 2168 apud
1491 2120 1592 2155 Deum
1617 2120 1713 2167 possit
1731 2128 1761 2154 et
1778 2120 1890 2155 debeat

1142 2181 1197 2215 pro
1226 2170 1442 2216 peccatoribus
1463 2170 1630 2204 efficaciter
1651 2169 1801 2203 exaudiri.
1825 2168 1887 2210 Qui

1141 2218 1338 2264 evangelicae
1378 2218 1634 2265 praedicationis,
1674 2229 1736 2252 non
1771 2217 1889 2252 surdus

1140 2266 1272 2305 auditor,
1302 2267 1409 2301 mundi
1432 2267 1556 2313 gaudia,
1580 2275 1728 2313 tanquam
1750 2274 1888 2301 stercora

1142 2323 1289 2362 reputans
1321 2316 1506 2363 dereliquit,
1537 2324 1568 2350 et
1602 2327 1738 2362 sequeus
1769 2313 1886 2350 Christi

1141 2365 1281 2411 vestigia,
1308 2377 1370 2400 non
1398 2366 1501 2400 solum
1521 2365 1550 2399 in
1575 2372 1675 2400 vestro
1696 2364 1887 2399 monasterio

1140 2415 1343 2449 monasticam
1379 2415 1560 2460 religionem
1588 2413 1741 2452 instituit,
1776 2425 1884 2447 verum

1139 2462 1230 2496 etiam
1267 2471 1386 2510 septem
1421 2463 1608 2498 monasteria
1641 2461 1818 2501 fabricavit,
1856 2469 1886 2496 et

1139 2510 1178 2545 ad
1207 2511 1350 2546 ultimum
1386 2511 1629 2546 passinianense
1659 2511 1885 2545 monasterium
2117 2506 2123 2532 l

1141 2571 1299 2606 reparans,
1321 2561 1400 2595 ineo
1416 2568 1608 2607 praesentem
1625 2559 1717 2594 vitam
1738 2559 1885 2594 laudabili

1139 2607 1270 2643 decessu
1299 2609 1408 2643 sinivit.

1189 2657 1262 2704 §4-
1291 2657 1368 2692 Illud
1397 2666 1498 2692 tamen
1533 2657 1613 2691 inter
1642 2656 1709 2692 eius
1735 2656 1883 2692 miracula

2112 2700 2119 2781 2-mq»
2115 2680 2118 2688 -
2114 2648 2119 2674 .-
