2129 3223
120 302 172 328 An.
189 301 219 329 c.
236 301 301 329 ¹255
365 288 436 323 606

131 1256 158 1278 ne
170 1256 303 1277 baccatum.

137 1949 165 1970 De
181 1950 285 1976 magistris

318 354 496 397 imminent,
530 348 673 398 personis
701 348 823 383 idoneis
849 345 1060 395 dispensanda

316 411 481 451 suppetere
510 400 607 448 possit
633 399 770 434 virorum
799 397 889 444 copia
912 395 1061 444 probato-

317 465 403 494 rum,
438 449 620 499 praesertim
655 448 686 483 in
719 455 784 483 arte
815 447 947 486 artium,
982 457 1061 492 quae

316 501 457 550 profecto
483 508 530 535 est
562 499 702 546 regimen
737 498 923 533 animarum.
952 495 997 529 Ex
1024 506 1061 529 eo

315 559 438 595 autem,
460 549 545 597 quod
571 549 675 596 aliqua
710 547 915 582 saecularium
943 545 988 579 vel
1012 556 1062 578 re-

315 602 496 648 ligiosorum
524 598 654 644 collegia
676 597 714 632 de
740 596 864 632 licentia
886 593 1061 630 cancellarii

317 653 421 698 plures
451 656 633 684 meruerunt
659 647 774 682 habere
800 646 965 692 magistros
987 644 1062 678 liac-

317 709 423 740 tenus,
455 707 509 734 aut
542 698 684 737 scholas,
719 696 866 731 nolumus
898 694 943 729 eis
980 693 1061 727 circa

317 750 537 797 proprietatem
574 747 619 782 rel
661 746 890 794 possessionem
923 742 1060 777 habendi

315 798 496 834 huiusmodi
522 798 571 832 ius
606 798 637 831 in
672 803 830 844 posterum
867 792 1060 841 provenisse:

316 850 397 884 sicut
424 848 480 889 iis,
519 847 571 895 qui
601 859 661 881 non
703 845 824 892 plures,
863 843 909 878 vel
941 841 1061 876 nullum

316 899 467 934 hactenus
488 896 636 932 habuisse
652 902 840 934 noscuntur,
863 893 1009 927 volumus
1026 904 1062 926 ex

316 949 376 984 hoc
407 948 487 983 viam
522 946 660 993 aliquam
694 943 847 983 habendi,
883 942 929 976 vel
958 941 1064 989 plures

316 997 492 1045 praecludi,
519 996 544 1031 si
571 993 775 1031 cancellarius
797 992 959 1035 omnibus,
983 1002 1063 1038 quae

315 1045 505 1083 considerari
526 1045 642 1081 debent
664 1041 995 1091 inspeefiealicuius,
1017 1041 1062 1075 vel

316 1097 452 1144 plurium
476 1095 635 1131 licentiam
662 1094 708 1128 eis
735 1091 863 1133 viderit,
887 1098 979 1138 prout
1004 1090 1063 1125 sibi

315 1146 479 1194 competit,
506 1142 753 1180 concedendam.

365 1200 380 1240 ξ
402 1198 436 1231 9.
458 1195 539 1230 lllud
562 1202 682 1234 autem,
717 1191 801 1239 quod
824 1190 862 1225 de
885 1188 1064 1225 baccalariis

316 1245 468 1281 statuistis
492 1244 530 1279 ad
557 1241 767 1290 magistralem
796 1240 990 1286 theologicae
1017 1239 1064 1273 fa-

316 1295 442 1331 cultatis
464 1294 643 1330 cathedram
657 1320 665 1333 ,
699 1291 759 1326 nisi
788 1290 910 1337 aliquos
930 1290 998 1325 eius
1019 1288 1065 1322 fa-

316 1345 439 1380 cultatis
472 1344 569 1379 libros
594 1342 762 1390 glossatos,
789 1349 819 1374 et
840 1339 1012 1375 sententias
1034 1338 1063 1372 in

317 1394 435 1430 scholis
455 1394 589 1429 alicuius
614 1391 752 1437 magistri
775 1398 845 1424 actu
868 1389 1003 1435 regentis
1025 1388 1066 1421 le-

316 1444 430 1491 gerint,
457 1443 635 1478 nullatenus
660 1439 873 1482 admittendis,
906 1439 951 1473 sic
973 1437 1065 1472 duxi-

318 1506 388 1528 mus
409 1492 666 1540 temperandum,
698 1498 732 1524 ut
768 1488 875 1533 repelli
904 1488 981 1522 tales
1004 1499 1064 1521 uon

318 1543 471 1583 debeant,
508 1542 533 1576 si
562 1541 752 1586 ubicumque
789 1538 936 1578 Parisiis,
974 1536 1065 1571 durn-

319 1592 414 1628 modo
451 1592 481 1626 in
509 1591 579 1626 loco
617 1589 744 1637 publico
780 1596 810 1622 et
843 1587 974 1622 honesto
1012 1598 1066 1619 eos

320 1649 493 1689 praetactos
532 1640 630 1675 libros
665 1638 779 1685 legisse
821 1636 966 1684 patuerit.
1000 1634 1066 1669 Nec

319 1693 413 1728 etiam
440 1690 500 1726 hoc
527 1691 631 1738 ipsum
651 1687 846 1735 probationis
873 1686 1068 1732 experimen-

320 1751 385 1777 tum
413 1741 494 1787 exigi
519 1740 663 1774 volumus
684 1738 766 1772 circa
789 1736 870 1779 illos,
891 1735 930 1770 de
952 1734 1068 1782 quibus

319 1792 396 1827 alias
413 1789 577 1826 manifeste
599 1786 786 1826 constiterit,
808 1785 893 1833 quod
914 1784 952 1819 ad
975 1784 1068 1818 scho-

320 1842 422 1878 larum
444 1840 583 1887 regimen
605 1838 667 1873 sint
687 1836 792 1871 idonei
814 1834 1017 1882 comprobati.

369 1895 384 1935 ἓ
408 1894 463 1926 to.
491 1889 649 1925 Statutum
681 1898 752 1921 vero
778 1897 841 1933 quo
871 1883 1068 1924 decrevistis,

321 1953 361 1976 ne
388 1940 472 1975 ullus
505 1938 653 1985 magister
679 1937 711 1970 in
742 1935 888 1970 facultate
921 1945 1070 1981 quacum-

321 2002 383 2038 que
408 1990 447 2025 ad
465 1988 659 2024 consortium
684 1985 918 2032 magistrorum,
941 1983 987 2018 vel
1009 1983 1070 2018 col-

322 2041 437 2086 legium
461 2037 678 2074 Universitatis
704 2035 899 2082 aliquatenus
923 2032 1068 2068 admitta-

323 2099 394 2134 tur,
428 2089 487 2124 nisi
520 2089 607 2135 prius
643 2086 673 2120 in
706 2085 796 2132 plena
827 2082 1070 2129 congregatione

324 2139 558 2186 magistrorum,
580 2137 626 2171 vel
648 2134 756 2170 saltem
780 2145 882 2168 coram
897 2131 996 2167 tribus
1010 2143 1071 2166 ma-

324 2188 431 2236 gistris
455 2199 530 2223 suae
562 2185 715 2221 facultatis
741 2183 777 2218 ad
808 2184 867 2217 hoc
895 2181 1072 2229 specialiter

325 2238 492 2286 deputatis,
521 2235 668 2284 praestito
695 2234 886 2275 iuramento,
909 2230 992 2278 quod
1020 2243 1072 2265 se-

326 2296 409 2323 creta
431 2295 461 2322 et
481 2286 608 2322 consilia
636 2292 733 2319 vestra
762 2290 831 2330 post
854 2281 1071 2315 inhibitionem

327 2337 383 2372 sihi
405 2337 513 2372 factam
530 2348 546 2370 a
565 2335 652 2370 vobis
670 2333 749 2368 bona
771 2331 833 2367 lide
854 2330 978 2374 celabit,
999 2330 1074 2365 alio-

328 2388 404 2434 quin
435 2397 553 2434 poenae
587 2383 747 2419 subiaceat
774 2383 804 2416 in
827 2388 941 2416 statuto
962 2379 1073 2414 liuius-

329 2436 412 2471 modi
446 2435 650 2475 constitutae3
677 2433 737 2467 hoc
764 2430 979 2466 moderamine
1006 2430 1073 2464 mi·-

330 2487 475 2532 tigamus,
497 2484 590 2519 saluti
612 2483 785 2518 animarum
810 2489 841 2515 et
867 2478 1074 2514 conscientia-

331 2547 413 2579 rum,
434 2546 470 2569 ac
493 2535 591 2569 famae
615 2531 759 2579 periculis
782 2537 1018 2577 praecaventes:
1043 2535 1075 2562 ut

330 2584 355 2618 si
388 2583 500 2618 talibus
531 2582 627 2618 ardua
657 2590 687 2617 et
713 2580 850 2615 difficilia
888 2579 1010 2625 negotia
1038 2577 1076 2612 ab

331 2632 539 2668 Universitate
562 2631 729 2667 commissa
758 2629 872 2664 fuerint
899 2628 929 2663 in
956 2635 1075 2663 secreto

331 2681 483 2722 tenenda,
510 2682 561 2716 illa
582 2681 625 2716 sic
654 2687 818 2716 teneantur
839 2678 921 2713 bona
942 2677 1002 2712 fide
1023 2688 1076 2712 ce-

902 292 1038 315 nULLAttt
1044 291 1089 314 ΠΜ
1115 290 1275 313 ΙΚΟΜΑΝΠΜ

1101 345 1182 386 lare,
1218 344 1302 392 quod
1338 345 1453 380 nemini
1480 357 1514 381 ea
1544 345 1576 380 in
1604 345 1744 381 eiusdem
1767 345 1847 382 Uni—

1100 400 1257 435 versitatis
1269 399 1466 446 dispendium
1484 400 1676 440 revelabunt,
1693 400 1752 435 nisi
1770 400 1847 436 sorte

1102 452 1172 488 talia
1198 461 1315 495 essent,
1337 465 1418 501 quae
1443 466 1505 489 non
1530 462 1658 502 possent
1679 456 1747 490 sine
1773 455 1848 490 ani-

1102 519 1222 543 marum
1247 507 1385 556 periculo
1407 508 1589 544 substineri.

1149 566 1165 605 g
1188 564 1245 597 11.
1269 562 1413 610 Denique
1434 574 1530 610 super
1560 563 1734 598 cessatione
1751 563 1848 598 scho-

1103 615 1215 660 larum,
1238 628 1301 651 non
1322 616 1466 651 obstante
1492 616 1549 651 alia
1571 616 1779 661 ordinatione,
1801 616 1847 652 vel

1102 670 1257 704 contraria
1278 669 1504 704 constitutione
1521 682 1537 704 a
1559 670 1651 706 nobis
1664 671 1759 715 edita,
1780 683 1847 706 eam

1861 288 1910 317 An.
1929 290 1958 316 C.
1975 289 2042 318 ¹255

1875 573 1904 595 De
1923 575 2044 595 cessatione

1862 605 1988 626 scholarum.

1102 724 1233 759 formam
1278 724 1439 759 dumtaxat
1486 724 1643 759 observari
1689 725 1892 766 volentes,›··

1102 791 1196 826 quam
1224 778 1381 826 praefatus
1412 777 1586 825 Gregorius
1625 778 1655 812 in
1695 779 1850 814 constitu-

1102 833 1205 873 tione,
1231 845 1326 880 quam
1353 844 1449 879 super
1482 832 1540 867 hoc
1570 832 1679 876 edidit,
1712 832 1851 868 noscitur

1104 886 1280 927 tradidisse,
1315 886 1401 934 quod
1437 886 1580 921 videlicet
1606 887 1630 921 si
1652 886 1731 922 sorte
1764 886 1852 923 vobis

1104 939 1310 988 hospitiorum
1323 940 1523 975 subtrahatur
1542 940 1668 985 taxatio,
1687 949 1751 985 aut,
1768 941 1850 988 quod

1104 995 1200 1036 absit,
1232 995 1321 1029 vobis
1357 995 1403 1029 vel
1430 994 1522 1030 alicui
1556 1002 1694 1030 vestrum
1729 996 1851 1035 iniuria,

1105 1050 1149 1085 vel
1186 1061 1334 1085 excessus
1369 1048 1520 1084 inferatur
1553 1050 1709 1094 enormis,
1745 1058 1853 1098 utpote

1104 1105 1226 1145 mortis,
1249 1104 1296 1138 vel
1319 1103 1453 1138 membri
1472 1103 1688 1143 mutilationis,
1707 1105 1768 1140 nisi
1783 1117 1854 1140 con-

1104 1171 1179 1206 grua
1202 1158 1377 1194 monitione
1401 1158 1581 1205 praemissa,
1609 1158 1687 1194 infra
1718 1159 1854 1206 quinde-

1105 1214 1165 1249 cim
1196 1213 1264 1248 dies
1290 1211 1382 1247 fuerit
1410 1211 1623 1256 satisfactum,
1656 1212 1747 1247 liceat
1768 1212 1855 1248 vobis

1106 1279 1203 1315 usque
1226 1266 1264 1301 ad
1291 1264 1534 1301 satisfactionem
1567 1265 1758 1312 condignam
1777 1278 1854 1301 sus-

1106 1321 1242 1369 pendere
1283 1319 1455 1360 lectiones,
1487 1327 1517 1354 et
1550 1320 1573 1355 si
1596 1319 1690 1355 alicui
1718 1327 1853 1355 vestrum

1106 1375 1243 1410 indebite
1269 1374 1420 1409 carcerari
1445 1374 1621 1421 contigerit⁷
1639 1374 1685 1409 fas
1699 1375 1738 1409 sit
1756 1374 1855 1419 vobis,

1106 1430 1166 1464 nisi
1190 1429 1365 1464 monitione
1393 1428 1582 1476 praehabita,
1609 1436 1711 1464 cesset
1731 1429 1855 1469 iniuria,

1106 1483 1207 1519 statim
1242 1495 1258 1518 a
1286 1482 1422 1518 lectione
1449 1494 1593 1527 cessare,
1625 1482 1651 1517 si
1687 1490 1790 1518 tamen
1824 1482 1856 1517 id

1108 1537 1247 1572 videritis
1285 1537 1442 1584 expedire.
1489 1536 1601 1571 Eidem
1632 1536 1750 1572 formae
1776 1536 1856 1572 adii-

1107 1592 1219 1627 ciendo
1241 1591 1427 1631 statuimus,
1460 1598 1494 1625 ut
1520 1603 1593 1625 cum
1618 1603 1674 1638 pro
1695 1591 1796 1638 aliqua
1819 1603 1856 1626 ex

1107 1647 1210 1681 causis
1239 1646 1269 1680 in
1305 1645 1415 1680 eadem
1450 1643 1593 1691 Gregorii
1633 1643 1857 1680 constitutione

1107 1701 1272 1741 contentis,
1295 1699 1488 1735 Universitas
1511 1706 1611 1734 vestra
1632 1699 1782 1735 lectiones
1802 1699 1857 1734 du-

1108 1755 1185 1789 xerit
1206 1753 1466 1801 suspendendas,
1493 1764 1604 1787 omnes
1625 1753 1765 1800 magistri
1794 1760 1855 1787 tam

1109 1809 1278 1855 regulares,
1304 1820 1399 1855 quam
1421 1806 1598 1842 saeculares
1621 1807 1704 1855 ipsas
1723 1819 1858 1854 suspen-

1109 1863 1182 1898 dere
1203 1870 1379 1900 teneantur,
1397 1873 1449 1897 eas
1472 1860 1531 1895 nisi
1553 1872 1625 1896 cum
1649 1859 1858 1896 Universitate

1110 1917 1239 1952 minime
1267 1915 1470 1963 resumpturi.
1505 1915 1588 1950 Sane
1615 1914 1641 1950 si
1670 1927 1766 1963 super
1799 1915 1859 1950 ob-

1109 1971 1263 2006 servantia
1278 1970 1371 2005 huius
1392 1969 1498 2005 statuti
1520 1969 1558 2005 de
1577 1969 1764 2005 lectionibus
1786 1981 1860 2004 sus-

1110 2025 1285 2074 pendendis
1317 2033 1348 2059 et
1369 2025 1437 2060 eius
1458 2023 1542 2072 quod
1565 2023 1792 2071 praemittitur,
1819 2024 1859 2057 vi-

1110 2080 1224 2115 delicet
1242 2080 1280 2115 de
1294 2080 1433 2120 secretis,
1448 2086 1478 2114 et
1491 2078 1631 2114 consiliis
1643 2077 1860 2113 Universitatis

1112 2135 1240 2170 minime
1261 2134 1446 2174 revelandis,
1473 2133 1609 2181 aliquam
1638 2132 1859 2179 obligationem

1113 2188 1252 2224 videritis
1293 2188 1519 2223 deliberatione
1557 2185 1686 2234 provida
1719 2192 1861 2220 statuen-

1112 2243 1196 2288 dam,
1218 2254 1277 2290 qua
1305 2252 1367 2277 tam
1390 2249 1572 2289 praesentes
1593 2239 1744 2287 magistri,
1767 2251 1859 2287 quam

1113 2297 1229 2345 posteri
1267 2296 1305 2332 ad
1349 2309 1384 2331 ea
1419 2295 1565 2343 explicite
1615 2307 1650 2329 ac
1685 2292 1861 2341 specialiter

1113 2351 1311 2397 astringatur,
1333 2349 1433 2393 vobis,
1455 2347 1628 2384 dummodo
1654 2347 1736 2382 duae
1758 2354 1861 2394 partes

1115 2404 1333 2451 magistrorum
1356 2403 1552 2450 theologicae
1577 2401 1748 2442 facultatis,
1775 2408 1806 2435 et
1823 2413 1860 2435 eo

1114 2459 1209 2493 modo
1231 2458 1313 2493 duae
1341 2467 1444 2506 partes
1471 2456 1689 2503 magistrorum
1717 2455 1856 2502 singula‘

1115 2525 1182 2548 rum
1207 2513 1405 2553 facultatum,
1428 2511 1615 2558 reliquarum
1638 2509 1781 2544 videlicet
1801 2521 1859 2544 ca—

1115 2567 1327 2608 nonistarum,
1356 2567 1575 2614 physicorum,
1606 2570 1637 2598 et
1664 2563 1756 2598 etiam
1783 2563 1859 2597 arti-

1115 2629 1232 2656 starum
1245 2633 1336 2655 suum
1351 2633 1446 2668 super
1462 2619 1522 2653 hoc
1537 2617 1691 2653 voluerint
1704 2624 1859 2665 praestare

1116 2687 1319 2720 consensum,
1347 2673 1375 2709 id
1398 2672 1530 2708 faciendi
1555 2671 1683 2707 liberam
1705 2671 1859 2707 concedi-
