2129 3223
1688 228 1755 262 195

263 294 385 342 imperii
422 293 563 340 regimen
595 294 752 329 voluntate
793 293 953 329 communi
981 301 1012 329 et
1055 293 1093 328 ad
1116 293 1241 330 taudem
1268 302 1298 328 et
1324 294 1455 340 gloriam
1479 294 1527 330 sui
1554 293 1692 330 nominis
1715 295 1806 330 mira-

263 343 404 379 uuanimi
425 342 648 384 sublimarunt,
678 351 711 378 ut
739 343 882 378 videatur
905 344 934 378 in
959 343 1012 378 illo
1054 343 1149 377 bilius
1184 343 1427 378 consummabit.
1463 343 1529 380 Nos
1567 342 1651 381 enim
1675 344 1716 380 iis
1749 344 1802 391 qui
1832 348 2003 385 Efiffisftndul-

261 392 453 440 completum
481 392 566 440 quod
588 392 687 428 suerat
715 392 754 427 de
780 392 864 440 Cyro
887 392 1011 439 praedi·
1879 386 1909 401 ’ω
1925 386 2005 407 ¹m⁹‘''

872 238 1082 263 tNNOCENTtUs
1105 239 1141 262 ΙΙΙ
1165 239 1213 261 Pr.
1821 241 1858 266 An
1893 239 1920 265 C.
1939 239 2002 266 1203

70 232 118 268 An.
136 239 166 267 c.
183 240 249 267 uoti

1052 392 1241 428 accedentes
1254 392 1291 426 ad
1308 392 1473 439 imperium
1497 394 1613 440 ipsum.
1637 393 1669 428 in
1688 393 1803 431 Terrae
1818 383 1876 432 1⁸33?

72 1183 152 1207 Hand-t
189 1191 242 1212 apo-

59 1215 140 1237 noticia
158 1216 240 1242 legatis,

59 1245 149 1268 clericos
167 1244 242 1268 lalcos-

59 1282 100 1304 que
124 1280 240 1302 moneant,

59 1310 80 1329 ut
86 1307 135 1329 tnnc
143 1313 166 1329 se
174 1311 240 1329 trans-

57 1337 133 1360 lerant,

262 449 360 486 ctum,
374 441 559 483 Subiiciam,
581 441 694 489 inquit,
717 450 790 476 ante
810 441 918 477 faciem
943 442 1010 477 eius

260 497 382 535 gentes,
409 498 440 525 et
461 490 552 526 dorsa
580 503 689 537 regum
715 499 844 531 vertam,
871 491 1009 537 aperiam

260 551 364 575 coram
396 551 435 575 eo
461 540 580 582 ianuas,
613 548 643 576 et
674 547 783 587 portae
818 552 881 574 non
915 540 1009 575 clau-

259 587 384 624 dentur.
412 588 479 635 Ego
509 596 581 625 ante
617 597 646 624 te
685 589 755 634 ibo,
790 597 820 624 et
854 589 1009 635 gloriosos

259 646 360 674 terrae
373 637 559 683 humiliabo,
582 647 689 686 portas
710 650 816 674 aereas
834 646 1007 683 conteram,

258 695 289 722 et
325 695 429 722 vectes
465 688 582 723 ferreos
616 687 830 734 confringam,
867 695 898 722 et
925 688 1006 723 dabo

259 736 313 772 tibi
326 737 492 773 thesauros
513 738 726 777 absconditos,
737 746 767 772 et
779 749 888 772 arcana
901 749 1006 772 secre-

257 794 359 822 torum
378 789 432 831 (l).
448 786 506 822 Hic
522 787 618 834 igitur
641 787 828 823 mirabiliter
849 786 1003 822 sublima-

257 843 307 872 tus
328 835 420 871 nobis
447 836 608 872 humiliter
630 836 834 884 supplicavit,
863 843 895 871 ut
921 836 1003 883 apud

255 884 350 922 Sedis
372 884 502 922 devotos
523 886 654 922 clericos
681 885 827 921 similiter
849 897 885 921 ac
908 885 1004 921 laicos

256 934 378 973 nobiles
401 943 431 970 ct
453 935 608 985 ignobiles
622 935 792 971 cuiuslibet
813 935 1005 971 conditionis

255 993 285 1020 et
317 997 411 1020 sexus
444 986 626 1033 apostolicis
656 985 858 1033 dignaremur
889 985 1004 1021 exhor-

255 1033 423 1070 tationibus
446 1035 587 1080 invitare,
615 1042 647 1070 ut
669 1034 706 1069 ad
733 1034 833 1081 ipsius
855 1034 1001 1069 accedant

256 1083 425 1131 imperium
448 1083 486 1119 ab
513 1095 550 1119 eo
577 1084 751 1119 secundum
780 1083 946 1131 qualitates
974 1092 1003 1118 et

256 1134 364 1170 merita
389 1145 592 1182 personarum
619 1142 723 1179 gratas
749 1133 872 1168 divitias
894 1144 1003 1180 recep·

255 1182 325 1218 turi.
366 1181 576 1218 Atteudentes
613 1182 709 1229 igitur
745 1182 830 1229 quod
872 1183 1002 1216 mutatio

256 1231 351 1268 huius
365 1232 490 1280 imperii
509 1232 654 1267 dexterae
666 1232 794 1267 mutatio
811 1232 848 1266 sit
864 1230 1001 1275 Excelsi,

256 1289 287 1316 et
314 1281 354 1316 ab
382 1293 421 1317 eo
449 1281 565 1316 sactum
593 1281 632 1316 sit
659 1281 742 1316 istud
770 1281 823 1327 qui
861 1288 1000 1327 tempora

255 1337 369 1375 mutat,
395 1338 426 1365 et
452 1331 597 1366 transfert
619 1342 727 1377 regna,
748 1341 819 1364 cum
846 1341 901 1376 per
923 1330 1000 1364 illud

253 1379 369 1415 Terrae
394 1379 529 1415 Sanctae
559 1380 658 1427 possit
687 1379 794 1413 utilius
824 1378 1000 1419 subveniri,

253 1429 330 1477 quin
352 1430 457 1477 potius
487 1441 557 1464 cum
587 1441 643 1477 per
666 1428 742 1463 illud
767 1429 822 1462 ista
855 1428 1002 1463 credatur

254 1490 347 1526 posse
378 1478 574 1526 recuperari,
607 1478 646 1513 de
679 1478 738 1512 levi
773 1476 1000 1513 fraternitatem

253 1535 387 1564 vestram
409 1539 588 1569 monemus,
611 1536 641 1562 et
663 1527 866 1562 exhortamur
887 1527 918 1561 in
941 1526 1002 1561 Do-

253 1577 341 1613 mino
368 1588 423 1624 per
449 1576 620 1624 apostolica
649 1576 738 1611 vobis
759 1576 875 1622 scripta
908 1588 1000 1611 man-

252 1627 375 1670 dantes,
387 1635 545 1674 quatenus
560 1635 622 1662 tam
637 1625 779 1670 clericos,
793 1637 886 1672 quam
904 1625 1000 1660 laicos

252 1675 421 1712 'efficaciter
453 1675 625 1719 inducatis,
653 1684 688 1710 ut
716 1675 753 1709 ad
789 1675 1001 1722 capessendas

251 1725 433 1773 spirituales
460 1726 576 1772 pariter
606 1732 637 1759 et
660 1723 849 1771 temporales
877 1724 1000 1759 divitias

251 1773 288 1810 ad
312 1775 482 1823 praefatum
509 1775 732 1820 imperatorem
761 1773 921 1813 accedant,
944 1775 997 1820 qui

251 1833 286 1860 ut
307 1825 377 1859 eius
399 1823 503 1859 verbis
524 1833 660 1864 utamur,
676 1835 747 1858 cum
771 1822 907 1858 sufficiat
928 1823 1000 1857 uni-

253 1873 360 1917 versis,
384 1885 463 1921 quos
488 1873 527 1908 ad
554 1884 626 1907 eum
658 1871 846 1907 christianae
881 1873 1001 1918 religio-

254 1923 304 1957 nis
323 1922 411 1957 zelus
432 1922 608 1961 adduxerit,
631 1921 774 1968 singulos
798 1921 862 1958 vult
889 1930 919 1956 et
943 1934 1000 1969 po-

251 1979 314 2007 test
335 1971 512 2007 secundum
539 1978 636 2005 status
662 1983 736 2006 suos
759 1971 1000 2018 varietatemque

254 2021 416 2064 natalium,
438 2029 467 2056 et
494 2032 607 2067 augere
628 2020 747 2055 divitiis
768 2028 798 2054 et
825 2020 1000 2056 honoribus

253 2069 415 2119 ampliare,
439 2078 472 2105 ut
497 2069 847 2117 Constantinopolitano
867 2070 1000 2118 irnperio

254 2115 410 2160 roborato,
433 2128 463 2154 et
482 2119 512 2154 in
536 2118 703 2154 devotione
726 2119 926 2166 Apostolieae
947 2119 999 2155 Se·

253 2169 304 2204 <ris
334 2168 448 2204 ibidem
481 2167 624 2203 Ecclesia
650 2167 799 2212 stabilita,
826 2168 908 2203 idem
933 2169 1001 2202 iin-

254 2226 379 2266 perator
399 2217 437 2253 ad
465 2216 692 2265 expugnandas
720 2217 867 2252 barbaras
897 2218 1001 2254 nitio-

253 2279 323 2309 nes,
338 2279 418 2315 quae
435 2275 559 2307 terram,
580 2267 612 2301 in
634 2278 694 2313 qua
710 2267 797 2302 Deus
811 2267 879 2302 Rex
894 2275 1001 2302 noster

253 2325 325 2352 ante
346 2316 469 2352 saecula
489 2324 627 2350 nostram
641 2316 787 2361 diguatus
808 2324 855 2351 est
877 2316 1000 2363 operari

253 2365 403 2407 salutem,
444 2365 579 2413 peccatis
618 2364 815 2411 exigentibus
856 2365 1001 2400 detinent

253 2423 450 2463 occupatam,
470 2426 563 2449 manu
586 2413 655 2449 sorti
680 2422 709 2448 et
732 2413 858 2449 brachio
875 2422 1001 2449 extento

254 2463 353 2500 valeat
385 2475 571 2511 properare,
611 2470 775 2509 sperantes
807 2463 837 2498 iu
864 2463 1000 2498 Domino

254 2513 323 2549 lesu
345 2512 484 2553 Christo,
507 2512 591 2560 quod
615 2513 682 2560 ipse
703 2512 755 2559 qui
772 2524 828 2559 per
844 2524 916 2547 eum
940 2513 1001 2547 iam

253 2562 358 2610 coepit
373 2562 558 2597 mirabiliter
573 2561 707 2609 operari,
724 2573 805 2609 opus
824 2561 1000 2610 incaeptum

291 2619 329 2654 (¹)
346 2619 428 2647 Isaiae
448 2627 512 2651 ην,
536 2619 545 2646 ¹
564 2618 597 2646 ad
615 2620 639 2646 5.

1022 2635 1027 2661 ί

1051 441 1186 477 Sanctae
1200 441 1377 477 subsidium
1395 442 1615 486 laboraverint,
1625 442 1709 478 illam
1723 455 1802 479 eon-

1051 491 1193 526 cedimus
1215 490 1444 537 indulgentiam
1465 499 1680 539 peccatorum,
1705 504 1799 540 quam

1050 540 1120 576 aliis
1147 541 1372 587 crucesignatis
1400 541 1580 588 Apostolica
1609 541 1711 578 Sedes
1746 542 1801 577 in—

1049 589 1154 625 dulsit.

1099 639 1212 674 Datum
1237 638 1357 675 Romae
1384 639 1467 686 apud
1490 639 1640 675 Sanctum
1670 640 1797 675 Petrum

1048 697 1157 724 octavo
1178 688 1331 724 kalendas
1360 689 1449 733 iunii,
1478 689 1677 736 pontificatus
1699 690 1796 725 nostri

1047 750 1132 773 anno
1153 745 1274 773 octavo.

1087 794 1148 826 Dat.
1168 796 1215 826 die
1233 795 1272 826 25
1295 796 1362 826 maii
1389 795 1474 832 1205,
1494 796 1595 834 pontif.
1614 805 1689 826 anno
1707 804 1766 828 vin.

1367 914 1479 950 XLlll.

1046 988 1190 1032 Sequitur
1217 990 1253 1021 de
1279 989 1466 1021 destinandis
1487 988 1637 1032 roliyt‘osis
1657 989 1732 1021 viris
1754 990 1797 1023 ad

1093 1038 1305 1071 instruendum
1331 1037 1492 1082 imperium
1512 1038 1797 1082 Constantinopoli·

1094 1094 1222 1130 tanum,
1261 1097 1328 1120 cum
1364 1087 1537 1120 missalibus
1575 1094 1601 1121 et
1636 1088 1795 1121 breviariis

1093 1137 1184 1170 itata.
1206 1136 1301 1169 ritum
1326 1136 1484 1170 Romanae
1507 1136 1658 1170 Ecclesiae
1681 1137 1744 1179 (1).

1311 1204 1525 1236 SUMMARIUM

1043 1267 1148 1297 Multos
1167 1266 1293 1297 Graecos
1312 1266 1460 1298 Romanae
1473 1267 1623 1298 Ecclesiae
1635 1277 1666 1297 se
1679 1269 1793 1298 uniisse

1084 1316 1188 1342 narrat.
1219 1328 1259 1334 —
1280 1310 1415 1342 Balduini
1446 1312 1539 1342 zelum
1570 1321 1620 1350 pro
1651 1313 1792 1350 religione

1083 1356 1286 1386 commendat:
1308 1373 1348 1378 —
1370 1355 1425 1391 Qui
1448 1356 1525 1386 viros
1547 1356 1702 1394 religiosos
1721 1356 1793 1386 illuc

1084 1401 1158 1430 mitti
1177 1400 1269 1439 petiit,
1286 1417 1325 1423 —
1346 1399 1578 1439 Transmittique
1597 1409 1631 1429 eo
1651 1400 1793 1438 missalia,

1082 1443 1236 1481 breviaria,
1255 1448 1305 1473 etc.
1330 1461 1367 1466 ——
1393 1443 1554 1483 Regulares
1573 1445 1608 1474 ad
1629 1443 1700 1474 haec
1720 1444 1793 1475 lior·

1083 1492 1159 1517 tatur
1180 1487 1321 1517 Pontifex.

1041 1554 1211 1583 Innocentius
1229 1556 1372 1591 episcopus
1390 1562 1486 1585 servus
1510 1563 1650 1585 sorvorum
1668 1555 1725 1590 Dei,
1747 1563 1794 1586 va-

1084 1603 1251 1633 notabilibus
1269 1604 1408 1634 fratribus
1423 1605 1559 1635 universis
1571 1606 1791 1644 archiepiscopis.

1086 1653 1230 1690 episcopis.
1250 1655 1280 1683 et
1298 1653 1362 1682 aliis
1380 1654 1560 1684 Ecclesiarum
1578 1655 1713 1690 praelatis
1745 1662 1795 1692 por

1086 1709 1200 1737 regnum
1219 1702 1347 1731 franciae
1366 1703 1541 1736 constitutis,
1576 1704 1695 1733 salutem
1714 1706 1744 1734 ot
1762 1711 1793 1733 a·

1085 1752 1249 1789 postolicam
1266 1752 1491 1781 benedictionem.

1090 1813 1258 1851 Multil'arie
1284 1814 1457 1861 multisque
1493 1816 1596 1852 modis
1624 1816 1989 1855 clementianum-arnm-

1041 1864 1144 1898 diviua
1174 1876 1233 1899 nos
1259 1864 1383 1905 excitat,
1411 1874 1444 1900 ut
1470 1864 1508 1900 de
1541 1878 1655 1902 somno
1681 1867 1791 1902 mortis
1805 1863 1991 1886 ¹³⁰¹¹¹³⁰‘¹0¹³““¹‘³‘

1043 1963 1104 1997 riae
1127 1963 1155 1998 in
1177 1975 1266 2009 spem
1287 1970 1431 2000 aeternae
1450 1964 1566 2011 gloriae
1586 1966 1789 2012 respiremus.

1041 2011 1231 2048 Exultamns
1264 2012 1423 2061 siquidem
1452 2022 1482 2049 et
1510 2014 1623 2050 merito
1650 2015 1790 2053 exultare

1041 2060 1134 2097 debet
1161 2062 1265 2098 omnis
1293 2070 1474 2097 sanctorum
1508 2062 1667 2105 Ecclesia,
1705 2064 1789 2112 quoi

1041 2110 1170 2147 visitans
1193 2111 1325 2146 visitavit
1352 2123 1409 2146 nos
1440 2111 1557 2147 Oriens
1584 2125 1622 2149 ex
1649 2113 1731 2154 alte,
1757 2122 1791 2149 ut

1042 2172 1154 2204 magua
1177 2172 1247 2207 pars
1268 2160 1439 2197 Orientalis
1461 2161 1633 2204 Ecclesiae,
1656 2161 1789 2198 Graecia

1041 2209 1186 2244 videlicet
1214 2222 1294 2256 pene
1322 2218 1400 2255 tota,
1428 2222 1509 2257 quae
1543 2223 1559 2245 a
1595 2211 1790 2257 longissimis

1041 2266 1124 2294 retro
1141 2259 1337 2304 temporibus
1356 2260 1464 2294 matris
1486 2271 1559 2294 suae
1584 2269 1709 2295 sanctae
1728 2259 1791 2298 Ro-

1042 2319 1152 2342 manae
1167 2307 1325 2344 Ecclesiae
1343 2316 1575 2355 contempserat
1598 2309 1710 2344 imitari
1737 2322 1792 2344 ve·

1042 2357 1143 2402 stigia,
1179 2358 1294 2391 uostris
1330 2357 1526 2404 temporibus
1561 2357 1639 2392 facta
1673 2358 1713 2393 sit
1752 2359 1791 2393 de

1043 2405 1243 2440 inobediente
1266 2406 1417 2441 obediens
1439 2414 1469 2440 et
1490 2407 1528 2440 ‹le
1554 2408 1791 2455 comtemptrice

1043 2454 1165 2489 demta.
1191 2454 1238 2488 Ad
1267 2455 1415 2490 maiorem
1440 2455 1533 2490 etiam
1562 2455 1682 2491 accedit
1707 2457 1793 2493 afflu-

1043 2504 1158 2538 entiam
1186 2503 1386 2549 gaudiorum,
1414 2503 1499 2551 quod
1528 2505 1573 2540 vir
1596 2505 1793 2543 christianis·

1043 2552 1142 2588 simus
1164 2552 1368 2588 charissimus
1392 2554 1421 2588 in
1437 2554 1565 2589 Christo
1589 2554 1670 2591 filius
1687 2565 1794 2592 noster

1080 2618 1118 2654 (1)
1137 2618 1173 2645 Ex
1192 2618 1299 2646 Archiv.
1323 2619 1405 2646 vatic.

1041 1913 1227 1960 evigilemus
1260 1913 1298 1948 ad
1331 1914 1443 1955 vitam,
1473 1922 1502 1949 et
1529 1915 1569 1951 de
1597 1915 1665 1951 lacu
1695 1917 1791 1950 misc·
1805 1897 1888 1948 diris?
1908 1895 1988 1916 uuum
