2129 3223
146 292 198 318 An.
216 292 245 319 c.
261 292 329 320 ¹255
393 281 463 314 568

936 287 1122 310 ΒΓῑῑΑΒΙῑ’Μ
1148 286 1310 309 ROMANCM

1891 288 1942 315 An.
1961 287 1990 315 C.
2006 288 2073 316 {253

342 354 499 393 tamquam
518 343 654 391 generali
678 343 781 390 priore
807 341 994 388 generaliter
1025 341 1086 374 rni-
1129 341 1242 387 ceptis,
1259 341 1386 388 quidam
1406 341 1516 376 fratres
1541 353 1577 376 ex
1606 341 1653 380 iis,
1680 342 1732 388 qui
1756 341 1875 378 ibidem

341 395 504 433 nistrante,
531 393 736 441 quamplures
778 393 972 426 intraverunt
1010 391 1082 424 reli-

339 445 464 490 gionem
500 443 658 486 eamdem,
685 450 715 476 et
741 441 915 476 secundum
955 440 1084 475 formam

340 493 543 540 professionis
559 492 778 539 praescriptae,
801 502 990 538 quamquam
1007 502 1086 523 non-

339 542 416 577 nulli
456 555 494 577 ex
529 542 575 576 eis
610 541 694 576 fratri
734 541 891 575 Mattliaeo
927 539 1084 586 praedicto

337 591 522 639 simpliciter
547 599 706 638 tamquam
733 589 868 637 generali
898 590 1005 636 priori,
1021 600 1082 622 non

337 649 496 688 tamqnam
520 641 615 689 priori
628 640 764 675 Sanctae
780 639 893 673 Mariae
908 637 1083 685 praedictae

337 691 377 726 de
399 691 551 733 Caesena,
574 703 608 725 se
631 689 767 737 profiteri
792 688 1004 735 principaliter
1019 699 1084 722 cre-

337 740 458 784 derent,
479 748 552 775 sunt
579 739 722 788 professi.

384 790 458 837 §8-
487 789 606 824 Interea
633 789 697 824 duo
733 788 840 822 fratres
879 786 1082 834 professionis

147 845 321 881 ldmfirmawr
338 839 526 886 praedictae,
554 838 744 886 Lugdunum
767 837 804 871 ad
837 836 953 871 Sedem
994 836 1082 883 Apo-

138 877 215 928 iiiiesiff
234 881 321 904 mm*
335 889 476 924 stolicam
499 889 671 928 venientes,
693 886 872 934 generalem
893 898 1000 920 curam
1027 898 1081 920 or-

335 937 418 974 dinis
445 940 537 974 vestri
564 950 580 972 a
603 938 731 973 domino
752 935 836 983 Papa
871 935 962 970 nobis
995 935 1076 969 obti-

334 996 469 1023 nuerunt
495 987 660 1027 committi,
687 995 717 1022 et
744 985 942 1032 privilegium
981 985 1080 1032 quod-

332 1037 402 1072 dam
425 1049 607 1081 commune,
642 1037 672 1071 in
703 1036 795 1071 cuius
831 1035 919 1069 titulo
951 1034 1078 1069 scribe-

332 1086 433 1127 batur,
457 1087 550 1134 priori
564 1085 693 1121 fratrum
716 1084 926 1120 Eremitarum
945 1084 1078 1118 Sanctae

331 1136 447 1171 Mariae
473 1136 512 1171 de
533 1134 686 1175 Caesena,
708 1136 801 1182 eique
819 1133 970 1168 subiectis
993 1133 1079 1180 prio·

332 1185 428 1226 ribus,
451 1195 479 1220 et
503 1185 648 1220 fratribus
667 1183 832 1224 universis,
858 1196 873 1218 a
911 1183 994 1218 Sede
1028 1195 1078 1217 re-

332 1243 495 1282 portarunt
522 1234 644 1270 eadem.

379 1284 446 1332 59.
461 1284 646 1320 Praedictus
658 1285 796 1331 denique
809 1283 902 1318 frater
914 1282 1078 1317 Matthaeus

149 1339 175 1374 Ε*
195 1339 317 1377 ὼῑεξῑῑω·
333 1334 504 1381 prudenter
524 1334 700 1377 attendens,
728 1334 811 1380 quod
832 1333 863 1367 in
878 1332 1077 1367 administra-

135 1375 226 1421 iarimiiin
242 1369 318 1420 2⁰:¹21?ss
333 1383 416 1419 tione
441 1395 560 1428 curae,
601 1396 694 1430 quam
735 1390 971 1430 assumpserat,
1010 1382 1076 1416 sine

134 1432 291 1452 ⁰⁰⁰¹‘”¹³⁰'¹‘¹’
332 1433 480 1468 scandalo
506 1433 624 1468 diutius
647 1444 807 1467 remanere
820 1444 881 1467 non
898 1439 1027 1479 poterat,
1039 1443 1076 1466 eo

331 1482 414 1530 quod
437 1482 474 1517 ad
498 1482 639 1517 eamdem
663 1494 798 1517 curama
813 1481 999 1528 quibusdam
1014 1480 1077 1515 sra-

331 1531 431 1566 tribus
443 1531 618 1567 Minoribus
641 1544 703 1567 non
722 1531 879 1566 sufficiens
899 1530 1075 1571 baberetur,

331 1582 447 1616 vocatis
469 1581 626 1629 prioribus
647 1589 677 1616 et
698 1580 844 1616 fratribus
872 1579 1020 1615 omnibns
1038 1580 1075 1613 de

330 1630 440 1666 ordine
461 1638 574 1670 vestro,
592 1643 726 1678 quorum
750 1631 910 1670 intererat,
932 1629 1075 1675 generale

330 1680 502 1727 capitulum
536 1681 619 1728 apud
652 1679 824 1715 Ferrariam
865 1679 1073 1725 congregavit.

330 1729 392 1765 Sed
421 1730 629 1777 interipsum
654 1730 780 1765 fratrem
809 1728 1001 1772 Matthzeum,
1045 1736 1075 1761 et

330 1779 440 1814 fratres
478 1779 517 1814 de
553 1779 706 1823 Caesena,
741 1791 776 1814 ac
810 1777 963 1826 quosdam
998 1777 1075 1812 alios

330 1829 449 1876 priores
483 1837 514 1864 et
548 1828 656 1864 fratres
690 1829 728 1864 de
760 1827 945 1863 Romaniola
980 1839 1076 1874 super

329 1880 471 1914 cessione
513 1879 611 1924 ipsius
648 1878 684 1913 F.
726 1878 873 1921 Matthaei,
907 1885 1072 1924 antequam

329 1929 481 1974 eligerent
515 1927 698 1963 diffinitores
740 1928 897 1974 generalis
922 1927 1074 1973 capituli,

329 1977 504 2013 secundum
536 1985 675 2012 tenorem
721 1978 980 2012 constitutionum
1020 1977 1075 2023 ip-

330 2028 395 2062 sius
441 2026 581 2070 ordinis,
626 2037 655 2062 et
696 2027 903 2061 celebratione
948 2026 1075 2072 capituli

330 2076 699 2116 eiusdem‚coutentione
721 2077 859 2116 suborta,
875 2076 948 2110 dicti
967 2075 1074 2110 fratres

149 2131 200 2166 ane
236 2132 318 2181 ⁹¹²4&
331 2126 369 2162 de
397 2126 550 2169 Caesena,
586 2134 616 2160 et
649 2126 699 2160 alii
729 2135 836 2160 contra
874 2134 1075 2172 praeceptum

136 2167 318 2220 fissfflrffssiisslss
331 2176 474 2211 eiusdem
501 2175 603 2210 fratris
623 2175 662 2210 de
677 2177 744 2223 ipso
758 2175 893 2221 capitulo
915 2183 1071 2221 tamquam

332 2225 552 2261 dissentientes
573 2234 604 2259 et
641 2225 902 2264 contradicentes,
947 2236 984 2258 ne
1021 2237 1076 2270 ge-

333 2275 437 2310 nerale
463 2274 634 2322 capitulum
658 2275 743 2310 fieret
759 2303 768 2319 ,
807 2275 960 2310 exierunt.
1007 2273 1075 2320 lpse

333 2336 405 2359 vero
427 2324 520 2360 frater
545 2323 709 2359 Matthaeus
735 2324 939 2359 nihilominus
961 2322 1076 2357 diffini—

333 2373 452 2409 toribus
473 2373 582 2409 electis
609 2374 786 2421 praedictis,
809 2376 837 2408 in
867 2373 1010 2408 manibus
1026 2385 1076 2407 eo-

334 2423 474 2458 rumdem
503 2424 595 2458 cessit
626 2423 886 2458 administrationi
925 2422 1074 2470 generali,

333 2485 426 2519 quam
450 2482 643 2513 exercuerat,
670 2481 758 2507 et....
782 2475 806 2508 si
829 2473 913 2520 qnod
943 2473 972 2507 in
1000 2484 1077 2506 con-

334 2522 508 2558 firmatione
529 2535 584 2557 sua
606 2522 646 2557 ab
667 2523 817 2570 episcopo
837 2522 1010 2557 Caesenate
1031 2533 1075 2556 ac-

334 2579 470 2617 ceperat,
493 2572 524 2606 in
547 2572 692 2607 manibus
710 2572 808 2607 nuntii
832 2572 973 2607 eiusdem
993 2583 1079 2618 prae-

336 2621 432 2655 sentis
454 2621 569 2656 ibidem
593 2621 715 2669 publice
743 2623 933 2668 resignavit:
968 2622 1076 2667 sicque

336 2668 516 2704 huiusmodi
539 2672 682 2706 cessione
720 2683 755 2707 ac
788 2671 997 2719 resignatione
1030 2682 1078 2704 re-

1128 390 1256 425 aderaut
1282 389 1320 425 ad
1354 390 1534 436 eligendum
1570 390 1703 437 priorem
1737 402 1876 437 genera-

1128 439 1187 474 lem
1211 440 1375 487 assumpti,
1391 440 1516 476 fratrem
1539 440 1705 486 Hugonem
1728 440 1874 476 Mantua·

1129 501 1202 523 num
1219 489 1249 523 in
1271 490 1446 536 generalem
1471 491 1605 536 priorem
1622 491 1716 525 totius
1754 490 1874 526 ordinis

1126 539 1297 585 elegerunt.
1320 539 1380 574 Per
1407 539 1476 574 illos
1503 548 1619 582 autem,
1660 541 1713 587 qui
1747 551 1873 575 reman-
1894 553 2069 584 uumquem-

1125 596 1240 633 serant,
1262 597 1411 624 statutum
1435 589 1491 624 fuit
1518 589 1548 622 in
1584 588 1695 623 eodem
1721 590 1870 637 capitulo,
1885 585 2066 613 ¹¹⁴¹''⁰'‘⁸¹¹⁰¹²³⁵·

1127 646 1158 671 ut
1179 650 1300 682 omnes,
1322 639 1375 685 qui
1403 650 1440 672 ex
1467 647 1542 672 tunc
1569 638 1599 671 in
1635 638 1744 673 ordine
1784 639 1870 686 ipso-

1125 699 1193 722 rum
1217 689 1352 734 profiteri
1375 688 1536 731 deberent,
1559 686 1781 734 profiterentur
1810 688 1869 723 hoc

1124 737 1228 772 modo:
1252 738 1320 784 Ego
1342 737 1380 771 N.
1404 737 1481 772 facio
1501 737 1742 784 professionem,
1760 745 1790 772 et
1803 750 1869 785 pro-

1124 787 1215 821 mitto
1236 787 1448 822 obedientiam
1465 787 1544 825 Deo,
1560 795 1591 821 et
1613 786 1722 822 beatae
1740 786 1867 829 Mariae,

1123 845 1152 870 et
1174 836 1229 871 tibi
1248 837 1340 884 priori
1356 837 1492 883 generali
1510 835 1638 871 fratrum
1654 835 1865 871 Eremitarum

1122 885 1247 921 Ioannis
1268 886 1358 921 Boni.

1169 936 1189 983 g
1208 938 1263 970 10.
1291 936 1365 970 Post
1388 936 1465 970 baec
1491 943 1593 970 autern
1617 936 1662 970 vir
1683 934 1867 970 venerabilis
1893 946 1977 969 Putre:
1993 951 2063 969 aute-1

1122 985 1331 1032 Aquileiensis
1358 986 1488 1028 electus,
1511 993 1585 1020 tunc
1615 985 1646 1019 in
1677 984 1864 1019 Lombardia
1880 978 2063 1031 ssflffussmff‘jfi]

1121 1035 1239 1080 legatus
1261 1035 1457 1082 Apostolicae
1479 1033 1580 1073 Sedis,
1602 1034 1785 1069 electionem
1805 1033 1865 1068 hu·
1881 1045 1930 1068 gum
1957 1042 2060 1078 privem,

1122 1084 1257 1119 iusmodi
1281 1085 1487 1124 coiifirmavi13
1514 1083 1624 1119 fratres
1645 1096 1718 1118 vero
1736 1083 1776 1118 de
1789 1082 1866 1118 Cae·
1879 1077 1962 1131 {¹1:322
1989 1077 2062 1124 ἶὲιᾝξ

1120 1146 1205 1171 sena,
1228 1142 1258 1169 et
1273 1135 1400 1182 quidam
1423 1134 1472 1168 alii
1489 1133 1528 1168 «le
1546 1133 1731 1168 Romaniola
1749 1133 1866 1169 adliae-
1879 1133 2007 1161 ⁸²¹¹⁹f³¹‘”¹·

1121 1192 1223 1219 rentes
1249 1184 1380 1228 eisdem,
1411 1184 1494 1231 apud
1535 1182 1706 1218 Caesenam
1742 1195 1866 1218 conve-

1120 1234 1242 1268 nientes
1265 1235 1294 1268 in
1320 1245 1416 1268 unum
1434 1260 1443 1277 ,
1465 1241 1495 1267 et
1530 1242 1590 1267 tam
1630 1232 1864 1273 consuetudini,

1118 1295 1178 1330 qua
1202 1284 1287 1329 prior
1314 1283 1441 1318 fratrum
1469 1282 1502 1317 S.
1531 1282 1646 1318 Mariae
1663 1281 1702 1316 de
1723 1280 1863 1317 Caesena

1120 1332 1294 1378 praedictae
1318 1346 1372 1380 per
1398 1332 1507 1367 fratres
1528 1332 1648 1367 ordinis
1687 1331 1724 1367 ad
1760 1331 1863 1367 locum

1119 1382 1234 1429 ipsum,
1256 1390 1414 1430 tamquam
1435 1381 1472 1416 ad
1509 1382 1646 1429 primum
1677 1391 1707 1416 et
1747 1382 1865 1428 princi-

1119 1432 1233 1478 palem,
1255 1444 1270 1466 a
1285 1444 1348 1479 quo
1363 1431 1445 1467 idem
1463 1432 1539 1466 ordo
1559 1439 1762 1479 processerat,
1779 1431 1864 1478 eligi,

1118 1490 1147 1515 et
1174 1483 1326 1527 generalis
1362 1482 1446 1528 prior
1485 1489 1612 1528 propter
1656 1481 1714 1516 lioc
1750 1482 1863 1516 merito

1117 1543 1197 1569 esse,
1225 1539 1254 1565 et
1281 1531 1431 1579 appellari
1458 1530 1601 1575 solebat,
1635 1543 1728 1578 quam
1772 1530 1862 1566 titulo

1119 1580 1267 1626 praedicti
1297 1580 1461 1627 privilegii,
1485 1580 1586 1627 primo
1607 1580 1638 1615 in
1661 1579 1771 1615 ordine
1793 1581 1862 1626 ipso

1117 1630 1248 1668 obtenti,
1271 1630 1300 1664 in
1323 1642 1385 1677 quo
1409 1629 1568 1676 praedicto
1590 1630 1682 1676 priori
1710 1629 1749 1664 de
1780 1628 1861 1664 Cae-

1116 1692 1189 1714 sena
1203 1679 1396 1714 scribebatur
1412 1679 1631 1726 principaliter,
1649 1679 1859 1722 inhaerentes,

1118 1729 1240 1764 fratrem
1264 1729 1402 1764 Marcum
1426 1727 1630 1763 Caesenatem
1655 1729 1685 1763 in
1721 1729 1858 1776 priorem

1117 1779 1217 1813 dictae
1239 1778 1361 1819 domus,
1394 1787 1423 1812 et
1459 1790 1514 1825 per
1543 1778 1601 1813 ltoc
1627 1780 1656 1812 in
1679 1778 1857 1825 generalem

1118 1828 1251 1875 priorem
1275 1828 1370 1862 totius
1391 1828 1522 1868 ordinis,
1544 1827 1717 1871 elegerunt,
1739 1839 1774 1862 ac
1800 1827 1861 1862 ele-

1117 1879 1264 1922 ctionem,
1286 1890 1379 1925 quam
1408 1878 1446 1911 tle
1486 1878 1552 1924 ipso
1591 1877 1740 1920 fecerant,
1777 1876 1861 1912 obti-

1118 1935 1253 1962 nuerunt
1275 1927 1451 1962 confirmari
1478 1939 1534 1974 per
1554 1927 1736 1974 episcopum
1779 1926 1861 1962 Cae-

1116 1986 1265 2012 senatem.

1164 2027 1184 2074 S
1208 2029 1258 2060 ll.
1281 2025 1420 2061 Diversis
1442 2026 1536 2072 igitur
1562 2026 1593 2060 in
1616 2025 1726 2061 ordine
1757 2033 1858 2060 vestro

1117 2076 1285 2123 assumptis
1310 2076 1509 2123 generalibus
1543 2075 1710 2123 prioribus,
1749 2085 1780 2110 et
1801 2075 1858 2111 ad-

1118 2127 1226 2166 versis,
1245 2126 1321 2160 alter
1339 2125 1369 2159 in
1385 2125 1465 2165 illos,
1488 2125 1540 2172 qui
1556 2123 1744 2160 obediebant
1760 2125 1859 2167 alteri,

1118 2175 1307 2221 multiplices
1319 2175 1678 2210 excommunicationum
1693 2175 1861 2209 sententias

1119 2225 1325 2271 protulerunt:
1365 2237 1401 2258 ex
1438 2224 1555 2271 quibus
1596 2224 1737 2259 nonnulli
1775 2224 1859 2258 cele—

1119 2275 1285 2308 braverunt
1311 2274 1425 2317 divina,
1452 2282 1483 2308 et
1505 2272 1766 2309 excommunicati
1790 2273 1860 2307 tali-

1118 2331 1163 2357 ter
1189 2324 1226 2358 ad
1249 2335 1353 2358 sacros
1374 2323 1500 2358 ordines
1526 2331 1599 2358 sunt
1637 2322 1782 2370 promoti.
1818 2322 1859 2357 lis

1117 2381 1220 2407 antem
1241 2372 1436 2419 temporibus
1464 2373 1640 2420 praedictus
1668 2372 1759 2406 frater
1789 2370 1860 2418 Ugo

1119 2423 1261 2469 proprios
1284 2422 1411 2457 nuntios
1432 2423 1469 2457 ad
1491 2422 1703 2468 Apostolicam
1743 2421 1858 2456 Sedem

1119 2473 1329 2507 transmittens
1348 2499 1356 2510 ,
1407 2472 1609 2506 mutationem
1658 2470 1861 2518 professionis

1120 2522 1306 2568 praedictae,
1328 2529 1358 2556 et
1385 2521 1427 2561 id,
1461 2520 1543 2568 qnod
1576 2533 1670 2567 snper
1707 2520 1860 2556 electione

1119 2583 1174 2605 sna
1197 2584 1251 2619 per
1270 2571 1441 2619 praefatum
1464 2571 1597 2616 legatum
1625 2569 1740 2605 factum
1781 2571 1860 2605 exti—

1119 2628 1206 2660 terat,
1246 2628 1338 2667 prout
1370 2620 1500 2668 proinde
1535 2618 1612 2654 facta
1651 2619 1772 2660 suerat,
1806 2632 1862 2668 per

1119 2670 1260 2705 eamdem
1274 2669 1388 2706 Sedem
1404 2669 1536 2705 obtinuit
1549 2669 1735 2704 confirmari.
1755 2669 1862 2712 Quod-

1884 2036 1987 2059 Seandala
2005 2038 2055 2060 indo

1872 2071 1954 2090 exorta.
