2129 3223
352 251 422 284 854

389 314 634 349 ecclesiasticam
658 312 687 344 in
709 312 820 343 eodeni
843 322 940 353 regno
967 322 1055 354 repa-

390 364 534 399 randam,
557 361 632 395 537.

302 415 401 448 XVIII.
432 413 671 446 Confirmantur
701 411 783 443 bona
810 410 916 443 omnia
946 410 1077 442 Eccle-'

388 462 452 494 siae
481 461 519 493 de
547 460 610 492 Rov
640 459 843 492 Ratisbonen.
880 458 1053 494 dioecesis,

389 510 441 543 cui
476 509 631 542 nonnulla
665 519 795 551 quoque
833 508 1057 540 conceduntur

391 558 566 603 privilegia,
590 558 664 591 540.

421 607 510 647 Quod
546 608 658 640 fratres
688 607 823 639 Minores
864 605 984 638 ordinis
1023 606 1052 638 S.

390 656 549 691 Francisci
583 656 814 689 Conventuales
845 654 1055 688 denominen-

392 711 460 744 tur,
482 705 556 739 54⁶2.

303 757 365 790 XX.
393 755 519 789 Civibus
544 754 666 787 insulae
693 753 914 786 Maioricarum
941 763 1056 784 ‹roncu-

393 804 491 844 ditur,
518 814 557 836 ne
582 802 613 835 in
636 807 798 845 posterum
824 803 861 834 ad
891 802 961 835 lites
981 802 1056 834 diri-

395 853 527 886 mendas
557 852 626 885 loca
654 855 774 883 remota
804 855 910 894 petere
940 861 1056 893 cogan-

392 908 456 942 tur,
479 901 554 936 543.

305 952 381 986 XXI.
411 951 500 991 Quod
536 951 644 983 nullus
677 948 964 992 archiepiscopus„
1001 959 1058 980 nec

393 999 593 1044 Apostolicae
613 998 702 1032 Sedis
722 999 845 1041 legatus
870 998 982 1030 fratres
1006 1008 1058 1030 or-

393 1049 475 1083 dinis
489 1048 749 1082 Praedicatorum
769 1047 806 1080 ad
824 1047 1058 1091 episcopatum,

394 1098 440 1131 vel
461 1097 538 1130 alias
567 1096 735 1140 dignitates
756 1096 854 1140 possit
878 1106 1057 1129 assumere:

395 1147 432 1180 iis
458 1157 531 1180 vero
563 1145 748 1179 huiusmodi
775 1145 943 1188 dignitates
976 1144 1059 1178 acci-

395 1208 469 1241 pere
498 1207 560 1229 non
582 1196 675 1229 liceat
700 1195 803 1228 invitis
823 1194 944 1228 ordinis
965 1206 1060 1238 supe-

396 1246 547 1285 rioribus,
570 1244 644 1278 543.

306 1295 397 1328 XXII.
428 1293 591 1337 PrivilegIa
634 1294 789 1326 nonnulla
828 1305 863 1325 ac
903 1293 1063 1326 libertates

396 1342 611 1386 Neapolitanis
636 1342 872 1380 conceduntur,
895 1342 969 1376 544.

310 1393 414 1425 XXIII.
436 1392 652 1434 Privilegfflm,
670 1403 734 1434 quo
753 1392 922 1424 comitatus
938 1393 1064 1436 Lycien-

398 1441 439 1474 sis
473 1441 577 1474 Marco
610 1440 695 1473 Ziani
737 1441 827 1473 ducis
860 1441 1062 1473 Venetiarum

398 1491 464 1523 filio
500 1495 569 1534 post
593 1490 746 1523 Tancredi
778 1490 823 1522 avi
858 1490 906 1523 sui
941 1490 1063 1522 obitum

382 1539 600 1582 ‘concedituiu
623 1539 697 1572 546.

312 1591 413 1623 XXIV.
438 1589 621 1622 Hadriensis
640 1588 780 1621 Ecclesia
802 1588 832 1620 in
850 1589 1064 1621 cathedralem

400 1643 504 1671 erecta
522 1638 679 1671 Pennensi
702 1637 824 1674 unitur,
843 1647 916 1669 cum
939 1638 1066 1669 decreto

402 1693 436 1721 ut
468 1687 643 1721 pennensis
681 1687 852 1731 episcopus
887 1686 1068 1719 Hadriensis

400 1748 531 1781 quoque
556 1737 692 1773 dicatur.
715 1736 809 1769 certis
834 1747 964 1779 quoque
984 1736 1069 1768 addi-

402 1787 459 1819 ctis
480 1786 579 1830 pactis
598 1791 628 1819 et
648 1785 898 1821 conditionibus.
921 1784 994 1818 547.

316 1837 403 1870 XXV.
440 1836 528 1869 Cives
561 1835 773 1869 Viterbienses
806 1839 896 1866 antea
936 1834 1069 1868 subiecti

403 1886 610 1922 anathemati.
645 1884 720 1928 quia
748 1889 858 1916 contra
894 1884 1069 1916 Romanam

404 1935 577 1969 Ecclesiam
608 1934 769 1967 Friderico
798 1933 982 1977 imperatori
1016 1934 1070 1965 ad-

404 1985 584 2022 haeserant,
612 1983 715 2016 eidem
742 1982 900 2015 Ecclesiae
925 1982 1071 2014 reconci-

407 2034 544 2072 liantur;
566 2034 676 2076 eisque
697 2033 780 2065 bona
807 2032 913 2064 omnia
935 2043 971 2064 ac
996 2031 1071 2063 anti-

406 2094 470 2126 qua
491 2083 652 2127 privilegia
675 2081 899 2116 restituuntur,
923 2081 996 2114 549.

320 2133 420 2166 XXVI.
450 2133 625 2169 Haeretici,
662 2141 841 2174 eorumque
877 2131 1017 2163 fautores
1046 2135 1072 2161 et

409 2182 582 2226 complices
602 2183 707 2214 banno
728 2184 944 2224 exponuntur
971 2184 999 2212 et
1025 2190 1075 2211 eo-

410 2242 481 2264 rum
504 2231 586 2264 hona
608 2229 826 2274 publicantur
848 2228 922 2262 551.

322 2281 437 2314 XXVII
470 2280 686 2323 Promulgatio
723 2280 829 2321 legum
864 2283 894 2309 et
927 2278 1076 2310 constit-u
1095 2254 1098 2310 Ι

411 2330 533 2363 tionum
556 2334 666 2362 contra
687 2327 876 2365 haerweticos
898 2338 1077 2370 eorumque

412 2379 586 2422 complices
606 2384 636 2411 et
656 2380 808 2415 fautores,
839 2388 855 2408 a
886 2376 1076 2418 magistrati-
1097 2377 1099 2387 '

413 2430 472 2461 bus
499 2434 529 2461 et
556 2427 746 2461 officialibus
772 2425 991 2459 saecularibus
1020 2425 1076 2457 ob-

414 2478 654 2515 servandarum,
677 2476 750 2511 552.

458 2527 610 2571 Sequitur
634 2526 806 2559 declaratio
832 2525 933 2558 dictae
961 2523 1077 2556 musti-

416 2572 564 2611 tutionis,
587 2571 661 2605 558.
1100 2593 1102 2602 ,

330 2617 457 2651 XXVIII.
481 2616 621 2649 Ecclesia
647 2615 779 2649 Sanctae
806 2614 919 2647 Mariae
944 2614 981 2646 de
1003 2615 1079 2645 Ara-

890 256 1076 278 ammaim!

302 609 377 642 XIX.

417 2660 502 2694 Coeli
524 2661 554 2693 in
576 2660 658 2693 Urbe
675 2671 711 2693 ac
732 2658 960 2692 monasterium
981 2668 1080 2702 prope
1100 2659 1104 2710 Ἰ

1103 255 1266 277 ROMANUH

1187 310 1271 341 illam
1306 308 1512 341 constitutum
1547 308 1698 341 fratribus
1731 308 1851 341 ordinis

1186 358 1343 391 Minorum
1374 358 1480 391 Sancti
1513 358 1672 391 Francisci
1700 358 1849 391 concedi-

1187 411 1250 446 tur,
1274 405 1348 440 558.

1099 456 1203 489 XXIX.
1234 456 1276 488 De
1303 455 1451 488 cautione
1472 456 1661 499 praestanda
1681 467 1699 488 a
1719 455 1852 488 fautori-

1187 504 1247 536 bus
1272 504 1507 536 haereticorum
1534 504 1572 537 ad
1594 503 1689 536 fidem
1717 504 1854 537 redeun-

1187 553 1288 591 tibus,
1318 558 1345 585 et
1374 553 1411 585 de
1437 552 1650 596 applicatione
1676 564 1852 595 poenarum

1189 602 1220 634 in
1241 613 1314 634 casu
1345 601 1614 635 nonu-aventionis
1638 607 1789 635 statutum
1816 603 1854 635 ab

1189 651 1357 684 Albanensi
1386 651 1536 694 episcopo
1564 650 1750 691 confirmat,
1777 651 1850 685 5621.

1101 701 1190 733 XXX.
1220 699 1477 743 Archiepiscopis
1502 704 1531 731 et
1558 699 1733 743 episcopis,
1761 705 1794 733 ut
1819 712 1855 733 ex

1190 750 1307 782 mulcta
1330 749 1514 792 pecuniaria
1541 748 1777 782 haereticorum
1807 749 1855 781 in-

1188 797 1396 841 quisitoribus
1433 802 1580 841 sumptus
1624 797 1829 841 suppeditent
1847 824 1853 835 ,

1191 847 1266 880 562.

1101 896 1205 929 XXXI.
1225 895 1427 929 Canonizatio
1444 895 1525 929 beati
1542 895 1625 928 Petri
1642 895 1788 940 martyris
1803 896 1857 928 Ve-

1190 945 1346 984 ronensis,
1370 945 1558 989 professoris
1577 945 1700 977 ordinis
1719 946 1854 978 fratrum

1191 996 1463 1033 praedicatorum,
1486 999 1514 1027 et
1536 994 1690 1028 institutio
1715 1005 1790 1027 suae
1811 995 1856 1027 fe-

1190 1044 1330 1077 stix-itatis
1361 1055 1417 1088 pro
1444 1043 1493 1076 die
1513 1043 1555 1077 ⁰29
1581 1043 1700 1076 mensis
1723 1043 1854 1087 aprilis,

1191 1093 1265 1127 56⁹2.

1104 1143 1220 1176 XXXII.
1245 1142 1452 1176 Confirmatio
1474 1142 1593 1174 formae
1615 1141 1750 1184 eligendi
1776 1140 1859 1184 prio-

1192 1203 1258 1225 rem
1280 1192 1462 1235 generalem
1484 1191 1618 1224 fratrum
1639 1190 1762 1224 ordinis
1782 1189 1858 1223 Ere-

1193 1241 1342 1274 mitarum
1364 1241 1394 1273 S.
1419 1239 1587 1284 Augustini
1608 1239 1727 1272 eisdem
1748 1250 1764 1271 a
1786 1249 1858 1271 car-

1193 1290 1289 1323 dinali
1310 1290 1415 1323 Sancti
1437 1288 1598 1322 Eustachii
1620 1287 1857 1332 praescriptae,

1195 1340 1268 1374 566.

1108 1390 1238 1422 XXXIII.
1259 1388 1454 1432 Appi-obatio
1475 1388 1604 1430 regulae
1620 1399 1638 1420 a
1658 1387 1749 1419 beato
1767 1386 1862 1418 Fran-

1195 1438 1278 1471 risco
1298 1437 1431 1470 traditae
1452 1437 1585 1470 Sanctae
1605 1436 1728 1473 Clarae,
1746 1439 1774 1468 et
1792 1434 1862 1467 aliis

1195 1487 1373 1525 sororibus,
1396 1487 1470 1519 570.

1110 1537 1236 1569 XXXIV.
1268 1535 1470 1569 Canonizatio
1507 1535 1587 1568 beati
1618 1534 1763 1567 Stanislai
1795 1534 1862 1576 epi—

1197 1586 1283 1629 scopi
1312 1584 1528 1618 Cracoviensis
1554 1584 1585 1616 in
1607 1583 1753 1623 polonia,
1776 1584 1861 1616 eius-

1197 1646 1260 1678 que.
1285 1634 1457 1678 adscriptio
1485 1634 1515 1666 in
1537 1643 1708 1666 numerum
1735 1633 1863 1666 Sancto-

1201 1695 1289 1721 rum,
1321 1694 1393 1716 cum
1414 1683 1556 1716 elusdem
1587 1681 1760 1715 festivitatis
1780 1681 1864 1714 insti-

1200 1733 1321 1766 tutione
1344 1744 1401 1776 pro
1422 1732 1471 1764 die
1493 1732 1511 1765 8
1533 1731 1626 1770 maii,
1649 1731 1722 1764 577.

1112 1782 1226 1815 XXXV.
1251 1781 1398 1815 Definitio
1418 1781 1634 1824 quorumdam
1656 1779 1865 1812 articulorum

1201 1832 1285 1865 circa
1307 1831 1386 1864 ritus
1405 1831 1615 1869 Graecorum,
1637 1828 1711 1863 580.

1114 1881 1242 1915 XXXVI.
1261 1881 1350 1919 Quod
1374 1879 1578 1922 inquisitores
1599 1877 1777 1911 haereticae
1798 1888 1866 1920 pra-

1203 1930 1304 1964 vitatis
1324 1930 1443 1974 possint
1461 1928 1664 1972 interpretari
1685 1931 1801 1960 statuta
1820 1937 1868 1960 ec-

1203 1979 1377 2013 clesiastica
1406 1984 1433 2011 et
1460 1977 1635 2011 saecularia
1661 1980 1770 2009 contra
1791 1976 1867 2008 hae-

1204 2029 1319 2062 reti00s
1345 2028 1437 2061 edita.
1463 2028 1604 2070 Eosque,
1635 2026 1728 2065 filios,
1756 2036 1791 2057 ac
1818 2035 1869 2057 ne-

1206 2083 1304 2122 potes„
1333 2082 1359 2109 et
1387 2077 1612 2113 adhaerentes,
1645 2080 1697 2107 aut
1725 2074 1868 2117 ipsorum

1205 2138 1313 2170 opera.
1338 2126 1505 2163 beneficia,
1528 2129 1558 2158 et
1580 2124 1683 2157 officia
1704 2132 1871 2165 assequen-

1206 2182 1262 2212 tes,
1291 2175 1351 2208 illis
1386 2175 1519 2219 privare.
1548 2173 1703 2216 Quodque
1742 2181 1870 2204 accusa-

1206 2230 1311 2258 torum
1339 2230 1368 2257 et
1396 2225 1522 2257 testium
1554 2222 1683 2256 nomina
1706 2219 1871 2264 publicare

1207 2286 1269 2307 non
1291 2275 1438 2310 debeant,
1462 2273 1535 2307 583.

1120 2325 1261 2358 XXXVII.
1286 2323 1513 2367 Inquisitorum
1535 2321 1714 2355 haereticae
1734 2320 1869 2364 pravita-

1208 2374 1246 2406 tis
1266 2374 1398 2406 facultas
1420 2371 1614 2415 procedendi
1633 2374 1743 2403 contra
1764 2369 1872 2401 haere-

1209 2423 1298 2462 ticos,
1321 2432 1499 2464 eorumque
1521 2421 1672 2458 fautores,
1694 2423 1724 2451 et
1743 2417 1871 2459 negotio

1209 2471 1423 2515 inquisitionis
1442 2482 1474 2503 se
1495 2473 1705 2514 opponentes,
1724 2477 1761 2499 ac
1780 2465 1872 2499 Prae-

1209 2521 1366 2553 ‹licatoies
1385 2519 1618 2563 quaestuarios,
1640 2527 1676 2550 ac
1700 2515 1871 2558 indulgen-

1211 2566 1270 2598 tiae
1290 2576 1348 2614 pro
1369 2564 1573 2612 audientibus
1599 2560 1871 2610 praedicationem

1211 2608 1524 2653 inquisitorum,er
1544 2607 1589 2641 eis
1607 2605 1761 2639 auxilium
1785 2615 1873 2649 prae

1211 2654 1377 2695 stantibus,
1400 2653 1474 2688 584
