2129 3223
39 226 88 254 An.
105 225 135 253 C.
153 225 219 252 ¹22⁹

49 436 154 458 caietanis
187 438 218 458 ius

37 469 125 488 cudendi
148 474 220 489 mono-

37 502 77 519 tnm
86 500 216 520 conceditur.

47 1027 136 1056 ‚lntiqua
146 1034 218 1050 aarum

53 1061 202 1080 confirm-ntur

69 1089 185 1115 urtvitegia.

66 2317 202 2338 conditione:

73 2348 190 2374 oppositae.

852 221 1038 245 Gnssoontcs
1060 221 1094 243 IX
1119 220 1165 242 FP.

233 294 312 328 quae
341 291 395 328 pro
417 279 543 313 offensis
578 276 744 320 debentur,
778 289 850 312 cum
879 276 1000 323 magi-t

233 338 328 365 stratu
357 328 563 377 protentiatus
603 326 761 373 galearum
800 338 815 360 a
857 325 997 361 polica-i

233 388 296 415 stro
318 390 418 427 usque
443 378 596 412 Caietam.
617 376 662 410 De
684 375 781 422 gratia
802 375 888 410 vobis
907 387 976 410 con-

232 429 376 465 cedimus
396 427 513 462 liberali
540 425 675 461 cudendi
702 425 796 460 etiam
819 432 975 460 monetam

232 486 423 526 argenteam,
446 476 496 511 ubi
524 488 561 511 ex
584 487 642 510 uua
671 483 756 521 parte
785 475 887 521 imago
924 486 998 522 ca-{v

233 529 305 575 pitis
331 527 410 562 beati
437 526 522 561 Petri
545 538 617 560 cum
641 524 870 571 subscriptione
897 524 976 558 civi-

232 578 302 613 tatis
324 585 454 619 vestrae,
468 588 503 610 ex
523 575 580 610 alia
597 586 671 609 vero
694 574 723 608 in
744 573 847 608 medio
860 572 976 621 Papae,
997 571 998 574 ’

231 634 261 662 et
287 627 317 661 in
341 626 456 662 circulo
483 624 709 672 superscriptio
730 622 826 658 nostri
842 623 977 657 nominis

232 676 416 716 habeantur,
438 682 468 709 et
489 673 658 722 ampliandi
673 673 827 708 civitatem
842 680 975 707 vestram

231 726 277 760 vel
299 724 483 760 aedificandi
511 735 622 758 novam
659 723 689 757 in
729 730 834 757 monte
869 722 976 756 Sancti

232 775 354 810 Martini
383 786 480 822 prope
502 773 614 821 posito,
637 772 766 807 liberam
794 771 881 806 vobis
924 772 978 806 tri-

233 825 359 860 buimus
385 823 575 863 facultatem
603 823 641 857 ita
664 822 747 870 quod
771 834 826 869 pro
854 830 976 856 moneta

231 874 372 922 quolibet
393 885 476 909 anno
498 885 568 908 cum
599 884 668 907 eam
708 871 780 906 cudi
813 871 977 917 contigerit

232 923 459 971 quinquaginta
486 930 610 957 tarenos
632 921 698 956 auri
722 920 812 956 nobis
846 928 876 955 et
918 932 978 955 no—

232 973 304 1008 stris
336 972 571 1008 successoribus
613 970 805 1018 persolvetis.
846 969 979 1016 Insuper

232 1034 343 1058 omnes
374 1021 556 1062 libertates,
593 1032 765 1067 omnesque
806 1019 979 1054 laudabiles

232 1071 498 1109 consuetudines,
537 1083 614 1118 quas
661 1069 813 1104 habuistis
839 1077 1000 1116 tempore*

231 1122 332 1157 clarae
358 1121 527 1156 memoriae
552 1120 712 1155 Guillelmi
737 1119 819 1165 regis
850 1119 880 1153 in
908 1131 979 1154 cre-

231 1171 322 1206 andis
348 1170 545 1213 consulibus,
565 1169 734 1212 iudicibus,
760 1177 790 1203 et
811 1168 880 1203 aliis
912 1167 979 1202 offi-

231 1220 363 1256 cialibus
388 1220 501 1255 annuis
535 1232 570 1254 ac
593 1218 720 1253 notariis
742 1218 772 1252 in
799 1217 980 1264 cognitione

231 1282 268 1305 ac
293 1270 514 1305 terminatione
539 1280 716 1309 causarum,
744 1279 865 1302 necnon
891 1275 922 1302 et
949 1268 977 1302 in

231 1319 335 1355 duana
355 1319 451 1363 salis,
475 1318 506 1352 in
528 1317 681 1366 portubus
701 1329 839 1365 quoque,
860 1317 980 1352 scilieet

233 1369 263 1404 in
291 1368 405 1409 Patria,
428 1376 459 1403 et
479 1367 518 1402 ab
544 1380 578 1403 ea
608 1378 708 1414 usque
736 1366 930 1410 Cannetum‚
947 1368 978 1401 in

233 1418 398 1454 vendendo
412 1418 533 1453 scilicet
548 1418 578 1451 in
594 1418 642 1452 eis
653 1417 761 1460 salem,
777 1423 808 1451 et
832 1416 978 1457 emendo,

232 1476 263 1503 et
288 1467 482 1503 extrahendo
505 1466 578 1501 inde
600 1466 757 1510 victualia,
779 1473 809 1501 et
836 1465 867 1499 in
890 1465 980 1500 defe-

233 1516 330 1552 rendo
350 1517 448 1552 libere
469 1516 609 1551 Caietam
638 1515 760 1550 labores
802 1515 980 1550 haeredita-

232 1574 311 1608 tum,
337 1578 416 1614 quas
443 1578 508 1609 vos,
535 1574 565 1601 et
586 1565 745 1600 Ecclesiae
772 1564 905 1600 civitatis
926 1576 979 1599 ve-

232 1625 314 1652 strae
334 1615 456 1651 habetis
478 1616 509 1650 in
545 1615 695 1650 comitatu
734 1613 913 1658 Fundano,
944 1626 979 1649 ac

233 1666 264 1700 in
291 1664 492 1701 defendendo
522 1677 577 1699 vos
616 1665 655 1699 ab
689 1663 823 1698 inimicis
867 1665 980 1699 vestris

232 1722 316 1750 extra
328 1726 473 1761 regnum,
488 1721 518 1749 et
529 1726 638 1761 pacem
650 1713 792 1748 faciendo
806 1725 878 1748 cum
891 1713 979 1759 ipsis,

233 1764 418 1799 Pontianam
432 1765 525 1798 etiam
540 1762 893 1806 insulam‚Palmariam,
903 1763 980 1797 Sen-

233 1824 360 1858 nonem,
373 1813 583 1856 Pantateram‚
595 1820 625 1847 et
642 1812 791 1847 Sanctum
811 1811 979 1846 Martinum

232 1874 304 1898 cum
326 1862 470 1910 piscariis
492 1870 522 1896 et
559 1862 737 1896 tenimentis
771 1861 837 1895 suis
856 1888 865 1905 ,
900 1861 980 1896 sicut

234 1920 375 1960 tempore
397 1911 560 1947 memorati
575 1911 656 1957 regis
671 1910 825 1945 habuistis
839 1910 980 1951 easdem,

234 1970 263 1996 et
283 1961 471 2008 generaliter
491 1972 601 1995 omnes
632 1960 729 1994 bonas
769 1960 981 1995 consuetudi-

235 2022 291 2046 nes
314 2018 442 2053 vestras‚
478 2010 572 2044 salvis
599 2009 746 2044 omnibus
785 2010 911 2044 iustitiis
952 2018 982 2044 et

236 2060 411 2096 redditibus
432 2060 537 2094 euriae
558 2059 681 2102 debitis,
701 2071 756 2106 pro
783 2059 899 2106 quibus
933 2071 982 2094 re-

236 2110 393 2158 cipiendis
413 2109 527 2155 aliquis
547 2109 585 2143 de
607 2116 686 2143 terra
716 2116 814 2143 vestra
838 2116 981 2156 ponetur,
1001 2129 1003 2141 ‚

238 2172 293 2208 per
317 2159 433 2194 Sedem
457 2157 666 2204 Apostolicam
708 2157 789 2193 idem
829 2159 876 2193 vel
904 2158 1003 2193 alius²

237 2209 412 2253 annuatim,
428 2208 515 2242 vobis
528 2207 708 2242 auctoritate
728 2207 896 2254 apostolica
912 2220 984 2243 con-

237 2259 410 2299 firmamus,
438 2265 466 2292 et
486 2256 658 2304 praesentis
678 2256 782 2303 scripti
810 2258 982 2304 patrocinio

238 2308 482 2343 communimus.
506 2306 629 2353 Ubique
656 2317 711 2353 per
737 2317 868 2352 regnum
908 2307 981 2342 salvi

239 2358 300 2392 sint
325 2357 410 2392 cives
433 2356 536 2395 vestri,
566 2367 646 2402 quos
683 2355 879 2402 naufragium
920 2358 980 2403 pati

238 2406 413 2453 contigerit,
436 2414 466 2440 et
493 2417 532 2440 ne
558 2404 753 2439 offendantur
782 2404 810 2438 in
842 2406 1004 2452 personis}

240 2456 286 2490 vel
307 2455 402 2490 rebus
423 2455 592 2490 districtius
615 2453 837 2501 prohibemus3
862 2455 983 2490 interdi-

240 2505 340 2540 cimus
365 2505 456 2540 etiam
484 2517 523 2539 ne
556 2504 585 2538 in
619 2504 740 2538 civitate
779 2512 899 2545 vestra,
937 2505 983 2539 vel

240 2561 326 2589 extra
351 2553 382 2588 in
410 2553 591 2589 tenimentis
618 2553 718 2600 ipsius
757 2561 891 2588 castrum
928 2566 982 2589 seu

240 2603 372 2638 munitio
395 2603 497 2651 aliqua
524 2610 732 2638 construatur.
763 2593 1005 2645 Quandocum-l

1645 210 1712 242 445¹

1018 287 1079 323 que
1100 284 1203 311 autem
1219 276 1358 311 Romana
1371 276 1509 311 Ecclesia
1521 275 1647 310 stolium
1661 279 1705 320 (1)
1717 275 1762 309 sa·

1017 337 1088 361 cere
1115 325 1258 366 voluerit,
1280 326 1387 361 civitas
1408 333 1508 361 vestra
1540 325 1567 361 ei
1606 324 1762 360 tenebitur

1018 387 1073 422 pro
1099 375 1276 422 unagalea
1302 375 1507 410 sufficientem
1541 374 1615 410 dare
1657 385 1765 410 nume-

1018 437 1085 459 rum
1119 433 1322 460 armatorum.
1344 424 1469 472 Corpus
1493 437 1565 460 vero
1582 424 1677 472 galeae
1691 436 1762 459 cum

1017 482 1167 522 apparatu
1184 474 1294 521 ipsius,
1316 474 1506 515 mercedem,
1528 483 1558 510 et
1579 475 1636 510 alia
1658 485 1764 509 neces-

1018 524 1096 558 saria
1119 524 1282 559 hominum
1317 523 1417 559 Sedes
1457 524 1638 571 Apostolica
1678 523 1761 558 iuxta

1019 586 1126 620 regum
1167 573 1430 608 consuetudinem
1462 573 1631 608 exhibebit.
1673 572 1761 608 Salva

1020 623 1049 657 in
1073 623 1221 658 omnibus
1238 622 1330 658 Sedis
1352 623 1549 670 Apostolicae
1571 623 1762 659 auctoritate.

1018 685 1052 707 ac
1079 673 1171 707 salvis
1192 672 1403 708 Ecclesiarum
1426 672 1622 708 libertatibus
1650 680 1681 707 et
1713 672 1763 707 iu—

1019 722 1105 756 ribus
1131 722 1325 757 earumdem.

1066 771 1149 806 Nulli
1189 784 1263 819 ergo
1296 771 1425 807 omnino
1466 771 1629 806 hominum
1671 770 1761 806 liceat

1019 822 1099 856 banc
1121 821 1263 869 paginam
1292 829 1416 856 nostrae
1443 821 1658 869 protectionis,
1686 833 1764 856 con-

1019 871 1200 911 stitutionis,
1227 871 1452 910 concessionis.
1491 869 1763 909 confirmationis,

1019 928 1049 955 et
1076 920 1271 956 inhibitionis
1293 920 1475 966 infringere,
1493 919 1541 955 vel
1563 919 1590 955 ei
1614 931 1694 955 ausu
1716 927 1764 955 te-

1020 970 1152 1005 merario
1174 970 1337 1005 contraire.
1365 969 1398 1004 Si
1420 969 1492 1016 quis
1512 976 1615 1004 autem
1641 969 1702 1004 hoc
1723 976 1763 1003 at-

1020 1028 1139 1055 tentare
1162 1020 1420 1067 praesumpserit,
1436 1018 1679 1066 indignationem
1695 1031 1764 1053 om-

1021 1070 1189 1117 nipotentis
1210 1069 1266 1104 Dei
1290 1081 1326 1104 ac
1344 1069 1504 1103 beatorum
1526 1068 1611 1104 Petri
1631 1076 1662 1103 et
1675 1068 1763 1103 Pauli

1020 1119 1233 1167 apostolorum
1261 1119 1327 1154 eius
1353 1130 1387 1153 se
1405 1118 1525 1153 noverit
1550 1118 1762 1154 incursurum.

1068 1168 1182 1203 Datum
1197 1168 1319 1203 Perusii
1339 1167 1507 1203 undecimo
1526 1166 1673 1202 kalendas
1685 1166 1763 1207 iulii,

1022 1218 1221 1265 pontificatus
1248 1218 1343 1252 nostri
1366 1230 1448 1252 anno
1470 1217 1571 1252 tertio.

1080 1279 1140 1309 Dat.
1159 1279 1205 1309 die
1223 1279 1255 1308 ⁶21
1284 1279 1357 1309 iunii
1378 1279 1462 1315 1229,
1478 1279 1577 1318 pontif.
1598 1289 1643 1308 an.
1666 1287 1706 1309 m.

1334 1398 1446 1433 XVlll.

1023 1464 1181 1497 Innovalio
1205 1463 1437 1508 privz'leyiorum
1472 1470 1497 1496 et
1539 1464 1768 1496 immunitatum.

1069 1513 1215 1546 concessio
1233 1524 1292 1557 pro
1313 1512 1433 1546 civitate
1471 1513 1596 1546 Sorana
1628 1513 1664 1546 de
1702 1513 1768 1546 iure

1070 1563 1157 1595 Sedis
1175 1563 1376 1607 Apostolicae‚
1397 1562 1452 1595 sub
1483 1562 1568 1596 cuius
1596 1562 1768 1607 patrocinio

1069 1612 1213 1656 recipitur
1235 1614 1292 1654 (2).

1285 1680 1499 1712 SUMMARIUM

1021 1743 1187 1773 Exordium.
1205 1760 1244 1766 —
1261 1742 1365 1773 Sorani
1384 1743 1439 1774 sub
1465 1744 1645 1782 protectione
1663 1743 1691 1773 St
1716 1744 1765 1784 Ap.

1061 1788 1273 1827 suscipiuntur.
1296 1805 1333 1810 —
1354 1788 1520 1819 Clausulae.

1021 1855 1165 1890 Gregorius
1183 1856 1323 1892 episcopus
1333 1863 1427 1884 servus
1440 1863 1580 1885 servorum
1591 1855 1647 1889 Dei.
1660 1856 1769 1885 dilectis

1064 1904 1129 1933 filiis
1152 1904 1248 1941 populo
1267 1905 1366 1933 Sorano
1379 1904 1502 1933 fidelibus
1515 1905 1630 1937 nostris.
1649 1905 1767 1934 satutem

1065 1954 1094 1982 et
1113 1954 1292 1990 apostoticam
1314 1954 1535 1983 benedictionem.

1070 2016 1150 2052 Cum
1179 2016 1299 2052 reducti
1327 2017 1395 2051 sitis
1418 2029 1472 2064 per
1499 2016 1555 2052 Dei
1575 2017 1705 2065 gratiam
1727 2018 1767 2053 ad

1023 2065 1200 2101 fidelitatem
1224 2075 1255 2101 et
1276 2066 1452 2101 dominium
1480 2066 1640 2102 Romanae
1661 2067 1769 2103 Eccle-

1022 2116 1087 2151 siae
1110 2116 1216 2150 matris
1242 2124 1373 2157 vestrae,
1400 2116 1437 2150 ad
1472 2128 1565 2164 quam
1601 2128 1665 2152 non
1703 2125 1768 2152 erat

1023 2165 1155 2200 dubium
1178 2178 1232 2200 vos
1253 2174 1406 2213 spectare,
1430 2178 1486 2212 per
1507 2165 1591 2213 quod
1615 2166 1673 2200 iam
1704 2178 1766 2200 non

1024 2215 1118 2255 illius,
1141 2227 1220 2261 quae
1249 2215 1276 2248 in
1314 2214 1494 2249 servitutem
1528 2222 1676 2261 generat,
1711 2215 1765 2250 sed

1024 2264 1139 2298 liberae
1161 2264 1215 2298 filii
1238 2264 1387 2303 existatis;
1410 2263 1539 2311 dignum
1562 2272 1608 2299 est
1646 2272 1677 2299 et
1697 2276 1766 2299 con-

1025 2314 1163 2357 veniens,
1185 2321 1217 2347 ut
1243 2313 1418 2348 commodis
1439 2314 1549 2348 vestris
1588 2313 1768 2360 Apostolica

1002 2362 1121 2407 gsedes
1152 2362 1329 2409 provideat,
1367 2374 1447 2409 quae
1480 2363 1651 2398 clementer
1688 2375 1767 2398 con·

1003 2449 1004 2457 ἵ
1024 2412 1123 2446 suevit
1151 2411 1328 2458 prospicere
1351 2411 1538 2446 utilitatibus
1560 2411 1704 2447 filiorum.

1072 2461 1258 2508 Eapropter,
1285 2460 1390 2495 dilecti
1414 2460 1444 2494 in
1466 2460 1603 2496 Domino
1624 2461 1690 2504 filii,
1714 2474 1768 2498 ve-

1024 2512 1095 2544 stris
1129 2510 1411 2557 supplicationibus
1446 2510 1604 2552 inclinati,
1637 2511 1678 2547 de
1704 2511 1769 2547 fra—

1060 2574 1098 2609 (¹)
1114 2575 1235 2606 stolium,
1251 2574 1351 2607 classis,
1370 2575 1455 2607 navis,
1472 2583 1486 2601 a
1502 2578 1594 2608 στολος;
1612 2575 1652 2603 hic
1662 2584 1711 2612 pro
1720 2584 1769 2605 ex-

1024 2614 1155 2650 peditione
1172 2615 1266 2641 navali.
1306 2615 1344 2650 (2)
1364 2615 1403 2642 Ex
1423 2615 1525 2650 Regest.
1544 2616 1627 2643 vatic.

1778 217 1828 244 Αη.
1845 217 1872 243 C.
1890 215 1956 243 1229

1810 774 1928 794 (jtnusutae.

1814 2025 1931 2046 exordium.

1791 2471 1864 2492 Soram
1873 2472 1910 2493 sub
1919 2479 1965 2499 pra·

1782 2503 1878 2523 tectione
1892 2503 1913 2523 S.
1925 2504 1954 2529 Ap

1782 2535 1932 2560 suscipiuntur.
