2129 3223
173 263 223 292 An.
242 265 268 291 C.
291 266 356 293 tt8¹⁴

171 1195 197 1216 De
221 1199 338 1218 iuramento

158 1232 165 1243 ι
183 1228 295 1249 baronibus
318 1232 337 1249 et

168 1259 323 1282 magistratibus

168 1288 257 1313 virbium,
283 1293 324 1309 etc.

155 1321 281 1341 rraestando
299 1326 337 1339 au-

155 1349 225 1369 xilium
251 1352 335 1376 episco-

154 1386 184 1403 pi<
198 1383 271 1401 contra
285 1381 336 1401 liae·

154 1411 213 1429 ratic.
231 1411 299 1431 dandi.

161 1737 246 1759 Poenae
259 1742 331 1759 contra

149 1772 272 1789 renuentes.

162 2321 267 2343 fautores
285 2322 338 2341 hae-

159 2356 271 2373 rem-orum
284 2352 339 2372 nulla

146 2389 169 2405 μ
177 2383 254 2403 rideant
267 2388 339 2403 exem—

327 2424 334 2425 *
353 2421 381 2447 et
403 2413 472 2447 aliis
499 2413 635 2458 publicis
661 2413 782 2450 officiis,
818 2413 1020 2448 decernimus
1043 2425 1098 2448 re-

148 2417 221 2439 ptione
238 2419 248 2433 a
269 2414 320 2432 iuri<

145 2446 193 2463 diet.
218 2445 338 2470 episi-opo>

150 2481 193 2494 rum
215 2476 235 2494 in
264 2474 337 2494 liuius-

150 2506 204 2525 modi
221 2505 297 2525 causis.

421 256 466 288 ΟΜΖ

964 265 1043 288 Bru
1046 265 1152 289 Aluum
1173 264 1335 289 nonnum!

371 330 436 353 rare
463 317 640 371 compellat,
663 318 746 364 quod
769 318 793 352 si
816 318 888 365 quis
910 318 1024 353 ibidem
1049 319 1115 354 liae
1157 327 1263 354 contra
1287 320 1456 355 haereticos
1477 320 1628 360 instituta,
1655 320 1893 368 archiepiscopo

370 367 482 402 reticos
514 367 648 404 sciterit
677 367 722 402 vel
744 367 865 414 aliquos
893 367 1014 402 occulta
1043 380 1115 402 con

369 415 521 450 tenticula
561 415 776 459 celebrantes,
813 427 866 451 seu
904 429 919 450 a
953 417 1112 451 communi

366 464 600 499 conversatione
647 463 783 499 fidelium
821 466 879 500 vita
910 473 938 499 et
973 465 1113 500 moribus

365 512 568 552 dissidentes,
586 524 641 547 eos
654 513 802 560 episcopo
824 514 870 548 vel
891 513 1112 548 archidiacono

364 561 486 596 studeat
524 561 672 596 indicare.
713 562 890 609 Episcopus
921 570 1023 597 autem
1055 575 1110 596 seu

362 609 615 649 archidiaconus,
637 610 674 645 ad
693 612 899 658 praesentiam
923 623 1009 645 suam
1034 622 1110 645 con-

363 666 451 693 vocet
475 667 657 697 accusat0s;
695 663 746 706 qui
779 660 836 693 nisi
873 671 905 693 se
940 660 977 693 ad
1000 671 1107 694 eorum

361 707 523 742 arbitrium
547 708 628 742 iuxta
652 709 767 754 patriae
786 708 1046 742 consuetudinem
1069 708 1109 742 ab

360 756 484 791 obiecto
526 765 609 791 reatu
650 758 870 811 put-'antetint
908 758 953 791 vel
980 758 1005 790 si
1039 765 1105 803 post

360 805 574 859 purgationem
603 805 772 840 exhibitam
801 806 830 839 in
856 805 1018 852 pristinam
1039 806 1107 839 l'tn-

359 854 420 888 rint
452 854 563 900 relapsi
593 854 767 901 perfidi-im,
794 855 1015 901 (ἹἩίεοοροιιιιιι
1052 855 1105 888 iu-

357 902 438 937 dicio
462 904 640 957 puniantur.
669 902 702 937 Si
727 903 778 949 qui
805 915 876 938 vero
903 915 938 938 ex
959 903 1005 937 eis
1027 903 1106 938 iura-

357 952 473 985 tionem
496 951 718 998 superstitione
745 951 915 986 damnabili
950 964 1104 999 respuen-

356 1009 414 1042 tes,
438 1001 538 1035 iurare
566 1000 643 1034 forte
677 1000 851 1035 noluerint:
888 1012 925 1035 ex
953 1001 1013 1036 boc
1037 1013 1104 1048 ipso

355 1048 501 1083 haeretici
525 1048 712 1087 iudicentur,
733 1056 764 1082 et
787 1050 896 1095 poenis
923 1061 1002 1095 quae
1019 1062 1104 1096 prae—

356 1098 532 1131 nominatae
554 1105 627 1131 sunt
653 1097 873 1143 percellantur.

402 1147 421 1191 g
446 1148 500 1179 lt).
527 1146 703 1180 Statuiinus
734 1145 870 1192 insuper,
900 1155 931 1180 ut
954 1146 1101 1185 comites,

354 1194 497 1234 barones,
526 1202 671 1234 rectores,
699 1195 846 1229 consules
871 1194 1044 1239 civitatum,
1072 1202 1101 1229 et

353 1242 484 1277 aliorum
522 1243 660 1278 locorum
703 1243 785 1278 iuxta
821 1243 1099 1278 commonitionem

352 1291 662 1339 archiepiscoporum
693 1300 722 1326 et
749 1292 984 1339 episcoporum,
1012 1304 1101 1339 prae-

351 1340 424 1374 stito
454 1340 660 1387 corporaliter
695 1340 869 1375 iuramento
906 1341 1099 1387 promittant,

350 1389 433 1435 quod
452 1389 482 1424 in
506 1389 655 1424 omnibus
678 1389 846 1435 praedictis
869 1390 990 1424 sortiter
1009 1398 1040 1424 et
1061 1390 1101 1424 el*-

350 1438 499 1481 ticaciter,
532 1450 603 1472 cum
632 1437 670 1472 ab
696 1438 742 1472 eis
764 1438 877 1472 suerint
906 1438 1019 1473 exinde
1048 1450 1099 1473 rc-

349 1486 467 1532 quisiti,
495 1486 668 1521 Ecclesiam
701 1495 806 1521 contra
843 1487 1033 1526 haereticos,
1070 1496 1099 1522 et

349 1547 457 1570 eorum
485 1536 657 1582 complices
687 1535 890 1576 adiuvabant,
927 1544 955 1570 et
991 1535 1099 1571 stude-

349 1583 426 1618 bunt
451 1583 529 1619 bona
553 1584 625 1622 tide,
661 1585 744 1618 iuxta
778 1584 914 1618 officium
945 1593 976 1620 et
1008 1596 1100 1632 posse

347 1645 453 1671 suum.
481 1632 691 1668 ecclesiastica
717 1632 862 1667 similiter
883 1641 912 1668 et
928 1633 1098 1680 imperialia

348 1690 460 1716 statuta
480 1682 562 1716 circa
585 1693 633 1725 ea,
651 1693 731 1728 quae
749 1681 900 1724 diximus,
923 1683 1097 1717 executioni

347 1731 506 1765 mandare.
537 1731 571 1765 Si
596 1742 667 1765 vero
692 1730 720 1764 id
738 1730 905 1766 observat-e
929 1731 1098 1769 noluerint,

346 1780 477 1822 honore,
499 1791 594 1826 quem
614 1778 772 1820 obtinent,
795 1779 989 1826 spolientur;
1017 1779 1097 1815 etad

344 1829 423 1863 alios
443 1828 621 1863 nullatenus
653 1836 870 1862 assumantur:
910 1829 955 1863 eis
985 1829 1099 1864 nihilo-

345 1876 451 1911 minus
502 1878 834 1911 excommunicatione
883 1878 1032 1924 ligandis,
1070 1885 1098 1912 ot

344 1925 436 1960 terris
468 1926 609 1972 ipsorum
634 1925 800 1960 interdicto
830 1926 988 1961 Ecclesiae
1015 1939 1098 1973 stip-

347 1974 513 2021 ponendis.
545 1975 664 2009 Civitas
699 1982 820 2014 autem,
854 1986 935 2022 quae
962 1975 1011 2009 his
1043 1976 1099 2010 de-

347 2023 517 2058 cretalibus
544 2023 696 2058 institutis
728 2023 853 2057 duxerit
877 2024 1098 2066 resistendum,

349 2072 394 2106 vel
423 2079 531 2106 contra
564 2073 841 2106 commonitionem
876 2073 1015 2120 episcopi
1040 2085 1100 2119 pu-

350 2121 416 2154 nire
432 2121 602 2166 neglexerit
626 2123 823 2155 resistentes:
844 2121 974 2155 aliarum
997 2131 1097 2156 careat

349 2171 541 2204 commercio
575 2171 753 2209 civitatum,
789 2176 820 2203 et
858 2170 1030 2216 episcopali
1065 2182 1098 2204 se

351 2220 467 2252 noverit
491 2219 642 2264 dignitate
675 2217 867 2265 privandam.

400 2266 421 2310 ,ξ
453 2269 507 2300 Η.
535 2267 657 2302 Omnes
682 2268 775 2302 etiam
799 2266 935 2302 fautores
966 2268 1099 2302 baereti-

352 2327 473 2354 corum,
506 2326 664 2363 tamquam
687 2324 836 2363 perpetua
874 2316 997 2350 infamia
1020 2328 1098 2350 con-

353 2365 528 2399 demnatos.
553 2364 593 2399 ab
626 2365 828 2399 advocatione
855 2373 885 2399 et
908 2365 1097 2408 testimonio,

353 2461 525 2507 pellendos.
552 2462 585 2496 Si
608 2462 661 2509 qui
685 2474 757 2497 vero
779 2462 904 2501 fuerint,
927 2462 980 2509 qui
999 2474 1014 2497 a
1031 2462 1099 2509 lege

351 2509 554 2545 dioecesanae
594 2510 820 2546 iurisdictionis
848 2511 1004 2557 exempti,
1040 2511 1098 2546 soli

351 2558 533 2593 subiaceant
572 2561 666 2594 Sedis
701 2559 899 2607 Apostolicae
935 2561 1096 2613 potestati:

349 2606 558 2642 nihilominus
598 2609 628 2642 iu
662 2609 699 2642 iis
734 2620 813 2655 quae
847 2620 994 2655 superius
1025 2618 1098 2643 sunt

1156 380 1223 402 rum
1253 368 1298 403 vel
1327 369 1547 416 episcoporum
1576 369 1709 404 subeant
1731 369 1900 405 iudicium:

1155 425 1183 451 et
1222 417 1267 451 eis
1294 418 1336 451 iu
1353 417 1409 452 liae
1443 426 1548 464 parte,
1582 426 1741 464 tamquam
1770 430 1786 453 a
1819 418 1902 454 Sede

1154 465 1334 510 Apostolica
1356 466 1517 512 delegatis,
1544 478 1606 501 non
1633 467 1829 502 obstantibus
1862 468 1901 502 li-

1154 513 1282 548 bertatis
1303 527 1378 550 suae
1405 515 1590 561 privilegiis,
1612 515 1825 563 obsequantur
1843 520 1898 561 (1).

1499 636 1554 671 lX.

1151 708 1351 749 (Ῑιιηῇνηιαιίο
1384 709 1576 749 fundationis
1606 709 1838 752 praepositurae
1861 711 1898 742 de

1204 756 1440 793 Ἰ’νιιιΙιείιΙιαιιιίιθ
1463 757 1581 789 ordinis
1604 758 1714 790 Sancti
1731 758 1899 801 Augustini

1196 805 1335 837 dioecesis
1358 805 1555 848 Aryeittinae,
1582 806 1621 838 ab
1644 806 1899 850 Hohenbwyertst'

1196 855 1380 887 irtortastert'o
1406 855 1598 897 dependentis
1622 857 1683 896 (2).

1413 917 1627 947 sentiantur!

1147 970 1269 1000 {lister-ia
1304 971 1452 1000 Ecclesiae
1485 971 1519 1000 tle
1549 969 1738 1008 Hohenhurg,
1771 970 1895 1010 eiusque

1185 1016 1388 1053 reparationis,
1408 1032 1446 1037 —
1462 1015 1504 1044 Ab
1524 1014 1616 1044 Rilint
1638 1019 1782 1053 peractae,
1801 1015 1896 1053 opitu-

1186 1059 1261 1087 lante
1286 1058 1434 1088 Bur-kardo
1462 1059 1600 1098 episcopo
1619 1058 1834 1096 Argentinensi.
1857 1075 1896 1081 —

1185 1102 1327 1132 Fundatio
1352 1102 1574 1141 praepositurae
1593 1102 1627 1131 tle
1655 1101 1895 1132 Truthenliusen.

1183 1162 1221 1168 -
1248 1146 1438 1176 Conditiones
1471 1146 1643 1185 appositae,
1674 1162 1712 1168 --
1734 1145 1895 1176 Duodecim

1183 1190 1318 1220 canonici
1342 1190 1512 1227 constituti;
1537 1206 1576 1212 —
1597 1189 1653 1219 Dos
1682 1189 1829 1226 stabilita,
1856 1206 1894 1212 —

1181 1233 1233 1263 Cui
1257 1233 1303 1263 ius
1327 1233 1508 1263 decimarum
1529 1233 1682 1269 adiicitur,
1699 1250 1737 1255 —
1755 1233 1819 1263 Alia
1838 1237 1895 1263 sta-

1183 1281 1241 1306 tuta
1266 1286 1317 1315 pru
1346 1276 1423 1306 Eccl.
1451 1276 1616 1305 visitatione
1646 1282 1674 1305 et
1696 1276 1894 1306 celebratione

1183 1321 1350 1350 missarum.
1361 1337 1400 1342 —
1412 1320 1514 1350 Festos
1525 1321 1587 1350 dies
1595 1321 1642 1350 hic
1656 1325 1808 1350 enumerat
1819 1320 1894 1349 Pon-

1183 1364 1259 1399 tit'ex,
1271 1363 1380 1402 quibus
1392 1364 1577 1402 praepositus
1591 1364 1753 1393 solemnem
1770 1364 1893 1394 missam

1181 1407 1383 1437 celebraturus
1414 1408 1551 1437 advenire
1592 1408 1679 1437 debet
1714 1408 1749 1437 ad
1787 1417 1892 1438 inona-

1180 1451 1302 1481 sterium
1335 1451 1597 1490 Holienburgense.
1624 1468 1664 1474 --
1695 1451 1814 1482 Decreta
1841 1461 1892 1491 pro

1181 1495 1373 1525 indemnitate
1403 1495 1584 1525 monasterii.
1611 1511 1651 1518 --
1678 1495 1717 1524 De
1749 1495 1893 1525 electione

1181 1538 1348 1577 praepositi.
1367 1555 1407 1560 —
1428 1538 1582 1577 Pririlegia
1604 1547 1756 1568 concessa.
1778 1555 1818 1561 —
1833 1538 1892 1569 Su·-

1181 1582 1308 1621 pradicta
1322 1583 1536 1612 confirmantur
1554 1592 1569 1612 a
1589 1583 1678 1612 Lucio
1695 1582 1748 1612 PP.
1760 1599 1799 1605 —
1813 1581 1893 1617 Quae

1180 1626 1368 1663 concesserit,
1386 1635 1522 1665 quaeque
1542 1626 1678 1656 statuerit
1700 1625 1840 1656 Pontifex.
1855 1642 1894 1648 —

1180 1669 1322 1709 'I'empore
1351 1669 1500 1699 interdicti
1524 1669 1629 1706 liceat,
1653 1669 1762 1698 clausis
1785 1669 1892 1705 ianuis,

1180 1714 1273 1743 officia
1299 1713 1458 1743 celebrare.
1488 1730 1526 1735 —
1556 1712 1745 1752 Sepulturain
1770 1712 1891 1742 liberam

1180 1758 1220 1787 ibi
1237 1767 1304 1787 esse
1323 1758 1500 1787 decernitur.
1522 1773 1561 1779 —
1579 1756 1732 1786 Decretum
1752 1757 1893 1786 immuni-

1182 1803 1246 1832 tatis
1266 1810 1316 1841 pro
1333 1801 1513 1840 supradictis
1533 1801 1682 1837 erunibus,
1697 1817 1736 1823 -—
1753 1799 1824 1830 Cum
1844 1809 1893 1830 so-

1180 1845 1239 1875 litis
1258 1845 1434 1884 poenalibus
1457 1843 1712 1874 conclusionibus.

1140 1916 1233 1944 Lucius
1253 1917 1393 1952 episcopus
1414 1922 1508 1944 servus
1528 1921 1666 1943 servorum
1695 1913 1757 1947 Dei.
1783 1913 1892 1943 dilectis

1184 1965 1211 1992 in
1240 1965 1348 1994 Christo
1379 1965 1485 1992 filiabus
1513 1963 1640 1992 {terrai-di
1664 1962 1834 1995 abbatissae.
1863 1965 1893 2003 et

1185 2012 1322 2041 sororibus
1342 2014 1369 2041 in
1387 2012 1555 2041 monasterio
1571 2011 1731 2047 Hohenhurg
1742 2011 1802 2039 tam
1810 2018 1892 2046 prae—

1185 2062 1309 2090 sentibus
1325 2068 1405 2097 quam
1426 2060 1532 2089 futuris
1551 2060 1708 2096 regularem
1725 2059 1813 2088 vitam
1828 2067 1892 2096 pro-

1185 2109 1268 2138 fessis
1287 2110 1314 2138 in
1330 2111 1502 2145 perpetuum,
1523 2109 1702 2145 apostoticam
1725 2108 1889 2137 benedictio-

1184 2165 1244 2187 nem
1263 2160 1292 2187 et
1311 2159 1459 2194 perpetuae
1479 2157 1582 2186 salutis
1601 2157 1811 2186 iucunditatem.

1189 2221 1298 2256 Totius
1326 2220 1486 2256 Ecclesiae
1519 2221 1665 2256 fidelibus
1691 2229 1819 2267 paterna
1846 2221 1890 2254 di-

1141 2270 1276 2304 lectione
1316 2270 1506 2305 familiariter
1547 2271 1763 2313 insiuuamus,
1802 2270 1888 2316 quod

1176 2340 1214 2373 (t)
1226 2339 1338 2366 Altatum
1349 2343 1440 2366 contra
1458 2340 1602 2366 haereticos
1612 2339 1749 2366 decretum
1759 2343 1889 2365 sancitum

1139 2383 1178 2406 est
1191 2388 1216 2405 ιιι
1228 2384 1362 2406 conventu
1376 2380 1495 2407 Veronae
1506 2379 1594 2406 habito
1605 2387 1619 2406 a
1630 2379 1710 2406 Lucio
1721 2379 1800 2413 Papa,
1813 2386 1889 2413 prae-

1139 2424 1214 2446 sente
1231 2418 1364 2446 Friderico
1389 2420 1557 2455 imperatore,
1573 2418 1760 2450 cardinalibus,
1786 2425 1812 2445 et
1829 2420 1886 2453 pie-

1140 2458 1228 2493 risque
1239 2459 1370 2486 Ecclesiae
1385 2460 1533 2487 rectoribus
1552 2459 1630 2494 (teste
1651 2458 1790 2497 Rodulpho
1809 2459 1888 2484 Dice—

1140 2499 1177 2534 to)
1193 2506 1262 2525 anno
1281 2500 1358 2531 llsslt,
1379 2503 1404 2526 et
1420 2500 1526 2534 quidem
1542 2499 1610 2525 circa
1636 2504 1752 2524 mensem
1773 2505 1886 2524 novem-

1139 2538 1223 2565 brem.
1262 2539 1300 2574 (2)
1318 2540 1355 2566 Ex
1372 2539 1552 2575 authographo
1568 2538 1683 2574 episcopi
1699 2539 1807 2573 Argent.
1825 2538 1885 2564 edi-

1139 2580 1178 2606 dit
1194 2579 1365 2612 Summanu,
1383 2581 1449 2607 Gall.
1467 2580 1528 2607 Chr.
1541 2600 1548 2612 ‚
1570 2583 1632 2606 tom.
1654 2586 1681 2611 v,
1699 2578 1767 2606 inter
1784 2579 1886 2605 lustru-

1140 2624 1224 2646 menta
1243 2620 1372 2648 Ecclesiae
1392 2622 1479 2654 huius,
1499 2627 1571 2648 num.
1590 2627 1665 2646 xxvi.

1919 267 1967 295 An.
1986 268 2013 295 C.
2034 269 2099 296 ΗΒΕ

1916 2242 2007 2264 Historta
2044 2242 2084 2264 Et:-

1902 2274 1981 2295 clesiae
1997 2274 2021 2294 de
2041 2273 2080 2294 flo-
