2129 3223
412 256 481 289 850

362 321 461 354 LXXI.
487 318 576 358 Quod
597 318 738 355 abbates,
765 328 821 351 seu
847 318 971 361 priores
993 319 1114 352 ordinis

449 368 667 401 Camaldulen.
696 378 712 400 a
738 367 1006 400 monasteriorum
1035 368 1113 411 regi-

451 417 536 450 mine
570 416 755 455 amovendi,
783 427 839 449 seu
865 416 903 449 de
932 417 1112 450 excessibus

941 264 1066 287 BELLAR
1073 266 1078 287 Ι
1086 265 1129 287 UM
1159 265 1320 287 ROMANUM

1245 319 1527 363 archiepiscopalis
1564 320 1722 353 Ecclesiae
1757 321 1904 354 Mediola-

1245 368 1362 405 nensis,
1385 368 1435 401 cui
1457 369 1663 402 reverentiam
1693 375 1720 402 et
1753 370 1904 403 obedien-

1245 417 1319 449 tiam
1340 418 1665 451 consuetasexliibere
1682 419 1805 458 debeat,
1827 419 1902 452 420.

449 477 561 499 eorum
587 465 781 509 corrigendi,
813 466 850 498 ad
882 466 1113 510 appellationes
1156 466 1190 498 ll.
1215 466 1303 505 Quod
1326 467 1434 511 populi
1457 468 1578 500 noviter
1596 469 1633 500 ad
1656 467 1749 501 fidem
1772 469 1905 501 catholi-

449 515 698 559 interponendas
733 514 864 547 minime
889 515 1109 553 admittantur,

493 565 523 597 4.

359 565 491 644 LXXIII.O
502 609 709 643 Confirmatio
730 609 888 642 bonorum
915 610 1059 642 omnium
1076 620 1111 642 ac

448 658 585 691 limitum
625 658 961 702 For-osemproniensis
1002 659 1112 692 Eccle-

448 708 524 746 siae,
542 719 578 741 ac
594 708 761 741 cuiusdam
777 708 952 741 sententiae
968 708 1111 741 eiusdem

447 759 552 791 favore
586 757 625 790 ab
658 758 836 790 Alexandro
870 758 926 790 PP.
956 758 992 790 III
1017 758 1109 798 latae,

445 807 521 841 405.

358 857 485 891 LXXIII.
505 856 670 900 Exemptio
681 856 802 889 ordinis
811 856 1028 889 Cisterciensis
1048 868 1113 889 mo-

447 906 625 939 nachorum
651 905 681 938 S.
710 905 871 938 Benedicti
902 917 919 938 a
953 906 1112 938 solutione

447 955 658 993 decimarum,
680 954 755 988 408.

358 1004 483 1038 LXXIV.
511 1003 579 1036 Atia
604 1003 779 1036 consimilis
804 1003 1013 1046 exemptionis
1038 1014 1113 1036 con-

446 1054 559 1093 cessio,
585 1052 660 1086 408.

360 1103 470 1136 LXXV.
484 1103 584 1136 Unam
598 1102 813 1145 praebendam
831 1101 863 1133 in
873 1102 1007 1144 singulis
1018 1102 1112 1134 Fran-

447 1152 513 1184 ciae
538 1151 687 1184 Ecclesiis
707 1156 843 1183 reservat
870 1162 927 1194 pro
945 1151 1112 1183 necessita—

447 1201 531 1233 tibus
556 1200 715 1233 Ecclesiae
740 1200 914 1237 Romanae,
942 1199 1018 1232 409.

359 1251 482 1284 LXXVI.
511 1250 686 1283 Publicatio
713 1260 942 1292 processuum,
962 1249 1112 1281 aliarum-

445 1311 508 1343 que
535 1310 710 1343 poenarum
737 1299 920 1332 constitutio
945 1305 1056 1332 contra
1076 1299 1106 1332 S.

446 1350 480 1382 R.
504 1349 537 1382 E.
561 1348 739 1382 cardinales
765 1349 958 1388 invadentes,
986 1361 1041 1382 seu
1057 1361 1111 1382 eos

445 1398 771 1441 aliasquomodolibet
789 1398 905 1431 iniuria
921 1400 1107 1440 allicientes,

356 1495 495 1529 LXXVII.
518 1495 720 1528 Canonizatio
754 1496 784 1527 S.

445 1545 587 1588 episcopi
604 1544 817 1582 Dublinensis,
831 1545 914 1586 regis
930 1556 964 1577 as·
982 1546 1110 1588 reginae

445 1593 615 1627 Hiberniae
631 1593 700 1631 filii,
719 1593 852 1636 eiusque
869 1593 980 1626 relatio
1001 1594 1032 1626 in
1049 1605 1109 1627 nu—

446 1652 569 1675 merum
604 1647 787 1674 sanctorum
817 1643 1052 1681 consessorum,
1080 1649 1108 1675 et

445 1691 617 1724 festivitatis
627 1691 769 1723 eiusdem
788 1689 969 1734 praefinitio
986 1702 1043 1734 pro
1060 1692 1110 1725 die

444 1741 682 1783 decimaquarta
691 1740 808 1772 mensis
819 1739 1000 1772 novembris
1015 1747 1108 1783 quot-

444 1791 534 1823 annis
555 1789 777 1828 celebrandae,
799 1788 874 1822 4¹13.

356 1840 507 1874 LXXVIII.
536 1838 731 1882 Approbatio
756 1838 885 1880 regulae
906 1838 1028 1871 ordinis
1054 1840 1110 1871 t'ra-

443 1895 528 1921 trum
550 1887 763 1920 Eremitarum
784 1887 897 1920 Beatae
927 1887 1042 1920 Mariae
1072 1888 1110 1920 de

444 1938 547 1971 Monte
567 1937 726 1976 Carmelo‚
748 1936 822 1969 415.

823 1495 981 1528 Laurentii
1010 1498 1111 1529 archi-

400 1986 540 2029 Regulae
566 1985 746 2028 praedictae
771 1991 864 2017 tenor
884 1985 1107 2027 subsequitur,
1130 1993 1132 1996 ’

444 2036 519 2070 4¹15.

356 2085 483 2120 Lxxlx.
507 2084 633 2117 Ordinis
653 2084 925 2124 Praedicatormn,
948 2090 978 2116 et
1002 2084 1109 2117 Sancti

445 2132 602 2166 Francisci
620 2132 876 2176 Fratribusapud
894 2132 1039 2165 infideles
1054 2132 1109 2164 de-

444 2182 603 2226 gentibus,
641 2188 674 2214 ut
700 2181 844 2215 habitum
871 2187 1008 2221 mutare,
1037 2181 1108 2214 bar-

445 2232 516 2265 bam
538 2237 567 2264 et
593 2242 717 2264 comam
745 2231 879 2270 nutrire,
902 2241 937 2263 ac
957 2230 1110 2274 pecunias

440 2286 575 2315 tractare
600 2282 735 2317 valeant,
765 2281 963 2321 indulgetur,
986 2280 1062 2313 4¹17.

358 2330 470 2363 Lxxx.
495 2330 528 2363 In
549 2330 738 2363 Sanctorum
756 2329 979 2363 Confessorum
1002 2328 1109 2361 Ροῐιίί-Ι

446 2380 541 2413 sicum
564 2390 735 2412 numerum
755 2379 893 2411 refertur
908 2378 940 2411 B.
963 2378 1108 2411 willhel-

448 2440 519 2462 mus
543 2429 719 2462 Eboracen.
751 2427 780 2459 in
810 2427 920 2467 Anglia
948 2426 1109 2469 archiepi-

446 2488 575 2520 scopus,
597 2476 672 2510 4¹18.

585 2547 805 2582 GREGORIUS
832 2547 879 2579 IX.

360 2621 380 2652 l.
405 2620 494 2658 Quod
514 2620 737 2654 Cremonensis
758 2619 895 2652 Ecclesia
922 2619 959 2651 de
985 2624 1109 2650 caetero

1244 526 1312 549 cam
1348 517 1490 550 conversi
1525 517 1617 556 nulli,
1652 517 1710 550 nisi
1745 518 1905 550 Romanae

1242 565 1413 607 Ecclesiae,
1431 566 1564 599 subiecti
1582 577 1648 599 esse,
1672 566 1902 610 intelligantur,

1244 614 1302 647 sub
1323 615 1415 648 cuius
1449 615 1647 659 protectione
1682 615 1903 659 recipiuntur,

1243 660 1318 693 4202.

1154 709 1203 742 ΙΙΙ.
1231 709 1438 744 Confirmatio
1477 709 1694 743 concessionis
1727 715 1904 743 castrorum

1242 758 1335 803 Carpi
1356 765 1386 792 et
1396 759 1509 792 Montis
1525 759 1689 792 Baronzon
1706 770 1764 802 per
1782 759 1834 792 fel.
1854 770 1905 793 re-

1243 809 1331 841 cord.
1355 809 1534 842 Honorium
1546 808 1663 852 Papam
1683 808 1812 842 tertium
1829 809 1906 841 alias

1243 857 1359 890 civitati
1388 857 1540 891 Mutinen.
1575 857 1674 890 sactae
1709 857 1768 890 sub
1796 867 1905 890 annuo

1244 916 1341 939 censu
1363 907 1524 949 sexaginta
1544 906 1712 947 librarum,
1735 906 1809 939 422.

1156 954 1200 986 IV.
1225 954 1314 993 Quod
1331 956 1529 999 quicumque
1550 955 1689 997 religiosi
1705 956 1743 988 ad
1759 965 1904 988 eremum

1242 1005 1363 1038 ordinis
1378 1005 1596 1038 Camaldulen.
1615 1004 1750 1038 transire
1771 1004 1903 1047 possint,

1242 1054 1317 1087 423.
1867 1052 1875 1056 “

1154 1103 1186 1135 V.
1215 1103 1422 1136 Confirmatio
1442 1108 1634 1136 statutorum
1660 1108 1690 1136 et.
1722 1103 1904 1136 libertatum

1242 1153 1363 1185 ordinis
1383 1154 1515 1186 Sanctae
1539 1153 1653 1185 Mariae
1687 1151 1903 1184 Tlieutonico-

1242 1213 1327 1242 mm,
1354 1202 1562 1244 eiusdemque
1592 1201 1713 1233 ordinis
1744 1200 1904 1243 susceptio

1242 1251 1301 1283 sub
1336 1251 1535 1294 Apostolicae
1572 1250 1661 1283 Sedis
1693 1250 1903 1293 protectione,

1240 1299 1315 1332 423.

1153 1348 1351 1392 VLEcclesia
1361 1349 1466 1381 Sancti
1479 1349 1638 1381 Theodori
1649 1349 1687 1381 de
1698 1347 1820 1387 Trebis,
1830 1358 1902 1380 cum

1241 1398 1311 1430 aliis
1330 1404 1393 1430 tam
1415 1398 1475 1430 loci
1493 1397 1648 1437 eiusdem,
1666 1407 1762 1440 quam
1783 1401 1903 1428 castro-

1241 1458 1311 1479 rum
1332 1447 1475 1479 Filectiui
1496 1452 1524 1478 et
1557 1446 1814 1489 Vallispetrarum
1844 1446 1902 1478 Ec-

1241 1496 1356 1531 clesiis,
1379 1496 1465 1527 omni
1482 1495 1732 1527 contradictione
1748 1500 1902 1534 cessante,

1240 1544 1396 1586 Anagnini
1428 1544 1569 1586 episcopi
1591 1543 1801 1575 iurisdictioni
1827 1544 1903 1576 sub-

1240 1593 1319 1625 lecta
1339 1593 1533 1627 declaratur.
1555 1591 1630 1624 4:26.

1153 1640 1211 1673 Vll.
1235 1641 1324 1680 Quod
1344 1641 1558 1684 appellatione
1572 1640 1609 1672 ad
1631 1639 1744 1674 Sedem
1766 1641 1900 1683 Aposto-

1239 1690 1333 1723 licam
1359 1690 1543 1733 interposita
1568 1700 1632 1721 uon
1653 1690 1809 1729 obstante,
1832 1690 1900 1732 epi-

1240 1740 1326 1783 scopi
1349 1739 1521 1783 procedant
1546 1739 1584 1770 ad
1605 1738 1756 1770 ulteriora
1778 1738 1809 1770 in
1829 1748 1902 1770 cor-

1241 1788 1380 1821 rectione
1391 1786 1681 1820 ecclcsiasticorum
1699 1786 1901 1819 fornicationi

1240 1838 1453 1876 addictorum,
1478 1836 1535 1868 nisi
1561 1835 1593 1867 in
1627 1835 1726 1868 literis
1758 1835 1900 1868 eiusdem

1240 1887 1312 1919 sacti
1328 1886 1425 1919 series
1445 1885 1625 1929 specialiter
1639 1884 1805 1923 habeatur,
1822 1883 1897 1917 4⁹28.

1249 1936 1383 1969 Litterae
1393 1945 1561 1979 processus
1577 1939 1687 1966 contra
1705 1933 1901 1966 Fridericum

1241 1985 1264 2017 II
1285 1985 1504 2017 Romanorum
1537 1983 1765 2026 imperatorem
1795 1982 1901 2025 publi-

1240 2039 1327 2066 catae
1347 2034 1397 2066 die
1417 2033 1541 2066 Coenae
1551 2032 1688 2072 Domini,
1700 2043 1735 2064 ac
1745 2032 1901 2065 absolutio

1241 2083 1441 2116 subditorum
1463 2083 1532 2115 eius
1551 2092 1569 2114 a
1588 2082 1771 2114 iuramento
1800 2080 1902 2114 tideli-

1241 2132 1322 2169 tatis,
1350 2132 1408 2163 nisi
1429 2131 1611 2175 resipuerit,
1634 2129 1708 2164 428.

1154 2179 1201 2212 IX.
1225 2180 1369 2213 Castrum
1396 2180 1526 2213 Avillani
1548 2191 1565 2212 a
1589 2179 1705 2212 comite
1725 2177 1901 2212 Sabaudiae

1240 2229 1310 2262 Sedi
1338 2229 1536 2272 Apostolicae
1556 2228 1708 2261 donatum
1728 2226 1830 2260 eidem
1846 2236 1900 2258 co-

1241 2278 1306 2311 miti
1328 2278 1517 2311 conceditur
1536 2278 1567 2310 in
1593 2277 1736 2315 feudum,
1757 2275 1832 2310 430.

1154 2328 1186 2360 X.
1216 2328 1402 2360 Comrnissio
1423 2327 1586 2370 episcopo,
1610 2332 1638 2359 et
1664 2325 1788 2359 duobus
1803 2333 1899 2357 cano-

1241 2378 1319 2410 nicis
1339 2377 1469 2421 capituli
1490 2377 1721 2415 Cenomanen.,
1740 2373 1900 2407 utconlir-

1242 2433 1328 2460 ment
1352 2426 1540 2460 sententiam
1562 2423 1901 2459 excommunicationis

1241 2477 1270 2508 in
1292 2477 1405 2509 ducem
1427 2475 1619 2513 Britanniae,
1642 2479 1672 2507 et.
1692 2472 1851 2506 interdicti
1868 2472 1899 2504 in

1241 2531 1340 2558 terras
1360 2525 1429 2557 eius
1449 2525 1561 2557 latam:
1585 2529 1614 2557 et
1633 2523 1658 2556 si
1678 2521 1898 2565 nonresipue-

1242 2570 1291 2609 rit,
1313 2570 1462 2602 vassallos
1481 2569 1550 2602 eius
1580 2568 1618 2601 ab
1643 2566 1822 2599 obedientia
1853 2565 1898 2597 illi

1240 2614 1344 2647 debita
1364 2614 1538 2650 absolvant,
1560 2611 1633 2645 43¹1.

1154 1936 1225 1969 VIII.

449 2665 649 2707 suffraganea
684 2665 721 2696 sit
750 2670 778 2695 et
813 2674 880 2695 esso
917 2663 1111 2704 intelligatur
1152 2659 1200 2691 XI.
1225 2658 1418 2702 Approbatio
1452 2663 1640 2690 statutorum
1671 2655 1819 2688 abbatum
1846 2665 1897 2686 oi·-
