2129 3223
374 211 443 242 856

324 275 496 311 Consum-it
520 274 729 312 Providentia.
756 287 830 320 pay.
857 277 938 309 517.

324 326 495 371 Consurgit
523 325 552 358 in
582 324 684 367 nobis,
709 327 789 359 785.

325 375 487 421 Contingit
510 373 680 418 interdum,
708 375 789 408 697.

324 425 405 460 Cum
428 424 554 459 abbates
582 423 821 469 Cistercienses,
845 427 924 459 408.

324 474 406 510 Cum
429 474 468 509 ab
490 486 539 512 eo,
572 476 629 507 17.

323 524 405 560 Cum
433 524 470 559 ad
494 523 752 571 propulsandam,
776 528 832 559 87.

324 574 404 610 Cum
432 574 470 610 ad
495 574 667 609 Romanam
690 573 876 620 Ecclesiam,
899 576 980 610 600.

325 624 406 660 Cum
429 625 591 667 adversus,
620 625 701 658 505.

325 674 406 709 Cum
430 673 610 722 aliquando,
634 675 715 707 408.

325 724 406 759 Cum
431 737 446 759 a
470 723 573 763 nobis
596 725 654 763 99,
675 725 757 767 591,
782 726 864 765 602,
888 726 970 764 628,
994 726 1075 766 6¹15,

325 773 406 809 Cum
435 783 615 809 antecessor
638 781 721 813 tuus,
751 775 806 808 46.

326 823 407 858 Cum
431 836 446 858 a
469 824 579 867 saetis,
602 824 658 857 [18.

325 873 405 908 Cum
436 873 535 908 bonae
562 872 743 915 memoriae,
773 875 853 908 556.

326 922 406 958 Cum
435 922 639 962 Bundenum,
662 924 744 957 401.

326 972 406 1008 Cum
429 980 579 1017 castrum,
606 973 689 1006 250.

326 1020 407 1058 Cum
435 1021 658 1061 controversia,
691 1024 742 1056 17.

326 1071 408 1107 Cum
438 1080 592 1111 ereatura,
617 1072 698 1106 525.

327 1120 409 1157 Cum
432 1122 515 1156 dicat
541 1121 710 1164 Dominus,
740 1124 821 1156 464.

327 1170 409 1206 Cum
432 1171 535 1206 dilecti
565 1171 629 1211 filii,
654 1173 734 1206 557.

328 1220 409 1256 Cum
433 1221 555 1256 dilectis
578 1220 662 1262 filiis,
690 1224 769 1255 727.

329 1270 410 1305 Cum
429 1270 656 1312 Ecclesiasum,
681 1273 761 1305 545.

330 1320 412 1355 Cum
437 1320 504 1355 eius
536 1320 630 1361 vices,
653 1321 735 1355 266.

331 1368 413 1405 Cum
436 1370 663 1416 emergentium
691 1370 799 1416 litigia,
833 1373 908 1405 119.

330 1418 412 1454 Cum
436 1431 473 1454 ex
496 1419 651 1460 iniuncto,
684 1422 762 1457 106,
788 1421 866 1454 159.

330 1467 412 1503 Cum
441 1481 479 1503 ex
500 1468 593 1503 officii
617 1469 728 1512 nostri,
753 1471 835 1504 205.

330 1517 413 1553 Cum
442 1518 656 1553 Fiscanuense
683 1518 921 1559 monasterium,
951 1522 1008 1554 85.

331 1567 412 1602 Cum
440 1568 549 1602 fratres
571 1567 819 1609 praedicatores,
844 1570 924 1602 351.

332 1616 416 1653 Cum
440 1617 588 1652 honestas
610 1625 674 1661 tua,
701 1619 782 1651 224.

333 1666 413 1702 Cum
443 1667 682 1711 inaestimabile,
710 1668 793 1710 ⁶246,
821 1670 903 1701 250.

333 1715 415 1752 Cum
438 1716 469 1751 in
498 1716 678 1764 Apostolica
705 1715 799 1761 Sede,
825 1718 882 1751 45.

334 1764 425 1801 Cum‘
439 1766 470 1812 in
492 1765 781 1809 constitutionibus,
809 1767 890 1801 558.

334 1814 417 1850 Cum
440 1815 469 1850 in
492 1815 709 1856 Lateranensi,
732 1816 790 1850 60.

336 1864 418 1901 Cum
447 1865 475 1899 in
506 1865 573 1912 lege
600 1865 707 1905 veteri,
732 1867 811 1900 125.

336 1914 418 1950 Cum
443 1915 526 1949 iuxta
551 1914 776 1952 testimonium,
806 1918 886 1949 472.

336 1965 417 2000 Cum
441 1964 642 2011 litigantium,
661 1966 741 1999 289.

337 2015 418 2051 Cum
441 2016 550 2055 multa,
579 2017 658 2050 455.

338 2065 420 2102 Cum
448 2065 608 2112 negotium
638 2065 721 2109 fidei,
745 2067 825 2100 585.

338 2115 419 2151 Cum
447 2115 549 2154 nobis,
576 2116 658 2150 253.

338 2166 418 2200 Cum
442 2165 529 2204 olim,
554 2167 636 2209 385,
659 2166 740 2203 500,
766 2167 847 2209 519,
877 2167 958 2199 556.

339 2215 420 2251 Cum
444 2215 547 2250 omnis
570 2227 651 2257 vera,
680 2216 759 2249 528.

339 2265 420 2301 Cum
448 2265 587 2300 omnium
612 2264 835 2308 Ecclesiarum,

341 2316 421 2352 Cum
451 2316 529 2363 paci,
559 2318 635 2350 ¹83.

341 2365 422 2401 Cum
448 2378 501 2413 pei·
528 2374 662 2407 nostras,
686 2365 768 2398 562.

342 2414 424 2451 Cum
449 2428 505 2464 pro
528 2414 758 2457 reformatione,
788 2417 868 2449 454.

343 2465 424 2501 Cum
452 2465 617 2512 quaedam,
639 2466 721 2499 256.

344 2514 424 2551 Cum
447 2524 562 2563 quanta
585 2515 693 2562 gloria,
723 2516 803 2549 2197.

344 2563 424 2600 Cum
449 2565 569 2600 reducti
591 2565 670 2608 sitis,
692 2566 773 2599 445.

345 2613 425 2650 Cum
456 2614 590 2661 regibus,
615 2617 644 2648 7.

858 2266 938 2297 200.

888 219 986 242 BULLA
993 220 1074 243 RlUM
1103 221 1265 244 ROMANFM

1113 276 1195 310 Cum
1220 276 1359 311 Romana
1384 277 1534 322 Ecclesia,
1554 290 1627 323 paq.
1652 281 1710 312 97.

1112 326 1195 360 Cum
1218 335 1413 362 sacrosancta
1436 327 1577 362 Romana
1605 326 1756 371 Ecclesia,
1784 330 1860 362 102.

1113 375 1194 411 Cum
1217 376 1405 416 secundum,
1435 380 1516 417 174,
1545 379 1626 411 611.

1113 425 1196 460 Cum
1218 425 1294 461 Sedi
1314 426 1527 474 Apostolicae‚
1555 431 1612 462 67.

1114 475 1194 511 Cum
1218 476 1270 520 sit,
1298 478 1354 511 19.

1114 525 1196 560 Cum
1220 534 1391 574 tamquam,
1415 529 1496 561 542.

1115 575 1196 610 Cum
1226 585 1350 616 terram,
1379 578 1460 611 581.

1115 624 1196 661 Cum
1221 634 1282 661 tota
1306 634 1398 667 terra,
1422 628 1504 661 486.

1115 674 1196 710 Cum
1225 676 1421 715 universalis,
1447 679 1526 711 100.

1115 724 1196 760 Cum
1220 726 1369 770 universi,
1393 729 1450 770 59,
1479 730 1536 770 84,
1561 728 1642 761 545.

1117 774 1197 810 Cum
1221 775 1438 810 universorum
1458 776 1620 815 Conditor,
1645 777 1701 809 86.

1117 823 1198 860 Cum
1223 825 1411 860 venerabilis
1438 826 1540 865 frater,
1565 827 1646 860 561.

1117 874 1301 922 Cupientes,
1324 877 1406 909 670.

1483 973 1509 1007 D

1122 1071 1277 1106 Defuncto
1300 1071 1430 1115 Romae,
1455 1073 1537 1105 215.

1121 1121 1179 1156 Dei
1202 1121 1313 1161 virtus,
1337 1123 1417 1155 510.

1122 1171 1188 1205 Deo
1215 1180 1318 1216 grata,
1346 1173 1427 1205 655.

1123 1220 1344 1255 Desiderantes
1367 1220 1549 1266 plurimum,
1578 1223 1658 1256 428.

1123 1269 1305 1304 Devotionis
1328 1277 1461 1314 vestrae,
1488 1272 1573 1315 485,
1601 1273 1682 1305 522.

1124 1319 1256 1354 Devotio
1278 1331 1372 1367 quam
1397 1319 1563 1365 habemus,
1593 1322 1674 1355 385.

1124 1368 1236 1415 Dignis
1258 1368 1413 1409 laudibus
1437 1371 1519 1405 295.

1124 1417 1314 1453 Discretioni
1344 1428 1474 1461 vestrae,
1509 1421 1590 1455 672.

1123 1467 1302 1503 Discrimen
1324 1470 1483 1516 praeteriti
1512 1470 1680 1517 temporis,
1710 1472 1790 1505 599.

1124 1516 1256 1552 Divinae
1277 1518 1429 1564 dignatio,
1459 1520 1540 1553 567.

1126 1566 1256 1601 Divinae
1279 1567 1484 1614 dispensatio,
1514 1570 1594 1603 386.

1126 1615 1254 1651 Dudum
1274 1617 1311 1651 ad
1336 1616 1537 1664 Apostolicae
1559 1617 1662 1657 Sedis,
1693 1620 1774 1652 795.

1488 1715 1512 1749 Ε

1128 1814 1183 1854 Ea,
1207 1826 1299 1861 quae,
1326 1816 1381 1857 72,
1413 1815 1492 1853 162,
1517 1815 1597 1849 455.

1127 1863 1300 1898 Ecclesiam
1324 1863 1396 1903 Dei,
1425 1865 1507 1898 595.

1128 1913 1270 1948 Ecclesia
1292 1912 1446 1953 Romana,
1482 1915 1563 1953 422,
1586 1914 1669 1957 6024,
1699 1914 1778 1947 708.

1129 1963 1193 1998 Eos
1215 1962 1281 2010 qui,
1311 1964 1391 1997 105.

1129 2013 1193 2048 Etsi
1216 2012 1430 2055 charissimus,
1457 2015 1539 2048 298.

1129 2063 1194 2098 Etsi
1218 2063 1256 2097 de
1284 2063 1450 2103 universis,
1479 2065 1560 2097 564.

1128 2113 1196 2148 Etsi
1218 2112 1319 2157 electi,
1343 2115 1423 2147 540.

1130 2163 1195 2197 Etsi
1224 2163 1302 2202 loca,
1326 2166 1406 2197 501.

1130 2213 1196 2248 Etsi
1221 2224 1323 2259 neque
1345 2212 1397 2259 qui
1428 2212 1554 2259 plantat.
1580 2213 1661 2246 425.

1130 2263 1197 2298 Etsi
1220 2274 1281 2297 non
1305 2261 1356 2306 sit,
1380 2266 1460 2296 369.

1131 2314 1196 2349 Etsi
1224 2325 1345 2353 omnes,
1375 2314 1455 2346 526.

1131 2364 1197 2400 Etsi
1220 2363 1348 2411 quidam
1377 2363 1591 2409 imperatores,
1618 2363 1696 2395 178.

1131 2414 1197 2461 Etsi
1222 2413 1386 2453 universis,
1416 2415 1496 2447 40¹.

1131 2464 1170 2499 Et
1194 2464 1321 2508 zizania,
1345 2465 1425 2497 1⁴4.

1133 2514 1178 2549 Ex
1199 2521 1379 2561 assumpto,
1407 2513 1489 2547 662.

1132 2564 1304 2599 Excelsum
1332 2562 1416 2607 fecit,
1443 2563 1524 2597 700.

1135 2613 1325 2649 Execrabilis
1349 2611 1557 2660 quorumdam
1580 2610 1720 2654 ambitio,
1748 2612 1829 2645 598.
