2129 3223
152 242 200 266 An.
219 241 247 266 C.
269 241 335 268 tat&

400 230 469 264 506

347 303 377 328 et
403 295 510 329 Sancti
534 293 652 329 Nicolai
681 294 719 329 de
746 293 952 336 Francavilla,
986 294 1018 330 S.
1047 294 1097 329 10-
1139 294 1203 328 lum
1242 293 1277 328 S.
1320 293 1433 340 Augeli

348 343 462 378 hannis
497 343 536 378 de
570 343 729 383 Pantano,
759 343 793 379 S.
827 343 970 379 Silvestri
997 353 1027 379 et
1060 343 1094 379 S.

345 392 482 434 Martini,
510 400 541 427 et
567 392 601 427 S.
625 392 743 428 Luciae
766 393 795 428 in
817 394 950 440 Arpino,
972 393 1005 427 S.
1034 393 1096 427 Ma-

345 442 408 476 riae
430 441 469 476 de
499 441 638 477 Castello
664 442 840 490 Supponis,
867 443 900 478 S.
930 442 1094 477 Benedicti

345 491 375 524 in
395 490 484 525 Colle
505 492 544 526 de
568 491 687 536 Insula,
710 492 743 526 S.
759 492 875 527 Mariae
898 493 929 526 in
954 492 1093 531 Babuco,

342 539 450 574 Sancti
473 539 592 576 Nicolai
616 541 647 576 in
663 540 807 583 Turrice,
830 541 864 576 S.
889 541 1001 576 Iuliani
1021 540 1093 575 Fri-

343 589 454 628 silone,
477 589 583 625 Sancti
607 589 763 626 Valentini
788 592 818 625 in
847 590 1028 626 Ferentino.
1057 589 1091 624 ln

342 639 473 684 Anagna
496 638 530 674 S.
552 638 717 681 Caesarei,
739 639 847 675 Sancti
865 640 976 686 Angeli
994 640 1023 673 in
1040 639 1093 673 Al-

339 687 424 733 gido,
453 688 486 723 S.
521 688 615 724 Marci
644 690 674 724 in
710 689 866 730 Ceccano,
894 689 926 723 S.
951 688 1092 734 Agathae

341 737 370 771 in
393 737 588 779 Tusculano,
620 747 651 774 et
678 738 712 773 S.
736 738 947 778 Hierusalem,
969 738 1003 772 S.
1027 738 1091 772 Be-

339 786 456 822 nedicti
477 788 506 822 in
523 787 665 823 Albano:
692 788 722 822 in
740 787 839 823 Roma
863 788 1089 823 monasterium

337 835 444 870 Sancti
473 837 670 882 Sebastiam,
692 837 777 883 quod
805 837 920 873 dicitur
938 836 1088 871 Palladia:

339 885 368 919 in
392 885 522 921 Lucano
544 886 654 922 cellam
687 886 720 921 S.
743 886 890 933 Georgii,
923 886 956 921 S.
979 886 1090 921 Salva-

339 935 450 969 torisin
460 934 614 970 Civitella.
628 936 662 970 In
676 936 791 970 ducatu
805 935 969 983 Spoletino
982 938 1006 979 (l
1018 939 1038 978 i,
1053 935 1088 970 S.

336 982 486 1018 Germani
521 985 550 1019 in
579 984 669 1025 Sora,
698 985 730 1019 S.
760 985 924 1020 Benedicti
957 985 987 1018 in
1010 984 1089 1020 Pes-

336 1032 484 1073 ehesana,
507 1032 540 1068 S.
557 1033 642 1068 Petri
667 1034 698 1068 in
721 1034 864 1075 Morinis,
883 1033 990 1068 Sancti
1019 1035 1088 1068 An-

335 1082 395 1127 geli
413 1082 444 1116 in
468 1082 568 1117 Pesco
590 1082 711 1122 Canali,
726 1083 760 1117 S.
778 1083 881 1118 Patris
905 1083 933 1116 in
949 1082 1087 1125 Formis,

334 1130 441 1166 Sancti
479 1132 593 1178 Angeli
628 1132 658 1166 in
692 1132 789 1170 Albe,
824 1132 858 1166 S.
893 1132 1016 1167 Erasmi
1055 1133 1085 1167 in

335 1179 544 1228 Pomperano,
571 1180 605 1216 S.
632 1180 749 1216 Mariae
772 1182 802 1216 in
830 1181 939 1216 Cellis.
967 1181 1002 1216 In
1030 1181 1088 1216 Be-

334 1229 418 1264 nasra
441 1229 474 1264 S.
496 1229 677 1272 Benedicti,
699 1238 729 1265 et
749 1230 783 1265 S.
810 1231 942 1268 Nazarii.
961 1239 992 1266 et
1010 1230 1085 1266 San—

333 1279 372 1312 cti
396 1278 519 1313 Martini
554 1280 584 1314 in
608 1280 674 1327 ipsa
697 1279 815 1324 Furca,
840 1288 870 1314 et
900 1288 1021 1315 curtem
1048 1279 1084 1315 S.

333 1327 448 1362 Mariae
475 1328 505 1362 in
528 1328 617 1373 Sala,
644 1337 674 1363 et
700 1329 734 1363 S.
761 1328 924 1364 Benedicti
949 1329 1082 1364 Piozuli.

333 1376 453 1411 Ibidem
493 1377 600 1412 Sancti
642 1378 803 1413 Benedicti
846 1378 876 1412 in
919 1378 1082 1424 Caesima,

333 1425 365 1459 S.
402 1425 505 1460 lacobi
539 1427 578 1461 de
610 1427 704 1467 Pace,
726 1427 833 1462 Sancti
855 1427 1019 1462 Benedicti
1053 1436 1083 1463 et

332 1474 439 1509 Sancti
463 1474 579 1510 Leonis
599 1476 630 1510 in
651 1475 780 1518 Suessa,
803 1484 833 1511 et
851 1485 984 1519 curtem,
1003 1489 1082 1524 quae

332 1523 446 1559 dicitnr
479 1524 657 1569 Lauriana,
691 1533 721 1561 et
754 1525 962 1573 phaeudum,
997 1526 1080 1573 quod

331 1572 389 1606 fuit
410 1573 555 1608 Pandulfi
575 1574 613 1609 de
632 1574 780 1620 Patricio,
802 1576 909 1611 Sancti
933 1575 1082 1610 lobannis

331 1622 361 1655 in
395 1621 565 1668 Currenti,
599 1623 633 1659 S.
672 1624 835 1660 Benedicti
868 1626 898 1659 in
928 1624 1080 1666 Theano,

331 1670 465 1706 Sanctae
498 1672 612 1707 Mariae
638 1673 668 1708 in
696 1672 805 1714 Calvo,
832 1682 863 1709 et
889 1674 923 1708 S.
956 1673 1080 1721 Agapiti

332 1721 361 1754 in
383 1721 540 1756 territorio
561 1721 669 1764 Calvi,
697 1722 805 1757 Sancti
828 1723 950 1758 Nazarii
972 1723 1004 1757 in
1021 1724 1080 1758 An-

331 1769 442 1814 glona,
470 1770 576 1805 Sancti
605 1770 766 1806 Adiutoris
801 1781 831 1807 et
854 1772 888 1807 S.
916 1772 1078 1807 Benedicti

331 1819 361 1852 in
384 1818 528 1866 Aliphas,
559 1820 665 1855 Sancti
699 1820 848 1856 Domnini
882 1823 911 1856 in
934 1821 1055 1857 Telesia
1072 1850 1079 1862 ,

331 1866 437 1902 Sancti
466 1869 588 1904 Martini
618 1870 649 1904 in
672 1869 840 1912 Vulturno,
873 1870 907 1905 S.
936 1871 1019 1906 Petri
1050 1872 1078 1905 in

331 1916 438 1952 Sexto.
483 1917 517 1952 In
552 1919 699 1965 Amalphi
737 1919 870 1955 Sanctae
903 1920 1016 1955 Crucis
1050 1928 1078 1953 et

330 1965 438 2000 Sancti
459 1966 590 2006 Nicotai.
613 1967 747 2003 Sanctae
768 1968 881 2004 Crucis
902 1970 932 2003 in
956 1969 1078 2010 Sernia,

331 2014 364 2049 S.
398 2015 493 2050 Marci
528 2017 558 2050 in
586 2016 786 2064 Carpinone,
820 2019 852 2053 S.
892 2018 1009 2053 Mariae
1048 2018 1078 2053 in

330 2063 459 2107 Calena,
480 2065 588 2100 Sancti
613 2065 775 2101 Benedicti
798 2067 828 2102 in
851 2067 1006 2109 T1·ani,S.
1024 2067 1078 2101 Be-

332 2113 446 2149 nedicti
481 2115 510 2149 in
540 2114 627 2157 Bari,
659 2115 692 2150 S.
721 2115 804 2151 Petri
838 2117 1007 2162 imperialis
1049 2117 1078 2150 in

330 2162 475 2198 Tarento.
507 2163 540 2198 In
568 2163 712 2200 Calabria
744 2165 854 2201 cellam
881 2165 914 2200 S.
943 2165 1079 2200 Anasta-

330 2212 405 2253 siae,
433 2211 605 2248 Castellum
628 2213 747 2259 Tellae,
775 2223 806 2249 et
827 2214 986 2250 Ecclesias
1007 2214 1079 2250 Sel-

331 2262 435 2303 letani,
451 2261 585 2298 Sanctae
601 2263 717 2298 Mariae
740 2265 770 2298 in
789 2263 923 2311 Tropea,
945 2263 1079 2299 Sanctae

331 2309 528 2357 Euphemiae
563 2313 591 2347 in
620 2313 769 2348 Marchia.
796 2313 872 2348 Item
897 2314 1052 2348 civitatem
1069 2341 1078 2358 ,

331 2371 411 2405 quae
430 2360 546 2396 dicitnr
565 2361 672 2397 Sancti
695 2362 858 2404 Germani,
882 2365 1016 2410 positam
1041 2363 1077 2397 ad

333 2409 442 2454 pedem
479 2411 578 2457 ipsius
605 2412 739 2457 montis,
762 2412 895 2448 Pontem
919 2412 1078 2453 Currum,

331 2466 359 2491 et
382 2459 544 2494 castellum
568 2459 674 2496 Sancti
698 2461 797 2507 Petri,
822 2462 907 2509 quod
931 2462 970 2497 ali
996 2462 1080 2497 anti-

331 2507 402 2552 quis
423 2508 542 2544 dictum
571 2518 618 2545 est
638 2509 784 2546 Castrum
812 2510 940 2551 Casini.
968 2511 1080 2546 castel-

367 2568 405 2602 (l)
417 2569 494 2597 Deest
505 2571 611 2607 aliquid.
624 2572 688 2599 Vide
696 2573 731 2608 aq
739 2573 915 2609 supplendum
929 2582 1003 2610 pagg.
1018 2576 1077 2609 183,

331 2608 392 2639 2511,
414 2610 464 2635 260
484 2618 514 2637 ac
533 2612 584 2638 662
601 2613 663 2639 tomi
681 2621 699 2640 tt
716 2613 794 2640 huius
814 2615 910 2648 operis.

945 241 1131 264 BULLARlUM
1159 240 1322 263 ROMANUM

1479 293 1696 329 Pinnatarium
1736 291 1885 333 Terami,

1138 342 1353 387 Plumbarota,
1388 342 1599 379 Pesdemonte
1625 352 1655 379 et
1690 341 1795 377 villam
1823 341 1886 375 Pe-

1137 392 1306 436 demoniis,
1328 392 1490 428 castellum
1518 392 1624 428 Sancti
1647 391 1810 439 Stephani,
1833 402 1887 426 ca-

1136 441 1260 476 stellum
1277 441 1384 477 Sancti
1400 441 1546 488 Georgii,
1560 441 1721 477 castellum
1736 440 1770 476 S.
1786 440 1886 487 Apol—

1136 490 1253 532 linaris⁷
1288 491 1451 526 castellum
1484 491 1591 526 Sancti
1621 490 1797 531 Ambrosii,
1825 501 1884 524 ca-

1134 540 1259 575 stellum
1283 540 1316 574 S.
1340 540 1496 584 Andreae,
1519 539 1740 587 Vallisfrigida,
1760 538 1884 574 Castel-

1134 588 1199 624 lum
1224 589 1360 629 Novum,
1387 589 1517 624 Fractae
1539 597 1569 624 et
1590 589 1755 625 ecclesiam
1776 588 1883 623 Sancti

1133 638 1277 684 Martini,
1312 638 1438 673 Mirtula
1470 650 1543 673 cum
1572 638 1637 686 ipsa
1665 645 1769 680 curte,
1802 649 1883 685 quae

1133 688 1249 723 dicitur
1279 687 1357 723 Casa
1381 687 1529 731 Fortina,
1560 699 1682 723 roccam
1710 687 1750 722 de
1766 686 1881 722 Bantra

1132 749 1204 771 cum
1232 737 1381 772 omnibus
1408 737 1606 785 pertinentiis
1627 738 1706 781 suis,
1733 735 1881 782 sugium,

1131 785 1265 821 Turrem
1299 786 1337 821 ad
1365 786 1466 828 Mare,
1500 787 1586 821 iuxta
1627 787 1757 822 fluvium
1787 785 1882 820 Gari-

1131 834 1261 877 lianum,
1301 835 1408 871 Sancti
1443 836 1631 877 Salvatoris‚
1667 836 1720 883 qui
1755 843 1883 870 vocatur

1130 884 1327 920 Cucuruzzo.
1353 886 1468 921 Bantra
1491 885 1669 930 Comitalis,
1686 885 1801 920 Vantra
1818 884 1882 918 Mo-

1131 935 1260 976 nastica‚
1276 934 1444 969 Caminum
1465 936 1657 975 iuncturam,
1679 933 1880 974 Torocclnm,

1130 982 1331 1028 Cervarium,
1354 983 1387 1018 S.
1410 984 1586 1026 Victorem,
1620 984 1654 1019 S.
1690 983 1819 1019 Petrum
1848 984 1879 1017 in

1128 1031 1218 1075 Fine,
1235 1032 1387 1068 Sanctum
1402 1033 1534 1075 Heliam,
1550 1033 1670 1068 Vallem
1683 1032 1878 1077 Rotundam,

1127 1081 1374 1127 Saraciniscum,
1401 1082 1549 1118 Castrum
1576 1082 1682 1124 Atini,
1709 1095 1782 1118 cum
1814 1094 1879 1116 om-

1128 1130 1221 1167 nibus
1237 1132 1436 1179 pertinentiis
1448 1133 1525 1177 suis,
1540 1132 1723 1173 Cardetum,
1740 1132 1878 1179 Aquam-

1127 1179 1304 1223 fundatam,
1340 1181 1533 1229 Vitigosnm,
1569 1180 1735 1216 ecclesiam
1766 1180 1876 1216 Sancti

1126 1229 1250 1265 Martini
1273 1231 1303 1265 in
1324 1231 1405 1278 pede
1419 1232 1520 1272 Arois,
1535 1229 1683 1266 Castrum
1706 1230 1876 1270 Cetrariae‚

1126 1290 1198 1313 cum
1240 1280 1391 1315 omnibus
1424 1280 1566 1316 ecclesiis
1604 1288 1634 1315 et
1678 1279 1877 1327 pertinentiis

1125 1329 1201 1363 suis.
1225 1329 1259 1363 ln
1282 1329 1419 1364 Mareliia
1447 1330 1599 1365 Theatina
1625 1328 1789 1364 castellum
1813 1328 1876 1363 La-

1125 1378 1314 1421 stinianum,
1349 1379 1487 1414 Montem
1517 1377 1673 1420 Alberici,
1696 1378 1874 1419 Mucclam‚

1125 1425 1157 1460 S.
1180 1426 1346 1468 Quiricum
1375 1440 1446 1463 cum
1476 1436 1565 1476 portu
1593 1427 1729 1467 Frisani,
1756 1426 1790 1462 S.
1819 1427 1874 1462 Iu-

1124 1483 1214 1510 stam.
1245 1476 1278 1510 ln
1312 1477 1461 1512 comitatu
1490 1477 1651 1513 Esculano
1685 1475 1872 1521 castellum,

1123 1524 1207 1570 quod
1242 1525 1356 1560 dicitur
1377 1525 1551 1567 Octavum,
1574 1534 1604 1561 et
1631 1533 1702 1573 post
1733 1533 1871 1561 montem

1123 1573 1316 1615 Cinianum,
1345 1574 1552 1610 Trivilianum
1585 1583 1615 1610 et
1641 1574 1808 1610 Cavinum.
1837 1574 1870 1610 In

1124 1622 1301 1669 principatu
1328 1624 1492 1659 castellum
1520 1624 1619 1672 Ripae
1646 1624 1758 1669 Ursae,
1779 1624 1872 1659 Mon-

1124 1671 1319 1713 tembellum,
1342 1673 1431 1708 Petra
1450 1673 1594 1708 Fracida.
1619 1673 1653 1708 ln
1669 1673 1804 1709 Comino
1820 1672 1871 1708 Vi-

1122 1720 1315 1756 cum-album.
1347 1721 1380 1756 ln
1412 1723 1569 1757 territorio
1591 1721 1783 1758 Carseolano
1809 1734 1869 1758 ca—

1122 1769 1246 1804 stellum
1281 1770 1462 1806 Mauricola.
1486 1771 1640 1815 Pii-etum,
1672 1771 1808 1807 Roccam
1838 1772 1868 1807 in

1121 1818 1330 1854 Cameratam.
1350 1819 1481 1855 Fossam
1501 1820 1614 1854 Ceeain
1630 1829 1660 1854 et
1675 1820 1869 1868 Capriatam.

1121 1867 1154 1901 In
1178 1868 1292 1903 Amalfi
1320 1868 1513 1904 Fundicum.
1543 1870 1576 1904 In
1610 1871 1764 1905 territorio
1790 1871 1870 1905 Tro-

1123 1917 1193 1950 iano
1221 1916 1443 1953 Castellionem
1471 1919 1509 1953 de
1531 1918 1726 1959 Baroncello,
1754 1918 1788 1953 S.
1812 1919 1870 1954 lu-

1121 1974 1220 2006 stam,
1257 1967 1359 2001 villam
1396 1968 1502 2002 Sancti
1536 1967 1679 2008 Nicolai,
1713 1981 1793 2015 quae
1831 1968 1870 2003 de

1121 2013 1295 2051 Galliciano
1317 2016 1444 2051 dicitur.
1472 2017 1506 2051 ln
1537 2025 1641 2051 monte
1668 2017 1774 2052 Sancti
1801 2019 1868 2053 An-

1120 2063 1181 2108 geli
1227 2065 1407 2112 hospitale,
1444 2067 1473 2100 in
1512 2066 1666 2101 territorio
1716 2066 1869 2113 Capuano

1120 2111 1277 2147 Gualdum
1306 2114 1345 2149 de
1366 2115 1505 2150 Liburia.
1529 2115 1563 2150 ln
1590 2116 1737 2150 comitatu
1765 2115 1869 2151 Thea-

1122 2173 1193 2196 nen.
1217 2171 1337 2197 curtem
1360 2162 1392 2198 S.
1412 2163 1526 2199 Felicis
1543 2177 1614 2199 cum
1637 2164 1768 2199 ecclesia
1787 2165 1868 2200 San-

1120 2211 1160 2244 cti
1188 2211 1361 2259 Hippolyti.
1390 2213 1423 2247 ln
1458 2214 1606 2249 comitatu
1641 2214 1772 2248 Aretino
1800 2227 1868 2249 mo-

1121 2261 1292 2295 nasterium
1321 2260 1428 2297 Sancti
1456 2261 1631 2297 Benedicti.
1655 2262 1689 2296 In
1713 2263 1868 2298 territorio

1121 2308 1253 2344 Pisanae
1279 2311 1414 2346 civitatis
1435 2311 1468 2346 S.
1496 2311 1637 2348 Silvestri
1660 2320 1689 2346 et
1712 2312 1745 2345 S.
1769 2311 1868 2347 Bene·

1120 2357 1193 2392 dicti
1232 2359 1270 2393 de
1306 2359 1430 2395 Crenia.
1468 2360 1500 2395 ln
1540 2373 1637 2407 regno
1672 2359 1876 2396 Francorum.

1120 2407 1285 2442 ecclesiam
1309 2408 1415 2444 Sancti
1443 2409 1544 2445 Mauri
1567 2410 1596 2444 in
1625 2408 1766 2444 Floriaco
1793 2422 1866 2445 cum

1120 2456 1209 2491 cellis
1248 2465 1278 2491 et
1316 2459 1513 2505 pertinentiis
1539 2459 1616 2493 suis.
1652 2458 1687 2493 In
1722 2457 1866 2495 Sardinia

1121 2505 1223 2540 insula
1242 2505 1406 2542 ecclesiam
1421 2507 1555 2543 Sanctae
1569 2507 1685 2542 Mariae
1705 2508 1734 2543 in
1750 2507 1866 2555 Tergo,

1119 2553 1152 2589 S.
1181 2554 1290 2590 Heliae
1314 2557 1344 2590 in
1371 2556 1496 2598 Monte,
1517 2564 1548 2592 et
1572 2556 1606 2591 S.
1627 2556 1765 2593 Helisaei
1793 2569 1867 2593 cum

1120 2604 1268 2639 omnibus
1285 2617 1411 2641 aarum
1448 2605 1702 2653 pertinentibus,
1733 2606 1867 2642 Sanctae

1904 235 1954 262 An.
1972 234 2001 260 C.
2017 233 2083 261 12¹6
