2129 3223
44 208 92 236 An.
110 208 138 236 C.
160 208 224 235 1214

0 1774 2 1779 ,
48 1751 154 1775 utilitates
190 1758 215 1773 cx

37 1789 95 1805 sacro
109 1783 165 1804 hello
181 1783 216 1803 de-

36 1815 117 1836 ductae.

823 204 1033 228 JNNOOEN'rlt's
1056 206 1092 227 ΙΙΙ
1115 205 1164 227 ΡΡ.

236 263 408 298 clamamus
433 261 472 297 ad
500 273 571 306 v,os
598 269 628 296 et
657 273 712 308 pro
740 261 793 296 illo
815 260 985 296 clamamus

235 313 288 360 qui
324 311 489 347 m'oriendo
523 323 598 346 voce
632 323 742 356 magna
777 310 921 345 clamavit
953 310 983 344 in

235 362 348 402 Gracc,
370 360 470 396 factus
496 359 648 395 obediens
676 359 743 395 Deo
771 359 854 394 Patri
883 372 984 407 usque

235 411 272 446 ad
298 417 430 446 mortem
459 409 584 453 Crucis,
611 410 760 446 clamans
795 417 827 443 nt
858 422 915 444 nos
945 409 984 444 ab

234 465 376 496 aeternae
415 459 524 494 mortis
563 459 696 506 eriperet
732 459 889 501 cruciatu,
928 460 981 506 qui

234 509 353 545 clamat·
372 509 464 544 etiam
498 521 554 556 per
586 509 744 555 seipsum,
778 515 808 543 et
833 507 923 542 dicit:
948 507 982 542 Si

232 559 303 606 quis
324 558 388 594 vult
411 558 516 593 venire
537 566 607 606 post
634 570 694 599 me,
717 557 851 603 abneget
873 565 981 592 semet-

233 609 353 655 ipsum,
379 616 409 643 et
435 607 520 642 tollat
548 619 675 643 crucem
698 619 787 642 suam
811 615 839 640 et
867 619 982 653 sequa-

232 666 283 693 tur
315 670 375 692 me.
406 658 451 693 Ac
477 657 500 691 si
534 657 652 693 diceret
677 656 888 691 manifestius:
919 655 980 698 Qui

233 707 296 742 vult
318 719 368 742 me
388 707 538 754 subsequi
559 707 598 743 ad
619 718 765 742 coronam
785 717 836 741 me
854 717 980 753 quoque

230 756 442 805 subsequatur
467 757 506 791 ad
538 769 692 804 pugnam,
721 767 802 803 quae
827 767 911 790 nunc
942 755 979 790 ad

232 806 448 862 probationem
464 807 651 854 proponitur
666 805 830 840 univerS1s
853 804 980 840 Poterat

231 856 315 891 enim
342 856 544 902 omnipotens
569 855 657 891 Deus
685 863 798 890 terram
831 854 927 895 illam,
954 855 977 889 si

230 905 339 946 vellet,
366 906 496 941 omnino
523 905 708 949 defendere,
736 917 775 939 ne
803 904 834 938 in
867 916 979 939 manus

229 955 407 991 traderetur
442 955 581 990 hostiles.
609 955 719 990 Posset
754 962 783 989 et
818 953 919 993 ittam,
953 954 977 988 si

230 1004 333 1049 vellet,
346 1004 385 1040 de
404 1004 549 1039 manibus
570 1004 707 1039 hostium
724 1004 813 1038 facile
834 1002 978 1048 liberare,

229 1065 303 1090 cum
326 1054 403 1089 nihil
432 1054 529 1101 possit
550 1054 620 1089 eius
649 1054 792 1088 resistere
815 1052 976 1087 voluntati.

230 1102 291 1139 Sed
319 1116 391 1139 cum
420 1104 478 1138 iam
506 1103 791 1149 superabundasset
818 1102 977 1149 iniquitas,

230 1152 449 1200 refrigescente
470 1153 620 1188 charitate
644 1152 826 1187 multorum.
849 1160 881 1185 ut
902 1151 977 1186 iide-

230 1202 275 1237 les
294 1214 370 1238 suos
394 1215 410 1237 a
439 1208 551 1237 somno
580 1203 704 1246 mortis,
733 1202 770 1237 ad
800 1202 879 1236 witae
910 1209 978 1235 stn-

229 1251 315 1287 dium
337 1252 496 1296 excitaret,
511 1263 642 1298 agonem
664 1230 725 1286 illis
748 1251 923 1298 proposuit,
946 1251 976 1285 in

229 1314 291 1349 quo
310 1301 402 1336 fidem
426 1314 535 1336 eorum
559 1301 641 1336 velut
664 1313 772 1336 aurum
801 1314 832 1335 ιιι
852 1300 978 1335 fornace

231 1350 387 1406 probaret,
410 1351 607 1386 occasionem
630 1350 770 1386 salutis
764 1362 861 1384 immo
882 1349 978 1384 salva-

230 1401 326 1435 tionis
346 1412 472 1435 causam
495 1401 698 1448 praestando;
721 1407 755 1434 ut
777 1400 829 1446 qui
845 1399 978 1434 fideliter

230 1462 286 1497 pro
312 1450 381 1497 ipso
407 1450 603 1490 certaverint,
626 1450 665 1485 ab
682 1450 752 1497 ipso
771 1449 901 1483 feliciter
923 1461 977 1484 co-

230 1506 398 1536 ronentur:
424 1508 454 1534 et
485 1499 538 1546 qui
561 1500 590 1534 ei
625 1499 783 1534 noluerint
809 1499 839 1532 in
875 1507 976 1533 tantae

230 1549 423 1585 necessitatis
444 1549 575 1584 articulo
597 1549 721 1584 debitae
737 1548 896 1583 servitutis
918 1549 976 1583 im-

229 1598 367 1646 pendere
387 1598 582 1637 famulatum,
604 1599 632 1633 in
656 1598 827 1633 novissimo
847 1598 975 1632 districti

229 1648 382 1684 examinis
409 1648 460 1684 die
488 1649 600 1683 iustam
631 1655 808 1683 mereantur
839 1647 976 1682 damna-

228 1698 325 1733 tionis
357 1698 543 1733 sententiam
575 1698 739 1732 sustinere.
776 1696 826 1731 Oh
861 1705 975 1744 quanta

229 1747 289 1783 iam
312 1748 455 1795 provenit
476 1747 594 1782 utilitas
612 1760 647 1781 ex
673 1747 729 1781 hac
751 1758 858 1781 causa:
883 1759 975 1793 quarn

229 1796 319 1832 multi
342 1797 484 1833 conversi
513 1797 549 1831 ad
573 1796 795 1843 poenitentiam
819 1809 874 1843 pro
897 1796 977 1830 libe-

229 1846 350 1881 ratione
375 1847 490 1881 Terrae
516 1846 649 1881 Sanctae
671 1845 927 1893 mancipaverunt
944 1859 976 1880 sc

229 1896 381 1951 obsequio
406 1896 570 1936 Crucifixi
597 1903 627 1930 et
653 1896 742 1943 quasi
771 1907 827 1942 per
844 1907 976 1942 agonem

229 1945 366 1994 martyrii
389 1957 536 1980 coronam
559 1944 674 1990 gloriae
697 1952 768 1980 sunt
779 1945 905 2000 adepti
923 1946 976 1992 qui

229 1994 307 2030 forte
333 2008 364 2030 in
387 1994 453 2029 suis
470 1994 686 2041 iniquitatibus
709 1994 886 2041 periissent
906 2007 976 2030 car-

230 2044 355 2080 nalibus
379 2043 593 2100 voluptatibus
619 2052 650 2078 et
677 2043 843 2078 mundanis
870 2044 977 2079 illece-

230 2093 294 2129 bris
312 2094 436 2129 irretiti:
459 2102 547 2128 vetus
572 2101 618 2128 est
639 2092 700 2128 boc
720 2093 885 2128 artificium
906 2093 975 2129 lesu

229 2143 345 2178 Christi
356 2143 454 2191 quod,
468 2143 506 2178 ad
529 2154 658 2178 suorum
673 2143 804 2178 salutem
826 2143 976 2182 fidelium,

230 2192 344 2228 diebus
356 2193 423 2228 istis
438 2192 585 2239 dignatus
598 2199 646 2226 est
663 2192 820 2227 innovare.
844 2192 876 2228 Si
893 2194 975 2228 enim

230 2254 286 2277 rex
305 2242 418 2290 aliquis
439 2241 619 2289 temporalis
640 2253 655 2275 a
673 2242 741 2276 suis
761 2241 905 2277 hostibus
925 2243 979 2278 eii·

229 2298 354 2327 ceretur
379 2291 421 2327 de
444 2303 553 2339 regno,
584 2291 642 2325 nisi
677 2291 799 2326 vassalli
826 2292 894 2326 eius
921 2304 978 2339 pro

230 2352 269 2376 eo
289 2352 359 2381 nonv
379 2341 481 2376 solum
509 2352 561 2375 res
587 2350 795 2387 exponerent,
822 2341 878 2376 sed
907 2354 974 2388 per-

231 2398 479 2431 sonas‚‘nonne
510 2402 581 2425 cum
615 2401 746 2434 regnum
781 2399 978 2438 recuperaret

231 2439 396 2480 amissum,
422 2452 476 2475 eos
497 2439 581 2475 velut
602 2438 744 2474 infideles
769 2439 929 2475 damnaret
950 2448 979 2474 et

232 2489 423 2536 excogitaret
447 2501 480 2524 ιιι
503 2501 558 2524 eos
579 2488 786 2533 inexcogitata
813 2496 978 2533 tormenta,

233 2537 351 2584 quibus·
369 2538 514 2586 perderet
535 2538 614 2574 male
634 2537 754 2572 malos?
774 2537 827 2573 Sic
845 2537 913 2574 Rex
930 2551 979 2573 re·

233 2594 307 2633 gum
329 2587 485 2623 Dominus
506 2587 592 2623 lesus
613 2587 770 2628 Christus,
789 2587 842 2634 qui
865 2600 979 2636 corpus

1653 193 1723 226 275

1026 268 1055 294 et
1076 259 1224 299 animam,
1241 268 1401 295 etcaetera
1420 260 1505 295 vobis
1526 258 1659 295 contulit
1679 259 1771 298 bona,

1025 309 1062 343 de
1090 308 1324 356 ingratitudinis
1346 311 1418 345 vitio
1439 319 1470 345 et
1496 309 1686 344 infidelitatis
1703 309 1772 344 cri-

1026 359 1109 393 mine
1130 371 1184 393 tos
1197 357 1371 399 damnabit
1392 360 1417 394 si
1438 360 1478 399 ei,
1500 360 1589 406 quasi
1610 360 1711 394 eiecto
1731 358 1770 393 de

1025 419 1132 455 regno,
1162 408 1246 455 quod
1270 409 1368 456 pretio
1389 409 1436 443 sui
1463 408 1626 456 sanguinis
1648 420 1773 456 compa—

1024 458 1113 497 ratit,
1141 457 1341 504 neglexeritis
1371 458 1547 493 subvenire.
1580 458 1668 493 Sciat
1697 469 1771 505 ergo

1023 519 1056 542 se
1068 506 1274 562 culpabiliter
1294 507 1421 551 durum,
1441 516 1470 542 ct
1493 507 1569 542 dure
1583 508 1770 555 culpabilem

1022 557 1214 603 quicumque
1247 556 1277 591 in
1316 557 1375 592 hoc
1413 557 1607 592 necessitatis
1642 557 1771 592 articulo

1022 618 1114 641 suurn
1146 607 1305 652 negaverit
1337 606 1525 653 obsequium
1554 606 1769 653 Redemptori.

1021 655 1100 690 Nam
1124 664 1153 690 et
1179 656 1338 703 quomodo
1365 655 1538 690 secundum
1569 665 1770 711 praeceptum

1022 704 1164 739 divinum
1192 705 1294 752 diligit
1323 706 1499 753 proximum
1527 705 1607 740 sicut
1617 706 1769 761 'seipsum

1021 754 1073 810 qui
1101 755 1159 789 scit
1182 754 1289 790 fratres
1310 768 1384 790 suos
1401 754 1461 790 fide
1480 767 1515 789 ac
1540 755 1666 790 nomine
1688 756 1772 790 chri-

1021 804 1138 839 stianos
1157 804 1239 851 apud
1257 804 1394 851 perfidos
1408 804 1600 840 Sarracenos
1615 805 1772 851 ergastulo

1021 852 1078 888 diri
1109 855 1245 889 carceris
1278 854 1428 897 detineri,
1461 866 1497 889 ac
1532 854 1605 900 iugo
1636 855 1770 902 deprimi

1019 903 1220 949 gravissimae
1242 904 1412 944 servitutis,
1438 912 1469 938 et
1488 902 1526 939 ad
1555 903 1771 939 liberationem

1019 964 1127 988 eorum
1160 953 1316 989 efficacem
1348 965 1474 1001 operam
1503 965 1564 987 non
1599 954 1770 1001 impendit,

1019 1002 1276 1049 transgrediendo
1298 1003 1381 1038 illius
1403 1002 1550 1039 naturalis
1575 1003 1654 1051 legis
1681 1017 1771 1039 man-

1019 1051 1138 1089 datum,
1166 1052 1250 1098 quod
1281 1052 1434 1087 Dominus
1461 1052 1492 1086 in
1519 1052 1690 1099 Evangelio
1714 1054 1770 1089 de-

1019 1101 1160 1135 claravit:
1209 1101 1436 1149 Quaecumque
1468 1102 1562 1136 vultis
1593 1111 1626 1137 ut
1658 1102 1769 1138 faciant

1020 1150 1105 1185 vobis
1128 1150 1272 1186 homines
1297 1159 1327 1186 et
1354 1163 1408 1186 vos
1435 1151 1526 1187 facite
1548 1151 1608 1186 illis
1634 1154 1687 1196 (1).
1720 1153 1768 1187 An

1019 1200 1096 1234 sorte
1112 1200 1250 1241 nescitis,
1266 1201 1349 1248 quod
1365 1201 1447 1248 apud
1469 1200 1540 1235 illos
1560 1201 1655 1235 multa
1672 1201 1769 1237 millia

1018 1249 1260 1284 christianorum
1285 1251 1314 1285 in
1337 1251 1486 1285 servitute
1508 1262 1545 1285 ac
1567 1262 1690 1286 carcere
1718 1251 1770 1287 de-

1019 1298 1172 1339 tinentur
1208 1301 1261 1346 qui
1289 1300 1456 1335 tormentis
1490 1299 1664 1335 innumeris
1696 1313 1769 1336 cru-

1018 1348 1153 1382 ciantur:
1177 1357 1206 1383 et
1228 1349 1356 1405 quidem
1383 1361 1495 1384 omnes
1523 1361 1602 1396 pene
1628 1349 1768 1386 Sarrace

1019 1410 1129 1432 norum
1172 1399 1346 1443 provincias
1383 1411 1483 1446 usque
1522 1407 1591 1445 post
1629 1407 1768 1448 tempora

1018 1448 1116 1482 sancti
1143 1447 1274 1494 Gregori
1297 1448 1457 1484 christiani
1488 1449 1594 1496 populi
1618 1449 1769 1496 possede-

1019 1506 1105 1537 runt;
1122 1497 1176 1532 sed
1193 1510 1229 1532 ex
1249 1506 1322 1533 tunc
1339 1499 1465 1545 quidam
1486 1498 1671 1555 perditionis
1686 1499 1769 1535 filius

1018 1547 1235 1582 Machometus
1257 1548 1533 1596 pseudopropheta
1551 1550 1699 1593 surrexit,
1714 1551 1766 1597 qui

1019 1609 1074 1644 per
1095 1596 1270 1632 saeculares
1292 1597 1453 1633 illecebras
1464 1607 1495 1633 et
1517 1598 1693 1646 voluptates
1704 1610 1768 1634 car-

1019 1646 1105 1681 nales
1142 1646 1256 1681 multos
1291 1660 1307 1681 a
1345 1647 1471 1682 veritate
1504 1648 1643 1682 seduxit:
1676 1648 1767 1684 cuius

1019 1695 1147 1742 perfidia
1169 1696 1226 1730 etsi
1250 1709 1348 1744 usqne
1370 1697 1406 1731 ad
1431 1697 1507 1732 haec
1528 1705 1669 1744 tempora
1686 1698 1766 1734 inva-

1017 1744 1121 1789 luerit,
1143 1745 1333 1780 confidimus
1354 1754 1458 1781 tamen
1483 1747 1514 1781 in
1536 1747 1689 1791 Domino,
1711 1748 1764 1796 qui

1018 1795 1076 1829 iam
1091 1795 1162 1829 secit
1175 1795 1339 1830 nobiscum
1355 1797 1479 1843 signum
1494 1797 1522 1831 in
1537 1795 1666 1837 bonum
1681 1798 1765 1844 quod

1018 1844 1089 1879 finis
1123 1844 1218 1880 huius
1251 1845 1370 1880 bestiae
1404 1847 1647 1894 appropinquat
1675 1847 1766 1883 cuius

1019 1906 1170 1929 numerus
1190 1895 1363 1930 secundum
1391 1895 1600 1944 Apocalypsin
1618 1896 1768 1932 lobannis

1018 1945 1096 1980 intra
1119 1952 1266 1979 sexcenta
1292 1945 1450 1992 sexaginta
1465 1957 1519 1980 sex
1540 1945 1707 1990 clauditur,
1728 1959 1765 1982 ex

1017 1993 1131 2042 quibus
1154 1995 1214 2029 iam
1238 2006 1318 2041 pene
1338 1996 1475 2030 sexcenti
1498 2001 1572 2031 s‘unt
1589 1997 1662 2031 anni
1682 2007 1766 2032 com·

1018 2044 1102 2091 pleti.
1116 2043 1210 2079 Certe
1224 2053 1345 2091 praeter
1361 2045 1479 2092 priores
1492 2045 1621 2080 iniurias
1630 2045 1765 2092 grandes

1018 2102 1049 2129 et
1070 2106 1180 2139 graves
1202 2093 1406 2140 Redemptori
1431 2098 1536 2130 nos'tro
1564 2107 1621 2142 pro
1649 2096 1765 2130 nostris

1018 2142 1145 2178 offensis
1186 2155 1202 2178 a
1245 2143 1370 2189 perfidis
1412 2142 1593 2180 Sarracenis
1637 2143 1764 2185 illatas,

1019 2204 1119 2239 nuper
1152 2193 1182 2227 in
1227 2191 1332 2227 Monte
1377 2192 1526 2238 Thabor,
1573 2193 1624 2228 ubi
1666 2193 1766 2228 disci-2

1018 2243 1102 2290 pulis
1128 2242 1192 2276 suis
1214 2241 1336 2277 futurae
1367 2242 1600 2288 glorificationis
1626 2243 1764 2290 speciem

1018 2291 1260 2330 demonstravit
1304 2291 1397 2326 iidem
1442 2291 1553 2338 perfidi
1599 2291 1764 2328 sarraceni

1018 2340 1186 2389 quamdam
1220 2340 1406 2375 munitionis
1440 2352 1543 2376 arcem
1584 2341 1615 2376 in
1650 2341 1765 2377 confu-

1019 2391 1140 2425 sionem
1193 2389 1352 2425 christiani
1400 2390 1538 2425 nominis
1583 2395 1763 2433 erexerunt,

1020 2452 1075 2487 per
1098 2451 1192 2486 quam
1214 2438 1369 2474 civitatem
1392 2438 1498 2475 Accon
1521 2439 1579 2475 sibi
1606 2440 1694 2477 valde
1716 2441 1763 2476 vi-

1020 2489 1123 2524 cinam
1152 2488 1192 2523 de
1229 2487 1309 2523 facili
1343 2491 1479 2536 cogitant
1516 2494 1693 2537 occupare,
1728 2502 1764 2527 ac

1019 2537 1131 2573 deinde
1159 2538 1226 2572 sine
1248 2539 1332 2573 omni
1363 2539 1622 2576 contradictionis
1657 2540 1763 2576 obsta·

1054 2599 1093 2634 (1)
1113 2599 1205 2627 Matth.
1228 2608 1276 2632 vu,
1296 2601 1336 2626 ¹2.

1787 203 1835 229 An.
1855 202 1880 228 C.
1903 202 1968 228 ¹2¹⁴
