2129 3223
68 251 120 280 An.
136 252 166 279 C.
182 253 249 279 ¹2⁸5

0 894 22 924 ³¹,
74 900 104 921 De
119 905 170 921 cun
184 900 244 922 infir-

0 1127 11 1229 ?r-*vm
11 1100 13 1102 .

2 1541 7 1558 «ι
0 1373 13 1522 ‚r-‚q-qv.v-
0 1318 6 1351 *-
0 1278 2 1299 Η

35 938 37 940 ·
61 935 148 956 morum,
164 934 185 951 οι
199 930 244 952 sra-

61 964 116 982 trum
133 963 242 983 vesti-rio.

867 257 1080 280 immet-:unns
1100 257 1134 279 lv
1156 256 1203 279 PP.

263 312 385 347 illorum
419 323 434 345 a
460 310 575 358 quibus
609 310 764 357 pecunia,
803 312 849 347 vel
889 312 1006 348 denarii

262 361 513 401 committuntur;
540 371 597 395 nec
634 360 744 395 fratres
784 373 837 408 per
871 374 920 406 se,
960 362 1006 396 vel

263 422 319 457 per
340 410 538 457 interpositas
569 421 727 457 personas,
761 410 929 455 denarios,
961 412 1005 447 vel

263 459 429 506 pecuniam
453 459 610 506 recipiunt
631 460 821 495 nominando
842 468 895 496 aut
923 473 1007 508 prae-

261 508 415 544 sentando
441 509 466 543 si
490 511 534 552 (1)
556 509 689 556 aliquos,
704 521 758 544 seu
773 509 811 544 ad
824 510 1005 546 huiusmodi

260 558 439 593 nominatos
458 558 503 593 vel
531 566 743 605 praesentatos
769 559 870 595 taliter
897 572 1005 595 recur-

260 607 371 648 rendo;
394 619 466 643 cum
496 619 558 643 non
584 608 624 642 sit
651 608 832 644 intentionis
870 621 978 645 eorum
995 638 1004 655 ,

260 665 294 692 ut
319 656 360 692 de
388 657 527 705 ipsorum
553 657 736 693 auctoritate
753 658 931 694 huiusmodi
955 659 1004 694 de-

258 707 350 750 narii,
372 706 419 742 vel
444 707 578 754 pecunia
600 715 838 753 conserventur,
874 716 928 743 aut
965 708 1003 743 ab

257 755 304 791 eis
327 757 454 792 nomine
480 755 614 803 depositi
639 758 815 803 exigantur,
830 757 904 792 licet
925 770 1003 793 nun-

257 804 314 840 ciis
335 806 381 840 vel
423 804 621 853 depositariis
655 806 732 854 ipsis
769 807 1004 842 committantur

259 866 315 899 pro
337 855 530 894 necessitate,
554 855 600 890 vel
619 855 785 891 commodo
804 856 1000 891 eorumdem.

259 903 395 939 Etcum
428 904 459 938 in
500 903 581 938 dicta
618 904 722 953 regula
769 905 1000 952 subiungatur,

257 953 340 999 quod
369 965 424 999 pro
451 953 691 988 necessitatibus
723 955 941 995 infirmorum,
972 962 1002 989 et

256 1002 325 1037 aliis
351 1001 501 1037 fratribus
523 1003 702 1048 induendis,
721 1016 776 1051 per
801 1005 918 1039 amicos
940 1005 1002 1052 spi-

257 1051 384 1087 rituales
406 1052 540 1087 ministri
566 1060 686 1087 tantum
714 1062 743 1087 et
765 1053 912 1088 custodes
938 1053 1001 1087 sol-

255 1101 371 1136 licitam
409 1113 516 1136 curam
539 1111 659 1148 gerant,
683 1102 797 1137 debent
818 1102 867 1138 alii
892 1103 1001 1137 fratres

195 1191 203 1198 .
256 1162 364 1186 curam
388 1151 582 1190 huiusmodi,
610 1164 690 1198 quae
729 1152 873 1199 praefatis
908 1153 1001 1186 mini-

72 1348 201 1374 nectar-tur,
216 1354 242 1369 u-

58 1386 103 1402 sum
115 1385 184 1401 retum
194 1386 244 1407 qua—

59 1411 156 1432 rumlibet
189 1416 243 1432 eon—

21 1452 25 1453 ν
57 1443 133 1463 venire
142 1441 243 1463 tntu-thus

58 1473 114 1493 omni
157 1472 242 1494 secluso

59 1503 151 1524 duminio
179 1504 242 1525 etim

58 1536 80 1557 tn
94 1537 211 1558 conmuni:

255 1200 329 1235 stris
349 1208 379 1235 et
405 1200 591 1236 custodibus
617 1213 653 1235 ex
689 1202 792 1247 regula
835 1202 1000 1249 praecipue

257 1249 419 1291 incumbit,
441 1261 512 1285 cum
552 1249 612 1284 sibi
651 1250 690 1285 ab
732 1251 793 1286 illis
833 1252 999 1286 commissa

255 1298 361 1344 fuerit,
377 1311 484 1346 gerere
506 1298 680 1345 diligenter.
696 1299 837 1335 Dicimus
859 1301 999 1347 insuper,

256 1348 340 1395 quod
362 1361 435 1383 cum
458 1349 487 1383 in
510 1349 576 1396 ipsa
613 1349 812 1384 contineatur
844 1362 999 1396 expresse,

258 1397 344 1445 quod
372 1397 481 1433 fratres
509 1398 584 1432 nibil
610 1398 670 1432 sibi
697 1399 915 1447 approprieut,
943 1411 1000 1434 nec

257 1448 399 1491 domum,
426 1458 483 1482 nec
505 1446 621 1491 locum,
648 1459 706 1482 nec
738 1448 873 1495 aliquam
909 1461 973 1483 rem
992 1477 999 1488 ,

257 1508 315 1531 nec
341 1496 372 1531 in
399 1496 572 1540 communi,
595 1509 697 1544 neque
720 1497 749 1531 in
777 1498 903 1544 speciali
943 1497 1001 1533 de-

256 1545 333 1580 bent
354 1546 573 1593 proprietatem
596 1546 722 1587 habere,
749 1547 803 1582 sed
835 1547 999 1591 locorum,

256 1602 286 1629 et
313 1595 493 1636 domorum,
515 1607 551 1630 ac
574 1596 766 1637 utensilium,
791 1605 820 1631 et
847 1596 999 1632 librorum

255 1652 287 1678 ct
320 1656 430 1679 eorum
459 1644 635 1687 mobilium,
662 1658 742 1694 quae
775 1646 846 1681 licet
875 1646 999 1691 babere,

256 1693 333 1729 ordo
357 1707 449 1729 usum
478 1694 606 1729 babeat:
629 1704 659 1730 et
684 1695 804 1739 fratres,
825 1696 998 1730 secundum

256 1743 342 1790 quod
361 1744 527 1790 generalis,
550 1745 595 1778 vel
629 1746 827 1792 provincialis
867 1746 999 1779 ministri

256 1793 488 1840 disponendum
510 1793 667 1833 duxerint,
695 1794 741 1828 eis
763 1802 899 1829 utantur.
937 1794 1001 1829 Nec

258 1841 350 1877 vendi
386 1841 503 1878 debent
525 1843 602 1883 loca,
635 1843 759 1883 domus,
793 1844 841 1878 vel
875 1843 1000 1879 mobilia

258 1890 453 1932 huiusmodi,
474 1904 529 1927 seu
562 1901 646 1926 extra
689 1893 831 1927 ordinem
863 1905 1002 1927 commu-

257 1941 396 1984 tari,aut
414 1941 543 1977 alienari
577 1953 705 1988 quoquo
742 1942 846 1981 modo,
875 1954 890 1976 a
929 1943 1001 1989 qui-

258 1988 456 2037 buscumque
493 1991 635 2038 personis
660 1991 698 2025 ad
743 2004 833 2027 usum
873 1991 999 2026 fratrum

259 2038 384 2080 donata,
407 2039 542 2077 vendita,
561 2049 744 2087 permutata,
766 2053 821 2076 seu
848 2053 1001 2088 quocum-

258 2100 320 2135 que
337 2088 419 2124 iusto
441 2088 546 2129 modo,
573 2090 617 2124 vel
647 2091 789 2125 translata
829 2099 921 2129 sunt,
954 2091 1001 2125 vel

259 2137 386 2182 fuerint,
412 2139 470 2173 nisi
493 2138 670 2186 Apostolica
698 2138 808 2184 Sedes,
823 2140 869 2174 vel
891 2140 1002 2175 Eccle-

259 2187 324 2222 siae
344 2186 504 2222 Romanae
526 2188 767 2236 cardinalis,qui
784 2201 839 2236 pro
860 2199 1002 2236 tempore

260 2235 352 2271 fuerit
384 2237 502 2272 ordinis
534 2237 734 2283 gubernator,
765 2239 912 2285 generali,
947 2252 1002 2274 scu

261 2286 502 2333 provincialibus
528 2287 678 2322 ministris
698 2289 910 2324 auctoritatem
948 2302 1003 2324 su-

262 2346 318 2382 per
343 2336 403 2371 hoc
425 2336 613 2384 praebuerit,
634 2340 682 2371 vet
718 2349 900 2379 assensum;
929 2351 1002 2374 cum

263 2393 323 2420 tam
351 2385 569 2427 immobilium,
590 2398 683 2434 quam
706 2387 868 2422 mobilium
891 2388 1004 2423 buius-

262 2433 347 2469 modi
375 2436 435 2479 ius,
458 2436 629 2483 proprietas
659 2444 689 2470 et
722 2436 898 2472 dominium
929 2437 1004 2482 (illis

263 2483 339 2518 solis
364 2486 517 2532 exceptis,
540 2486 571 2520 in
590 2485 704 2533 quibus
729 2497 878 2534 expresse
911 2487 1006 2523 doua-

265 2540 346 2568 tores
383 2546 439 2569 seu
466 2535 667 2571 translatores
688 2535 746 2570 sibi
782 2536 1003 2583 proprietatem

264 2588 294 2615 et
315 2582 489 2619 dominium
511 2596 684 2620 reservasse
705 2585 889 2629 constiterit)
919 2587 1005 2621 nulio

299 2638 339 2674 (1)
352 2638 415 2675 Leg.
432 2640 496 2668 fors.
512 2645 558 2667 cis.

342 2682 416 2712 Butl.
440 2684 515 2714 Rom.
538 2685 593 2715 Vol.
612 2685 664 2716 III.
853 2686 889 2717 66

1672 247 1733 278 521

1049 312 1142 347 modo
1164 312 1200 347 ad
1224 311 1395 347 Ecclesiam
1419 313 1516 359 ipsam
1553 319 1703 359 spectent:
1737 314 1787 347 cui

1047 361 1161 396 domus
1188 370 1218 396 et
1251 362 1315 397 loca
1348 362 1505 409 praedicta
1518 375 1590 398 cum
1605 361 1747 398 ecclesiis
1760 372 1788 398 et

1047 412 1177 447 caeteris
1203 411 1269 446 suis
1297 412 1492 459 pertinentiis
1513 415 1603 459 (quae
1629 413 1733 447 omnia
1758 414 1787 448 in

1048 462 1096 496 ins
1134 471 1164 496 et
1187 461 1407 508 proprietatem
1432 461 1510 496 beati
1536 462 1617 497 Petri
1645 463 1790 509 suscipi-

1047 515 1127 554 mus)
1149 511 1279 546 omnino
1302 519 1361 545 tant
1386 512 1415 545 in
1438 511 1660 557 spiritualibus,
1694 525 1787 560 quam

1045 559 1271 607 temporalibus
1293 560 1470 595 immediate
1491 561 1620 596 subesse
1649 574 1789 598 noscun-

1045 617 1105 645 tur.
1133 609 1180 644 De
1202 609 1315 643 vilibus
1337 618 1441 645 autern
1470 611 1650 656 mobilibus,
1678 612 1790 659 velpa-

1046 672 1113 694 rum
1130 659 1403 694 valentibusliccat
1420 659 1565 694 fratribus
1577 661 1699 707 pietatis
1733 675 1786 697 seu

1044 709 1357 748 devotionisintuitu,
1377 709 1422 744 vel
1446 721 1501 756 pro
1527 710 1584 744 alia
1607 711 1737 746 honesta
1759 722 1787 747 ct

1044 758 1216 793 rationabili
1251 770 1344 793 causa
1385 758 1522 802 (obtenta
1570 760 1657 806 prius
1695 773 1788 807 super

1044 808 1101 843 hoc
1128 808 1326 855 superiorum
1358 820 1486 842 suorum
1523 807 1660 853 licentia)
1704 819 1786 845 extra

1042 857 1184 892 ordinem
1212 857 1282 892 aliis
1305 857 1438 904 elargiri.
1463 857 1540 891 Illud
1577 870 1703 905 quoque
1738 873 1788 894 re-

1042 906 1133 952 gulae
1156 906 1331 953 praedictae
1352 906 1523 953 capitulum
1547 906 1598 941 ubi
1621 908 1707 943 dicit:
1747 907 1788 944 Ut

1041 956 1066 989 si
1090 956 1141 1002 qui
1165 955 1306 999 fratrum,
1335 956 1501 1002 instigante
1517 956 1646 992 humani
1664 959 1787 1004 generis

1042 1005 1179 1048 inimico,
1202 1006 1374 1040 mortaliter
1396 1007 1604 1053 peccaverint,
1639 1019 1694 1053 pro
1728 1008 1787 1042 illis

1043 1055 1190 1100 peccatis,
1217 1055 1255 1089 (le
1282 1054 1399 1100 quibus
1420 1055 1599 1090 ordinatum
1623 1055 1715 1092 fuerit
1745 1058 1786 1091 in-

1042 1112 1087 1137 tcr
1109 1103 1228 1148 fratros,
1257 1112 1289 1138 ut
1316 1113 1492 1139 recurratur
1512 1105 1550 1140 ad
1573 1105 1657 1140 solos
1693 1107 1786 1141 mini-

1042 1162 1121 1187 stros
1154 1153 1383 1199 provinciales,
1427 1162 1591 1189 teneantur
1633 1155 1783 1201 praedicti

1042 1202 1149 1236 fratres
1175 1202 1211 1236 ad
1245 1215 1299 1237 eos
1339 1215 1522 1243 recurrere,
1560 1217 1651 1250 quam
1692 1206 1786 1240 citius

1043 1259 1188 1298 poterunt
1206 1252 1273 1286 sine
1301 1265 1397 1293 mora,
1420 1253 1457 1287 ad
1475 1253 1636 1288 manifesta
1652 1262 1784 1299 tantum,

1040 1309 1070 1335 et
1093 1301 1215 1348 publica
1243 1302 1386 1348 pertinet:
1417 1311 1546 1348 possunt
1565 1311 1667 1338 tamen
1689 1303 1783 1339 iidem

1041 1351 1174 1384 ministri
1203 1363 1258 1397 pro
1280 1350 1408 1385 fratrum
1434 1351 1603 1391 laboribus,
1631 1360 1661 1387 et
1702 1354 1786 1400 peri-

1041 1399 1157 1434 culosis
1178 1400 1372 1434 discursibus
1393 1400 1557 1440 evitandis,
1587 1402 1611 1436 si
1639 1403 1786 1449 expedire

1042 1449 1185 1483 viderint.
1203 1450 1387 1484 custodibus
1408 1458 1439 1483 et
1457 1451 1524 1485 aliis
1548 1450 1695 1486 discretis
1724 1451 1787 1486 fra-

1042 1499 1141 1533 tribus
1165 1499 1352 1545 presbyteris
1389 1511 1485 1546 super
1514 1500 1552 1534 iis
1590 1502 1787 1536 committere

1042 1548 1124 1582 vices
1150 1560 1234 1583 suas.
1262 1548 1415 1583 Volumus
1432 1557 1549 1588 autem,
1573 1559 1604 1584 ut
1632 1551 1690 1598 ipsi
1722 1551 1788 1585 mi-

1043 1598 1129 1632 nistri
1158 1598 1360 1637 constituant,
1401 1599 1447 1633 vel
1483 1601 1632 1634 constitui
1676 1601 1786 1635 faciant

1041 1655 1085 1682 tot
1112 1659 1166 1694 per
1188 1648 1375 1694 provincias,
1397 1655 1473 1695 quot
1503 1649 1540 1683 ad
1577 1649 1635 1684 boc
1673 1662 1785 1685 neces-

1041 1697 1138 1731 sarios
1179 1697 1321 1732 noverint
1352 1697 1391 1732 de
1418 1698 1642 1734 maturioribus
1675 1708 1705 1734 et
1738 1700 1787 1734 di-

1041 1746 1244 1780 scretioribus
1271 1746 1417 1781 fratribus
1459 1747 1698 1789 sacerdotibus,
1733 1749 1785 1796 qui

1041 1808 1135 1842 super
1161 1795 1340 1830 huiusmodi
1364 1798 1500 1843 peccatis
1531 1810 1601 1832 cum
1641 1798 1762 1833 occulta
1779 1827 1786 1838 ,

1043 1845 1087 1878 vel
1112 1845 1228 1892 privata
1251 1845 1377 1889 fuerint,
1405 1845 1534 1881 audiant
1568 1851 1787 1894 poenitentes,

1044 1895 1102 1928 nisi
1138 1895 1286 1929 ministris
1333 1902 1385 1929 aut
1425 1896 1611 1932 custodibus
1644 1898 1709 1932 suis
1750 1897 1786 1932 ad

1043 1944 1109 1977 loca
1131 1955 1239 1978 eorum
1266 1944 1497 1981 declinantibus
1519 1946 1690 1982 maluerint
1717 1959 1785 1981 con-

1043 1992 1132 2028 fiteri:
1152 2001 1181 2027 at
1209 2005 1263 2039 pro
1290 2006 1327 2028 eo
1349 1995 1433 2041 quod
1462 1995 1491 2030 in
1517 1997 1623 2042 regula
1661 1995 1787 2039 dicitur,

1043 2051 1076 2076 ut
1102 2042 1273 2077 decedente
1290 2044 1426 2089 generali
1450 2046 1614 2085 ministro,
1650 2058 1665 2080 a
1708 2058 1786 2093 pro—

1043 2091 1228 2126 vincialibus
1246 2093 1398 2128 ministris
1431 2102 1461 2128 et
1478 2095 1659 2129 custodibus
1687 2096 1718 2129 in
1740 2107 1786 2129 ca-

1044 2141 1140 2187 pitulo
1164 2141 1364 2177 pentecostes
1386 2143 1437 2177 fiat
1454 2143 1564 2178 electio
1580 2145 1785 2182 successoris;

1043 2191 1187 2230 dicimus,
1210 2191 1294 2237 quod
1330 2192 1524 2239 singularum
1559 2194 1786 2240 provinciarum

1043 2240 1188 2275 custodes
1218 2253 1313 2275 unum
1341 2254 1378 2276 ex
1401 2254 1433 2276 se
1456 2243 1666 2286 constituant,
1694 2255 1787 2289 quem

1043 2302 1113 2323 cum
1141 2302 1198 2324 suo
1228 2290 1407 2336 provinciali
1437 2292 1580 2326 ministro
1613 2304 1667 2338 pro
1710 2293 1790 2339 ipsis

1043 2338 1081 2373 ad
1108 2339 1276 2386 capitulum
1296 2339 1442 2386 dirigant,
1472 2353 1563 2376 voces
1594 2353 1668 2376 suas
1700 2353 1788 2376 com-

1045 2389 1202 2423 mittentes
1228 2388 1340 2423 eidem.
1366 2389 1404 2423 Et
1441 2402 1512 2424 cum
1546 2391 1631 2425 iuxta
1664 2392 1788 2437 regulae

1046 2437 1198 2485 praefatae
1221 2445 1358 2473 tenorem
1382 2439 1457 2473 nulli
1480 2439 1608 2475 fratrum
1631 2440 1721 2475 liceat
1736 2453 1789 2488 po-

1046 2487 1117 2534 puio
1145 2487 1335 2535 praedicare,
1363 2488 1420 2523 nisi
1444 2501 1460 2523 a
1488 2489 1629 2524 ministro
1650 2490 1788 2537 generali

1047 2536 1138 2571 fuerit
1171 2537 1367 2572 examinatus
1389 2548 1417 2572 et
1439 2539 1638 2585 approbatus,
1666 2547 1697 2574 et
1728 2539 1787 2575 sibi

1046 2586 1179 2620 osticium
1197 2587 1435 2633 praedicationis
1450 2588 1489 2622 ab
1505 2589 1571 2635 ipso
1589 2601 1786 2624 concessum*

1048 2644 1147 2684 potest
1173 2636 1254 2671 idem
1278 2637 1418 2672 minister
1439 2638 1521 2673 vices
1538 2650 1612 2673 suas
1633 2639 1787 2674 ministris

1804 254 1852 280 An.
1871 254 1899 280 C.
1921 254 1985 279 1ὲῖοὸ

1816 319 1857 341 Sed
1872 320 1936 341 totale
1946 321 1985 341 da-

1804 352 1888 372 minium
1906 352 1929 371 aut
1945 350 1985 371 Sa-

1804 383 1849 403 dem
1877 383 1985 409 Apostrlt-

1803 419 1847 434 cum
1863 417 1966 440 spectare.

1806 1211 1826 1231 ln
1838 1212 1926 1238 publicis
1935 1216 1983 1233 tan-

1799 1246 1841 1263 turn
1856 1246 1877 1263 et
1893 1244 1983 1264 mani-'c-

1799 1274 1837 1294 stis
1854 1275 1947 1300 peccatis
1958 1275 1982 1294 ad

1799 1304 1906 1325 ministros
1944 1309 1980 1324 rc-

1799 1335 1932 1356 currendum⁴

1814 1948 1919 1970 lauriano
1944 1956 1982 1970 cu-

1801 1981 1981 2001 stodiscustoztum

1801 2011 1982 2038 adcapituhmffl-

1801 2042 1880 2065 nerale,
1893 2043 1925 2069 qui
1938 2043 1954 2061 xi
1964 2048 1981 2061 ·ι;

1801 2074 1886 2093 aliorum
1909 2072 1982 2092 sutfra-

1802 2107 1860 2129 {etur
