2129 3223
131 287 168 314 An
197 286 215 314 C
247 286 313 314 1190

148 1153 169 1173 'ii
187 1157 255 1174 t-usi!
266 1158 303 1173 er.-

121 1184 248 1205 elsssiasticis
271 1187 304 1204 te-

122 1221 164 1236 ÷tes
207 1216 303 1236 censuris

121 1246 276 1273 rempellendi;

134 1365 156 1384 [i
173 1364 245 1385 clerici
270 1371 304 1385 in-

121 1397 194 1415 iuriam
204 1397 259 1421 passi
274 1398 304 1416 te-

121 1427 218 1446 stimonio
244 1428 303 1446 etau-

121 1457 166 1476 dum

137 2181 247 2202 Ecclesiae
263 2178 308 2207 pol-

125 2211 180 2232 lui-io
203 2211 306 2238 quomodo

123 2242 274 2264 emundandae.

379 278 421 309 76

325 341 463 376 hnmano
486 339 630 388 perfundi
654 339 821 386 sanguine,
844 349 871 375 et
890 339 931 376 ob
953 338 1013 373 boc
1029 338 1071 373 in-

325 397 475 431 iuriantes
496 396 527 430 in
551 406 677 430 causam
704 395 792 430 tracti
817 402 932 443 negant
953 406 986 429 se
1008 401 1072 428 tan-

323 458 390 486 tum
420 450 543 486 facinus
574 449 781 491 commisisse,
808 458 837 485 et
860 462 932 485 cum
966 448 1072 483 laesus

322 504 439 539 illatam
470 503 528 539 sibi
561 504 705 539 iniuriam
730 516 840 540 eorum
871 503 1070 543 testimonio,

322 558 375 605 qui
390 566 568 605 praesentes
583 558 750 593 extiterunt
772 567 802 593 et
820 558 981 598 viderunt,
1001 570 1071 605 pro-

322 612 395 647 bare
429 613 598 653 desideret,
633 613 777 660 ipsimet,
811 613 883 649 lieet
909 613 1069 648 veritatem

320 667 536 713 cognoverint,
555 676 761 702 contemnunt
783 667 902 703 veritati
926 667 1071 703 testimo-

322 722 408 755 nium
433 721 607 768 perhibere.
636 721 752 769 Sicque
780 722 823 758 fit.
858 721 943 769 quod
972 721 1069 756 eccle-

320 775 444 810 siastica
470 774 584 809 iustitia
607 775 728 822 deperit
755 785 783 810 ct
812 776 888 811 ordo
917 775 1069 811 clericalis

321 828 449 864 vilescit.
479 829 601 864 Accidit
634 830 726 864 etiam
753 831 836 877 quod
869 843 940 866 cum
965 831 1070 877 plures

320 883 500 930 frequenter
535 884 564 918 in
600 884 732 919 clericos
766 893 884 919 temere
919 884 1070 919 violentas

320 950 431 973 manus
459 938 618 978 iniiciant,
644 938 682 973 ad
710 938 824 973 Sedem
855 938 1067 985 Apostolicam

319 992 464 1040 plurimis
488 1000 651 1039 nequeunt
667 991 840 1027 obstaculis
862 992 1014 1036 laborare,
1038 1001 1069 1028 et

318 1047 390 1093 quia
416 1059 512 1094 super
539 1046 588 1080 his
617 1055 667 1081 tua
697 1059 756 1081 nos
779 1046 954 1081 fraternitas
980 1045 1070 1081 duxit

319 1100 540 1141 consulendos,
558 1108 628 1136 tuae
643 1100 862 1135 consultationi
885 1099 988 1137 taliter
1011 1112 1069 1135 res-

320 1155 512 1202 pondemus:
542 1154 625 1202 quod
655 1155 698 1198 lii,
732 1155 783 1201 qui
819 1154 858 1188 de
890 1153 984 1189 rebus
1010 1166 1069 1189 ec—

319 1209 502 1244 clesiasticis
524 1210 633 1244 nolunt
654 1210 869 1244 testimonium
893 1209 1069 1256 perhibere,

318 1263 342 1298 si
362 1263 440 1298 alias
461 1263 574 1298 veritas
602 1263 777 1310 nequiverit
793 1262 874 1302 elici,
896 1262 934 1297 ad
951 1263 979 1297 id
995 1272 1069 1298 sunt

320 1329 374 1363 per
395 1316 638 1353 ecclesiasticam
661 1329 826 1352 censuram
846 1316 1066 1364 compellendi.

318 1370 351 1406 Si
381 1382 453 1406 vero
479 1370 584 1406 clerici
608 1372 689 1418 passi
713 1370 879 1413 iniuriam,
908 1371 1066 1405 veritatem

318 1426 396 1460 sorte
431 1426 610 1473 aliquorum
650 1425 829 1459 testimonio
873 1425 1068 1471 nequiverint

317 1478 534 1526 comprobare,
557 1478 629 1513 licet
652 1479 736 1513 iuxta
758 1478 891 1524 rigorem
911 1490 1066 1514 canonum

318 1533 412 1568 unius
434 1533 614 1567 testimonio
638 1533 753 1566 nonsit
774 1531 938 1566 standum:
963 1540 1066 1566 tamen

318 1587 401 1622 iuxta
429 1587 691 1622 consuetudinem
718 1585 880 1621 Romanae
908 1585 1067 1621 Ecclesiae

318 1650 444 1688 propter
467 1641 672 1675 reverentiam
696 1639 848 1674 clericalis
870 1638 1002 1679 ordinis,
1026 1640 1068 1686 ip-

318 1708 424 1730 sorum
449 1697 624 1730 iuramento
639 1694 733 1729 finem
752 1693 896 1727 volumus
914 1692 1065 1728 adhiberi.

320 1749 392 1784 lllos
425 1758 550 1789 autem,
577 1749 630 1796 qui
671 1747 847 1782 valetudine
883 1748 1066 1795 praepediti,

321 1819 375 1850 pro
396 1804 603 1840 absolutionis
625 1802 777 1837 beneficio
793 1801 830 1836 ad
854 1801 968 1836 Sedem
985 1802 1069 1848 Apo-

319 1861 461 1896 stolicam
485 1865 647 1905 nequeunt
679 1856 835 1897 laborare..¹
873 1864 996 1903 recepto
1030 1856 1068 1890 ab

319 1915 375 1955 eis,
397 1914 477 1948 sicut
498 1912 596 1946 moris
614 1919 672 1950 est,
687 1911 872 1949 iuramento,
885 1911 1003 1957 poteris
1017 1910 1068 1945 ab·

320 1968 456 2003 solvere:
479 1967 519 2001 ita
542 1966 626 2013 quod
650 1965 773 2001 sanitati
798 1964 946 2011 pristinae
969 1966 1067 2000 resti—

319 2022 390 2062 tuti,
419 2020 591 2066 apostolico
613 2032 646 2055 se
670 2019 854 2066 conspectui
878 2031 1067 2066 repraesen-

321 2084 395 2111 tent.
430 2075 528 2110 Sexui
552 2086 625 2110 vero
658 2074 815 2109 foemineo
840 2083 871 2109 et
904 2075 1008 2121 pueris
1035 2087 1069 2109 ac

321 2129 451 2165 senibus
472 2142 568 2177 snper
583 2129 643 2165 hoc
657 2130 733 2164 satis
750 2137 778 2163 te
798 2128 957 2164 credimus
977 2141 1067 2176 posse

322 2185 419 2220 libere
446 2184 640 2232 dispensare.
668 2182 819 2218 Ecclesiis
842 2183 970 2231 insuper
989 2196 1068 2231 quae

322 2239 486 2283 sanguinis
533 2237 580 2273 vel
623 2237 752 2272 seminis
798 2246 873 2272 sunt
914 2236 1068 2273 effusione

324 2294 471 2341 pollutae.
499 2292 632 2327 civitatis
654 2291 778 2328 clericis
798 2293 977 2327 convocatis
997 2304 1068 2328 cum

325 2347 525 2395 processione
555 2355 584 2381 et
617 2358 714 2394 aquae
752 2345 936 2382 benedictae
970 2358 1071 2394 asper-

323 2402 425 2445 sione,
454 2409 546 2448 prout
568 2401 597 2435 in
626 2400 784 2435 ordinario
806 2399 940 2436 habetur
957 2400 1071 2436 adscri-

325 2464 424 2503 ptum,
453 2456 568 2502 poteris
595 2457 777 2490 emundare.
812 2452 858 2489 De
881 2454 931 2490 his
964 2454 1070 2498 etiam,

324 2521 403 2556 quae
431 2509 553 2544 clericis
588 2521 650 2543 non
679 2520 858 2549 enormem,
885 2509 940 2543 sed
977 2508 1072 2543 modi-

323 2575 411 2603 cam,
449 2563 495 2598 vel
532 2564 631 2599 levem
668 2564 813 2597 iniuriam
855 2563 1071 2610 irrogaverint,

325 2625 396 2651 tuae
419 2616 620 2652 fraternitatis
652 2616 780 2652 arbitrio
807 2616 956 2653 duximus
982 2618 1072 2653 relin-

326 2670 498 2718 quendum.

909 283 1097 307 acuatum!
1125 282 1286 307 ROMANUM

1305 336 1585 388 coEtESTtNth
1619 338 1663 388 lll

1368 421 1463 452 PAPA
1490 421 1603 453 CLXXV

1162 482 1252 514 Anno
1273 493 1361 516 aerae
1392 481 1507 515 Christi
1532 492 1639 515 comm.
1664 481 1807 516 Mcxcl.

1112 555 1331 645 Hyacinthus
1357 596 1509 632 diaconus
1535 595 1703 632 cardinalis
1722 596 1858 633 Sanctae

1111 646 1225 682 Mariae
1248 648 1277 681 in
1301 645 1491 686 Cosmedin‚
1521 646 1646 681 natione
1670 645 1856 686 Romanus.

1110 696 1229 732 electus
1259 697 1288 731 in
1318 696 1494 731 Romanum
1522 695 1706 730 Pontificem
1734 696 1785 731 die
1811 699 1857 732 30

1111 746 1212 781 martii
1240 758 1322 781 anno
1361 747 1465 788 1191,
1497 753 1526 779 et
1548 744 1597 779 die
1628 747 1672 779 14
1695 747 1858 792 sequentis

1110 795 1217 843 aprilis
1253 803 1476 832 consecratus,
1521 793 1723 829 Coelestinus
1761 795 1858 830 huius

1111 845 1246 880 nominis
1272 845 1313 879 ΙΙΙ
1335 852 1382 880 est
1402 843 1586 891 appellatus.
1613 843 1703 879 Sedit
1723 844 1754 879 in
1783 857 1858 892 pon-

1111 894 1227 930 tificatu
1255 907 1357 930 annos
1379 906 1421 935 vr,
1442 905 1569 928 menses
1589 906 1634 938 ix,
1656 893 1725 929 dies
1746 906 1778 929 lx
1801 897 1856 937 (1),

1111 944 1338 991 imperantibus
1367 943 1397 978 in
1426 942 1556 978 Oriente
1582 943 1702 979 lsaacio
1721 943 1856 990 Angelo,

1111 1006 1180 1028 mox
1210 994 1319 1029 Alexio
1353 992 1490 1040 Angelo,
1525 993 1554 1027 in
1588 993 1759 1029 Occidente
1783 1005 1857 1029 vero

1111 1042 1246 1078 Henrico
1262 1043 1289 1077 V
1312 1041 1562 1089 imperatoribus.
1591 1042 1680 1077 Obiit
1699 1042 1855 1090 siquidem

1110 1093 1159 1126 die
1195 1095 1217 1128 8
1258 1092 1386 1127 ianuarii
1426 1095 1469 1135 (2)
1505 1092 1578 1126 anni
1616 1094 1707 1128 1198
1741 1100 1772 1127 et
1805 1104 1855 1128 se-

1111 1142 1218 1189 pultus
1238 1150 1286 1177 est
1312 1143 1343 1177 in
1371 1141 1573 1177 Lateranensi
1596 1141 1737 1187 basilica,
1761 1141 1858 1177 hono-

1110 1191 1205 1227 rifice.
1236 1191 1306 1227 Non
1335 1192 1454 1228 vacavit
1480 1191 1572 1226 sedes
1593 1195 1651 1236 (5).

1112 1415 1295 1452 Cassanmr,
1337 1427 1414 1460 quae
1453 1417 1683 1450 Canluart'enst's
1709 1417 1856 1462 archiepi-

1156 1476 1261 1509 scopus
1305 1472 1505 1498 attentaverat
1544 1473 1651 1499 contra
1693 1467 1855 1510 privileqia

1157 1514 1376 1548 monachorum
1400 1515 1668 1549 Cantttart'ensium
1687 1516 1748 1556 (4).

1373 1587 1494 1618 SUMMA
1501 1587 1586 1618 RIUM

1108 1649 1294 1679 Prooemium.
1313 1666 1351 1672 —
1366 1649 1451 1679 Gesta
1464 1649 1499 1679 ab
1518 1650 1741 1690 archiepiscopo
1756 1655 1855 1682 contra

1148 1700 1320 1724 conventum
1339 1695 1427 1727 hunc,
1443 1711 1481 1716 —
1498 1694 1666 1732 Apostolica
1686 1696 1857 1726 auctoritate

1148 1742 1263 1767 revocat
1281 1739 1308 1767 in
1327 1738 1450 1768 irritum.
1466 1737 1725 1769 —Conclusiones
1744 1740 1856 1770 solitae.

1107 1808 1275 1837 coelestinus
1291 1809 1432 1844 episcopus
1443 1815 1537 1837 servus
1551 1815 1691 1838 servorum
1702 1808 1758 1843 Dei.
1787 1811 1857 1840 dile-

1152 1858 1206 1887 ctis
1224 1857 1288 1886 tiliis
1299 1858 1396 1893 priori,
1409 1859 1438 1886 et
1457 1859 1596 1887 conventui
1614 1858 1746 1888 Ecclesiae
1755 1859 1857 1889 cni-isti

1152 1908 1365 1939 cantuariensis.
1392 1908 1508 1937 satutem
1525 1909 1554 1937 et
1577 1908 1755 1945 apostoticam
1778 1910 1857 1941 bane-

1151 1959 1306 1987 dictionem.

1157 2021 1246 2055 Sicut
1280 2021 1316 2055 ad
1352 2021 1545 2067 apostolatus
1580 2023 1677 2058 nostri
1712 2021 1854 2058 debitum

1110 2071 1264 2117 pertinere
1284 2070 1478 2117 dignoscitur
1503 2072 1554 2116 iis,
1580 2085 1661 2119 quae
1681 2072 1740 2107 rite
1760 2079 1792 2107 et
1813 2084 1854 2107 re-

1109 2128 1157 2155 cte
1184 2121 1325 2154 ordinata
1345 2120 1532 2165 consistunt,
1556 2122 1694 2168 vigorem
1713 2120 1856 2157 conferre

1111 2177 1308 2217 perpetuum,
1344 2178 1382 2204 ita
1405 2182 1553 2205 nimirum
1574 2172 1631 2212 eis,
1658 2183 1738 2219 quae
1763 2183 1855 2206 secus

1145 2241 1184 2276 (t)
1203 2240 1314 2268 Inclusis
1328 2240 1491 2276 quindecim,
1508 2243 1554 2277 qui
1569 2241 1733 2269 defluxerant
1748 2242 1781 2269 ab
1799 2242 1855 2270 ele-

1109 2281 1197 2308 ctione
1211 2280 1244 2307 ad
1261 2282 1497 2314 consecrationem,
1515 2281 1618 2314 diebus,
1637 2281 1776 2309 emortuali
1791 2290 1857 2310 vero

1110 2320 1219 2349 excluso
1231 2322 1302 2348 iuxta
1316 2322 1421 2357 Pagium
1433 2322 1574 2349 iuniorem.
1585 2322 1712 2350 Baronius
1727 2329 1793 2349 vei-0
1807 2322 1855 2350 hoc

1116 2360 1302 2388 intermedium
1328 2365 1432 2397 tempus
1455 2363 1528 2389 iuxta
1557 2369 1657 2390 morem
1685 2363 1855 2402 antiquorum

1112 2399 1265 2428 Pontificum
1282 2400 1408 2434 excludit,
1431 2406 1458 2429 et
1473 2401 1618 2430 coelestino
1633 2409 1716 2430 annos
1730 2410 1770 2435 vr,
1781 2411 1855 2431 men-

1110 2448 1152 2468 ses
1167 2448 1207 2471 rx,
1219 2441 1308 2468 minus
1317 2440 1418 2468 diebus
1429 2441 1542 2474 duobus,
1557 2442 1681 2477 assignat.
1718 2443 1758 2479 (2)
1780 2443 1857 2471 Hunc

1110 2481 1179 2508 diem
1207 2483 1297 2508 mortis
1322 2481 1460 2509 Coelestini
1485 2485 1559 2510 notat
1583 2483 1752 2511 Innocentius
1773 2483 1807 2510 tlt
1830 2484 1856 2510 in

1111 2522 1243 2557 encyclica
1260 2530 1339 2557 quarn
1364 2523 1469 2558 scripsit
1494 2522 1566 2549 initio
1584 2521 1623 2549 sui
1641 2521 1809 2557 pontificatus
1823 2531 1854 2551 e-

1112 2562 1215 2597 pistola,
1232 2568 1258 2588 et
1273 2570 1353 2597 quam
1379 2571 1426 2590 nos
1448 2569 1496 2589 suo
1518 2562 1576 2589 loco
1594 2561 1723 2589 dabimus.
1744 2562 1783 2598 (5)
1808 2563 1853 2590 ln-

1112 2607 1250 2629 nocentius
1264 2603 1394 2638 siquidem
1415 2609 1552 2630 successor
1566 2605 1665 2630 electus
1680 2606 1721 2630 est
1734 2604 1855 2638 sequenti

1112 2642 1164 2669 die.
1190 2643 1228 2676 tls)
1245 2643 1284 2669 Ex
1311 2643 1378 2670 Hist.
1396 2643 1496 2678 Anglic.
1514 2642 1611 2679 Script.
1634 2651 1662 2676 x,
1678 2643 1722 2671 ed.
1737 2643 1855 2676 Seldeu„

1112 2691 1169 2719 pag.
1192 2683 1255 2709 ¹520

1873 280 1921 308 An.
1939 281 1966 309 c.
1987 281 2051 310 noi

1894 2036 2027 2058 Pro-nmium.
