<?xml version="1.0" encoding="UTF-8"?>
<!DOCTYPE html PUBLIC "-//W3C//DTD XHTML 1.0 Transitional//EN"
    "http://www.w3.org/TR/xhtml1/DTD/xhtml1-transitional.dtd">
<html xmlns="http://www.w3.org/1999/xhtml" xml:lang="en" lang="en">
 <head>
  <title>
</title>
<meta http-equiv="Content-Type" content="text/html;charset=utf-8" />
  <meta name='ocr-system' content='tesseract 3.04.00' />
  <meta name='ocr-capabilities' content='ocr_page ocr_carea ocr_par ocr_line ocrx_word'/>
</head>
<body>
  <div class='ocr_page' id='page_1' title='image "./bullarumdiplomat03cath_0514.png"; bbox 0 0 2129 3223; ppageno 0'>
   <div class='ocr_carea' id='block_1_1' title="bbox 122 282 301 309">
    <p class='ocr_par' dir='ltr' id='par_1_1' title="bbox 122 282 301 309">
     <span class='ocr_line' id='line_1_1' title="bbox 122 282 301 309; baseline 0 -1"><span class='ocrx_word' id='word_1_1' title='bbox 122 282 169 308; x_wconf 75' lang='lat' dir='ltr'>An.</span> <span class='ocrx_word' id='word_1_2' title='bbox 189 283 217 309; x_wconf 90' lang='lat' dir='ltr'>C.</span> <span class='ocrx_word' id='word_1_3' title='bbox 235 282 301 308; x_wconf 62' lang='lat' dir='ltr'>¹2¹1st</span> 
     </span>
    </p>
   </div>
   <div class='ocr_carea' id='block_1_2' title="bbox 117 780 300 837">
    <p class='ocr_par' dir='ltr' id='par_1_2' title="bbox 117 780 300 837">
     <span class='ocr_line' id='line_1_2' title="bbox 131 780 300 808; baseline 0.012 -8"><span class='ocrx_word' id='word_1_4' title='bbox 131 780 209 802; x_wconf 64' lang='lat' dir='ltr'>Causae</span> <span class='ocrx_word' id='word_1_5' title='bbox 234 783 300 808; x_wconf 81' lang='lat' dir='ltr'>privi-</span> 
     </span>
     <span class='ocr_line' id='line_1_3' title="bbox 117 812 172 837; baseline 0 -6"><span class='ocrx_word' id='word_1_6' title='bbox 117 812 172 837; x_wconf 69' lang='lat' dir='ltr'>legii.</span> 
     </span>
    </p>
   </div>
   <div class='ocr_carea' id='block_1_3' title="bbox 119 1774 302 1887">
    <p class='ocr_par' dir='ltr' id='par_1_3' title="bbox 119 1774 302 1887">
     <span class='ocr_line' id='line_1_4' title="bbox 126 1774 302 1800; baseline -0.011 -5"><span class='ocrx_word' id='word_1_7' title='bbox 126 1774 302 1800; x_wconf 64' lang='lat' dir='ltr'>indulgentiarum</span> 
     </span>
     <span class='ocr_line' id='line_1_5' title="bbox 119 1806 301 1826; baseline -0.005 0"><span class='ocrx_word' id='word_1_8' title='bbox 119 1806 230 1826; x_wconf 66' lang='lat' dir='ltr'>concessio</span> <span class='ocrx_word' id='word_1_9' title='bbox 256 1810 301 1825; x_wconf 81' lang='lat' dir='ltr'>cuin</span> 
     </span>
     <span class='ocr_line' id='line_1_6' title="bbox 136 1836 282 1861; baseline -0.007 -5"><span class='ocrx_word' id='word_1_10' title='bbox 136 1836 282 1861; x_wconf 64' lang='lat' dir='ltr'>designatione</span> 
     </span>
     <span class='ocr_line' id='line_1_7' title="bbox 167 1868 253 1887; baseline -0.012 -1"><span class='ocrx_word' id='word_1_11' title='bbox 167 1868 253 1887; x_wconf 69' lang='lat' dir='ltr'>dteruni,</span> 
     </span>
    </p>
   </div>
   <div class='ocr_carea' id='block_1_4' title="bbox 313 271 1063 2707">
    <p class='ocr_par' dir='ltr' id='par_1_4' title="bbox 314 271 1059 716">
     <span class='ocr_line' id='line_1_8' title="bbox 365 271 435 304; baseline 0 0"><span class='ocrx_word' id='word_1_12' title='bbox 365 271 435 304; x_wconf 81' lang='lat'>508</span> 
     </span>
     <span class='ocr_line' id='line_1_9' title="bbox 317 332 1057 373; baseline -0.005 -3"><span class='ocrx_word' id='word_1_13' title='bbox 317 336 393 373; x_wconf 80' lang='lat' dir='ltr'>nire,</span> <span class='ocrx_word' id='word_1_14' title='bbox 427 346 463 369; x_wconf 86' lang='lat' dir='ltr'>ac</span> <span class='ocrx_word' id='word_1_15' title='bbox 484 341 682 368; x_wconf 89' lang='lat' dir='ltr'>aeternorum</span> <span class='ocrx_word' id='word_1_16' title='bbox 712 332 822 368; x_wconf 91' lang='lat' dir='ltr'>intuitu</span> <span class='ocrx_word' id='word_1_17' title='bbox 851 332 1006 367; x_wconf 88' lang='lat' dir='ltr'>seminare</span> <span class='ocrx_word' id='word_1_18' title='bbox 1028 332 1057 366; x_wconf 92' lang='lat' dir='ltr'>iu</span> 
     </span>
     <span class='ocr_line' id='line_1_10' title="bbox 316 381 1059 430; baseline -0.004 -11"><span class='ocrx_word' id='word_1_19' title='bbox 316 384 419 427; x_wconf 80' lang='lat' dir='ltr'>terris,</span> <span class='ocrx_word' id='word_1_20' title='bbox 441 382 525 430; x_wconf 86' lang='lat' dir='ltr'>quod</span> <span class='ocrx_word' id='word_1_21' title='bbox 554 382 703 417; x_wconf 80' lang='lat' dir='ltr'>reddente</span> <span class='ocrx_word' id='word_1_22' title='bbox 727 382 860 417; x_wconf 89' lang='lat' dir='ltr'>Domino</span> <span class='ocrx_word' id='word_1_23' title='bbox 882 394 952 416; x_wconf 90' lang='lat' dir='ltr'>cum</span> <span class='ocrx_word' id='word_1_24' title='bbox 977 381 1059 416; x_wconf 89' lang='lat' dir='ltr'>mul-</span> 
     </span>
     <span class='ocr_line' id='line_1_11' title="bbox 315 431 1056 481; baseline -0.005 -13"><span class='ocrx_word' id='word_1_25' title='bbox 315 434 454 481; x_wconf 89' lang='lat' dir='ltr'>tiplicato</span> <span class='ocrx_word' id='word_1_26' title='bbox 488 432 589 467; x_wconf 87' lang='lat' dir='ltr'>fructu</span> <span class='ocrx_word' id='word_1_27' title='bbox 618 432 798 479; x_wconf 79' lang='lat' dir='ltr'>recolligere</span> <span class='ocrx_word' id='word_1_28' title='bbox 825 431 995 467; x_wconf 84' lang='lat' dir='ltr'>debeamus</span> <span class='ocrx_word' id='word_1_29' title='bbox 1026 431 1056 465; x_wconf 91' lang='lat' dir='ltr'>in</span> 
     </span>
     <span class='ocr_line' id='line_1_12' title="bbox 315 481 1058 529; baseline -0.005 -11"><span class='ocrx_word' id='word_1_30' title='bbox 315 483 427 522; x_wconf 79' lang='lat' dir='ltr'>coetis;</span> <span class='ocrx_word' id='word_1_31' title='bbox 464 481 583 516; x_wconf 82' lang='lat' dir='ltr'>firmam</span> <span class='ocrx_word' id='word_1_32' title='bbox 621 495 727 529; x_wconf 87' lang='lat' dir='ltr'>spem,</span> <span class='ocrx_word' id='word_1_33' title='bbox 757 481 966 528; x_wconf 86' lang='lat' dir='ltr'>fiduciamque</span> <span class='ocrx_word' id='word_1_34' title='bbox 1006 488 1058 514; x_wconf 88' lang='lat' dir='ltr'>te—</span> 
     </span>
     <span class='ocr_line' id='line_1_13' title="bbox 315 530 1057 579; baseline -0.005 -12"><span class='ocrx_word' id='word_1_35' title='bbox 315 541 447 575; x_wconf 79' lang='lat' dir='ltr'>nentes,</span> <span class='ocrx_word' id='word_1_36' title='bbox 485 531 633 579; x_wconf 88' lang='lat' dir='ltr'>quoniam</span> <span class='ocrx_word' id='word_1_37' title='bbox 674 532 728 579; x_wconf 89' lang='lat' dir='ltr'>qui</span> <span class='ocrx_word' id='word_1_38' title='bbox 771 544 863 579; x_wconf 90' lang='lat' dir='ltr'>parce</span> <span class='ocrx_word' id='word_1_39' title='bbox 903 530 1057 573; x_wconf 83' lang='lat' dir='ltr'>seminat,</span> 
     </span>
     <span class='ocr_line' id='line_1_14' title="bbox 315 579 1058 629; baseline -0.005 -12"><span class='ocrx_word' id='word_1_40' title='bbox 315 595 406 629; x_wconf 88' lang='lat' dir='ltr'>parce</span> <span class='ocrx_word' id='word_1_41' title='bbox 428 589 458 617; x_wconf 86' lang='lat' dir='ltr'>et</span> <span class='ocrx_word' id='word_1_42' title='bbox 486 589 591 621; x_wconf 81' lang='lat' dir='ltr'>metet,</span> <span class='ocrx_word' id='word_1_43' title='bbox 613 590 643 616; x_wconf 91' lang='lat' dir='ltr'>et</span> <span class='ocrx_word' id='word_1_44' title='bbox 665 582 717 629; x_wconf 89' lang='lat' dir='ltr'>qni</span> <span class='ocrx_word' id='word_1_45' title='bbox 740 582 873 616; x_wconf 89' lang='lat' dir='ltr'>seminat</span> <span class='ocrx_word' id='word_1_46' title='bbox 897 581 926 614; x_wconf 92' lang='lat' dir='ltr'>in</span> <span class='ocrx_word' id='word_1_47' title='bbox 962 579 1058 614; x_wconf 88' lang='lat' dir='ltr'>bene-</span> 
     </span>
     <span class='ocr_line' id='line_1_15' title="bbox 314 631 1058 671; baseline -0.004 -5"><span class='ocrx_word' id='word_1_48' title='bbox 314 631 519 671; x_wconf 75' lang='lat' dir='ltr'>dictionibus,</span> <span class='ocrx_word' id='word_1_49' title='bbox 547 631 586 666; x_wconf 90' lang='lat' dir='ltr'>de</span> <span class='ocrx_word' id='word_1_50' title='bbox 611 631 880 666; x_wconf 74' lang='lat' dir='ltr'>benedictionibus</span> <span class='ocrx_word' id='word_1_51' title='bbox 907 637 935 664; x_wconf 87' lang='lat' dir='ltr'>et</span> <span class='ocrx_word' id='word_1_52' title='bbox 964 636 1058 664; x_wconf 87' lang='lat' dir='ltr'>metet</span> 
     </span>
     <span class='ocr_line' id='line_1_16' title="bbox 314 682 601 716; baseline 0 -2"><span class='ocrx_word' id='word_1_53' title='bbox 314 682 406 716; x_wconf 85' lang='lat' dir='ltr'>vitam</span> <span class='ocrx_word' id='word_1_54' title='bbox 434 689 601 716; x_wconf 88' lang='lat' dir='ltr'>aeternam.</span> 
     </span>
    </p>

    <p class='ocr_par' dir='ltr' id='par_1_5' title="bbox 313 728 1063 2707">
     <span class='ocr_line' id='line_1_17' title="bbox 363 728 1057 777; baseline -0.007 -11"><span class='ocrx_word' id='word_1_55' title='bbox 363 730 444 766; x_wconf 90' lang='lat' dir='ltr'>Cum</span> <span class='ocrx_word' id='word_1_56' title='bbox 481 730 576 777; x_wconf 88' lang='lat' dir='ltr'>igitur</span> <span class='ocrx_word' id='word_1_57' title='bbox 609 729 713 765; x_wconf 82' lang='lat' dir='ltr'>dilecti</span> <span class='ocrx_word' id='word_1_58' title='bbox 752 730 804 763; x_wconf 79' lang='lat' dir='ltr'>filii</span> <span class='ocrx_word' id='word_1_59' title='bbox 837 728 990 775; x_wconf 83' lang='lat' dir='ltr'>generalis</span> <span class='ocrx_word' id='word_1_60' title='bbox 1029 736 1057 762; x_wconf 89' lang='lat' dir='ltr'>et</span> 
     </span>
     <span class='ocr_line' id='line_1_18' title="bbox 316 778 1058 824; baseline -0.003 -10"><span class='ocrx_word' id='word_1_61' title='bbox 316 780 425 815; x_wconf 84' lang='lat' dir='ltr'>fratres</span> <span class='ocrx_word' id='word_1_62' title='bbox 446 780 657 815; x_wconf 84' lang='lat' dir='ltr'>Eremitarum</span> <span class='ocrx_word' id='word_1_63' title='bbox 686 779 791 814; x_wconf 87' lang='lat' dir='ltr'>Sancti</span> <span class='ocrx_word' id='word_1_64' title='bbox 814 778 982 824; x_wconf 75' lang='lat' dir='ltr'>Augustini</span> <span class='ocrx_word' id='word_1_65' title='bbox 1006 790 1058 812; x_wconf 91' lang='lat' dir='ltr'>or-</span> 
     </span>
     <span class='ocr_line' id='line_1_19' title="bbox 314 827 1057 876; baseline -0.003 -12"><span class='ocrx_word' id='word_1_66' title='bbox 314 830 408 870; x_wconf 87' lang='lat' dir='ltr'>dinis,</span> <span class='ocrx_word' id='word_1_67' title='bbox 435 830 515 865; x_wconf 89' lang='lat' dir='ltr'>sicut</span> <span class='ocrx_word' id='word_1_68' title='bbox 550 830 606 876; x_wconf 90' lang='lat' dir='ltr'>ipsi</span> <span class='ocrx_word' id='word_1_69' title='bbox 635 829 665 862; x_wconf 92' lang='lat' dir='ltr'>in</span> <span class='ocrx_word' id='word_1_70' title='bbox 694 841 748 863; x_wconf 90' lang='lat' dir='ltr'>sua</span> <span class='ocrx_word' id='word_1_71' title='bbox 783 828 874 863; x_wconf 87' lang='lat' dir='ltr'>nobis</span> <span class='ocrx_word' id='word_1_72' title='bbox 909 827 1057 874; x_wconf 89' lang='lat' dir='ltr'>petitione</span> 
     </span>
     <span class='ocr_line' id='line_1_20' title="bbox 315 877 1056 919; baseline -0.005 -4"><span class='ocrx_word' id='word_1_73' title='bbox 315 887 540 919; x_wconf 82' lang='lat' dir='ltr'>monstrarunt,</span> <span class='ocrx_word' id='word_1_74' title='bbox 575 879 688 913; x_wconf 90' lang='lat' dir='ltr'>domus</span> <span class='ocrx_word' id='word_1_75' title='bbox 717 886 745 912; x_wconf 88' lang='lat' dir='ltr'>et</span> <span class='ocrx_word' id='word_1_76' title='bbox 773 877 922 912; x_wconf 77' lang='lat' dir='ltr'>ecclesiae</span> <span class='ocrx_word' id='word_1_77' title='bbox 949 889 1056 911; x_wconf 89' lang='lat' dir='ltr'>eorum</span> 
     </span>
     <span class='ocr_line' id='line_1_21' title="bbox 315 927 1058 974; baseline -0.004 -11"><span class='ocrx_word' id='word_1_78' title='bbox 315 942 376 963; x_wconf 93' lang='lat' dir='ltr'>non</span> <span class='ocrx_word' id='word_1_79' title='bbox 406 929 562 964; x_wconf 86' lang='lat' dir='ltr'>modicum</span> <span class='ocrx_word' id='word_1_80' title='bbox 586 928 745 974; x_wconf 76' lang='lat' dir='ltr'>indigeant</span> <span class='ocrx_word' id='word_1_81' title='bbox 773 927 978 973; x_wconf 68' lang='lat' dir='ltr'>reparatione,</span> <span class='ocrx_word' id='word_1_82' title='bbox 1001 939 1058 961; x_wconf 80' lang='lat' dir='ltr'>nec</span> 
     </span>
     <span class='ocr_line' id='line_1_22' title="bbox 315 976 1058 1026; baseline -0.005 -12"><span class='ocrx_word' id='word_1_83' title='bbox 315 979 459 1026; x_wconf 90' lang='lat' dir='ltr'>propriae</span> <span class='ocrx_word' id='word_1_84' title='bbox 486 978 642 1013; x_wconf 86' lang='lat' dir='ltr'>sufficiant</span> <span class='ocrx_word' id='word_1_85' title='bbox 669 977 830 1012; x_wconf 67' lang='lat' dir='ltr'>facultates</span> <span class='ocrx_word' id='word_1_86' title='bbox 858 976 896 1011; x_wconf 92' lang='lat' dir='ltr'>ad</span> <span class='ocrx_word' id='word_1_87' title='bbox 931 988 1058 1023; x_wconf 87' lang='lat' dir='ltr'>repara-</span> 
     </span>
     <span class='ocr_line' id='line_1_23' title="bbox 315 1026 1059 1075; baseline -0.004 -13"><span class='ocrx_word' id='word_1_88' title='bbox 315 1029 431 1063; x_wconf 84' lang='lat' dir='ltr'>tionem</span> <span class='ocrx_word' id='word_1_89' title='bbox 461 1027 702 1075; x_wconf 78' lang='lat' dir='ltr'>praedietarum,</span> <span class='ocrx_word' id='word_1_90' title='bbox 731 1039 800 1060; x_wconf 88' lang='lat' dir='ltr'>cum</span> <span class='ocrx_word' id='word_1_91' title='bbox 825 1026 863 1061; x_wconf 89' lang='lat' dir='ltr'>sit</span> <span class='ocrx_word' id='word_1_92' title='bbox 886 1026 931 1060; x_wconf 87' lang='lat' dir='ltr'>eis</span> <span class='ocrx_word' id='word_1_93' title='bbox 953 1037 1059 1060; x_wconf 89' lang='lat' dir='ltr'>neces·</span> 
     </span>
     <span class='ocr_line' id='line_1_24' title="bbox 314 1076 1058 1125; baseline -0.004 -13"><span class='ocrx_word' id='word_1_94' title='bbox 314 1079 429 1112; x_wconf 90' lang='lat' dir='ltr'>sarium</span> <span class='ocrx_word' id='word_1_95' title='bbox 456 1089 512 1125; x_wconf 88' lang='lat' dir='ltr'>per</span> <span class='ocrx_word' id='word_1_96' title='bbox 544 1077 689 1112; x_wconf 85' lang='lat' dir='ltr'>meditata</span> <span class='ocrx_word' id='word_1_97' title='bbox 712 1076 869 1122; x_wconf 79' lang='lat' dir='ltr'>suffragia,</span> <span class='ocrx_word' id='word_1_98' title='bbox 902 1082 1058 1122; x_wconf 85' lang='lat' dir='ltr'>praestare</span> 
     </span>
     <span class='ocr_line' id='line_1_25' title="bbox 314 1125 1058 1174; baseline -0.004 -12"><span class='ocrx_word' id='word_1_99' title='bbox 314 1128 487 1174; x_wconf 89' lang='lat' dir='ltr'>cupientes.</span> <span class='ocrx_word' id='word_1_100' title='bbox 523 1126 630 1173; x_wconf 88' lang='lat' dir='ltr'>ltaque</span> <span class='ocrx_word' id='word_1_101' title='bbox 664 1126 746 1160; x_wconf 91' lang='lat' dir='ltr'>sicut</span> <span class='ocrx_word' id='word_1_102' title='bbox 772 1125 883 1160; x_wconf 86' lang='lat' dir='ltr'>domos</span> <span class='ocrx_word' id='word_1_103' title='bbox 915 1125 1058 1172; x_wconf 86' lang='lat' dir='ltr'>suscepi-</span> 
     </span>
     <span class='ocr_line' id='line_1_26' title="bbox 314 1175 1058 1222; baseline -0.004 -11"><span class='ocrx_word' id='word_1_104' title='bbox 314 1189 385 1211; x_wconf 86' lang='lat' dir='ltr'>mus</span> <span class='ocrx_word' id='word_1_105' title='bbox 411 1177 441 1210; x_wconf 92' lang='lat' dir='ltr'>in</span> <span class='ocrx_word' id='word_1_106' title='bbox 469 1185 572 1210; x_wconf 89' lang='lat' dir='ltr'>nostra</span> <span class='ocrx_word' id='word_1_107' title='bbox 596 1176 801 1222; x_wconf 85' lang='lat' dir='ltr'>protectione,</span> <span class='ocrx_word' id='word_1_108' title='bbox 816 1183 845 1209; x_wconf 84' lang='lat' dir='ltr'>et</span> <span class='ocrx_word' id='word_1_109' title='bbox 864 1175 1058 1222; x_wconf 81' lang='lat' dir='ltr'>reparatione</span> 
     </span>
     <span class='ocr_line' id='line_1_27' title="bbox 314 1225 1059 1272; baseline -0.003 -12"><span class='ocrx_word' id='word_1_110' title='bbox 314 1226 453 1272; x_wconf 76' lang='lat' dir='ltr'>indigere</span> <span class='ocrx_word' id='word_1_111' title='bbox 488 1234 657 1260; x_wconf 87' lang='lat' dir='ltr'>noscantur</span> <span class='ocrx_word' id='word_1_112' title='bbox 690 1237 750 1259; x_wconf 92' lang='lat' dir='ltr'>non</span> <span class='ocrx_word' id='word_1_113' title='bbox 784 1225 943 1259; x_wconf 81' lang='lat' dir='ltr'>modicum</span> <span class='ocrx_word' id='word_1_114' title='bbox 972 1237 1059 1259; x_wconf 88' lang='lat' dir='ltr'>snm—</span> 
     </span>
     <span class='ocr_line' id='line_1_28' title="bbox 314 1274 1059 1322; baseline 0 -13"><span class='ocrx_word' id='word_1_115' title='bbox 314 1285 440 1322; x_wconf 86' lang='lat' dir='ltr'>ptuosa;</span> <span class='ocrx_word' id='word_1_116' title='bbox 468 1288 525 1309; x_wconf 90' lang='lat' dir='ltr'>nos</span> <span class='ocrx_word' id='word_1_117' title='bbox 546 1276 727 1322; x_wconf 85' lang='lat' dir='ltr'>cupientes,</span> <span class='ocrx_word' id='word_1_118' title='bbox 752 1282 783 1308; x_wconf 91' lang='lat' dir='ltr'>ut</span> <span class='ocrx_word' id='word_1_119' title='bbox 810 1274 921 1308; x_wconf 87' lang='lat' dir='ltr'>domos</span> <span class='ocrx_word' id='word_1_120' title='bbox 949 1274 1059 1309; x_wconf 83' lang='lat' dir='ltr'>Eccle-</span> 
     </span>
     <span class='ocr_line' id='line_1_29' title="bbox 314 1323 1058 1372; baseline -0.003 -13"><span class='ocrx_word' id='word_1_121' title='bbox 314 1326 377 1359; x_wconf 85' lang='lat' dir='ltr'>siae</span> <span class='ocrx_word' id='word_1_122' title='bbox 405 1324 580 1372; x_wconf 82' lang='lat' dir='ltr'>praedictae</span> <span class='ocrx_word' id='word_1_123' title='bbox 613 1325 759 1370; x_wconf 77' lang='lat' dir='ltr'>congruis</span> <span class='ocrx_word' id='word_1_124' title='bbox 792 1323 963 1358; x_wconf 91' lang='lat' dir='ltr'>honoribus</span> <span class='ocrx_word' id='word_1_125' title='bbox 997 1323 1058 1358; x_wconf 85' lang='lat' dir='ltr'>fre-</span> 
     </span>
     <span class='ocr_line' id='line_1_30' title="bbox 313 1373 1059 1421; baseline -0.001 -13"><span class='ocrx_word' id='word_1_126' title='bbox 313 1381 504 1420; x_wconf 86' lang='lat' dir='ltr'>quententur</span> <span class='ocrx_word' id='word_1_127' title='bbox 525 1381 554 1408; x_wconf 85' lang='lat' dir='ltr'>et</span> <span class='ocrx_word' id='word_1_128' title='bbox 582 1382 777 1421; x_wconf 86' lang='lat' dir='ltr'>reparentur,</span> <span class='ocrx_word' id='word_1_129' title='bbox 806 1386 841 1408; x_wconf 89' lang='lat' dir='ltr'>ac</span> <span class='ocrx_word' id='word_1_130' title='bbox 862 1373 954 1407; x_wconf 87' lang='lat' dir='ltr'>etiam</span> <span class='ocrx_word' id='word_1_131' title='bbox 983 1385 1059 1407; x_wconf 85' lang='lat' dir='ltr'>con-</span> 
     </span>
     <span class='ocr_line' id='line_1_31' title="bbox 314 1422 1059 1467; baseline -0.003 -9"><span class='ocrx_word' id='word_1_132' title='bbox 314 1431 491 1467; x_wconf 85' lang='lat' dir='ltr'>serventur,</span> <span class='ocrx_word' id='word_1_133' title='bbox 527 1432 557 1458; x_wconf 87' lang='lat' dir='ltr'>et</span> <span class='ocrx_word' id='word_1_134' title='bbox 584 1431 617 1458; x_wconf 93' lang='lat' dir='ltr'>ut</span> <span class='ocrx_word' id='word_1_135' title='bbox 651 1422 869 1457; x_wconf 79' lang='lat' dir='ltr'>christifideles</span> <span class='ocrx_word' id='word_1_136' title='bbox 895 1435 931 1456; x_wconf 88' lang='lat' dir='ltr'>eo</span> <span class='ocrx_word' id='word_1_137' title='bbox 959 1422 1059 1457; x_wconf 89' lang='lat' dir='ltr'>liben-</span> 
     </span>
     <span class='ocr_line' id='line_1_32' title="bbox 314 1472 1058 1511; baseline -0.001 -4"><span class='ocrx_word' id='word_1_138' title='bbox 314 1473 377 1507; x_wconf 90' lang='lat' dir='ltr'>tius</span> <span class='ocrx_word' id='word_1_139' title='bbox 411 1485 502 1507; x_wconf 87' lang='lat' dir='ltr'>causa</span> <span class='ocrx_word' id='word_1_140' title='bbox 535 1472 712 1507; x_wconf 90' lang='lat' dir='ltr'>devotionis</span> <span class='ocrx_word' id='word_1_141' title='bbox 749 1472 925 1511; x_wconf 84' lang='lat' dir='ltr'>confluant,</span> <span class='ocrx_word' id='word_1_142' title='bbox 959 1481 989 1506; x_wconf 89' lang='lat' dir='ltr'>et</span> <span class='ocrx_word' id='word_1_143' title='bbox 1019 1472 1058 1506; x_wconf 89' lang='lat' dir='ltr'>ad</span> 
     </span>
     <span class='ocr_line' id='line_1_33' title="bbox 315 1520 1058 1562; baseline -0.003 -5"><span class='ocrx_word' id='word_1_144' title='bbox 315 1522 441 1557; x_wconf 88' lang='lat' dir='ltr'>easdem</span> <span class='ocrx_word' id='word_1_145' title='bbox 476 1521 626 1557; x_wconf 89' lang='lat' dir='ltr'>ecclesias</span> <span class='ocrx_word' id='word_1_146' title='bbox 660 1530 688 1556; x_wconf 91' lang='lat' dir='ltr'>et</span> <span class='ocrx_word' id='word_1_147' title='bbox 715 1521 841 1562; x_wconf 83' lang='lat' dir='ltr'>domos,</span> <span class='ocrx_word' id='word_1_148' title='bbox 875 1533 910 1555; x_wconf 89' lang='lat' dir='ltr'>ac</span> <span class='ocrx_word' id='word_1_149' title='bbox 941 1520 980 1556; x_wconf 88' lang='lat' dir='ltr'>de</span> <span class='ocrx_word' id='word_1_150' title='bbox 1010 1533 1058 1556; x_wconf 90' lang='lat' dir='ltr'>re-</span> 
     </span>
     <span class='ocr_line' id='line_1_34' title="bbox 315 1570 1058 1620; baseline -0.001 -14"><span class='ocrx_word' id='word_1_151' title='bbox 315 1571 475 1620; x_wconf 84' lang='lat' dir='ltr'>paratione</span> <span class='ocrx_word' id='word_1_152' title='bbox 508 1579 538 1606; x_wconf 88' lang='lat' dir='ltr'>et</span> <span class='ocrx_word' id='word_1_153' title='bbox 564 1571 799 1606; x_wconf 84' lang='lat' dir='ltr'>conservatione</span> <span class='ocrx_word' id='word_1_154' title='bbox 828 1570 1058 1617; x_wconf 88' lang='lat' dir='ltr'>praedictarum</span> 
     </span>
     <span class='ocr_line' id='line_1_35' title="bbox 315 1620 1058 1668; baseline 0 -13"><span class='ocrx_word' id='word_1_155' title='bbox 315 1633 427 1655; x_wconf 90' lang='lat' dir='ltr'>manus</span> <span class='ocrx_word' id='word_1_156' title='bbox 449 1621 590 1668; x_wconf 89' lang='lat' dir='ltr'>protinus</span> <span class='ocrx_word' id='word_1_157' title='bbox 613 1621 769 1667; x_wconf 84' lang='lat' dir='ltr'>porrigant</span> <span class='ocrx_word' id='word_1_158' title='bbox 792 1620 974 1658; x_wconf 75' lang='lat' dir='ltr'>adiutrices.</span> <span class='ocrx_word' id='word_1_159' title='bbox 996 1633 1058 1667; x_wconf 89' lang='lat' dir='ltr'>quo</span> 
     </span>
     <span class='ocr_line' id='line_1_36' title="bbox 315 1669 1058 1716; baseline 0 -12"><span class='ocrx_word' id='word_1_160' title='bbox 315 1683 352 1705; x_wconf 85' lang='lat' dir='ltr'>ex</span> <span class='ocrx_word' id='word_1_161' title='bbox 384 1669 444 1704; x_wconf 91' lang='lat' dir='ltr'>hoc</span> <span class='ocrx_word' id='word_1_162' title='bbox 471 1670 585 1705; x_wconf 84' lang='lat' dir='ltr'>ibidem</span> <span class='ocrx_word' id='word_1_163' title='bbox 620 1670 651 1704; x_wconf 93' lang='lat' dir='ltr'>in</span> <span class='ocrx_word' id='word_1_164' title='bbox 678 1670 773 1704; x_wconf 91' lang='lat' dir='ltr'>domo</span> <span class='ocrx_word' id='word_1_165' title='bbox 807 1670 952 1704; x_wconf 84' lang='lat' dir='ltr'>coelestis</span> <span class='ocrx_word' id='word_1_166' title='bbox 985 1682 1058 1716; x_wconf 86' lang='lat' dir='ltr'>gra-</span> 
     </span>
     <span class='ocr_line' id='line_1_37' title="bbox 316 1719 1058 1765; baseline 0.001 -12"><span class='ocrx_word' id='word_1_167' title='bbox 316 1720 376 1754; x_wconf 88' lang='lat' dir='ltr'>tiae</span> <span class='ocrx_word' id='word_1_168' title='bbox 410 1719 538 1755; x_wconf 86' lang='lat' dir='ltr'>uberius</span> <span class='ocrx_word' id='word_1_169' title='bbox 574 1719 793 1765; x_wconf 73' lang='lat' dir='ltr'>conspexerint</span> <span class='ocrx_word' id='word_1_170' title='bbox 834 1731 866 1752; x_wconf 90' lang='lat' dir='ltr'>se</span> <span class='ocrx_word' id='word_1_171' title='bbox 904 1719 1058 1757; x_wconf 84' lang='lat' dir='ltr'>refectos,¹</span> 
     </span>
     <span class='ocr_line' id='line_1_38' title="bbox 317 1767 1060 1816; baseline 0 -13"><span class='ocrx_word' id='word_1_172' title='bbox 317 1769 354 1803; x_wconf 85' lang='lat' dir='ltr'>de</span> <span class='ocrx_word' id='word_1_173' title='bbox 376 1769 602 1816; x_wconf 91' lang='lat' dir='ltr'>omnipotentis</span> <span class='ocrx_word' id='word_1_174' title='bbox 620 1767 676 1802; x_wconf 77' lang='lat' dir='ltr'>Dei</span> <span class='ocrx_word' id='word_1_175' title='bbox 699 1768 924 1807; x_wconf 83' lang='lat' dir='ltr'>misericordia,</span> <span class='ocrx_word' id='word_1_176' title='bbox 947 1776 975 1802; x_wconf 88' lang='lat' dir='ltr'>et</span> <span class='ocrx_word' id='word_1_177' title='bbox 990 1768 1060 1803; x_wconf 87' lang='lat' dir='ltr'>bea-</span> 
     </span>
     <span class='ocr_line' id='line_1_39' title="bbox 317 1817 1060 1864; baseline 0.001 -12"><span class='ocrx_word' id='word_1_178' title='bbox 317 1826 418 1853; x_wconf 90' lang='lat' dir='ltr'>torum</span> <span class='ocrx_word' id='word_1_179' title='bbox 446 1818 528 1853; x_wconf 91' lang='lat' dir='ltr'>Petri</span> <span class='ocrx_word' id='word_1_180' title='bbox 557 1826 588 1853; x_wconf 89' lang='lat' dir='ltr'>et</span> <span class='ocrx_word' id='word_1_181' title='bbox 619 1817 707 1852; x_wconf 90' lang='lat' dir='ltr'>Pauli</span> <span class='ocrx_word' id='word_1_182' title='bbox 742 1817 956 1864; x_wconf 90' lang='lat' dir='ltr'>apostolorum</span> <span class='ocrx_word' id='word_1_183' title='bbox 991 1819 1060 1853; x_wconf 87' lang='lat' dir='ltr'>eius</span> 
     </span>
     <span class='ocr_line' id='line_1_40' title="bbox 315 1866 1060 1914; baseline -0.001 -12"><span class='ocrx_word' id='word_1_184' title='bbox 315 1868 496 1902; x_wconf 91' lang='lat' dir='ltr'>auctoritate</span> <span class='ocrx_word' id='word_1_185' title='bbox 529 1866 655 1911; x_wconf 83' lang='lat' dir='ltr'>confisi,</span> <span class='ocrx_word' id='word_1_186' title='bbox 677 1867 823 1902; x_wconf 90' lang='lat' dir='ltr'>omnibus</span> <span class='ocrx_word' id='word_1_187' title='bbox 853 1879 924 1902; x_wconf 77' lang='lat' dir='ltr'>vere</span> <span class='ocrx_word' id='word_1_188' title='bbox 950 1868 1060 1914; x_wconf 88' lang='lat' dir='ltr'>poeni-</span> 
     </span>
     <span class='ocr_line' id='line_1_41' title="bbox 315 1916 1058 1963; baseline 0.003 -13"><span class='ocrx_word' id='word_1_189' title='bbox 315 1916 454 1952; x_wconf 90' lang='lat' dir='ltr'>tentibus</span> <span class='ocrx_word' id='word_1_190' title='bbox 480 1926 509 1951; x_wconf 89' lang='lat' dir='ltr'>et</span> <span class='ocrx_word' id='word_1_191' title='bbox 531 1916 701 1957; x_wconf 71' lang='lat' dir='ltr'>confessis,</span> <span class='ocrx_word' id='word_1_192' title='bbox 723 1917 777 1963; x_wconf 91' lang='lat' dir='ltr'>qui</span> <span class='ocrx_word' id='word_1_193' title='bbox 807 1917 838 1952; x_wconf 92' lang='lat' dir='ltr'>in</span> <span class='ocrx_word' id='word_1_194' title='bbox 866 1917 1058 1958; x_wconf 85' lang='lat' dir='ltr'>Nativitatis,</span> 
     </span>
     <span class='ocr_line' id='line_1_42' title="bbox 315 1965 1060 2013; baseline 0 -12"><span class='ocrx_word' id='word_1_195' title='bbox 315 1965 585 2007; x_wconf 84' lang='lat' dir='ltr'>Circumcisionis,</span> <span class='ocrx_word' id='word_1_196' title='bbox 611 1966 819 2013; x_wconf 79' lang='lat' dir='ltr'>Epiphaniae,</span> <span class='ocrx_word' id='word_1_197' title='bbox 842 1966 1060 2004; x_wconf 82' lang='lat' dir='ltr'>Resurrectio-</span> 
     </span>
     <span class='ocr_line' id='line_1_43' title="bbox 316 2016 1058 2057; baseline 0.001 -7"><span class='ocrx_word' id='word_1_198' title='bbox 316 2017 377 2056; x_wconf 85' lang='lat' dir='ltr'>nis,</span> <span class='ocrx_word' id='word_1_199' title='bbox 399 2017 613 2057; x_wconf 79' lang='lat' dir='ltr'>Ascensionis,</span> <span class='ocrx_word' id='word_1_200' title='bbox 641 2016 858 2057; x_wconf 84' lang='lat' dir='ltr'>Pentecostes;</span> <span class='ocrx_word' id='word_1_201' title='bbox 882 2029 1004 2051; x_wconf 87' lang='lat' dir='ltr'>necnon</span> <span class='ocrx_word' id='word_1_202' title='bbox 1028 2017 1058 2051; x_wconf 90' lang='lat' dir='ltr'>in</span> 
     </span>
     <span class='ocr_line' id='line_1_44' title="bbox 315 2065 1060 2113; baseline 0.001 -13"><span class='ocrx_word' id='word_1_203' title='bbox 315 2066 562 2113; x_wconf 81' lang='lat' dir='ltr'>Assumptionis,</span> <span class='ocrx_word' id='word_1_204' title='bbox 588 2065 775 2108; x_wconf 82' lang='lat' dir='ltr'>Nativitatis,</span> <span class='ocrx_word' id='word_1_205' title='bbox 802 2066 1060 2101; x_wconf 88' lang='lat' dir='ltr'>Annuntiationis</span> 
     </span>
     <span class='ocr_line' id='line_1_45' title="bbox 316 2115 1060 2155; baseline 0 -5"><span class='ocrx_word' id='word_1_206' title='bbox 316 2124 345 2150; x_wconf 88' lang='lat' dir='ltr'>et</span> <span class='ocrx_word' id='word_1_207' title='bbox 366 2115 602 2150; x_wconf 85' lang='lat' dir='ltr'>Purificationis</span> <span class='ocrx_word' id='word_1_208' title='bbox 622 2115 738 2150; x_wconf 87' lang='lat' dir='ltr'>Beatae</span> <span class='ocrx_word' id='word_1_209' title='bbox 760 2115 887 2155; x_wconf 84' lang='lat' dir='ltr'>Mariae,</span> <span class='ocrx_word' id='word_1_210' title='bbox 908 2128 944 2150; x_wconf 89' lang='lat' dir='ltr'>ac</span> <span class='ocrx_word' id='word_1_211' title='bbox 965 2128 981 2150; x_wconf 85' lang='lat' dir='ltr'>a</span> <span class='ocrx_word' id='word_1_212' title='bbox 1008 2115 1060 2150; x_wconf 93' lang='lat' dir='ltr'>do-</span> 
     </span>
     <span class='ocr_line' id='line_1_46' title="bbox 316 2165 1059 2213; baseline -0.001 -13"><span class='ocrx_word' id='word_1_213' title='bbox 316 2165 429 2200; x_wconf 90' lang='lat' dir='ltr'>minica</span> <span class='ocrx_word' id='word_1_214' title='bbox 447 2165 704 2213; x_wconf 84' lang='lat' dir='ltr'>Septuagesimae</span> <span class='ocrx_word' id='word_1_215' title='bbox 726 2165 888 2206; x_wconf 87' lang='lat' dir='ltr'>inclusive,</span> <span class='ocrx_word' id='word_1_216' title='bbox 903 2178 1003 2213; x_wconf 90' lang='lat' dir='ltr'>usque</span> <span class='ocrx_word' id='word_1_217' title='bbox 1021 2165 1059 2199; x_wconf 90' lang='lat' dir='ltr'>ad</span> 
     </span>
     <span class='ocr_line' id='line_1_47' title="bbox 315 2214 1060 2260; baseline -0.001 -11"><span class='ocrx_word' id='word_1_218' title='bbox 315 2214 505 2250; x_wconf 83' lang='lat' dir='ltr'>dominicam</span> <span class='ocrx_word' id='word_1_219' title='bbox 542 2216 570 2249; x_wconf 84' lang='lat' dir='ltr'>in</span> <span class='ocrx_word' id='word_1_220' title='bbox 600 2214 734 2257; x_wconf 88' lang='lat' dir='ltr'>Palmis,</span> <span class='ocrx_word' id='word_1_221' title='bbox 766 2221 795 2250; x_wconf 91' lang='lat' dir='ltr'>et</span> <span class='ocrx_word' id='word_1_222' title='bbox 821 2214 872 2249; x_wconf 88' lang='lat' dir='ltr'>die</span> <span class='ocrx_word' id='word_1_223' title='bbox 894 2214 1060 2260; x_wconf 86' lang='lat' dir='ltr'>Mercurii,</span> 
     </span>
     <span class='ocr_line' id='line_1_48' title="bbox 316 2263 1060 2300; baseline 0.001 -2"><span class='ocrx_word' id='word_1_224' title='bbox 316 2264 367 2299; x_wconf 92' lang='lat' dir='ltr'>die</span> <span class='ocrx_word' id='word_1_225' title='bbox 384 2263 465 2299; x_wconf 84' lang='lat' dir='ltr'>lovis</span> <span class='ocrx_word' id='word_1_226' title='bbox 486 2273 517 2299; x_wconf 88' lang='lat' dir='ltr'>et</span> <span class='ocrx_word' id='word_1_227' title='bbox 537 2264 586 2299; x_wconf 90' lang='lat' dir='ltr'>die</span> <span class='ocrx_word' id='word_1_228' title='bbox 601 2263 732 2299; x_wconf 87' lang='lat' dir='ltr'>Veneris</span> <span class='ocrx_word' id='word_1_229' title='bbox 746 2263 961 2300; x_wconf 85' lang='lat' dir='ltr'>hebdomadae</span> <span class='ocrx_word' id='word_1_230' title='bbox 979 2264 1060 2300; x_wconf 90' lang='lat' dir='ltr'>San-</span> 
     </span>
     <span class='ocr_line' id='line_1_49' title="bbox 317 2313 1061 2362; baseline -0.001 -14"><span class='ocrx_word' id='word_1_231' title='bbox 317 2322 395 2352; x_wconf 76' lang='lat' dir='ltr'>ctae.</span> <span class='ocrx_word' id='word_1_232' title='bbox 422 2326 458 2349; x_wconf 88' lang='lat' dir='ltr'>ac</span> <span class='ocrx_word' id='word_1_233' title='bbox 484 2314 659 2349; x_wconf 74' lang='lat' dir='ltr'>Nativitatis</span> <span class='ocrx_word' id='word_1_234' title='bbox 681 2313 763 2348; x_wconf 87' lang='lat' dir='ltr'>beati</span> <span class='ocrx_word' id='word_1_235' title='bbox 796 2313 922 2348; x_wconf 90' lang='lat' dir='ltr'>loannis</span> <span class='ocrx_word' id='word_1_236' title='bbox 952 2313 1061 2362; x_wconf 87' lang='lat' dir='ltr'>Bapti-</span> 
     </span>
     <span class='ocr_line' id='line_1_50' title="bbox 318 2362 1060 2411; baseline 0.001 -14"><span class='ocrx_word' id='word_1_237' title='bbox 318 2371 400 2407; x_wconf 86' lang='lat' dir='ltr'>stae,</span> <span class='ocrx_word' id='word_1_238' title='bbox 422 2375 457 2398; x_wconf 92' lang='lat' dir='ltr'>ac</span> <span class='ocrx_word' id='word_1_239' title='bbox 478 2363 691 2411; x_wconf 88' lang='lat' dir='ltr'>apostolorum</span> <span class='ocrx_word' id='word_1_240' title='bbox 719 2363 803 2398; x_wconf 92' lang='lat' dir='ltr'>Petri</span> <span class='ocrx_word' id='word_1_241' title='bbox 831 2372 862 2398; x_wconf 89' lang='lat' dir='ltr'>et</span> <span class='ocrx_word' id='word_1_242' title='bbox 889 2362 997 2404; x_wconf 81' lang='lat' dir='ltr'>Pauli,</span> <span class='ocrx_word' id='word_1_243' title='bbox 1030 2364 1060 2398; x_wconf 88' lang='lat' dir='ltr'>in</span> 
     </span>
     <span class='ocr_line' id='line_1_51' title="bbox 317 2413 1061 2461; baseline 0.001 -14"><span class='ocrx_word' id='word_1_244' title='bbox 317 2413 571 2448; x_wconf 77' lang='lat' dir='ltr'>solemnitatibus</span> <span class='ocrx_word' id='word_1_245' title='bbox 600 2413 824 2461; x_wconf 85' lang='lat' dir='ltr'>Apostolorum</span> <span class='ocrx_word' id='word_1_246' title='bbox 855 2421 885 2448; x_wconf 91' lang='lat' dir='ltr'>et</span> <span class='ocrx_word' id='word_1_247' title='bbox 921 2413 1061 2460; x_wconf 83' lang='lat' dir='ltr'>Evange-</span> 
     </span>
     <span class='ocr_line' id='line_1_52' title="bbox 318 2462 1059 2504; baseline 0.003 -9"><span class='ocrx_word' id='word_1_248' title='bbox 318 2462 470 2504; x_wconf 85' lang='lat' dir='ltr'>listarum,</span> <span class='ocrx_word' id='word_1_249' title='bbox 497 2475 531 2498; x_wconf 92' lang='lat' dir='ltr'>ac</span> <span class='ocrx_word' id='word_1_250' title='bbox 554 2463 584 2497; x_wconf 91' lang='lat' dir='ltr'>in</span> <span class='ocrx_word' id='word_1_251' title='bbox 612 2462 759 2498; x_wconf 87' lang='lat' dir='ltr'>omnibus</span> <span class='ocrx_word' id='word_1_252' title='bbox 783 2462 1001 2498; x_wconf 70' lang='lat' dir='ltr'>festivitatibus</span> <span class='ocrx_word' id='word_1_253' title='bbox 1027 2462 1059 2497; x_wconf 89' lang='lat' dir='ltr'>S.</span> 
     </span>
     <span class='ocr_line' id='line_1_53' title="bbox 318 2510 1062 2557; baseline 0.003 -12"><span class='ocrx_word' id='word_1_254' title='bbox 318 2510 510 2557; x_wconf 83' lang='lat' dir='ltr'>Augustini,</span> <span class='ocrx_word' id='word_1_255' title='bbox 543 2512 633 2548; x_wconf 89' lang='lat' dir='ltr'>dictis</span> <span class='ocrx_word' id='word_1_256' title='bbox 670 2512 821 2547; x_wconf 88' lang='lat' dir='ltr'>Ecclesiis</span> <span class='ocrx_word' id='word_1_257' title='bbox 856 2511 1062 2547; x_wconf 85' lang='lat' dir='ltr'>dedicationis</span> 
     </span>
     <span class='ocr_line' id='line_1_54' title="bbox 320 2560 1062 2606; baseline 0.004 -13"><span class='ocrx_word' id='word_1_258' title='bbox 320 2560 549 2606; x_wconf 72' lang='lat' dir='ltr'>festivitatibus,</span> <span class='ocrx_word' id='word_1_259' title='bbox 565 2570 595 2596; x_wconf 88' lang='lat' dir='ltr'>et</span> <span class='ocrx_word' id='word_1_260' title='bbox 617 2562 793 2597; x_wconf 90' lang='lat' dir='ltr'>celebritate</span> <span class='ocrx_word' id='word_1_261' title='bbox 807 2561 958 2597; x_wconf 89' lang='lat' dir='ltr'>Omnium</span> <span class='ocrx_word' id='word_1_262' title='bbox 980 2561 1062 2597; x_wconf 90' lang='lat' dir='ltr'>San-</span> 
     </span>
     <span class='ocr_line' id='line_1_55' title="bbox 320 2610 1063 2658; baseline 0.004 -15"><span class='ocrx_word' id='word_1_263' title='bbox 320 2617 457 2650; x_wconf 81' lang='lat' dir='ltr'>ctorum;</span> <span class='ocrx_word' id='word_1_264' title='bbox 480 2620 508 2645; x_wconf 90' lang='lat' dir='ltr'>et</span> <span class='ocrx_word' id='word_1_265' title='bbox 531 2612 614 2658; x_wconf 89' lang='lat' dir='ltr'>ipsas</span> <span class='ocrx_word' id='word_1_266' title='bbox 631 2611 816 2655; x_wconf 87' lang='lat' dir='ltr'>Nativitatis,</span> <span class='ocrx_word' id='word_1_267' title='bbox 838 2610 1063 2646; x_wconf 90' lang='lat' dir='ltr'>Circumcisio-</span> 
     </span>
     <span class='ocr_line' id='line_1_56' title="bbox 321 2658 1062 2707; baseline 0.005 -15"><span class='ocrx_word' id='word_1_268' title='bbox 321 2658 380 2703; x_wconf 82' lang='lat' dir='ltr'>nis,</span> <span class='ocrx_word' id='word_1_269' title='bbox 409 2658 612 2707; x_wconf 82' lang='lat' dir='ltr'>Epiphaniae,</span> <span class='ocrx_word' id='word_1_270' title='bbox 639 2660 908 2705; x_wconf 82' lang='lat' dir='ltr'>Resurrectionis‚</span> <span class='ocrx_word' id='word_1_271' title='bbox 935 2661 1062 2696; x_wconf 78' lang='lat' dir='ltr'>Ascen-</span> 
     </span>
    </p>
   </div>
   <div class='ocr_carea' id='block_1_5' title="bbox 1078 1283 1081 2146">
    <p class='ocr_par' dir='ltr' id='par_1_6' title="bbox 1078 1283 1081 2146">
     <span class='ocr_line' id='line_1_57' title="bbox 1078 1283 1081 2146; baseline 0 0"><span class='ocrx_word' id='word_1_272' title='bbox 1078 1283 1081 2146; x_wconf 95' lang='lat' dir='ltr'> </span> 
     </span>
    </p>
   </div>
   <div class='ocr_carea' id='block_1_6' title="bbox 900 277 1273 301">
    <p class='ocr_par' dir='ltr' id='par_1_7' title="bbox 900 277 1273 301">
     <span class='ocr_line' id='line_1_58' title="bbox 900 277 1273 301; baseline -0.005 0"><span class='ocrx_word' id='word_1_273' title='bbox 900 278 1086 301; x_wconf 59' lang='lat' dir='ltr'>natantum</span> <span class='ocrx_word' id='word_1_274' title='bbox 1112 277 1273 300; x_wconf 59' lang='lat' dir='ltr'>Romanum</span> 
     </span>
    </p>
   </div>
   <div class='ocr_carea' id='block_1_7' title="bbox 1098 328 1846 1420">
    <p class='ocr_par' dir='ltr' id='par_1_8' title="bbox 1098 328 1846 1321">
     <span class='ocr_line' id='line_1_59' title="bbox 1098 328 1842 372; baseline -0.003 -7"><span class='ocrx_word' id='word_1_275' title='bbox 1098 330 1209 371; x_wconf 91' lang='lat' dir='ltr'>sionis,</span> <span class='ocrx_word' id='word_1_276' title='bbox 1239 330 1456 372; x_wconf 83' lang='lat' dir='ltr'>Pentecostes;</span> <span class='ocrx_word' id='word_1_277' title='bbox 1493 342 1614 366; x_wconf 87' lang='lat' dir='ltr'>necnon</span> <span class='ocrx_word' id='word_1_278' title='bbox 1645 328 1842 370; x_wconf 86' lang='lat' dir='ltr'>Nativitatis,</span> 
     </span>
     <span class='ocr_line' id='line_1_60' title="bbox 1099 378 1842 428; baseline 0 -14"><span class='ocrx_word' id='word_1_279' title='bbox 1099 380 1334 428; x_wconf 82' lang='lat' dir='ltr'>Assumptionis</span> <span class='ocrx_word' id='word_1_280' title='bbox 1359 380 1396 416; x_wconf 93' lang='lat' dir='ltr'>B.</span> <span class='ocrx_word' id='word_1_281' title='bbox 1421 380 1534 416; x_wconf 87' lang='lat' dir='ltr'>Mariae</span> <span class='ocrx_word' id='word_1_282' title='bbox 1555 388 1587 415; x_wconf 87' lang='lat' dir='ltr'>et</span> <span class='ocrx_word' id='word_1_283' title='bbox 1612 378 1778 415; x_wconf 86' lang='lat' dir='ltr'>Nativitate</span> <span class='ocrx_word' id='word_1_284' title='bbox 1804 378 1842 414; x_wconf 87' lang='lat' dir='ltr'>B.</span> 
     </span>
     <span class='ocr_line' id='line_1_61' title="bbox 1099 428 1842 478; baseline -0.001 -14"><span class='ocrx_word' id='word_1_285' title='bbox 1099 429 1225 465; x_wconf 86' lang='lat' dir='ltr'>loannis</span> <span class='ocrx_word' id='word_1_286' title='bbox 1256 430 1432 478; x_wconf 79' lang='lat' dir='ltr'>Baptistae,</span> <span class='ocrx_word' id='word_1_287' title='bbox 1461 438 1492 465; x_wconf 92' lang='lat' dir='ltr'>et</span> <span class='ocrx_word' id='word_1_288' title='bbox 1517 428 1730 477; x_wconf 89' lang='lat' dir='ltr'>apostolorum</span> <span class='ocrx_word' id='word_1_289' title='bbox 1757 428 1842 464; x_wconf 85' lang='lat' dir='ltr'>Petri</span> 
     </span>
     <span class='ocr_line' id='line_1_62' title="bbox 1098 479 1843 527; baseline 0 -13"><span class='ocrx_word' id='word_1_290' title='bbox 1098 488 1129 514; x_wconf 90' lang='lat' dir='ltr'>et</span> <span class='ocrx_word' id='word_1_291' title='bbox 1158 479 1246 515; x_wconf 91' lang='lat' dir='ltr'>Pauli</span> <span class='ocrx_word' id='word_1_292' title='bbox 1275 480 1502 527; x_wconf 89' lang='lat' dir='ltr'>praedictarum</span> <span class='ocrx_word' id='word_1_293' title='bbox 1529 479 1730 514; x_wconf 85' lang='lat' dir='ltr'>festivitatum</span> <span class='ocrx_word' id='word_1_294' title='bbox 1756 487 1843 514; x_wconf 89' lang='lat' dir='ltr'>octa-</span> 
     </span>
     <span class='ocr_line' id='line_1_63' title="bbox 1098 528 1843 577; baseline 0 -13"><span class='ocrx_word' id='word_1_295' title='bbox 1098 541 1162 569; x_wconf 86' lang='lat' dir='ltr'>vas,</span> <span class='ocrx_word' id='word_1_296' title='bbox 1191 530 1343 577; x_wconf 89' lang='lat' dir='ltr'>praefatas</span> <span class='ocrx_word' id='word_1_297' title='bbox 1382 530 1531 565; x_wconf 88' lang='lat' dir='ltr'>ecclesias</span> <span class='ocrx_word' id='word_1_298' title='bbox 1554 529 1665 564; x_wconf 90' lang='lat' dir='ltr'>devote</span> <span class='ocrx_word' id='word_1_299' title='bbox 1691 528 1843 564; x_wconf 86' lang='lat' dir='ltr'>visitave—</span> 
     </span>
     <span class='ocr_line' id='line_1_64' title="bbox 1098 578 1843 626; baseline 0.001 -13"><span class='ocrx_word' id='word_1_300' title='bbox 1098 579 1160 613; x_wconf 88' lang='lat' dir='ltr'>rint</span> <span class='ocrx_word' id='word_1_301' title='bbox 1186 581 1372 624; x_wconf 67' lang='lat' dir='ltr'>annuafim,</span> <span class='ocrx_word' id='word_1_302' title='bbox 1409 588 1439 614; x_wconf 93' lang='lat' dir='ltr'>et</span> <span class='ocrx_word' id='word_1_303' title='bbox 1473 579 1511 614; x_wconf 89' lang='lat' dir='ltr'>ad</span> <span class='ocrx_word' id='word_1_304' title='bbox 1548 578 1772 626; x_wconf 88' lang='lat' dir='ltr'>reparationem</span> <span class='ocrx_word' id='word_1_305' title='bbox 1811 586 1843 614; x_wconf 88' lang='lat' dir='ltr'>et</span> 
     </span>
     <span class='ocr_line' id='line_1_65' title="bbox 1098 628 1842 676; baseline 0 -13"><span class='ocrx_word' id='word_1_306' title='bbox 1098 629 1366 664; x_wconf 84' lang='lat' dir='ltr'>conservationem</span> <span class='ocrx_word' id='word_1_307' title='bbox 1387 628 1617 676; x_wconf 88' lang='lat' dir='ltr'>praedictarum</span> <span class='ocrx_word' id='word_1_308' title='bbox 1637 641 1749 663; x_wconf 89' lang='lat' dir='ltr'>manus</span> <span class='ocrx_word' id='word_1_309' title='bbox 1775 640 1842 676; x_wconf 91' lang='lat' dir='ltr'>por-</span> 
     </span>
     <span class='ocr_line' id='line_1_66' title="bbox 1100 677 1843 725; baseline 0 -13"><span class='ocrx_word' id='word_1_310' title='bbox 1100 679 1235 713; x_wconf 85' lang='lat' dir='ltr'>rexerint</span> <span class='ocrx_word' id='word_1_311' title='bbox 1261 678 1439 718; x_wconf 86' lang='lat' dir='ltr'>adiutrices,</span> <span class='ocrx_word' id='word_1_312' title='bbox 1463 686 1497 712; x_wconf 91' lang='lat' dir='ltr'>ut</span> <span class='ocrx_word' id='word_1_313' title='bbox 1525 677 1710 725; x_wconf 83' lang='lat' dir='ltr'>praefertur,</span> <span class='ocrx_word' id='word_1_314' title='bbox 1732 677 1843 724; x_wconf 86' lang='lat' dir='ltr'>singu-</span> 
     </span>
     <span class='ocr_line' id='line_1_67' title="bbox 1098 728 1842 768; baseline -0.001 -6"><span class='ocrx_word' id='word_1_315' title='bbox 1098 728 1142 763; x_wconf 87' lang='lat' dir='ltr'>las</span> <span class='ocrx_word' id='word_1_316' title='bbox 1157 728 1299 763; x_wconf 90' lang='lat' dir='ltr'>videlicet</span> <span class='ocrx_word' id='word_1_317' title='bbox 1312 728 1527 768; x_wconf 79' lang='lat' dir='ltr'>festivitatum,</span> <span class='ocrx_word' id='word_1_318' title='bbox 1544 736 1691 762; x_wconf 89' lang='lat' dir='ltr'>eteorum</span> <span class='ocrx_word' id='word_1_319' title='bbox 1708 735 1842 766; x_wconf 85' lang='lat' dir='ltr'>octavas,</span> 
     </span>
     <span class='ocr_line' id='line_1_68' title="bbox 1098 776 1842 825; baseline -0.001 -13"><span class='ocrx_word' id='word_1_320' title='bbox 1098 786 1128 811; x_wconf 87' lang='lat' dir='ltr'>et</span> <span class='ocrx_word' id='word_1_321' title='bbox 1154 777 1335 813; x_wconf 89' lang='lat' dir='ltr'>celebritate</span> <span class='ocrx_word' id='word_1_322' title='bbox 1367 785 1399 812; x_wconf 91' lang='lat' dir='ltr'>et</span> <span class='ocrx_word' id='word_1_323' title='bbox 1429 777 1551 813; x_wconf 88' lang='lat' dir='ltr'>dierum</span> <span class='ocrx_word' id='word_1_324' title='bbox 1588 776 1842 825; x_wconf 85' lang='lat' dir='ltr'>praedictorum,</span> 
     </span>
     <span class='ocr_line' id='line_1_69' title="bbox 1099 826 1844 875; baseline 0.001 -15"><span class='ocrx_word' id='word_1_325' title='bbox 1099 826 1242 862; x_wconf 86' lang='lat' dir='ltr'>videlicet</span> <span class='ocrx_word' id='word_1_326' title='bbox 1256 839 1272 862; x_wconf 89' lang='lat' dir='ltr'>a</span> <span class='ocrx_word' id='word_1_327' title='bbox 1291 827 1447 862; x_wconf 87' lang='lat' dir='ltr'>dominica</span> <span class='ocrx_word' id='word_1_328' title='bbox 1474 826 1727 875; x_wconf 85' lang='lat' dir='ltr'>septuagesimae</span> <span class='ocrx_word' id='word_1_329' title='bbox 1743 838 1844 874; x_wconf 89' lang='lat' dir='ltr'>usque</span> 
     </span>
     <span class='ocr_line' id='line_1_70' title="bbox 1098 876 1846 917; baseline 0.003 -7"><span class='ocrx_word' id='word_1_330' title='bbox 1098 876 1136 911; x_wconf 88' lang='lat' dir='ltr'>ad</span> <span class='ocrx_word' id='word_1_331' title='bbox 1158 876 1349 912; x_wconf 86' lang='lat' dir='ltr'>dominicam</span> <span class='ocrx_word' id='word_1_332' title='bbox 1375 876 1566 917; x_wconf 77' lang='lat' dir='ltr'>palmarum,</span> <span class='ocrx_word' id='word_1_333' title='bbox 1588 876 1675 912; x_wconf 83' lang='lat' dir='ltr'>mille</span> <span class='ocrx_word' id='word_1_334' title='bbox 1701 888 1801 912; x_wconf 90' lang='lat' dir='ltr'>annos</span> <span class='ocrx_word' id='word_1_335' title='bbox 1814 884 1846 912; x_wconf 87' lang='lat' dir='ltr'>et</span> 
     </span>
     <span class='ocr_line' id='line_1_71' title="bbox 1099 926 1845 973; baseline 0.001 -13"><span class='ocrx_word' id='word_1_336' title='bbox 1099 926 1228 961; x_wconf 89' lang='lat' dir='ltr'>totidem</span> <span class='ocrx_word' id='word_1_337' title='bbox 1261 926 1486 973; x_wconf 85' lang='lat' dir='ltr'>quadragenas,</span> <span class='ocrx_word' id='word_1_338' title='bbox 1514 926 1638 961; x_wconf 90' lang='lat' dir='ltr'>illorum</span> <span class='ocrx_word' id='word_1_339' title='bbox 1666 937 1739 961; x_wconf 89' lang='lat' dir='ltr'>vero</span> <span class='ocrx_word' id='word_1_340' title='bbox 1769 934 1845 961; x_wconf 85' lang='lat' dir='ltr'>tan-</span> 
     </span>
     <span class='ocr_line' id='line_1_72' title="bbox 1098 975 1846 1023; baseline 0 -13"><span class='ocrx_word' id='word_1_341' title='bbox 1098 984 1163 1010; x_wconf 89' lang='lat' dir='ltr'>tum</span> <span class='ocrx_word' id='word_1_342' title='bbox 1187 976 1310 1011; x_wconf 88' lang='lat' dir='ltr'>dierum</span> <span class='ocrx_word' id='word_1_343' title='bbox 1333 975 1565 1023; x_wconf 88' lang='lat' dir='ltr'>praedictorum</span> <span class='ocrx_word' id='word_1_344' title='bbox 1589 975 1712 1017; x_wconf 89' lang='lat' dir='ltr'>diebus,</span> <span class='ocrx_word' id='word_1_345' title='bbox 1728 975 1846 1023; x_wconf 88' lang='lat' dir='ltr'>quibus</span> 
     </span>
     <span class='ocr_line' id='line_1_73' title="bbox 1100 1024 1844 1071; baseline 0 -11"><span class='ocrx_word' id='word_1_346' title='bbox 1100 1024 1271 1071; x_wconf 88' lang='lat' dir='ltr'>praedictas</span> <span class='ocrx_word' id='word_1_347' title='bbox 1304 1024 1462 1060; x_wconf 87' lang='lat' dir='ltr'>Ecclesias</span> <span class='ocrx_word' id='word_1_348' title='bbox 1496 1025 1706 1069; x_wconf 86' lang='lat' dir='ltr'>visitaverint,</span> <span class='ocrx_word' id='word_1_349' title='bbox 1741 1033 1771 1060; x_wconf 88' lang='lat' dir='ltr'>et</span> <span class='ocrx_word' id='word_1_350' title='bbox 1805 1025 1844 1060; x_wconf 87' lang='lat' dir='ltr'>ad</span> 
     </span>
     <span class='ocr_line' id='line_1_74' title="bbox 1100 1075 1844 1121; baseline 0.003 -13"><span class='ocrx_word' id='word_1_351' title='bbox 1100 1076 1327 1121; x_wconf 88' lang='lat' dir='ltr'>reparationem</span> <span class='ocrx_word' id='word_1_352' title='bbox 1359 1083 1389 1109; x_wconf 88' lang='lat' dir='ltr'>et</span> <span class='ocrx_word' id='word_1_353' title='bbox 1414 1075 1683 1110; x_wconf 86' lang='lat' dir='ltr'>conservationem</span> <span class='ocrx_word' id='word_1_354' title='bbox 1711 1087 1844 1110; x_wconf 85' lang='lat' dir='ltr'>earum-</span> 
     </span>
     <span class='ocr_line' id='line_1_75' title="bbox 1098 1123 1843 1171; baseline 0.003 -13"><span class='ocrx_word' id='word_1_355' title='bbox 1098 1123 1168 1159; x_wconf 90' lang='lat' dir='ltr'>dem</span> <span class='ocrx_word' id='word_1_356' title='bbox 1203 1136 1314 1159; x_wconf 87' lang='lat' dir='ltr'>manus</span> <span class='ocrx_word' id='word_1_357' title='bbox 1349 1125 1543 1171; x_wconf 86' lang='lat' dir='ltr'>porrexerint</span> <span class='ocrx_word' id='word_1_358' title='bbox 1579 1125 1770 1166; x_wconf 90' lang='lat' dir='ltr'>adiutrices,</span> <span class='ocrx_word' id='word_1_359' title='bbox 1809 1133 1843 1160; x_wconf 91' lang='lat' dir='ltr'>ut</span> 
     </span>
     <span class='ocr_line' id='line_1_76' title="bbox 1101 1173 1843 1222; baseline 0.001 -14"><span class='ocrx_word' id='word_1_360' title='bbox 1101 1173 1293 1220; x_wconf 78' lang='lat' dir='ltr'>praefertur,</span> <span class='ocrx_word' id='word_1_361' title='bbox 1320 1186 1335 1208; x_wconf 88' lang='lat' dir='ltr'>a</span> <span class='ocrx_word' id='word_1_362' title='bbox 1365 1186 1463 1222; x_wconf 91' lang='lat' dir='ltr'>poena</span> <span class='ocrx_word' id='word_1_363' title='bbox 1489 1183 1519 1209; x_wconf 89' lang='lat' dir='ltr'>et</span> <span class='ocrx_word' id='word_1_364' title='bbox 1551 1187 1567 1209; x_wconf 90' lang='lat' dir='ltr'>a</span> <span class='ocrx_word' id='word_1_365' title='bbox 1600 1174 1691 1221; x_wconf 88' lang='lat' dir='ltr'>culpa</span> <span class='ocrx_word' id='word_1_366' title='bbox 1721 1175 1843 1209; x_wconf 86' lang='lat' dir='ltr'>miseri-</span> 
     </span>
     <span class='ocr_line' id='line_1_77' title="bbox 1099 1223 1844 1271; baseline 0.001 -13"><span class='ocrx_word' id='word_1_367' title='bbox 1099 1224 1235 1259; x_wconf 89' lang='lat' dir='ltr'>corditer</span> <span class='ocrx_word' id='word_1_368' title='bbox 1263 1223 1450 1259; x_wconf 78' lang='lat' dir='ltr'>relaxamus.</span> <span class='ocrx_word' id='word_1_369' title='bbox 1483 1223 1708 1260; x_wconf 90' lang='lat' dir='ltr'>Praesentibus</span> <span class='ocrx_word' id='word_1_370' title='bbox 1731 1235 1844 1271; x_wconf 86' lang='lat' dir='ltr'>perpe-</span> 
     </span>
     <span class='ocr_line' id='line_1_78' title="bbox 1099 1272 1707 1321; baseline 0.002 -14"><span class='ocrx_word' id='word_1_371' title='bbox 1099 1273 1161 1308; x_wconf 88' lang='lat' dir='ltr'>tuis</span> <span class='ocrx_word' id='word_1_372' title='bbox 1187 1272 1299 1308; x_wconf 88' lang='lat' dir='ltr'>futuris</span> <span class='ocrx_word' id='word_1_373' title='bbox 1320 1273 1517 1321; x_wconf 82' lang='lat' dir='ltr'>temporibus</span> <span class='ocrx_word' id='word_1_374' title='bbox 1537 1273 1707 1308; x_wconf 82' lang='lat' dir='ltr'>duraturis.</span> 
     </span>
    </p>

    <p class='ocr_par' dir='ltr' id='par_1_9' title="bbox 1100 1321 1843 1420">
     <span class='ocr_line' id='line_1_79' title="bbox 1147 1321 1843 1368; baseline 0.001 -11"><span class='ocrx_word' id='word_1_375' title='bbox 1147 1321 1263 1357; x_wconf 93' lang='lat' dir='ltr'>Datum</span> <span class='ocrx_word' id='word_1_376' title='bbox 1289 1322 1433 1358; x_wconf 88' lang='lat' dir='ltr'>Laterani</span> <span class='ocrx_word' id='word_1_377' title='bbox 1459 1331 1546 1358; x_wconf 83' lang='lat' dir='ltr'>sexto</span> <span class='ocrx_word' id='word_1_378' title='bbox 1574 1323 1724 1358; x_wconf 88' lang='lat' dir='ltr'>kalendas</span> <span class='ocrx_word' id='word_1_379' title='bbox 1757 1323 1843 1368; x_wconf 90' lang='lat' dir='ltr'>maii,</span> 
     </span>
     <span class='ocr_line' id='line_1_80' title="bbox 1100 1372 1670 1420; baseline 0 -13"><span class='ocrx_word' id='word_1_380' title='bbox 1100 1372 1298 1418; x_wconf 88' lang='lat' dir='ltr'>pontificatus</span> <span class='ocrx_word' id='word_1_381' title='bbox 1323 1372 1423 1408; x_wconf 88' lang='lat' dir='ltr'>nostri</span> <span class='ocrx_word' id='word_1_382' title='bbox 1449 1385 1532 1407; x_wconf 89' lang='lat' dir='ltr'>anno</span> <span class='ocrx_word' id='word_1_383' title='bbox 1559 1374 1670 1420; x_wconf 88' lang='lat' dir='ltr'>primo.</span> 
     </span>
    </p>
   </div>
   <div class='ocr_carea' id='block_1_8' title="bbox 1138 1434 1803 1475">
    <p class='ocr_par' dir='ltr' id='par_1_10' title="bbox 1138 1434 1803 1475">
     <span class='ocr_line' id='line_1_81' title="bbox 1138 1434 1803 1475; baseline 0.005 -13"><span class='ocrx_word' id='word_1_384' title='bbox 1138 1434 1198 1464; x_wconf 79' lang='lat' dir='ltr'>Dat.</span> <span class='ocrx_word' id='word_1_385' title='bbox 1217 1435 1264 1464; x_wconf 90' lang='lat' dir='ltr'>die</span> <span class='ocrx_word' id='word_1_386' title='bbox 1281 1435 1319 1465; x_wconf 68' lang='lat'>26</span> <span class='ocrx_word' id='word_1_387' title='bbox 1337 1435 1438 1475; x_wconf 87' lang='lat' dir='ltr'>aprilis</span> <span class='ocrx_word' id='word_1_388' title='bbox 1458 1435 1543 1472; x_wconf 67' lang='lat'>1244,</span> <span class='ocrx_word' id='word_1_389' title='bbox 1565 1435 1668 1475; x_wconf 88' lang='lat' dir='ltr'>pontis.</span> <span class='ocrx_word' id='word_1_390' title='bbox 1686 1445 1761 1465; x_wconf 89' lang='lat' dir='ltr'>anno</span> <span class='ocrx_word' id='word_1_391' title='bbox 1782 1445 1803 1466; x_wconf 88' lang='lat' dir='ltr'>I.</span> 
     </span>
    </p>
   </div>
   <div class='ocr_carea' id='block_1_9' title="bbox 1393 1499 1549 1506">
    <p class='ocr_par' dir='ltr' id='par_1_11' title="bbox 1393 1499 1549 1506">
     <span class='ocr_line' id='line_1_82' title="bbox 1393 1499 1549 1506; baseline 0 1717"><span class='ocrx_word' id='word_1_392' title='bbox 1393 1499 1549 1506; x_wconf 95' lang='lat' dir='ltr'> </span> 
     </span>
    </p>
   </div>
   <div class='ocr_carea' id='block_1_10' title="bbox 1444 1562 1496 1596">
    <p class='ocr_par' dir='ltr' id='par_1_12' title="bbox 1444 1562 1496 1596">
     <span class='ocr_line' id='line_1_83' title="bbox 1444 1562 1496 1596; baseline -0.019 0"><span class='ocrx_word' id='word_1_393' title='bbox 1444 1562 1496 1596; x_wconf 89' lang='lat' dir='ltr'>IV.</span> 
     </span>
    </p>
   </div>
   <div class='ocr_carea' id='block_1_11' title="bbox 1099 1629 1847 2143">
    <p class='ocr_par' dir='ltr' id='par_1_13' title="bbox 1099 1629 1846 1871">
     <span class='ocr_line' id='line_1_84' title="bbox 1099 1629 1845 1674; baseline 0.004 -13"><span class='ocrx_word' id='word_1_394' title='bbox 1099 1629 1245 1663; x_wconf 83' lang='lat' dir='ltr'>Hortatio</span> <span class='ocrx_word' id='word_1_395' title='bbox 1271 1631 1313 1663; x_wconf 83' lang='lat' dir='ltr'>ad</span> <span class='ocrx_word' id='word_1_396' title='bbox 1343 1640 1439 1674; x_wconf 72' lang='lat' dir='ltr'>reyem</span> <span class='ocrx_word' id='word_1_397' title='bbox 1468 1630 1631 1668; x_wconf 78' lang='lat' dir='ltr'>Franct&#39;ae,</span> <span class='ocrx_word' id='word_1_398' title='bbox 1669 1637 1702 1664; x_wconf 81' lang='lat' dir='ltr'>ut</span> <span class='ocrx_word' id='word_1_399' title='bbox 1733 1631 1766 1664; x_wconf 77' lang='lat' dir='ltr'>t&#39;n</span> <span class='ocrx_word' id='word_1_400' title='bbox 1790 1643 1845 1665; x_wconf 83' lang='lat' dir='ltr'>suo</span> 
     </span>
     <span class='ocr_line' id='line_1_85' title="bbox 1146 1680 1845 1723; baseline 0.003 -11"><span class='ocrx_word' id='word_1_401' title='bbox 1146 1690 1239 1723; x_wconf 67' lang='lat' dir='ltr'>regno</span> <span class='ocrx_word' id='word_1_402' title='bbox 1272 1680 1460 1712; x_wconf 82' lang='lat' dir='ltr'>concremari</span> <span class='ocrx_word' id='word_1_403' title='bbox 1489 1680 1586 1722; x_wconf 80' lang='lat' dir='ltr'>saciat</span> <span class='ocrx_word' id='word_1_404' title='bbox 1622 1680 1733 1713; x_wconf 82' lang='lat' dir='ltr'>librum</span> <span class='ocrx_word' id='word_1_405' title='bbox 1761 1680 1845 1714; x_wconf 84' lang='lat' dir='ltr'>Tal-</span> 
     </span>
     <span class='ocr_line' id='line_1_86' title="bbox 1147 1729 1845 1774; baseline 0.003 -13"><span class='ocrx_word' id='word_1_406' title='bbox 1147 1729 1232 1767; x_wconf 83' lang='lat' dir='ltr'>mud,</span> <span class='ocrx_word' id='word_1_407' title='bbox 1256 1740 1315 1773; x_wconf 80' lang='lat' dir='ltr'>quo</span> <span class='ocrx_word' id='word_1_408' title='bbox 1347 1735 1474 1762; x_wconf 77' lang='lat' dir='ltr'>utuntur</span> <span class='ocrx_word' id='word_1_409' title='bbox 1503 1730 1619 1767; x_wconf 80' lang='lat' dir='ltr'>iudaei,</span> <span class='ocrx_word' id='word_1_410' title='bbox 1640 1729 1740 1774; x_wconf 72' lang='lat' dir='ltr'>eisque</span> <span class='ocrx_word' id='word_1_411' title='bbox 1761 1741 1845 1774; x_wconf 84' lang='lat' dir='ltr'>pro—</span> 
     </span>
     <span class='ocr_line' id='line_1_87' title="bbox 1148 1778 1846 1813; baseline 0.003 -3"><span class='ocrx_word' id='word_1_412' title='bbox 1148 1778 1247 1811; x_wconf 83' lang='lat' dir='ltr'>hibeat</span> <span class='ocrx_word' id='word_1_413' title='bbox 1264 1778 1393 1811; x_wconf 79' lang='lat' dir='ltr'>nutrices</span> <span class='ocrx_word' id='word_1_414' title='bbox 1414 1784 1440 1811; x_wconf 83' lang='lat' dir='ltr'>et</span> <span class='ocrx_word' id='word_1_415' title='bbox 1461 1779 1617 1812; x_wconf 79' lang='lat' dir='ltr'>servientes</span> <span class='ocrx_word' id='word_1_416' title='bbox 1635 1779 1743 1812; x_wconf 77' lang='lat' dir='ltr'>habere</span> <span class='ocrx_word' id='word_1_417' title='bbox 1761 1779 1846 1813; x_wconf 77' lang='lat' dir='ltr'>chri-</span> 
     </span>
     <span class='ocr_line' id='line_1_88' title="bbox 1148 1828 1330 1871; baseline 0.005 -12"><span class='ocrx_word' id='word_1_418' title='bbox 1148 1828 1330 1871; x_wconf 80' lang='lat' dir='ltr'>stianos(1).</span> 
     </span>
    </p>

    <p class='ocr_par' dir='ltr' id='par_1_14' title="bbox 1369 1887 1582 1919">
     <span class='ocr_line' id='line_1_89' title="bbox 1369 1887 1582 1919; baseline 0 -1"><span class='ocrx_word' id='word_1_419' title='bbox 1369 1887 1582 1919; x_wconf 79' lang='lat' dir='ltr'>SUMMARIUM</span> 
     </span>
    </p>

    <p class='ocr_par' dir='ltr' id='par_1_15' title="bbox 1100 1941 1847 2143">
     <span class='ocr_line' id='line_1_90' title="bbox 1100 1941 1844 1980; baseline 0.004 -9"><span class='ocrx_word' id='word_1_420' title='bbox 1100 1941 1273 1971; x_wconf 88' lang='lat' dir='ltr'>ludaeorum</span> <span class='ocrx_word' id='word_1_421' title='bbox 1296 1941 1466 1980; x_wconf 85' lang='lat' dir='ltr'>iniquitates</span> <span class='ocrx_word' id='word_1_422' title='bbox 1488 1942 1605 1972; x_wconf 87' lang='lat' dir='ltr'>multae.</span> <span class='ocrx_word' id='word_1_423' title='bbox 1620 1958 1659 1965; x_wconf 90' lang='lat'>--</span> <span class='ocrx_word' id='word_1_424' title='bbox 1674 1942 1700 1972; x_wconf 85' lang='lat'>1.</span> <span class='ocrx_word' id='word_1_425' title='bbox 1721 1942 1844 1974; x_wconf 87' lang='lat' dir='ltr'>Talmud</span> 
     </span>
     <span class='ocr_line' id='line_1_91' title="bbox 1141 1981 1846 2021; baseline 0.006 -11"><span class='ocrx_word' id='word_1_426' title='bbox 1141 1981 1214 2011; x_wconf 86' lang='lat' dir='ltr'>tiber</span> <span class='ocrx_word' id='word_1_427' title='bbox 1241 1981 1360 2019; x_wconf 88' lang='lat' dir='ltr'>impius.</span> <span class='ocrx_word' id='word_1_428' title='bbox 1385 1982 1460 2012; x_wconf 71' lang='grc'>-2,</span> <span class='ocrx_word' id='word_1_429' title='bbox 1472 1981 1564 2018; x_wconf 87' lang='lat' dir='ltr'>Quam</span> <span class='ocrx_word' id='word_1_430' title='bbox 1578 1983 1617 2012; x_wconf 89' lang='lat' dir='ltr'>sit</span> <span class='ocrx_word' id='word_1_431' title='bbox 1635 1982 1803 2021; x_wconf 86' lang='lat' dir='ltr'>indignum,</span> <span class='ocrx_word' id='word_1_432' title='bbox 1816 1989 1846 2014; x_wconf 88' lang='lat' dir='ltr'>ut</span> 
     </span>
     <span class='ocr_line' id='line_1_92' title="bbox 1139 2021 1845 2054; baseline 0.004 -3"><span class='ocrx_word' id='word_1_433' title='bbox 1139 2022 1270 2052; x_wconf 87' lang='lat' dir='ltr'>nutrices</span> <span class='ocrx_word' id='word_1_434' title='bbox 1289 2021 1414 2052; x_wconf 86' lang='lat' dir='ltr'>habeant</span> <span class='ocrx_word' id='word_1_435' title='bbox 1441 2023 1845 2054; x_wconf 86' lang='lat' dir='ltr'>christianas.—3.Talmud</span> 
     </span>
     <span class='ocr_line' id='line_1_93' title="bbox 1141 2061 1845 2102; baseline 0.004 -11"><span class='ocrx_word' id='word_1_436' title='bbox 1141 2061 1216 2092; x_wconf 86' lang='lat' dir='ltr'>liber</span> <span class='ocrx_word' id='word_1_437' title='bbox 1229 2071 1242 2091; x_wconf 88' lang='lat' dir='ltr'>a</span> <span class='ocrx_word' id='word_1_438' title='bbox 1257 2062 1434 2092; x_wconf 87' lang='lat' dir='ltr'>cancellario</span> <span class='ocrx_word' id='word_1_439' title='bbox 1462 2062 1623 2093; x_wconf 87' lang='lat' dir='ltr'>Parisiensi</span> <span class='ocrx_word' id='word_1_440' title='bbox 1635 2063 1695 2102; x_wconf 83' lang='lat' dir='ltr'>igni</span> <span class='ocrx_word' id='word_1_441' title='bbox 1710 2064 1845 2094; x_wconf 84' lang='lat' dir='ltr'>traditus.</span> 
     </span>
     <span class='ocr_line' id='line_1_94' title="bbox 1138 2102 1847 2143; baseline 0.003 -11"><span class='ocrx_word' id='word_1_442' title='bbox 1138 2119 1177 2124; x_wconf 93' lang='lat'>—</span> <span class='ocrx_word' id='word_1_443' title='bbox 1197 2103 1225 2132; x_wconf 71' lang='lat'>4.</span> <span class='ocrx_word' id='word_1_444' title='bbox 1244 2102 1351 2140; x_wconf 82' lang='lat' dir='ltr'>Regem</span> <span class='ocrx_word' id='word_1_445' title='bbox 1378 2102 1549 2133; x_wconf 86' lang='lat' dir='ltr'>adhortatur</span> <span class='ocrx_word' id='word_1_446' title='bbox 1570 2107 1603 2133; x_wconf 91' lang='lat' dir='ltr'>ut</span> <span class='ocrx_word' id='word_1_447' title='bbox 1620 2103 1726 2143; x_wconf 86' lang='lat' dir='ltr'>impios</span> <span class='ocrx_word' id='word_1_448' title='bbox 1745 2104 1847 2134; x_wconf 88' lang='lat' dir='ltr'>iudae—</span> 
     </span>
    </p>
   </div>
   <div class='ocr_carea' id='block_1_12' title="bbox 1140 2142 1846 2174">
    <p class='ocr_par' dir='ltr' id='par_1_16' title="bbox 1140 2142 1846 2174">
     <span class='ocr_line' id='line_1_95' title="bbox 1140 2142 1846 2174; baseline 0.004 -3"><span class='ocrx_word' id='word_1_449' title='bbox 1140 2151 1222 2172; x_wconf 89' lang='lat' dir='ltr'>orum</span> <span class='ocrx_word' id='word_1_450' title='bbox 1235 2142 1326 2172; x_wconf 86' lang='lat' dir='ltr'>libros</span> <span class='ocrx_word' id='word_1_451' title='bbox 1345 2142 1469 2173; x_wconf 89' lang='lat' dir='ltr'>cremari</span> <span class='ocrx_word' id='word_1_452' title='bbox 1485 2142 1625 2173; x_wconf 78' lang='lat' dir='ltr'>saciatz—</span> <span class='ocrx_word' id='word_1_453' title='bbox 1636 2144 1663 2173; x_wconf 85' lang='lat'>5.</span> <span class='ocrx_word' id='word_1_454' title='bbox 1673 2143 1846 2174; x_wconf 73' lang='lat' dir='ltr'>Prohibent-</span> 
     </span>
    </p>
   </div>
   <div class='ocr_carea' id='block_1_13' title="bbox 1140 2182 1847 2252">
    <p class='ocr_par' dir='ltr' id='par_1_17' title="bbox 1140 2182 1847 2252">
     <span class='ocr_line' id='line_1_96' title="bbox 1140 2182 1847 2252; baseline 0.004 -41"><span class='ocrx_word' id='word_1_455' title='bbox 1140 2192 1201 2252; x_wconf 35' lang='grc' dir='ltr'>ρξε’</span> <span class='ocrx_word' id='word_1_456' title='bbox 1211 2191 1247 2227; x_wconf 78' lang='lat' dir='ltr'>ne</span> <span class='ocrx_word' id='word_1_457' title='bbox 1263 2182 1361 2212; x_wconf 90' lang='lat' dir='ltr'>iudaei</span> <span class='ocrx_word' id='word_1_458' title='bbox 1375 2183 1503 2212; x_wconf 87' lang='lat' dir='ltr'>nutrices</span> <span class='ocrx_word' id='word_1_459' title='bbox 1514 2188 1541 2212; x_wconf 90' lang='lat' dir='ltr'>et</span> <span class='ocrx_word' id='word_1_460' title='bbox 1551 2183 1710 2214; x_wconf 85' lang='lat' dir='ltr'>servientes</span> <span class='ocrx_word' id='word_1_461' title='bbox 1720 2183 1847 2214; x_wconf 84' lang='lat' dir='ltr'>habeant</span> 
     </span>
     <span class='ocr_line' id='line_1_97' title="bbox 1141 2226 1329 2252; baseline 0 0"><span class='ocrx_word' id='word_1_462' title='bbox 1141 2232 1155 2252; x_wconf 90' lang='lat' dir='ltr'>c</span> <span class='ocrx_word' id='word_1_463' title='bbox 1180 2226 1329 2252; x_wconf 84' lang='lat' dir='ltr'>ristlanos.</span> 
     </span>
    </p>
   </div>
   <div class='ocr_carea' id='block_1_14' title="bbox 1100 2284 1845 2410">
    <p class='ocr_par' dir='ltr' id='par_1_18' title="bbox 1100 2284 1845 2410">
     <span class='ocr_line' id='line_1_98' title="bbox 1100 2284 1845 2320; baseline 0.003 -8"><span class='ocrx_word' id='word_1_464' title='bbox 1100 2284 1271 2313; x_wconf 79' lang='lat' dir='ltr'>Innocentius</span> <span class='ocrx_word' id='word_1_465' title='bbox 1286 2284 1426 2320; x_wconf 78' lang='lat' dir='ltr'>episeopus</span> <span class='ocrx_word' id='word_1_466' title='bbox 1444 2292 1537 2313; x_wconf 86' lang='lat' dir='ltr'>servus</span> <span class='ocrx_word' id='word_1_467' title='bbox 1555 2292 1694 2315; x_wconf 84' lang='lat' dir='ltr'>servorum</span> <span class='ocrx_word' id='word_1_468' title='bbox 1708 2285 1765 2319; x_wconf 80' lang='lat' dir='ltr'>Det.</span> <span class='ocrx_word' id='word_1_469' title='bbox 1783 2286 1845 2315; x_wconf 82' lang='lat' dir='ltr'>eha-</span> 
     </span>
     <span class='ocr_line' id='line_1_99' title="bbox 1144 2329 1845 2366; baseline 0.003 -9"><span class='ocrx_word' id='word_1_470' title='bbox 1144 2329 1252 2358; x_wconf 84' lang='lat' dir='ltr'>rissimo</span> <span class='ocrx_word' id='word_1_471' title='bbox 1271 2329 1299 2358; x_wconf 88' lang='lat' dir='ltr'>in</span> <span class='ocrx_word' id='word_1_472' title='bbox 1314 2329 1422 2358; x_wconf 85' lang='lat' dir='ltr'>Christo</span> <span class='ocrx_word' id='word_1_473' title='bbox 1440 2329 1496 2358; x_wconf 80' lang='lat' dir='ltr'>filio</span> <span class='ocrx_word' id='word_1_474' title='bbox 1514 2330 1620 2359; x_wconf 82' lang='lat' dir='ltr'>illustri</span> <span class='ocrx_word' id='word_1_475' title='bbox 1632 2330 1692 2366; x_wconf 79' lang='lat' dir='ltr'>regi</span> <span class='ocrx_word' id='word_1_476' title='bbox 1708 2330 1845 2363; x_wconf 63' lang='lat' dir='ltr'>nanctae.</span> 
     </span>
     <span class='ocr_line' id='line_1_100' title="bbox 1145 2374 1747 2410; baseline 0.002 -8"><span class='ocrx_word' id='word_1_477' title='bbox 1145 2374 1264 2403; x_wconf 80' lang='lat' dir='ltr'>salutem</span> <span class='ocrx_word' id='word_1_478' title='bbox 1283 2375 1313 2402; x_wconf 85' lang='lat' dir='ltr'>et</span> <span class='ocrx_word' id='word_1_479' title='bbox 1331 2375 1507 2410; x_wconf 75' lang='lat' dir='ltr'>apostoticam</span> <span class='ocrx_word' id='word_1_480' title='bbox 1524 2375 1747 2404; x_wconf 77' lang='lat' dir='ltr'>benedictionem.</span> 
     </span>
    </p>
   </div>
   <div class='ocr_carea' id='block_1_15' title="bbox 1102 2436 1844 2534">
    <p class='ocr_par' dir='ltr' id='par_1_19' title="bbox 1102 2436 1844 2534">
     <span class='ocr_line' id='line_1_101' title="bbox 1151 2436 1843 2485; baseline 0.006 -15"><span class='ocrx_word' id='word_1_481' title='bbox 1151 2436 1249 2484; x_wconf 88' lang='lat' dir='ltr'>lmpia</span> <span class='ocrx_word' id='word_1_482' title='bbox 1277 2437 1460 2473; x_wconf 88' lang='lat' dir='ltr'>iudaeorum</span> <span class='ocrx_word' id='word_1_483' title='bbox 1484 2437 1625 2485; x_wconf 79' lang='lat' dir='ltr'>perfidia,</span> <span class='ocrx_word' id='word_1_484' title='bbox 1649 2438 1688 2473; x_wconf 90' lang='lat' dir='ltr'>de</span> <span class='ocrx_word' id='word_1_485' title='bbox 1709 2450 1843 2485; x_wconf 89' lang='lat' dir='ltr'>quorum</span> 
     </span>
     <span class='ocr_line' id='line_1_102' title="bbox 1102 2486 1844 2534; baseline 0.004 -14"><span class='ocrx_word' id='word_1_486' title='bbox 1102 2486 1248 2521; x_wconf 89' lang='lat' dir='ltr'>cordibus</span> <span class='ocrx_word' id='word_1_487' title='bbox 1283 2496 1410 2534; x_wconf 81' lang='lat' dir='ltr'>propter</span> <span class='ocrx_word' id='word_1_488' title='bbox 1443 2488 1685 2522; x_wconf 88' lang='lat' dir='ltr'>immensitatem</span> <span class='ocrx_word' id='word_1_489' title='bbox 1716 2500 1844 2523; x_wconf 90' lang='lat' dir='ltr'>suorum</span> 
     </span>
    </p>
   </div>
   <div class='ocr_carea' id='block_1_16' title="bbox 1102 2551 1846 2707">
    <p class='ocr_par' dir='ltr' id='par_1_20' title="bbox 1102 2551 1846 2707">
     <span class='ocr_line' id='line_1_103' title="bbox 1137 2551 1846 2586; baseline 0.003 -7"><span class='ocrx_word' id='word_1_490' title='bbox 1137 2551 1178 2586; x_wconf 82' lang='lat'>(1)</span> <span class='ocrx_word' id='word_1_491' title='bbox 1194 2552 1297 2579; x_wconf 83' lang='lat' dir='ltr'>Iudaeis</span> <span class='ocrx_word' id='word_1_492' title='bbox 1313 2553 1440 2585; x_wconf 84' lang='lat' dir='ltr'>nutrices,</span> <span class='ocrx_word' id='word_1_493' title='bbox 1452 2551 1563 2580; x_wconf 87' lang='lat' dir='ltr'>famulos</span> <span class='ocrx_word' id='word_1_494' title='bbox 1578 2552 1674 2580; x_wconf 86' lang='lat' dir='ltr'>habere</span> <span class='ocrx_word' id='word_1_495' title='bbox 1689 2553 1846 2582; x_wconf 84' lang='lat' dir='ltr'>christianos</span> 
     </span>
     <span class='ocr_line' id='line_1_104' title="bbox 1102 2592 1845 2627; baseline 0.004 -8"><span class='ocrx_word' id='word_1_496' title='bbox 1102 2592 1262 2627; x_wconf 82' lang='lat' dir='ltr'>prohibuere</span> <span class='ocrx_word' id='word_1_497' title='bbox 1276 2593 1408 2620; x_wconf 83' lang='lat' dir='ltr'>Honorius</span> <span class='ocrx_word' id='word_1_498' title='bbox 1424 2593 1470 2625; x_wconf 91' lang='lat' dir='ltr'>III,</span> <span class='ocrx_word' id='word_1_499' title='bbox 1482 2593 1571 2620; x_wconf 87' lang='lat' dir='ltr'>Const.</span> <span class='ocrx_word' id='word_1_500' title='bbox 1583 2593 1650 2626; x_wconf 81' lang='lat' dir='ltr'>LIV,</span> <span class='ocrx_word' id='word_1_501' title='bbox 1669 2597 1733 2621; x_wconf 89' lang='lat' dir='ltr'>tom.</span> <span class='ocrx_word' id='word_1_502' title='bbox 1745 2594 1794 2622; x_wconf 87' lang='lat' dir='ltr'>hoc</span> <span class='ocrx_word' id='word_1_503' title='bbox 1805 2603 1845 2627; x_wconf 85' lang='grc' dir='ltr'>ιιι,</span> 
     </span>
     <span class='ocr_line' id='line_1_105' title="bbox 1102 2632 1845 2707; baseline 0.004 -48"><span class='ocrx_word' id='word_1_504' title='bbox 1102 2640 1160 2707; x_wconf 50' lang='grc' dir='ltr'>ἓξὲξ</span> <span class='ocrx_word' id='word_1_505' title='bbox 1181 2632 1254 2699; x_wconf 58' lang='grc' dir='ltr'><strong>ῗῚΒὲ),</strong></span> <span class='ocrx_word' id='word_1_506' title='bbox 1280 2637 1306 2660; x_wconf 91' lang='lat' dir='ltr'>et</span> <span class='ocrx_word' id='word_1_507' title='bbox 1331 2633 1472 2669; x_wconf 81' lang='lat' dir='ltr'>Gregorius</span> <span class='ocrx_word' id='word_1_508' title='bbox 1491 2633 1530 2660; x_wconf 88' lang='lat' dir='ltr'>Ix</span> <span class='ocrx_word' id='word_1_509' title='bbox 1543 2653 1550 2666; x_wconf 89' lang='lat'><em>‚</em></span> <span class='ocrx_word' id='word_1_510' title='bbox 1576 2633 1688 2662; x_wconf 88' lang='lat' dir='ltr'>Constit.</span> <span class='ocrx_word' id='word_1_511' title='bbox 1716 2635 1845 2668; x_wconf 80' lang='lat' dir='ltr'>xxxvl,</span> 
     </span>
    </p>
   </div>
   <div class='ocr_carea' id='block_1_17' title="bbox 1857 271 2039 300">
    <p class='ocr_par' dir='ltr' id='par_1_21' title="bbox 1857 271 2039 300">
     <span class='ocr_line' id='line_1_106' title="bbox 1857 271 2039 300; baseline -0.011 0"><span class='ocrx_word' id='word_1_512' title='bbox 1857 273 1906 300; x_wconf 71' lang='lat' dir='ltr'>An.</span> <span class='ocrx_word' id='word_1_513' title='bbox 1927 272 1954 300; x_wconf 84' lang='lat' dir='ltr'>C.</span> <span class='ocrx_word' id='word_1_514' title='bbox 1970 271 2039 300; x_wconf 67' lang='grc' dir='ltr'>ΗΜ</span> 
     </span>
    </p>
   </div>
  </div>
 </body>
</html>
