2129 3223
49 226 90 262 In
120 227 150 256 c.
165 229 231 257 t265

93 276 107 295 4

48 1704 126 1728 musae
134 1705 224 1726 decretl.

80 2389 197 2411 Decretan·.

860 232 1005 256 UReANUs

246 285 305 319 nisi
330 285 406 322 liaec
428 286 602 332 corrigatis,
627 293 657 321 et
679 298 737 321 nos
763 287 788 322 si
816 299 851 322 ea
879 287 991 334 negle-

247 335 384 370 xerimus
406 335 587 375 incorrecta,
604 335 850 382 indignationem
873 337 990 371 aeterni

247 382 361 418 ludicis
378 384 585 426 incurramus;
599 385 769 420 venerabili
787 385 869 420 fratri
886 394 991 420 nostro

244 432 481 480 archiepiscopo
521 433 731 469 Tarraconen.
774 446 828 480 per
869 443 990 470 nostras

243 481 356 516 damus
390 482 507 518 litteras
539 483 569 517 in
605 482 780 523 mandatis,
815 492 847 518 ut
882 492 989 518 contra

243 541 372 571 omnes,
399 543 478 578 quos
505 531 587 567 circa
623 531 781 579 praedicta
818 532 990 580 culpabiles

244 579 414 624 invenerit,
459 581 641 616 auctoritate
689 589 794 616 nostra
842 581 990 628 procedat

243 629 325 663 iuxta
348 630 515 665 canonicas
533 631 725 674 sanctiones,
746 631 989 666 contradictores

241 678 426 714 auctoritate
460 687 565 714 nostra
593 691 648 726 per
683 691 848 715 censuram
886 680 989 715 eccle-

240 727 411 769 siasticam,
426 727 635 775 appellatione
646 728 831 776 postposita,
853 740 987 776 compe-

240 776 368 811 scendo.

289 824 404 860 Datum
442 825 526 872 apud
558 825 813 861 Urbemveterem
847 825 987 861 secundo

241 874 311 909 idus
338 873 426 915 iunii,
461 874 662 922 pontificatus
689 875 785 910 nostri
819 887 903 909 anno
937 887 985 909 se-

237 923 354 958 cundo.

291 983 352 1014 Dat.
373 985 420 1014 die
440 984 476 1014 12
493 985 566 1014 iunii
584 985 669 1022 1263,
688 984 790 1024 pontis.
809 994 885 1015 anno
904 994 933 1015 tt.

581 1125 638 1160 Xl.

239 1198 332 1238 Quod
365 1199 408 1231 ad
439 1198 648 1231 Ecclest'arum
684 1197 835 1241 reqimina
852 1197 987 1241 promoti

285 1247 342 1280 itta
380 1248 543 1280 dunziaxaae
578 1246 719 1291 beneficia
751 1247 877 1279 retinere
912 1257 986 1289 pos-

285 1297 363 1334 sint,
397 1307 475 1340 quae
508 1307 580 1328 suae
616 1295 818 1338 promotionis
855 1301 986 1338 tempore

285 1347 429 1378 caitoni'ce
449 1345 616 1378 retinebant
640 1345 700 1386 (4).

507 1412 719 1443 SUMMAtttUM

326 1477 352 1505 1.
370 1474 480 1505 Causae
499 1474 617 1504 decreti.
631 1491 670 1496 —
689 1474 715 1503 2.
738 1473 901 1503 Decretum.

279 1541 401 1570 Urbanus
419 1540 562 1576 episcopus
589 1546 683 1568 servus
714 1545 854 1568 servorum
883 1538 939 1572 Dei.

371 1591 406 1619 ad
438 1590 599 1626 perpetuam
621 1589 662 1618 rei
683 1591 851 1618 memoriam.

285 1655 306 1702 g
329 1657 361 1688 t.
380 1651 544 1699 Contingit
566 1651 737 1696 interdum,
755 1651 839 1698 quod
862 1663 877 1686 a
901 1651 984 1685 Sede

237 1702 418 1751 Apostolica
441 1701 603 1736 nonnullis
629 1701 660 1735 in
687 1701 854 1748 episcopos
875 1700 985 1734 electis

237 1752 442 1791 conceditur,
483 1759 516 1785 ut
554 1750 613 1796 ipsi
649 1761 749 1795 usque
785 1749 824 1783 ad
863 1757 983 1783 certum

238 1809 378 1847 tempus,
404 1799 450 1834 vel
474 1800 510 1833 ad
533 1798 667 1832 Romani
695 1797 859 1832 pontificis
885 1797 983 1831 bene·

239 1851 386 1897 placitum
406 1847 574 1883 voluntatis
590 1847 710 1893 possint
726 1847 861 1881 retinere
879 1847 984 1880 omnia

239 1899 387 1934 beneficia
420 1896 645 1940 ecclesiastica,
676 1907 756 1942 quae
779 1895 985 1942 promotionis

238 1961 312 1984 suae
335 1956 475 1994 tempore
497 1944 690 1980 obtinebant.
717 1944 906 1979 Huiusmodi
928 1957 986 1978 au-

239 2006 301 2032 tem
342 1995 557 2031 concessionis
597 2000 758 2040 praetextu
800 1994 985 2040 plerumque,

239 2045 431 2094 quaestionis
449 2043 580 2078 materia
598 2043 778 2084 suscitatur,
799 2042 984 2090 quibusdam

239 2096 346 2130 minus
372 2092 597 2128 rationabiliter
634 2092 864 2135 asserentibus,
900 2090 984 2138 quod

239 2146 331 2179 etiam
355 2145 393 2178 ad
417 2143 467 2177 illa
491 2141 654 2181 beneficia,
676 2152 755 2188 quae
777 2141 847 2176 talis
865 2140 982 2175 electu*

239 2192 456 2229 concessionis
483 2191 582 2236 ipsius
612 2197 754 2237 tempore
787 2190 893 2224 minus
928 2202 985 2223 ca—

240 2243 354 2278 nonico
394 2240 564 2279 retinebat,
601 2238 709 2274 eadem
752 2239 916 2274 concessio
954 2250 987 2271 se

240 2291 391 2327 extendit.

289 2341 310 2388 g
336 2342 369 2374 2.
397 2339 462 2374 Nos
490 2338 594 2383 itaque
617 2336 654 2371 ad
684 2349 809 2372 omnem
833 2335 988 2382 ambigni-

244 2398 335 2424 tatem
365 2387 533 2423 tollendam
558 2395 665 2420 tenore
687 2385 897 2433 praesentium
925 2385 988 2419 dc-

242 2439 409 2478 claramtts,
431 2436 516 2484 quod
539 2434 721 2470 huiusmodi
744 2435 908 2470 concessio
934 2446 989 2468 cx-

243 2487 391 2522 tcndatur
412 2488 449 2520 ad
474 2485 523 2520 illa
547 2485 705 2519 dumtaxat
725 2483 886 2525 beneficia,
909 2495 989 2530 quae

242 2536 281 2570 ab
307 2537 417 2571 electis
438 2535 516 2582 ipsis
544 2534 693 2569 canonice
715 2533 908 2567 obtinentur.

278 2600 318 2636 (ί)
334 2600 372 2627 Ex
389 2601 493 2635 Regest.
514 2600 598 2626 vatic.

306 2643 395 2674 xBult.
413 2643 488 2672 Rom.
511 2643 565 2672 Vol.
583 2641 633 2671 III.
796 2640 833 2671 88

1659 220 1728 251 697

1082 286 1164 321 Nulli
1192 298 1266 333 ergo
1288 287 1417 321 omnino
1439 287 1604 320 licimintttn
1627 293 1678 320 etc.

1082 335 1198 371 Datum
1238 336 1320 383 apud
1367 335 1625 370 Url›c=nwete=·om
1668 335 1779 381 quinto

1033 385 1102 420 idus
1137 385 1220 425 iulii,
1255 384 1453 432 pontificatus
1481 385 1577 419 nostri
1604 396 1688 419 anno
1720 396 1780 419 Se·-

1031 435 1147 470 cttndo.
1572 440 1575 442 '

1084 496 1144 527 Dat.
1163 496 1210 526 die
1228 496 1259 525 tt
1283 496 1345 526 iulii
1366 496 1449 531 1203,
1473 496 1573 534 pontif.
1593 505 1668 525 anno
1691 505 1722 525 ιι.

1033 233 1065 254 tv
1098 232 1144 255 ΙΨ.

1374 644 1442 679 ΧΠ.

1032 717 1148 750 Civitas
1176 718 1358 752 Recanaaeen.
1381 717 1538 750 Romanae
1562 717 1715 749 Ecclesiae
1735 728 1781 749 re-

1063 767 1150 799 bellis
1173 766 1341 810 episcopali
1361 767 1511 810 diym'tate
1529 766 1673 809 privatur
1695 767 1757 807 (4).

1293 837 1506 869 SUMMARtUM

1029 901 1055 930 1.
1094 901 1312 931 Recanatenses
1348 909 1415 929 cum
1452 899 1601 929 Ecclesiae
1640 899 1776 930 hostibus

1065 944 1167 975 iuncti.
1189 961 1228 967 ——
1249 945 1353 974 Contra
1384 943 1542 973 Marchiam
1565 943 1777 973 Anconitanam

1066 989 1247 1027 conspirant.
1272 1005 1310 1010 —
1342 987 1440 1016 Moniti
1464 987 1583 1025 saepius
1613 992 1643 1016 ut
1670 987 1778 1025 resipi-

1067 1038 1199 1069 scerent,
1217 1050 1256 1055 —-
1273 1033 1299 1062 2.
1320 1032 1423 1061 Monita
1447 1035 1600 1070 spernunt.
1622 1047 1661 1053 —
1677 1030 1777 1069 Digni-

1066 1080 1122 1106 tate
1145 1076 1303 1115 episcopali
1328 1076 1487 1114 privantur.

1024 1145 1146 1174 Urbanus
1164 1146 1305 1181 episcopus
1325 1152 1420 1174 servus
1436 1151 1577 1173 servorum
1597 1144 1652 1177 Dei,
1673 1145 1706 1173 arl
1718 1151 1775 1173 eer-

1069 1195 1214 1223 titudinem
1232 1194 1430 1229 praesentium.
1451 1194 1481 1222 et
1500 1193 1659 1222 memoriam
1695 1192 1777 1222 futu-

1069 1249 1171 1272 rorum.

1797 227 1844 253 Αη.
1864 227 1890 253 (ἶ,
1911 228 1976 253 teo:

1073 1310 1093 1355 S
1123 1315 1152 1344 1.
1175 1310 1270 1344 Cives
1291 1309 1525 1344 Rccanatenses
1545 1309 1693 1356 antiquae
1716 1308 1773 1343 de·
1798 1313 1959 1336 necanmnsos

1786 1351 1832 1367 cuni
1862 1345 1942 1366 Eva-test
1960 1351 1970 1365 c

1026 1360 1158 1393 votionis
1179 1367 1209 1393 et
1232 1359 1302 1393 fidei
1332 1371 1425 1405 quam
1452 1358 1488 1392 ad
1519 1357 1693 1393 Romanam
1716 1369 1772 1403 ge·
1787 1376 1968 1398 h021.1‚..51„„t-r..

1026 1420 1094 1443 rere
1133 1412 1365 1442 consueverunt
1407 1407 1598 1447 Ecclesiam,
1644 1419 1772 1453 prorsus

1025 1457 1123 1497 obliti,
1147 1465 1178 1491 et
1198 1456 1412 1492 favorabilium
1440 1456 1626 1501 gratiarum,
1657 1456 1774 1502 quibus

1025 1506 1125 1541 Sedes
1160 1506 1341 1552 Apostolica
1368 1517 1423 1539 eos
1444 1517 1619 1552 eorumque
1646 1513 1773 1544 terram,

1025 1556 1175 1602 erigendo
1197 1555 1272 1589 inibi
1294 1554 1470 1589 Ecclesiam
1494 1554 1717 1597 cathedralem,
1739 1566 1775 1588 ac

1025 1604 1204 1639 decorando
1227 1613 1339 1639 terram
1358 1605 1457 1650 ipsam
1473 1603 1661 1650 episcopalis
1684 1602 1775 1637 titulo

1026 1654 1201 1699 dignitatiS,
1216 1653 1434 1699 multipliciter
1457 1652 1631 1692 bonoravit,
1655 1652 1774 1686 imme-

1026 1715 1130 1737 mores
1156 1710 1186 1735 et
1216 1703 1339 1747 ingrati,
1359 1709 1466 1735 contra
1491 1714 1547 1735 nos
1575 1709 1604 1734 et
1630 1700 1773 1735 eamdem

1026 1747 1198 1786 Ecclesiam
1221 1753 1368 1785 calcaneo
1392 1750 1569 1784 rebellionis
1591 1758 1707 1789 erecto,
1730 1749 1774 1784 sic

1025 1800 1166 1834 eiusdem
1198 1799 1356 1834 Ecclesiae
1388 1798 1647 1844 persequtoribus
1675 1800 1775 1845 perti-

1027 1850 1142 1883 naciter
1174 1850 1204 1882 in
1240 1849 1339 1896 ipsias
1372 1848 1533 1882 Ecclesiae
1570 1847 1772 1892 dispendium

1026 1898 1249 1942 adhaeserunt,
1270 1899 1380 1944 sicque
1404 1906 1544 1943 patenter
1567 1906 1595 1931 ct
1618 1896 1774 1931 ferventer

1027 1960 1098 1982 cum
1118 1947 1235 1981 eisdem
1265 1946 1522 1993 persequituribus
1540 1946 1569 1979 in
1600 1957 1774 1979 nocumen—

1027 2004 1092 2030 tum
1115 1995 1253 2030 sidelium
1284 1996 1382 2042 ipsius
1403 1994 1563 2029 Ecclesiae
1595 1995 1633 2028 de
1660 1996 1773 2028 Anco-

1029 2047 1132 2079 nitana
1173 2045 1309 2079 Marclna
1345 2044 1588 2090 conspii·arttnt;
1611 2043 1694 2090 quod
1735 2043 1772 2077 ad

1027 2094 1251 2128 offendendum
1285 2094 1313 2127 in
1351 2093 1409 2126 illis
1449 2105 1506 2126 nos
1533 2100 1560 2127 et
1586 2092 1772 2138 praedictam

1027 2143 1203 2177 Ecclesiam
1239 2155 1294 2176 sua
1329 2142 1543 2188 principaliter
1574 2149 1604 2174 et
1641 2140 1776 2174 totaliter

1028 2192 1127 2226 studia
1160 2200 1391 2227 convertentes.
1422 2198 1713 2236 ‹piantumrnmque
1735 2188 1774 2223 ad

1028 2252 1082 2275 eos
1108 2240 1358 2281 clamaverimus,
1388 2247 1417 2272 ut
1441 2239 1580 2272 conversi
1605 2238 1643 2272 ab
1660 2238 1776 2272 erroris

1030 2289 1124 2333 invio,
1146 2301 1208 2335 quo
1235 2288 1370 2323 (lamnab
1388 2288 1456 2321 liter
1491 2300 1562 2321 cum
1592 2295 1777 2333 perscqttto-

1030 2338 1116 2372 ribus
1143 2337 1219 2383 ipsis
1238 2337 1401 2380 incedunt7
1425 2337 1460 2370 ad
1486 2336 1594 2370 dulces
1613 2345 1643 2370 ct
1666 2347 1777 2369 ‘naves

1030 2388 1130 2434 ipsius
1156 2386 1314 2421 Ecclesiae
1344 2393 1574 2420 reverterentur
1600 2385 1775 2431 amplexus,

1030 2436 1201 2470 noluerunt
1227 2435 1378 2469 hactenus
1413 2446 1519 2468 vocem
1556 2441 1680 2467 nostrae
1709 2434 1776 2479 piae

1031 2484 1239 2520 revocationis
1260 2484 1378 2524 audire,
1401 2483 1454 2517 scd
1478 2482 1515 2517 ad
1538 2483 1689 2528 gravioris
1711 2494 1777 2516 exa-

1031 2535 1222 2580 gerationem
1262 2533 1418 2572 offensae,
1458 2531 1643 2566 adversariis
1678 2531 1778 2578 ipsius

1067 2600 1105 2633 (t)
1122 2598 1159 2624 Ex
1177 2598 1281 2632 Regest.
1301 2598 1384 2624 Vatic.

1802 2043 1878 2064 Contra
1917 2042 1973 2063 Mar-

1789 2074 1856 2095 chiam
1879 2074 1973 2093 Anconi-

1790 2108 1858 2124 tanam
1886 2105 1972 2130 conspi‘

1790 2138 1844 2154 rant.
