2129 3223
102 252 151 277 An.
170 251 199 277 C.
220 250 286 276 1230

116 652 221 676 Quaem-ni
248 651 287 671 du-

103 682 136 701 1«ἱ.ι
165 683 184 702 tu
214 681 286 707 tegula

102 715 115 730 s
140 711 253 732 funestet.

123 1541 152 1559 Au
176 1541 291 1559 teneantur

108 1570 185 1590 tratres
206 1571 229 1589 ait
247 1570 291 1589 eius

109 1601 273 1620 utrservnuttam.

131 2229 163 2249 An
189 2227 214 2248 ad
236 2232 303 2248 evan-

119 2257 186 2283 getica
204 2257 301 2279 consuta.

350 240 420 272 450
893 244 1080 268 BULLAntUM
1102 242 1263 265 Romanum

302 304 401 339 sessor
422 301 540 336 Christi
568 300 756 334 Franciscus
780 299 891 334 nolens
909 298 1049 345 regulam

302 365 389 387 suam
406 364 461 398 per
481 350 615 385 alicuius
643 349 749 384 fratris
775 348 1051 396 interpretationes

301 401 427 448 exponi,
441 399 600 434 mandavit
614 398 695 434 cirea
709 398 855 433 ultimum
870 398 949 432 vitae
963 409 1050 437 suae,

301 452 392 485 euius
414 449 596 484 mandatum
618 448 718 496 ipsius
744 447 859 482 dicitur
886 454 1053 482 testamen-

303 509 379 541 tum,
409 508 443 534 ut
469 498 566 534 verba
599 498 698 545 ipsius
724 497 850 544 regulae
872 509 935 531 non
964 496 1052 542 glos-

301 557 431 588 sentur,
464 558 493 583 et
527 555 562 582 ut
592 547 696 582 verbis
729 555 856 581 utamur
891 546 1051 588 eiusdem,

301 598 386 644 quod
414 599 479 639 sic,
514 597 563 632 vel
589 598 635 632 sic
664 596 793 642 intelligi
826 595 962 630 debeant
988 606 1051 628 non

302 648 436 682 dicatur.
460 647 622 682 Adiiciens
635 645 720 693 quod
732 646 842 680 fratres
856 645 943 678 nullo
958 644 1052 678 modo

301 697 423 744 aliquas
454 696 576 731 litteras
602 696 641 730 ab
674 695 854 742 Apostolica
877 693 961 728 Sede
996 705 1053 740 pe-

302 756 377 791 tant,
411 755 441 781 et
465 747 524 781 alia
551 745 705 792 quaedam
739 743 943 787 interferens,
971 754 1052 790 quae

300 808 363 830 non
392 804 522 843 possent
549 796 617 830 sine
644 793 744 829 multa
772 793 953 827 difficultate
985 804 1053 826 ser-

302 847 376 880 vari.
406 845 540 892 Propter
561 844 645 892 quod
669 844 859 878 haesitantes
880 854 919 876 an
946 850 1054 876 tenea-

301 895 378 929 mini
394 895 430 929 ad
443 894 673 929 observantiam
691 892 869 927 testamenti
890 891 1053 938 praedicti,

301 944 493 979 dubietatem
515 941 699 978 huiusmodi
723 941 762 976 de
783 941 987 976 conscientiis
1002 953 1055 974 ve-

301 994 385 1034 stris,
413 1002 444 1028 et
466 994 596 1028 fratrum
619 1000 793 1026 vestrorum
817 1002 874 1037 per
897 1002 954 1024 nos
972 1002 1055 1024 amo-

303 1043 365 1078 veri
394 1043 524 1089 petistis,
552 1050 676 1076 etcum
705 1052 742 1075 ex
774 1040 867 1086 longa
888 1039 1054 1074 familiari—

302 1101 375 1133 tate,
402 1104 496 1139 quam
520 1091 603 1125 idem
626 1089 789 1125 consessor
815 1088 984 1123 nobiscum
1004 1089 1056 1123 ha-

303 1141 382 1182 buit,
411 1142 536 1188 plenius
563 1140 747 1175 noverimus
777 1138 984 1173 intentionem
1004 1138 1055 1185 ip-

303 1192 382 1235 sius,
404 1199 435 1225 et
456 1191 488 1225 in
511 1189 679 1225 condendo
700 1187 892 1236 praedictam
914 1188 1054 1234 regulam

303 1249 333 1275 et
359 1240 532 1275 obtinendo
567 1238 839 1274 confirmationem
868 1238 967 1284 ipsius
1001 1249 1057 1283 per

303 1289 420 1324 Sedem
436 1288 651 1336 Apostolicam
670 1287 731 1323 sibi
749 1286 958 1331 astiterimus,
981 1286 1056 1321 dum

304 1339 409 1374 adhue
430 1351 575 1373 essemus
606 1339 636 1372 in
667 1337 780 1372 minori
807 1335 911 1371 officio
938 1336 1057 1371 consti-

306 1389 375 1428 tuti,
398 1388 547 1422 declarari
575 1386 720 1421 similiter
742 1385 907 1432 postulatis
941 1385 1056 1429 dubia,

304 1445 335 1472 et
365 1437 501 1472 obscura
533 1436 659 1482 regulae
686 1435 904 1481 supradictae,
933 1447 1056 1469 necnon

306 1499 402 1533 snper
423 1485 612 1533 quibusdam
647 1483 829 1519 difficilibus
861 1483 1056 1530 responderi.

306 1536 389 1571 Sane
424 1535 568 1582 quamvis
606 1533 801 1581 praedictum
834 1532 952 1567 Christi
980 1545 1059 1566 con-

308 1585 458 1620 fessorem
494 1585 578 1631 piam
612 1583 820 1618 intentionem
853 1582 884 1616 in
919 1582 1058 1629 praefato

308 1635 455 1669 mandato
478 1633 625 1668 habuisse
647 1632 826 1676 credamus,
849 1639 880 1666 et
895 1643 950 1665 vos
968 1631 1060 1666 iustis

310 1684 388 1718 votis
414 1684 501 1727 eius,
528 1691 557 1718 et
579 1682 747 1717 desideriis
769 1681 886 1715 sanctis
907 1681 1060 1716 affectetis

309 1732 492 1767 omnimode
519 1731 719 1766 conformari.
747 1730 812 1764 Nos
831 1738 936 1764 tamen
959 1738 1061 1764 atten—

309 1783 420 1817 dentes
451 1781 626 1816 animarum
651 1779 838 1827 perieulum,
862 1786 892 1813 et
919 1779 1061 1813 difficul-

311 1839 389 1867 tates
410 1843 489 1878 quas
513 1838 640 1877 propter
662 1830 722 1864 hoc
741 1828 1061 1875 possetisincurrere,

310 1881 502 1916 dubietatem
525 1879 565 1914 de
579 1879 690 1914 vestris
704 1878 855 1913 cordibus
873 1877 1061 1919 amovendo,

311 1930 350 1965 ad
375 1930 558 1965 mandatum
598 1928 675 1963 illud
704 1939 757 1962 vos
779 1927 913 1962 dicimus
936 1939 999 1961 non
1017 1936 1063 1962 te-

314 1980 397 2020 neri,
436 1978 520 2026 quod
559 1978 628 2012 sine
664 1989 821 2012 consensu
850 1975 998 2015 fratrum,
1034 1984 1065 2010 et

315 2029 448 2063 maxime
471 2027 688 2062 ministrorum
710 2038 792 2072 quos
814 2026 978 2060 universos
996 2034 1064 2060 tan-

314 2078 418 2124 gebat,
440 2077 579 2123 obligare
601 2076 827 2123 nequivit,nec
849 2087 1065 2110 successorem

316 2140 407 2162 suum
435 2125 674 2174 quomodolibet
695 2124 862 2170 obligavit,
896 2136 968 2159 cum
1002 2136 1064 2158 non

318 2177 430 2211 habeat
451 2175 619 2223 imperium
643 2186 699 2222 par
722 2174 887 2220 imperare.
911 2173 958 2207 Ad
976 2172 1065 2213 haec,

317 2228 398 2261 sieut
422 2238 477 2272 per
499 2224 676 2272 praedictos
690 2224 823 2258 nuncios
845 2223 1066 2263 intelleximus,

318 2275 479 2310 dubitatur
501 2274 539 2308 ab
561 2273 719 2321 aliquibus
737 2272 865 2307 fratrum
880 2280 1067 2312 vestrorum,

1092 297 1122 331 in
1150 296 1213 331 sine
1239 296 1339 343 ipsius
1366 296 1494 343 regulae
1527 296 1732 332 continentur
1765 297 1843 333 haec

1095 345 1206 380 verba:
1241 345 1460 393 Paupertatem
1484 354 1516 381 et
1547 346 1773 388 humilitatem,
1813 355 1844 382 et
1951 365 1966 380 ,-

1092 402 1236 430 sanetum
1262 395 1470 441 Evangelium
1498 396 1624 430 Domini
1652 396 1748 431 nostri
1770 396 1841 431 Iesu

1093 444 1230 489 Christi,
1261 444 1346 492 quod
1381 444 1512 480 firmiter
1537 445 1759 492 promisimus,
1786 446 1843 480 ob-

1093 506 1266 529 servemus.
1295 494 1387 529 Unde
1409 494 1489 529 scire
1520 493 1711 540 desiderant,
1743 507 1782 530 an
1804 495 1842 530 ad

1093 542 1150 577 alia
1179 543 1341 590 Evangelii
1367 551 1534 579 teneantur
1562 543 1712 586 consilia,
1741 556 1842 591 ‘quam

1094 593 1130 627 ad
1159 605 1206 637 ea,
1233 605 1313 639 quae
1335 593 1366 627 in
1388 594 1452 640 ipsa
1485 592 1593 639 regula
1614 594 1843 641 praeceptorie,

1095 641 1142 677 vel
1165 642 1347 677 inhibitorie
1369 650 1443 677 sunt
1458 654 1621 689 expressa:
1640 643 1844 690 praesertim,

1094 703 1165 726 cum
1188 692 1246 739 ipsi
1269 691 1308 726 ad
1330 692 1390 726 alia
1420 703 1481 726 non
1511 703 1545 726 se
1573 691 1712 738 obligare
1738 692 1844 728 inten-

1094 740 1214 782 derint,
1248 749 1279 775 et
1309 741 1356 775 vix
1384 741 1430 776 vel
1453 752 1617 788 nunquam
1644 741 1749 777 omnia
1771 754 1844 789 pos-

1094 790 1157 825 sint
1183 790 1220 824 ad
1263 791 1397 826 litteram
1436 790 1606 825 observari.
1647 790 1713 825 Nos
1739 799 1842 826 autem

1095 839 1230 874 breviter
1252 840 1502 887 respondemus,
1538 852 1594 874 vos
1619 839 1657 874 ad
1679 840 1739 875 alia
1766 853 1845 875 con-

1095 888 1164 923 silia
1193 888 1353 935 Evangelii
1382 901 1444 924 non
1473 889 1571 923 teneri
1602 901 1657 936 per
1686 890 1844 936 regulam,

1096 938 1153 972 nisi
1176 937 1214 972 ad
1238 950 1285 978 ea,
1308 938 1345 974 ad
1368 950 1448 985 quae
1470 951 1525 972 vos
1539 938 1703 985 obligastis
1717 939 1747 974 in
1766 940 1844 986 ipsa.

1095 987 1145 1021 Ad
1173 996 1293 1022 caetera
1328 1000 1389 1023 non
1417 987 1590 1028 tenemini,
1616 988 1708 1023 sicuti
1731 989 1845 1024 caeteri

1096 1037 1269 1079 christiani,
1288 1046 1318 1072 et
1332 1049 1369 1072 eo
1385 1037 1485 1083 magis
1506 1037 1545 1071 de
1566 1037 1663 1082 bono,
1684 1046 1714 1073 et
1726 1050 1846 1085 aequo,

1096 1098 1160 1134 quo
1190 1098 1245 1121 vos
1274 1086 1433 1121 obtulistis
1460 1087 1679 1122 holocaustum
1707 1087 1847 1122 Domino

1097 1135 1301 1171 medullatum
1351 1148 1407 1183 per
1445 1143 1663 1184 contemptum
1702 1137 1846 1172 omnium

1097 1185 1345 1220 mundanorum.
1374 1185 1451 1220 Item
1485 1197 1558 1220 eum
1592 1186 1622 1220 in
1649 1185 1759 1221 eadem
1783 1185 1850 1221 Re-

1097 1235 1169 1281 gula
1191 1235 1231 1269 sit
1260 1234 1451 1278 inhibitum,
1478 1247 1518 1269 ne
1551 1234 1662 1270 fratres
1698 1235 1850 1283 recipiant
1875 1243 1984 1272 Quomodo
2007 1249 2045 1269 εο-
2096 1246 2099 1247 ’

1098 1297 1154 1331 per
1179 1296 1213 1318 se
1246 1285 1293 1319 vel
1328 1296 1383 1331 per
1409 1284 1488 1319 alios
1508 1283 1690 1326 denarium,
1719 1285 1767 1319 vel
1785 1274 2046 1332 ’ρθ-ζῖθῖξζζῖξῖξζζξ

1097 1334 1225 1368 cuniam
1253 1334 1317 1368 ullo
1339 1333 1445 1375 modo,
1480 1341 1511 1368 et
1538 1333 1598 1381 ipsi
1620 1331 1680 1369 hoc
1713 1335 2007 1381 in‚per-1³⁰⁰¹¹¹¹³¹²‘¹¹'¹¹·

1099 1391 1229 1429 petuum
1252 1379 1418 1418 observare
1453 1382 1648 1428 desiderent,
1687 1383 1850 1419 certiorari

1099 1433 1276 1479 requirunt,
1300 1432 1325 1467 si
1353 1432 1514 1479 aliquibus
1535 1432 1721 1468 timentibus
1742 1432 1851 1468 Domi-

1100 1494 1174 1515 num
1204 1481 1313 1516 fideles
1339 1481 1460 1529 aliquos
1495 1493 1550 1529 per
1578 1494 1658 1529 quos
1689 1482 1747 1530 ipsi
1771 1482 1852 1518 sub-

1099 1531 1224 1565 veniant
1239 1530 1479 1566 necessitatibus
1499 1530 1698 1573 eorumdem,
1721 1531 1790 1566 sine
1809 1531 1852 1566 of-

1100 1580 1242 1614 fensione
1264 1580 1391 1626 regulae
1418 1580 1554 1615 audeant
1581 1588 1794 1627 praesentare,
1816 1593 1851 1616 ac

1101 1629 1137 1664 ad
1161 1629 1270 1664 fideles
1291 1628 1420 1663 eosdem
1444 1642 1500 1676 pro
1515 1630 1755 1665 necessitatibus
1775 1630 1852 1678 ipsis

1101 1690 1211 1713 secura
1232 1690 1391 1713 recurrere
1413 1679 1630 1724 conscientia,
1658 1692 1730 1714 cum
1759 1679 1854 1719 dena-

1103 1729 1184 1773 rios,
1201 1736 1255 1762 aut
1270 1728 1435 1774 pecuniam
1451 1740 1507 1763 eos
1521 1729 1665 1763 noverint
1680 1729 1850 1776 accepisse.

1102 1777 1190 1818 Quos
1213 1785 1316 1811 tamen
1339 1777 1496 1818 denarios,
1529 1778 1576 1812 vel
1603 1779 1769 1824 pecuniam
1801 1790 1854 1813 au-

1103 1826 1245 1861 ctoritate
1278 1828 1407 1874 propria
1444 1839 1507 1861 non
1546 1827 1715 1863 intendunt
1752 1827 1853 1863 facere

1103 1876 1300 1916 conservari,
1330 1887 1387 1910 nec
1416 1876 1546 1911 nomine
1572 1876 1703 1923 depositi
1729 1878 1853 1924 exigere

1103 1925 1142 1960 ab
1164 1925 1297 1960 eisdem.
1333 1924 1439 1972 Super
1464 1937 1526 1972 quo
1552 1925 1700 1961 duximus
1728 1938 1856 1973 respon-

1105 1974 1263 2009 dendum:
1292 1975 1375 2021 quod
1411 1974 1436 2008 si
1459 1987 1525 2009 rem
1547 1974 1608 2009 sibi
1644 1975 1853 2010 necessariam

1106 2024 1200 2058 velint
1222 2023 1331 2058 fratres
1344 2035 1463 2065 emere,
1482 2024 1529 2058 vel
1545 2024 1735 2059 solutionem
1751 2024 1855 2060 facere

1108 2085 1162 2119 pro
1194 2073 1253 2107 iam
1289 2081 1412 2119 empta,
1435 2081 1578 2120 possunt,
1619 2074 1664 2108 vel
1699 2074 1854 2109 nuncium

1107 2122 1176 2157 eius
1197 2135 1213 2156 a
1236 2135 1298 2169 quo
1321 2134 1370 2157 res
1390 2123 1517 2167 emitur,
1539 2123 1586 2157 vel
1609 2123 1745 2170 aliquem
1759 2123 1853 2157 alium

1108 2172 1285 2206 volentibus
1312 2171 1371 2206 sibi
1400 2171 1615 2220 eleemosynas
1648 2172 1766 2213 facere,
1795 2172 1854 2206 nisi

1109 2220 1191 2255 idem
1217 2233 1270 2268 per
1303 2233 1357 2264 se,
1384 2221 1430 2256 vel
1465 2233 1521 2268 per
1543 2221 1687 2268 proprios
1721 2221 1856 2256 nuncios

1109 2270 1229 2305 solvere
1252 2270 1430 2310 maluerint,
1454 2279 1664 2317 praesentare,
1683 2273 1735 2317 qui
1754 2270 1882 2310 taliter·

320 2337 357 2360 ne
386 2334 446 2359 tam
474 2323 510 2357 ad
539 2323 688 2368 consilia,
715 2334 808 2370 quam
831 2321 870 2356 ad
902 2319 1091 2368 praecepta}
1111 2328 1325 2366 praesentatus
1359 2331 1374 2354 a
1403 2319 1552 2354 fratribus
1582 2331 1644 2355 non
1669 2329 1718 2354 est
1744 2332 1855 2355 eorum

320 2372 479 2420 Evangelii
503 2380 680 2413 teneantur,
707 2379 774 2406 tum
798 2372 870 2417 quia
891 2383 921 2405 in
942 2370 1068 2416 regulae

1088 2364 1092 2427 ἱ
1110 2369 1257 2413 nuncius,
1281 2370 1352 2403 licet
1379 2377 1596 2416 praesentetur
1616 2368 1656 2403 ab
1677 2368 1773 2416 ipsis,
1800 2369 1856 2404 sed

321 2432 441 2458 vestrae
468 2422 601 2457 habetur
622 2422 792 2469 principio:
808 2419 942 2467 Regula,
965 2428 993 2454 et
1009 2421 1069 2453 vita
1088 2429 1092 2465 Ι
1112 2417 1195 2452 illius
1225 2419 1345 2465 potius,
1373 2418 1467 2453 euius
1493 2417 1640 2453 mandato
1667 2418 1856 2453 solutionem

321 2472 477 2507 ssllinorum
508 2471 636 2510 fratrum
671 2470 749 2505 haec
780 2478 838 2515 est,
860 2469 978 2505 scilicet
1005 2469 1070 2503 Do·
1089 2470 1093 2519 Ι
1111 2466 1193 2512 facit,
1226 2480 1280 2502 seu
1305 2467 1485 2514 recipientis
1510 2467 1665 2503 eamdem.
1691 2466 1779 2503 Idem
1810 2475 1857 2503 ta-

323 2522 398 2556 mini
421 2521 517 2556 nostri
548 2521 617 2555 Iesu
645 2519 762 2554 Christi
790 2528 934 2554 sanctum
966 2517 1070 2553 Evan-
1089 2522 1092 2527 '
1112 2528 1183 2551 men
1213 2517 1348 2551 nuncius
1385 2517 1504 2552 solvere
1536 2516 1639 2551 statim
1667 2516 1781 2559 debet,
1815 2517 1858 2552 ita

322 2570 437 2615 gelium
470 2570 635 2605 observare
670 2568 804 2604 vivendo
838 2569 871 2602 in
893 2567 1071 2603 obedientia
1111 2566 1194 2612 quod
1227 2566 1266 2600 de
1302 2568 1434 2612 pecunia
1469 2565 1548 2600 nihil
1575 2573 1734 2601 remaneat
1761 2578 1858 2613 penes

323 2618 392 2654 siue
420 2620 558 2665 proprio,
589 2627 620 2654 et
646 2618 678 2654 in
705 2620 867 2658 castitate;
900 2626 965 2651 tum
999 2616 1070 2663 quia
1111 2627 1195 2650 eum.
1219 2614 1253 2650 Si
1275 2627 1347 2650 vero
1375 2627 1431 2662 pro
1456 2614 1526 2650 aliis
1548 2614 1788 2651 imminentibus
1806 2627 1859 2651 ne-

1857 245 1906 272 An.
1923 244 1954 272 C.
1973 245 2040 273 1230
2091 258 2094 261 ·
