2129 3223
121 249 170 276 An.
189 247 216 275 C.
237 247 306 274 {2OE

131 1834 204 1855 hince⁴
221 1834 303 1861 Philip—

120 1872 165 1892 purn
177 1869 263 1886 cort-nat
281 1867 301 1886 in

118 1903 189 1923 regem

132 2033 243 2054 Cannium
265 2039 302 2053 su-

120 2065 169 2087 wad
214 2063 303 2090 privile-

120 2097 173 2116 aium

369 235 440 269 284

317 312 425 350 ceptae
446 313 462 335 a
479 300 620 334 Romana
647 294 788 330 Ecclesia
811 294 963 329 libertatis
984 293 1072 341 quin-

314 360 426 400 gentos
452 350 574 384 laccen.
598 352 744 382 monetae
771 355 938 379 mancusos
958 354 1071 378 aureos

316 414 371 449 per
401 410 502 435 annos
535 395 676 443 singulos
705 393 908 430 Lateranensi
943 392 1069 438 palatio,

314 460 347 486 nt
370 449 518 497 superius
543 446 663 481 dictum
691 451 750 484 est,
779 442 973 491 persolvetis.
1001 441 1071 476 Hoc

314 501 410 547 igitur
444 506 567 533 nostrae
595 494 793 543 privilegium
822 491 1010 534 sanctionis,
1044 490 1069 525 si

313 550 386 597 quis
408 550 437 583 in
463 546 633 582 crastinum
657 554 833 590 agnoscens
859 540 1070 588 archiepisco-

314 612 373 645 pus
413 605 466 633 aut
492 596 681 643 episcopuS,
716 593 886 638 imperator
921 597 974 624 aut
1004 601 1069 632 rex,

314 649 472 695 princeps,
504 646 580 683 dux,
608 643 655 678 vel
689 641 839 680 marchio,
870 651 988 677 comes,
1007 646 1070 693 ⁴aut

314 698 501 735 vicecomes,
530 694 638 731 iudex,
666 700 718 727 aut
751 702 884 737 persona
911 687 1070 735 quaelibet

313 746 483 782 saecularis
520 744 567 779 vel
603 741 813 777 ecclesiastica
852 746 960 774 contra
999 748 1067 772 eam

314 805 431 831 temere
446 794 551 830 venire
567 791 744 828 tentaverit,
762 797 793 824 et
808 787 895 835 regni
914 787 959 822 tui
975 786 1068 841 bona,

314 857 394 892 quae
418 845 449 879 in
478 841 635 891 praesenti
655 853 693 875 ex
721 847 849 886 paterna
868 847 1069 891 possessione

314 894 446 938 retines,
482 904 537 929 seu
570 902 651 939 quae
684 889 714 923 in
751 887 890 922 futurum
917 886 1070 931 largiente

312 942 452 978 Domino
475 943 555 977 iuste
577 938 740 986 acquirere
760 936 888 983 poteris,
911 934 1069 975 invadere,

315 991 492 1032 molestare,
512 990 557 1026 vel
580 989 647 1024 suis
673 985 784 1021 usibus
806 984 965 1032 applicare
987 995 1071 1030 prae-

313 1042 496 1088 sumpserit,
523 1037 665 1075 secundo
688 1036 819 1070 tertiove
846 1033 1069 1075 commonitus,

313 1092 338 1125 si
366 1102 428 1126 non
451 1088 663 1125 satisfactione
686 1096 825 1130 congrua
843 1081 1069 1120 emendaverit.

312 1153 328 1174 ει
351 1138 471 1175 Christi
495 1150 581 1178 eum,
608 1143 639 1172 et
663 1134 822 1170 Ecclesiae
854 1143 986 1178 corpore
1006 1144 1070 1166 au—

313 1188 466 1224 ctoritatis
485 1186 676 1234 apostolicae
692 1190 843 1230 potestate
857 1192 1070 1228 segregamus,

312 1246 342 1272 et
364 1238 495 1273 honoris
520 1237 569 1271 sui
595 1233 736 1282 periculo
762 1231 928 1266 subiacere
960 1229 1070 1265 decer-

315 1288 430 1322 nimus.
446 1286 580 1322 Cunctis
595 1292 701 1320 autem
717 1279 976 1316 conservantibus
993 1279 1071 1314 haec

314 1348 373 1383 pax
401 1348 418 1371 a
445 1335 514 1370 Deo
540 1343 571 1370 et
601 1330 818 1368 misericordia
850 1328 1071 1376 praesentibus

313 1396 351 1420 ac
385 1384 502 1420 futuris
541 1382 676 1419 saeculis
702 1386 916 1416 conservetur.
955 1378 1068 1413 Amen.

313 1434 431 1470 Datum
464 1432 644 1468 Placentiae
677 1442 733 1478 per
765 1439 892 1464 manum
921 1426 1071 1462 Iohannis

313 1492 440 1519 sanctae
460 1482 624 1518 Romanae
638 1478 800 1516 Ecclesiae
828 1477 951 1511 diaconi
971 1476 1072 1511 cardi·

315 1532 406 1574 natis,
429 1532 554 1568 decimo
571 1530 705 1577 septimo
719 1527 871 1562 kalendas
885 1525 1005 1573 aprilis,
1022 1526 1070 1560 in—

314 1582 453 1616 dictione
482 1581 585 1619 tertia,
615 1591 697 1614 anno
723 1577 901 1612 dominicae
924 1575 1070 1610 incarna-

315 1631 409 1666 tionis
424 1630 590 1665 millesimo
614 1628 818 1673 nonagesimo
840 1624 964 1672 quinto,
989 1636 1070 1672 pon-

315 1680 452 1715 tificatus
495 1687 599 1715 autem
643 1676 761 1712 domini
804 1674 922 1710 Urbani
967 1673 1070 1720 Papae

314 1729 447 1765 secundi
473 1740 556 1764 anno
579 1734 702 1762 octavo.

366 1778 448 1814 Cum
476 1786 581 1813 autem
602 1775 681 1811 adeo
697 1786 864 1822 personam
883 1780 968 1808 tuam
991 1772 1070 1807 dile-

319 1831 459 1866 xerimus
473 1836 503 1862 et
524 1827 693 1873 diligamus
710 1825 739 1859 in
761 1823 899 1859 Domino
920 1821 1071 1857 charitate

316 1881 450 1922 sincera,
465 1876 548 1924 quod
564 1875 680 1910 nostris
695 1873 839 1908 manibus
851 1871 1071 1908 coronavimus

315 1938 346 1964 te
369 1930 398 1963 in
427 1939 552 1973 regern,
582 1925 645 1959 tuis
680 1923 886 1971 petitionibus
917 1928 1069 1969 quantum

317 1991 388 2014 cum
411 1976 480 2012 Deo
514 1986 682 2022 possumus
716 1971 926 2007 favorabiliter
955 1973 1071 2017 impar-

317 2028 431 2062 tientes
450 2037 626 2063 assensum,
654 2022 848 2069 praedictum
873 2021 1069 2068 privilegium

319 2085 418 2112 ratum
442 2074 606 2114 habemus,
622 2081 651 2107 et
675 2072 889 2119 praecipimus
911 2070 1071 2105 inviolabi-

318 2127 388 2162 liter
408 2125 577 2160 observari.
592 2122 639 2157 Tu
655 2132 730 2168 ergo
747 2133 785 2156 ne
802 2120 886 2156 unde
904 2127 1072 2155 nascantur

320 2176 469 2214 iniuriae,
498 2173 581 2208 unde
604 2173 669 2206 iura
703 2178 893 2210 nascuntur,
922 2170 1013 2204 talem
1042 2177 1071 2203 te

319 2227 399 2260 ,r-irca
433 2235 524 2258 usum
553 2220 735 2269 praescripti
766 2220 921 2267 privilegii
944 2218 1071 2253 studeas

320 2274 484 2311 exhibere,
520 2270 700 2319 praesertim
736 2270 817 2304 circa
850 2268 881 2303 id
913 2267 995 2316 quod
1033 2267 1071 2302 de

320 2322 488 2361 interdicti,
508 2329 539 2356 et
556 2319 892 2355 excommunicationis
907 2317 1072 2352 sententiis

320 2381 365 2407 est
380 2370 588 2420 praedictum,
599 2382 637 2405 ne
648 2381 704 2417 per
722 2368 867 2410 abusum,
881 2367 965 2414 quod
980 2366 1072 2410 absit,

323 2422 432 2467 privari
459 2420 600 2456 eiusdem
636 2417 789 2465 privilegii
818 2416 970 2452 beneficio
1003 2428 1072 2451 me-

323 2471 432 2514 rearis,
467 2470 539 2516 quia
576 2469 658 2503 iuxta
695 2467 862 2502 canonicas
894 2466 1072 2501 sanctiones

324 2519 518 2565 privilegium
533 2525 672 2552 meretur
685 2517 840 2560 amittere,
851 2517 904 2562 qui
922 2515 1071 2563 permissa

322 2567 379 2602 sibi
401 2567 538 2602 abutitur
561 2573 722 2614 potestate.

371 2615 455 2651 Nulli
470 2628 544 2663 ergo
562 2616 692 2651 omnino
707 2614 871 2650 hominum
888 2612 979 2649 liceat
992 2612 1073 2648 hane

907 238 1096 262 mmmmm!
1117 236 1282 260 Romanum

1112 340 1160 377 vel
1187 341 1215 376 ei
1244 354 1323 375 ausu
1347 342 1512 376 temerario
1534 341 1701 377 contraire.
1730 340 1764 376 Si
1790 341 1864 387 quis

1111 399 1216 426 auten]
1239 390 1298 425 hoc
1319 398 1471 426 attentare
1493 389 1752 438 praesumpserit,
1779 388 1864 425 indi-

1110 440 1290 486 gnationem
1313 439 1539 487 omnipotentis
1557 439 1615 475 Dei
1645 451 1682 475 ac
1700 438 1863 474 beatorum

1112 489 1196 524 Petri
1218 498 1248 525 et
1272 489 1361 525 Pauli
1388 489 1603 537 apostolorum
1625 489 1694 524 eius
1715 500 1750 524 se
1772 500 1865 524 nove·

1111 547 1149 574 rit
1178 551 1390 574 incursurum.

1160 587 1275 623 Datum
1289 587 1435 623 Laterani
1449 595 1561 635 quarto
1576 599 1675 623 nonas
1694 587 1776 629 iulii,
1792 599 1864 635 pon-

1110 638 1246 673 tificatus
1268 637 1367 673 nostri
1394 649 1477 673 anno
1498 637 1725 672 sextodecimo.

1140 698 1242 729 Datum
1263 699 1309 729 die
1327 699 1343 729 4
1365 698 1430 729 iulii
1453 698 1535 733 1213,
1559 698 1661 747 pontis..
1684 709 1760 729 anno
1778 707 1833 729 xvr.

1432 857 1542 893 XCVl.

1168 930 1324 964 t'ala‘daeio
1343 931 1429 975 pacit
1450 931 1530 963 inter
1547 941 1647 974 regem
1669 929 1818 963 Ioannem

1216 987 1242 1013 et
1259 980 1468 1024 Anqlt'canam
1498 980 1669 1014 Ecclesiam
1694 979 1756 1022 (Ι).

1380 1052 1598 1084 SUMMARIUM

1112 1114 1171 1145 Rex
1183 1115 1262 1146 clero
1278 1125 1332 1145 suo
1347 1125 1448 1155 pacem
1470 1115 1696 1156 libertatemque
1711 1117 1866 1156 promittit:

1152 1177 1189 1183 -
1212 1159 1406 1200 Patentesque
1430 1170 1462 1190 se
1485 1161 1621 1191 daturum
1646 1161 1810 1201 supevhoe
1833 1163 1869 1193 li·

1151 1210 1238 1235 teras.
1256 1221 1295 1228 —
1316 1204 1359 1235 Ad
1382 1209 1464 1244 pacta
1485 1205 1627 1235 servanda
1647 1204 1867 1236 ecclesiasticos

1151 1249 1323 1279 adhortatur
1340 1247 1542 1279 Innocentius.
1561 1265 1601 1272 —
1618 1248 1652 1279 Et
1669 1249 1743 1279 nihil
1767 1254 1867 1280 eontra

1152 1301 1252 1331 regem
1279 1293 1424 1332 agendum
1448 1293 1615 1323 inconsulto
1638 1292 1769 1324 Romano
1790 1293 1868 1325 Pon-

1153 1337 1241 1367 tifice.

1112 1411 1283 1441 Innocentius
1302 1412 1443 1447 opiscopus
1463 1418 1558 1441 servus
1576 1418 1715 1442 sorvorum
1733 1413 1790 1448 not.
1820 1423 1866 1445 ree

1156 1460 1324 1489 notabilibus
1341 1459 1481 1489 tratribus
1494 1460 1632 1490 Dubltnen.
1653 1461 1867 1501 archiepiscopo,

1156 1510 1186 1538 et
1196 1509 1336 1538 norvicen-
1348 1510 1377 1538 οἱ
1384 1509 1547 1539 wintonien.
1555 1509 1700 1546 episcopis,
1717 1512 1747 1541 ot
1758 1513 1867 1543 dilectis

1156 1557 1222 1587 filiis
1232 1557 1367 1587 nobilibus
1386 1557 1454 1587 viris
1474 1558 1606 1587 Willolmo
1625 1559 1820 1596 saresberien„
1838 1563 1866 1592 Ε.

1156 1608 1212 1636 filio
1222 1607 1297 1637 Petri
1307 1607 1433 1641 Exci-iae.
1452 1608 1481 1636 R.
1495 1608 1629 1641 Boioniae,
1640 1609 1670 1637 lt.
1683 1609 1817 1645 cestriae.
1827 1612 1865 1641 W,

1156 1657 1324 1690 wat-anniae,
1336 1657 1376 1685 W.
1389 1657 1547 1686 marescallo
1565 1656 1750 1692 Preabrotiao.
1761 1659 1867 1690 amon

1157 1713 1205 1741 ger
1228 1705 1388 1739 Horreum,
1408 1706 1446 1734 W.
1463 1706 1615 1739 arundelli.
1635 1707 1673 1735 W.
1690 1707 1722 1736 (ιο
1732 1708 1866 1743 Ferraria.

1156 1756 1186 1784 et
1205 1756 1285 1784 sacro
1305 1756 1454 1785 wintoniae
1467 1756 1625 1789 comitibus,
1646 1758 1677 1785 ot
1695 1757 1724 1785 tt.
1745 1757 1801 1787 filio
1817 1759 1866 1788 Ro·

1156 1805 1227 1840 geri.
1243 1804 1282 1833 W.
1293 1805 1443 1841 Brigertae.
1454 1805 1484 1833 tt.
1497 1805 1528 1833 do
1539 1805 1611 1838 Ros„
1621 1805 1649 1833 G.
1659 1805 1716 1835 mio
1728 1806 1867 1840 ssanstedi.

1156 1853 1187 1882 R.
1203 1854 1235 1882 do
1248 1854 1439 1887 mortuomari,
1460 1854 1486 1882 P.
1504 1853 1561 1883 filio
1580 1853 1716 1887 neroni-tt,
1734 1857 1763 1885 ot
1778 1856 1817 1884 W.
1835 1857 1868 1886 do

1155 1903 1302 1936 albiniaco.
1322 1904 1442 1932 satutem
1462 1905 1491 1933 et
1501 1903 1683 1940 apostolicam
1699 1905 1866 1934 benedictio-

1155 1960 1224 1981 tlem-

1161 2016 1194 2050 ln
1213 2017 1310 2051 forma
1334 2016 1532 2055 concordiae,
1556 2029 1650 2063 quani
1673 2029 1745 2051 cum
1768 2017 1865 2052 multa

1113 2065 1335 2100 deliberatione
1359 2065 1557 2112 providimus
1587 2078 1642 2112 pro
1668 2065 1864 2101 reformanda

1115 2126 1189 2162 pace
1212 2115 1291 2149 inter
1319 2115 1538 2149 charissimum
1563 2116 1594 2149 in
1616 2115 1744 2150 Christo
1767 2115 1863 2150 fitium

1114 2172 1254 2199 nostrum
1282 2164 1454 2198 Iohannem
1479 2164 1652 2211 Anglorum
1672 2176 1778 2210 regem
1791 2164 1865 2199 illu-

1113 2212 1447 2253 strennetEcclesiam
1470 2213 1689 2260 anglicanam,
1707 2213 1765 2248 hoc
1785 2215 1864 2248 inter

1113 2271 1232 2297 caetera
1250 2263 1429 2297 continetur
1451 2275 1650 2309 expressum,
1672 2262 1756 2308 quod
1780 2262 1862 2297 idem

1115 2324 1167 2346 rex
1191 2324 1293 2346 veram
1323 2324 1430 2358 pacem
1457 2321 1487 2347 et
1515 2312 1638 2359 plenam
1664 2312 1862 2347 securitatem
1877 2318 2060 2376 pffssgme'iiiilri'f

1877 2382 1962 2408 temque
1976 2382 2062 2409 promit·

1115 2361 1285 2407 praestabit
1328 2361 1558 2396 venerabilibus
1592 2361 1665 2394 viris
1700 2360 1863 2406 Stephano

1113 2409 1316 2444 Cantuarien.
1331 2409 1638 2457 archiepiscopo,W.
1653 2409 1864 2454 Londonien„
1878 2411 1910 2431 ¹³¹²

1114 2459 1149 2494 E.
1174 2459 1288 2499 Ehem,
1313 2459 1348 2493 Ε.
1376 2459 1607 2504 Homini-dien„
1625 2458 1649 2493 l.
1671 2457 1860 2494 Rathonien.

1113 2518 1140 2543 et
1163 2508 1201 2543 H.
1218 2508 1405 2543 Linconien.
1421 2508 1592 2555 episcopiS‚
1612 2507 1707 2554 priori
1722 2520 1862 2556 qnoque,

1113 2566 1143 2592 et
1171 2557 1334 2592 monachis
1360 2557 1561 2592 Cantuarien.
1584 2564 1614 2591 et
1636 2555 1776 2592 Roberto
1797 2558 1862 2593 filio

1149 2621 1187 2657 (tt
1205 2623 1241 2650 Ex
1264 2623 1367 2658 Regest.
1391 2622 1470 2649 Vatic-

1878 234 1931 261 Διὶ.
1946 232 1974 261 C.
1991 233 2060 261 ¹215

1112 292 1258 339 paginam
1282 298 1408 326 nostrae
1434 291 1667 339 praeceptionis
1694 290 1865 337 infringere
1908 287 2027 311 ⁰¹⁸⁰⁸¹¹¹³0⁴
