2129 3223
163 278 205 305 An.
225 279 251 305 C.
274 280 338 307 1197

170 384 196 405 ⁰²
207 385 285 406 *hm*
296 386 338 407 ⁶¹⁹·
351 384 409 419 loci
428 384 551 424 abbate,
572 384 619 420 vel
642 393 765 420 tuorum

155 419 233 436 ‘tinne

159 1225 206 1246 Cum
231 1227 329 1247 clausulis

149 1258 272 1278 ineuntibus
292 1263 329 1283 pro

147 1288 319 1309 -ewemioribuffi

159 1821 265 1840 'nvncessa
289 1821 328 1840 oh-

147 1849 278 1870 iervantibus
289 1850 326 1870 be—

146 1880 275 1902 nedictione.

159 2232 272 2253 Caelestini
289 2232 327 2253 FP.

150 2337 199 2357 eis
227 2337 241 2357 R
271 2337 318 2358 [ert

170 2369 304 2389 cardinalium

148 2399 314 2424 ιαῂςιᾙρινηῃρς

407 271 472 305 110

400 339 415 379 g
442 337 493 370 11.
514 335 659 370 Obeunte
685 347 757 370 vero
778 343 809 371 te
830 348 914 372 nunc
952 336 1094 372 eiusdem

795 385 936 433 quolibet
969 398 1095 422 succes-

350 446 468 473 sorum,
491 433 598 469 nullus
629 433 671 469 ibi
709 434 847 482 qnalibet
880 436 1096 484 subreptionis

349 483 462 519 astutia
484 495 538 518 seu
573 483 719 520 violentia
747 493 891 532 ponatur,
914 486 973 520 nisi
1000 498 1094 533 quem

349 532 457 568 fratres
478 533 639 569 communi
673 545 844 574 consensu,
882 535 927 570 vel
966 535 1093 570 fratrum

348 594 420 629 pars
452 582 581 618 maioris
607 591 638 618 et
649 584 782 618 sanioris
808 584 942 623 consilii,
973 597 1093 619 secun-

348 631 422 666 dum
444 631 503 667 Dei
531 632 687 671 timorem.
716 641 746 667 et
767 633 803 667 B.
844 633 1006 668 Benedicti
1044 647 1094 668 re-

347 682 452 727 gulam
476 682 672 728 providerint
699 682 891 730 eligendum.

396 731 415 778 ,ξ
443 733 494 765 1⁶2.
511 731 719 766 Decernimus
734 744 809 778 ergo
822 741 855 766 ut
872 732 947 767 nulli
964 732 1093 766 omnino
1113 744 1115 763 1

165 780 271 830 ”m'jl'ffl‘
293 789 296 801 ¹
321 794 331 795 s
349 780 510 815 bominum
535 781 623 815 liceat
663 782 834 827 praefatum
866 783 1092 816 monasterium

347 837 465 864 temere
487 830 681 876 perturbare,
703 831 750 866 vel
785 832 1000 877 possessiones
1038 844 1093 865 au·

348 879 439 917 ferre,
463 879 508 914 vel
536 879 652 914 ablatas
674 881 821 919 retinere,
845 881 1001 919 minuere,
1036 894 1091 915 seu

345 928 537 975 quibuslibet
585 930 800 964 vexationibus
842 930 990 972 fatigare,
1037 930 1091 964 sed

344 979 448 1013 omnia
477 979 597 1025 integra
625 988 848 1014 conserventur
887 992 996 1014 eorum
1037 992 1092 1026 pro

344 1041 478 1074 quornm
512 1027 739 1074 gubernatione
791 1042 825 1063 ac
863 1029 1091 1064 sustentatione

344 1089 491 1112 concessa
513 1085 597 1121 sunt,
620 1077 728 1112 usibus
757 1078 949 1113 omnimodis
984 1078 1092 1125 profu-

346 1135 426 1164 tura.
462 1127 543 1162 salva
586 1125 678 1161 Sedis
716 1126 914 1174 Apostolicae
959 1129 1092 1162 auctori-

344 1184 416 1218 tate,
445 1185 474 1210 et
496 1175 676 1211 dioecesani
704 1178 783 1217 eius,
807 1177 836 1210 in
859 1189 922 1224 quo
958 1177 1090 1214 fueritis.

345 1225 471 1260 iustitia.
491 1225 525 1260 Si
544 1237 605 1272 qua
636 1238 710 1273 ergo
741 1226 772 1260 in
812 1226 950 1261 futurum
985 1226 1091 1261 eccle-

344 1275 478 1319 siastica,
500 1274 705 1310 saecularisve
722 1287 866 1322 persona,
878 1275 959 1311 lianc
975 1283 1091 1311 temere

344 1324 579 1361 constitutionis
600 1325 744 1372 paginam
768 1325 883 1365 sciens,
902 1333 1006 1360 contra
1021 1337 1089 1360 eam

344 1376 448 1409 venire
469 1374 646 1418 tentaverit,
667 1374 820 1413 secundo,
845 1375 974 1409 tertiove
1008 1387 1091 1409 com-

343 1424 476 1459 monita.
498 1423 558 1458 nisi
586 1431 706 1458 reatum
729 1436 821 1458 suum
844 1436 980 1469 congrua
998 1425 1089 1459 satis-

343 1473 477 1508 factione
504 1473 684 1517 correxerit,
719 1474 892 1520 potestatis,
927 1473 1087 1520 lionorisq.

342 1523 390 1557 sui
413 1522 499 1557 omni
542 1530 684 1570 tempore
718 1531 832 1563 careat;
870 1534 1022 1570 reumque
1055 1535 1089 1558 se

341 1571 449 1606 divino
488 1571 607 1607 iudicio
652 1571 785 1607 existere
831 1571 870 1607 de
915 1580 1087 1619 perpetrata

930 282 1117 319 untalaim
1142 282 1306 306 ROMANUM

1186 336 1254 382 Ego
1279 335 1385 372 Guido
1411 336 1545 372 Sanctae
1577 336 1691 372 Mariae
1735 336 1884 384 Transty-

1137 385 1235 420 berim
1258 386 1307 420 tit.
1332 385 1365 421 S.
1389 385 1498 421 Calisti
1521 386 1682 434 presbyter
1702 385 1882 421 cardinalis.

1186 435 1251 482 Ego
1272 435 1402 471 Clirant.
1423 436 1467 470 tit.
1487 436 1520 471 S.
1536 436 1696 471 Laurentii
1715 436 1745 470 in
1764 435 1883 471 Lucina

1136 485 1243 532 presb.
1268 485 1352 520 card.

1185 534 1254 582 Ego
1282 534 1324 570 lo.
1355 535 1399 569 tit.
1428 535 1461 569 S.
1485 535 1611 569 Priscae
1638 534 1742 582 presb.
1766 533 1849 568 card.

1184 584 1251 631 Ego
1277 583 1447 619 Gratianus
1474 584 1578 632 presb.
1601 583 1685 618 card.

1184 633 1251 681 Ego
1277 633 1451 680 Gregorius
1477 632 1579 680 presb.
1602 632 1686 668 card.

1182 683 1250 730 Ego
1273 683 1423 718 Nicolaus
1443 682 1552 730 presb.
1575 682 1661 717 card.

1183 732 1249 779 Ego
1271 732 1467 767 Berardinus
1495 731 1598 779 presb.
1626 731 1711 767 card.

1185 782 1251 828 Ego
1272 782 1441 817 Lotliarius
1463 781 1566 828 presb.
1590 781 1673 816 card.

1183 831 1250 877 Ego
1271 831 1443 878 Gregorius
1471 831 1572 877 presb.
1602 830 1686 866 card.

1185 881 1297 916 Datum
1320 881 1477 921 Lateran.‚
1500 893 1555 928 per
1579 892 1706 915 manum
1724 880 1828 915 Centii
1848 880 1881 915 S.

1133 930 1249 966 Luciae
1285 931 1315 965 in
1356 930 1475 965 Ortliea
1514 930 1593 965 diac.
1624 929 1723 973 card.7
1762 928 1882 964 domini

1134 979 1237 1027 Papae
1275 980 1451 1023 camerarii,
1490 992 1514 1014 ιι
1552 992 1624 1014 non.
1649 978 1810 1019 novemb„
1834 980 1884 1014 in-

1132 1029 1269 1064 dictione
1304 1030 1414 1075 tertia‚
1441 1030 1667 1064 iucarnationis
1707 1028 1884 1064 dominicae

1132 1091 1215 1114 anno
1236 1084 1245 1113 t
1261 1082 1338 1120 197,
1354 1079 1554 1126 pontificatus
1573 1078 1691 1113 domini
1710 1077 1882 1113 Coelestini

1132 1140 1215 1162 anno
1240 1141 1296 1162 vii,

1166 1184 1223 1214 Dat.
1243 1185 1290 1214 die
1310 1186 1326 1215 l
1348 1185 1514 1215 novembris
1535 1195 1610 1214 anuo
1629 1184 1744 1215 Domini
1766 1185 1850 1221 1197,

1371 1229 1473 1268 pontif.
1499 1239 1574 1259 anno
1597 1238 1643 1258 vii.

1460 1369 1557 1404 XXV.

1245 1447 1294 1479 Ad
1322 1447 1470 1479 decanum
1498 1446 1769 1491 Rothomaqensem

1204 1507 1290 1538 super
1314 1496 1469 1528 ›ioiznullis
1490 1496 1566 1529 iuris
1587 1497 1727 1529 articulis
1749 1498 1805 1537 tl).

1398 1568 1612 1599 SUMMARIUM

342 1622 505 1668 iniquitate
534 1630 719 1668 cognoscat,
759 1630 789 1656 et
826 1634 841 1656 a
877 1623 1089 1657 sacratissimo
1107 1629 1111 1656 t
1130 1634 1168 1664 De
1190 1635 1321 1665 remedio
1349 1635 1564 1674 appellationis.
1594 1653 1631 1658 -.
1654 1636 1698 1666 A„
1725 1636 1880 1676 399011350

340 1669 481 1718 Corpore
515 1684 550 1706 ac
596 1670 760 1718 Sanguine
792 1670 857 1706 DEI
889 1679 918 1705 et
960 1671 1086 1706 Domini

340 1720 563 1766 Redemptor-is
586 1720 682 1755 nostri
711 1720 783 1755 Isssn
817 1720 953 1755 Cmusri
988 1720 1087 1756 aliena

342 1770 405 1813 fiat,
431 1778 526 1817 atque
547 1771 579 1805 in
596 1778 735 1805 extremo
756 1770 900 1805 examine
929 1770 1088 1805 districtae

344 1819 454 1854 ultioni
477 1819 647 1855 subiaceat.
677 1819 809 1855 Cunctis
846 1828 949 1854 autem
984 1819 1086 1855 eidem

342 1869 410 1903 loco
432 1882 486 1904 sua
510 1870 575 1904 iura
595 1869 794 1904 servantibus
814 1869 856 1904 sit
882 1881 942 1916 pax
962 1868 1087 1904 Domini

344 1919 441 1953 nostri
472 1918 542 1954 lusu
583 1918 732 1962 Caium,
779 1927 934 1966 quatenus
968 1927 999 1953 et
1036 1919 1088 1953 hic

342 1968 477 2003 fructum
531 1968 630 2002 bonae
670 1968 803 2003 actionis
837 1968 1024 2016 percipiant,
1058 1975 1089 2003 et

342 2022 424 2069 apud
447 2022 624 2057 districtum
647 2023 786 2057 Iudicem
815 2023 951 2070 praemia
985 2030 1088 2057 aeter-

342 2087 400 2110 nae
413 2076 497 2122 pacis
511 2076 680 2111 inveniant.
705 2077 816 2111 Amen.
838 2077 951 2111 Amen.
973 2077 1084 2111 Amen.

405 2153 517 2197 Perfice
542 2164 660 2196 qressus
686 2164 765 2186 meos
791 2154 823 2185 in
844 2153 955 2186 semitis
982 2154 1050 2186 tuis.

392 2227 464 2262 Eoo
495 2226 719 2262 contusum
735 2226 915 2262 Catholicae
929 2227 1089 2264 Ecclesiae

342 2283 524 2328 episcopus,

392 2335 461 2382 Ego
481 2334 674 2370 Octavianus
710 2333 890 2369 Hostiensis
927 2343 955 2369 et
991 2334 1089 2369 Velli-

343 2388 461 2423 trensis
481 2388 664 2435 episcopus.

394 2442 462 2489 Ego
492 2441 608 2477 Petrus
634 2441 783 2477 Portuen.
815 2449 846 2477 et
882 2441 915 2477 S.
946 2441 1090 2477 Ruffiuae

344 2496 523 2543 episcopus.

394 2549 460 2596 Ego
488 2549 600 2585 Petrus
617 2550 651 2586 S.
675 2549 831 2585 Caeciliae
853 2550 958 2596 presb.
985 2548 1068 2584 card.

395 2603 461 2649 Ego
482 2603 515 2638 lo
552 2604 597 2637 tit.
625 2602 658 2638 S.
678 2601 852 2638 Clementis
879 2603 952 2639 card
991 2602 1091 2638 Viter-

346 2656 427 2691 bien.
455 2665 486 2691 et
506 2656 600 2692 Tusc.
629 2658 725 2703 episc.

1169 1683 1265 1709 teneat
1287 1680 1310 1708 si
1337 1680 1366 1709 in
1386 1679 1521 1718 pluribus
1540 1680 1673 1710 articulis
1696 1681 1735 1711 sit
1751 1681 1881 1720 appella-

1168 1729 1239 1760 tum,
1262 1724 1291 1753 in
1315 1732 1439 1762 quorum
1473 1733 1531 1753 uuo
1558 1724 1715 1762 contigerit
1745 1725 1878 1764 appella-

1169 1769 1276 1797 tionem
1301 1768 1400 1797 vetari.
1423 1785 1461 1790 -
1483 1767 1522 1798 De
1544 1768 1642 1798 iudice
1665 1773 1813 1808 suspecto.
1842 1787 1880 1792 -

1167 1811 1243 1847 Quid
1256 1812 1291 1842 de
1306 1812 1379 1841 cella
1399 1812 1557 1842 dicendum
1573 1822 1647 1853 qnae
1664 1823 1678 1842 a
1694 1812 1878 1843 subiectione

1169 1857 1254 1886 eximi
1278 1857 1446 1886 voluit.·—
1475 1856 1640 1895 Responsio
1667 1857 1812 1896 quaesito.
1841 1873 1879 1879 —

1168 1901 1207 1930 De
1230 1901 1380 1931 iudicibus
1399 1900 1552 1939 delegatis.
1572 1918 1608 1923 -
1632 1901 1661 1931 Si
1678 1910 1779 1931 omnes
1807 1902 1880 1931 inte-

1168 1955 1249 1975 resse
1277 1946 1449 1984 nequiverit,
1468 1946 1526 1975 duo
1554 1950 1736 1984 exequantur
1760 1945 1880 1975 manda-

1169 1995 1289 2020 tum.—-
1306 1989 1381 2025 Quid
1398 1991 1543 2028 agendum
1566 1999 1633 2020 cum
1657 1995 1738 2020 actor
1764 1991 1879 2021 vinculo

1167 2034 1480 2064 excommunicationis
1493 2034 1651 2064 obstrictus
1666 2033 1878 2065 sita—Senam

1169 2079 1244 2108 hanc
1266 2079 1469 2117 quaestionem
1499 2078 1586 2108 solvit
1607 2078 1748 2109 Pontifex.
1775 2095 1813 2101 -
1834 2078 1878 2109 An

1169 2126 1302 2153 teneatur
1323 2123 1502 2161 respondere
1538 2132 1627 2162 super
1657 2132 1746 2153 causa
1775 2123 1877 2162 eadem

1169 2176 1220 2206 pro
1235 2176 1291 2206 qua
1311 2166 1398 2196 fuerit
1417 2168 1695 2197 excommunicatus.

1277 2236 1286 2275 (
1298 2232 1503 2268 prudentiam
1512 2260 1568 2268 .....
1590 2241 1618 2268 et
1630 2235 1732 2279 infra)

1178 2304 1262 2339 Sane
1283 2304 1468 2339 consuluisti
1491 2317 1549 2340 uos
1571 2314 1674 2340 utrum
1696 2318 1768 2341 cum
1783 2318 1878 2342 causa

1130 2353 1340 2400 appellatione
1362 2361 1480 2390 remota
1507 2355 1722 2393 committitur,
1749 2363 1780 2390 et
1806 2368 1878 2391 reus

1130 2414 1235 2437 coram
1262 2403 1374 2438 eodem
1397 2404 1500 2439 iudice
1521 2413 1656 2439 actorem
1678 2406 1877 2445 convenerit,

1131 2459 1163 2486 et
1188 2460 1275 2487 actor
1302 2465 1397 2501 super
1422 2455 1630 2489 conventione
1658 2454 1878 2502 appellationis

1131 2501 1327 2537 obstaculum
1356 2503 1544 2550 interponit;
1571 2515 1610 2538 an
1632 2504 1673 2538 sit
1694 2503 1876 2541 huiusmodi

1131 2550 1329 2599 appellationi
1371 2551 1596 2588 deferendum?
1631 2553 1696 2588 Nos
1728 2565 1802 2589 vero
1836 2554 1875 2588 ita

1131 2601 1285 2636 sentimus
1306 2602 1388 2649 quod
1411 2614 1483 2638 cum
1499 2603 1612 2637 actoris
1650 2610 1681 2638 et
1703 2603 1747 2638 rei
1765 2602 1875 2639 eadem

1167 2671 1206 2704 (t)
1222 2671 1258 2698 Ex
1278 2671 1386 2703 Cernit„
1406 2677 1468 2700 tom.
1487 2680 1547 2705 xiii,
1565 2671 1614 2700 col.
1629 2672 1689 2700 715.

1898 280 1948 308 An.
1963 257 1991 307 ’0.
2012 279 2078 307 1197

1905 2313 1934 2334 lie
1940 2315 2033 2335 remedio
2040 2320 2074 2341 ap·

1893 2344 2019 2371 pettaiionis
