2129 3223
116 255 166 278 An.
188 252 216 278 C.
231 251 298 278 ¹220

128 307 209 327 :antina
227 314 239 327 ι
258 307 297 328 Βο-

115 338 253 358 ωιιίευςίὲω
274 343 298 358 e-

135 2123 233 2144 mutan
244 2124 307 2143 etho·

126 2156 197 2175 latitat
222 2159 307 2174 contr--

366 239 435 272 568

316 316 372 352 pro
390 302 494 338 studio
513 313 529 335 a
552 300 674 334 civitate
695 298 874 333 Bononien.
897 298 934 332 ad
958 298 1059 332 locum

314 354 409 388 alium
439 348 656 385 transferendo
678 349 781 383 facere
810 347 856 383 vel
886 347 1008 391 secisse,
1031 355 1059 380 et

313 404 338 437 si
354 400 514 437 Scliolaris
527 398 698 446 quispiam,
714 397 759 432 vel
774 396 855 432 alius
870 408 1060 444 quemquam

313 451 496 486 Scholarem
512 448 688 484 astrinxerit
711 446 805 482 modo
827 446 979 494 quolibet,
999 457 1061 492 quo

313 500 495 548 praecipere
535 498 632 545 possit
674 497 720 541 ei,
760 506 792 531 ut
832 507 925 530 causa
966 495 1061 529 studii

313 550 456 584 eamdem
483 555 572 583 exeat
607 547 776 590 civitatem,
804 552 956 592 perpetuo
979 544 1061 578 ban—

313 600 430 643 niatur,
445 607 475 633 et
489 597 594 631 onmia
611 596 691 631 bona
705 595 788 639 eius,
801 606 882 641 quae
900 593 1063 628 Bononiae

315 648 360 683 vel
380 648 410 683 in
426 648 494 682 eius
509 646 654 681 districtu
672 644 831 685 habuerit,
850 642 1062 691 publicentur,

313 707 344 732 et
377 709 486 732 eorum
514 695 670 730 tribuatur
703 693 855 729 medietas
889 693 1062 727 accusanti,

315 747 478 782 Praeterea
494 746 677 780 societatem
692 744 738 779 vel
755 751 894 779 rectores
910 744 952 785 (¹¹)
967 741 1065 776 Scho-

314 798 394 831 lares
422 808 484 831 non
508 795 730 842 permittantur
752 793 885 833 habere,
916 791 976 825 nisi
1004 791 1063 825 hoc.

313 845 487 893 capitulum
512 845 541 878 in
565 855 674 879 eorum
710 844 886 877 iuramento
914 849 1064 888 ponatur,

314 895 470 939 videlicet,
504 893 589 941 quod
622 904 683 927 non
714 892 835 926 dabunt
862 902 1002 938 operam,
1034 897 1064 923 ut

313 944 454 980 studium
490 943 526 978 ad
567 943 670 977 locum
704 941 799 976 alium
841 939 1064 978 transferatur,

313 1006 372 1029 nec
393 994 539 1040 cuiquam
556 991 699 1026 Scliolari
722 989 929 1038 praecipient,
953 997 985 1022 ut
1002 1001 1067 1034 gra-

313 1044 355 1079 tia
389 1042 484 1078 studii
517 1040 665 1076 abscedat
694 1052 710 1074 a
741 1039 865 1074 civitate
893 1037 1064 1085 praedicta,

313 1101 344 1127 et
375 1103 537 1139 nunquam
566 1088 750 1124 huiusmodi
781 1087 948 1122 mutabunt
972 1088 1065 1133 capi-

314 1141 417 1177 tulum
452 1153 524 1175 curn
552 1139 700 1181 consilio,
740 1138 785 1171 vel
825 1137 893 1172 sine
934 1136 1066 1170 consilio

314 1190 506 1230 eorundem,
548 1201 584 1223 ac
623 1188 649 1222 si
684 1187 797 1233 aliquis
831 1185 1065 1227 contrafecerit,

315 1240 410 1275 modo
432 1238 527 1274 simili
550 1238 730 1277 banniatur,
749 1244 780 1270 et
803 1235 884 1270 bona
908 1234 1068 1282 publicen-

317 1299 367 1324 tur
402 1289 515 1336 ipsius.
543 1287 689 1322 Potestas
716 1297 843 1333 quoque
877 1284 956 1319 infra
989 1284 1068 1318 duos

317 1350 443 1373 menses
464 1337 502 1372 ab
532 1337 677 1382 ingressu
701 1335 748 1370 sui
773 1334 935 1380 regiminis
958 1341 1067 1368 tenea-

317 1396 369 1423 tur
406 1386 601 1435 praedictum
634 1384 807 1432 capitulum
839 1383 933 1418 iurari
967 1382 1068 1418 facere

318 1450 333 1472 a
355 1436 529 1472 rectoribus
555 1434 776 1482 Scholarium,
805 1432 828 1466 si
851 1432 905 1479 qui
935 1431 1067 1472 fuerint,

319 1487 366 1521 vel
398 1485 477 1521 infra
505 1483 686 1532 quindecim
721 1482 801 1525 dies,
828 1493 864 1515 ex
899 1493 961 1528 quo
988 1481 1069 1515 exti-

320 1536 413 1571 terint
452 1531 590 1569 rectores
629 1532 740 1575 electi,
779 1540 807 1565 et
850 1531 880 1564 in
921 1529 1069 1564 societate

319 1584 519 1620 Scholarium
554 1581 682 1629 scriptis
711 1581 796 1628 poni,
836 1591 894 1614 nec
932 1579 1069 1625 permit--

321 1643 360 1669 tat
384 1632 617 1668 Bononiensem
639 1631 773 1678 aliquem
800 1629 845 1663 vel
872 1636 1069 1666 extraneum,

321 1684 380 1718 nisi
413 1682 516 1730 primo
551 1680 718 1719 iuraverit,
752 1677 838 1725 quod
872 1689 934 1712 non
974 1677 1069 1724 leget,

321 1731 394 1767 alibi
433 1739 518 1766 extra
557 1729 746 1764 ordinariam
788 1727 923 1773 aliquam
967 1726 1070 1772 legere

320 1781 498 1816 lectionem.
540 1778 633 1813 Unde
667 1790 703 1813 ex
745 1778 783 1811 iis
817 1776 952 1810 dilectus
989 1775 1071 1810 tilius

320 1830 435 1866 nobilis
468 1830 512 1863 vir
538 1827 723 1862 willelmus
750 1826 788 1860 ‹le
818 1824 986 1860 pusterula
1015 1837 1071 1872 po-

322 1888 417 1915 testas
445 1887 559 1921 vester,
580 1877 747 1912 occasione
776 1883 950 1921 assumpta,
966 1875 998 1908 in
1017 1886 1071 1909 eos

321 1929 493 1963 indebitam
521 1925 769 1961 iurisdictionem
794 1922 1072 1971 usurpans‚liber-

320 1987 415 2013 tatem
439 1978 580 2024 ipsorum
606 1975 774 2020 infringere
796 1973 918 2016 nititur,
946 1980 975 2006 et
996 1984 1072 2006 con-

322 2036 367 2062 tra
379 2026 524 2062 eamdem
539 2031 703 2073 praetextu
714 2024 854 2070 ipsorum
868 2035 924 2069 pro
938 2034 1071 2067 quorum

322 2076 540 2111 observatione
574 2074 684 2109 asserit
710 2085 743 2107 se
771 2073 908 2112 iurasse,
936 2070 1006 2105 illos
1043 2071 1072 2104 in

324 2125 468 2173 pluribus
501 2135 681 2170 aggravare.
705 2121 823 2156 Verum
851 2120 921 2168 quia
958 2127 1071 2154 statuta

323 2174 506 2209 huiusmodi
537 2171 748 2221 proculdubio
783 2178 857 2205 sunt
891 2170 1016 2216 iniqua,
1045 2177 1072 2203 et

326 2225 489 2259 manifeste
511 2223 636 2257 obviant
656 2220 859 2256 scholasticae
879 2218 1026 2261 libertati,
1045 2227 1072 2252 et

327 2275 536 2309 iuramentum
565 2283 663 2319 super
694 2269 912 2305 observatione
935 2269 1073 2314 ipsorum

327 2323 512 2370 praestitum
555 2332 616 2355 non
657 2328 722 2361 est,
763 2326 872 2365 utpote
912 2317 1074 2355 illicitum,

326 2371 570 2411 observandum,
594 2382 667 2405 cum
687 2381 745 2403 nec
769 2367 921 2402 iudicium
950 2366 1074 2409 haheat,

326 2433 383 2456 nec
411 2421 572 2460 iustitiam,
600 2418 746 2454 eumdem
775 2416 973 2452 Willelmuin
1006 2427 1076 2450 rno-

328 2471 468 2509 nendum
503 2469 656 2505 duximus
683 2475 713 2502 et
735 2467 923 2502 hortandum
949 2474 1071 2512 aposto·

329 2519 396 2553 licis
422 2519 480 2554 sibi
503 2520 613 2554 dantes
639 2517 738 2552 literis
768 2517 797 2550 in
832 2515 1020 2563 praeceptis,
1044 2523 1075 2548 ut

328 2567 496 2603 scholares
535 2567 712 2615 praedictos
751 2574 857 2601 contra
899 2565 1075 2599 libertatem

365 2630 406 2662 (¹)
422 2627 551 2654 Putamus
568 2629 707 2662 tegendum
728 2630 851 2656 tecturas.
869 2630 913 2652 aut
933 2629 1050 2651 lectoris.

909 243 1094 266 Batauum!
1117 242 1277 264 ROMANUM

1102 297 1254 331 hactenus
1293 296 1427 330 habitam
1464 296 1631 330 occasione
1663 302 1850 330 statutorum

1102 346 1262 392 ipsorum,
1304 357 1384 392 quae
1429 345 1512 380 velut
1554 345 1663 392 iniqua
1703 343 1852 379 duximus

1103 394 1311 441 reprobanda,
1339 394 1377 429 de
1399 402 1522 430 caetero
1549 406 1611 429 non
1640 393 1786 429 molestet
1811 393 1850 428 li-

1104 444 1255 479 bertatem
1283 443 1427 479 eamdem
1455 444 1548 479 modo
1575 443 1717 491 quolibet
1746 442 1852 478 infrin-

1103 493 1217 540 gendo,
1242 501 1274 528 ut
1299 493 1438 528 studium
1475 506 1583 529 eorum
1612 493 1758 540 impediri
1788 505 1851 528 non

1104 543 1218 590 possit,
1254 542 1307 577 sed
1341 543 1446 590 potius
1468 543 1574 578 ssoreat
1603 542 1640 577 ad
1664 541 1722 578 Dei
1749 543 1853 578 hono-

1104 605 1186 632 rem,
1214 605 1248 627 ac
1283 591 1456 639 profectum
1489 592 1702 636 studentium,
1729 604 1851 628 necnon

1104 642 1142 677 ad
1174 643 1275 689 ipsius
1300 642 1432 687 gloriam
1463 642 1611 677 civitatis:
1642 652 1680 675 ne
1706 641 1732 676 si
1760 653 1853 677 secus

1104 699 1255 727 attentare
1283 691 1548 738 praesumpserit,
1582 702 1638 725 nos
1668 702 1765 738 super
1792 691 1853 725 hoc

1105 753 1255 787 cogamur
1288 740 1371 775 aliud
1398 741 1545 787 cogitare.
1573 740 1645 782 Quo
1675 741 1757 775 circa
1781 740 1854 775 uni-

1106 790 1281 825 versitatem
1317 798 1450 826 vestram
1482 802 1650 825 monemus
1675 799 1705 825 et
1740 789 1855 824 exhor-

1107 849 1208 875 tamur
1235 848 1351 875 attente
1380 847 1538 887 quatenus
1571 839 1778 875 consideratis
1801 839 1854 874 uti-

1107 889 1245 924 litatibus
1284 898 1313 924 et
1353 889 1472 924 honore
1505 902 1543 925 ex
1573 889 1780 926 Scholaribus
1810 900 1855 922 vo-

1107 939 1153 973 bis
1186 947 1216 973 et
1256 938 1371 973 civitati
1415 947 1534 975 vestrae
1579 938 1855 988 provenientibus,

1107 989 1192 1035 ipsos
1225 987 1385 1023 charitatis
1408 988 1543 1024 brachiis
1564 987 1799 1037 amplexemini,
1826 994 1856 1021 et

1108 1045 1270 1085 praetextu
1302 1046 1490 1073 statutorum
1515 1039 1667 1086 ipsorum,
1702 1049 1784 1085 quae
1805 1036 1858 1070 di-

1108 1092 1207 1127 cenda
1234 1102 1307 1127 sunt
1330 1093 1437 1140 potius
1461 1092 1608 1128 destituta
1636 1100 1743 1128 contra
1766 1090 1858 1125 liber-

1108 1155 1201 1182 tatem
1237 1147 1416 1194 antiquam,
1452 1155 1482 1181 et
1522 1146 1658 1182 habitam
1694 1145 1858 1184 hac-tenus,

1109 1201 1193 1248 ipsos
1221 1200 1402 1235 nullatenus
1436 1200 1619 1240 molestetis,
1656 1211 1713 1235 nec
1740 1198 1860 1233 faciatis

1110 1267 1164 1302 per
1188 1263 1370 1302 potestatem
1394 1255 1555 1298 eumdem,
1571 1254 1702 1289 remisso
1723 1252 1782 1287 sibi
1811 1253 1860 1286 iu-

1110 1318 1250 1344 ramento
1279 1309 1451 1357 praedicto,
1479 1309 1517 1343 de
1544 1317 1667 1344 caetero
1690 1307 1860 1346 molestari,

1110 1365 1328 1411 permittentes
1356 1363 1484 1398 eosdem
1508 1363 1596 1398 solita
1625 1362 1862 1408 libertategau-

1109 1418 1196 1457 dere,
1226 1426 1257 1451 ut
1284 1418 1390 1464 quieto
1412 1417 1518 1452 animo
1547 1416 1668 1464 possint
1697 1415 1861 1450 inhaerere

1109 1471 1307 1506 scholasticis
1334 1470 1531 1518 disciplinis,
1564 1478 1594 1504 et
1629 1481 1686 1504 nos
1720 1469 1858 1504 devotio-

1111 1538 1182 1560 nem
1207 1534 1340 1560 vestram
1370 1525 1528 1572 possimus
1551 1524 1580 1558 in
1604 1523 1742 1558 Domino
1768 1534 1863 1558 com-

1112 1579 1272 1619 mendare,
1301 1591 1340 1614 ne
1362 1579 1386 1613 si
1407 1590 1502 1613 secus
1520 1578 1659 1624 egeritis,
1687 1576 1770 1625 quod
1799 1588 1862 1611 non

1111 1633 1283 1676 credimus,
1299 1641 1404 1668 contra
1421 1633 1613 1668 voluntatem
1636 1640 1792 1675 nostram,
1814 1643 1864 1666 co-

1111 1700 1222 1734 gamur
1251 1688 1363 1722 faciem
1404 1696 1541 1722 nostram
1577 1685 1663 1721 robis
1697 1684 1864 1720 ostendere

1112 1742 1283 1777 duriorem.

1163 1795 1276 1830 Datum
1313 1795 1444 1830 Viterbii
1490 1802 1598 1829 octavo
1639 1793 1711 1829 idus
1742 1791 1863 1840 aprilis,

1114 1850 1314 1897 pontificatus
1342 1849 1438 1884 nostri
1460 1861 1542 1884 anno
1569 1857 1690 1895 quarto.

1159 1912 1217 1941 Dat.
1238 1912 1283 1941 die
1302 1912 1319 1940 6
1344 1912 1445 1950 aprilis
1468 1911 1553 1947 1220,
1572 1911 1673 1950 pontif.
1693 1919 1768 1940 anno
1784 1917 1820 1939 tv.

1434 2060 1547 2095 XLIV.

1117 2134 1305 2167 E.1·horlatio
1332 2136 1374 2168 ad
1409 2146 1509 2167 omnes
1543 2134 1665 2167 ordines
1697 2133 1864 2177 reliyiosos,

1166 2196 1196 2221 u!
1229 2200 1285 2232 pro
1314 2189 1411 2221 salute
1440 2189 1626 2233 populorum
1654 2187 1799 2221 Livom'ae
1824 2188 1867 2220 ad

1164 2243 1346 2275 catholicam
1376 2243 1467 2287 fidem
1493 2244 1609 2276 noviter
1641 2252 1864 2280 conversorum,

1165 2297 1277 2339 fratres
1300 2308 1368 2329 suos
1389 2308 1422 2330 eo
1449 2297 1600 2330 destinare
1618 2302 1780 2340 procurent
1803 2296 1865 2337 (1).

1386 2365 1599 2397 SUMMARIUM

1117 2428 1282 2458 Exordium.
1304 2446 1342 2450 —
1364 2428 1488 2467 Paganis
1515 2429 1544 2458 in
1571 2428 1708 2458 Livoniae
1732 2427 1865 2466 partibus

1157 2474 1191 2502 ad
1205 2474 1291 2503 tidem
1309 2473 1502 2510 venientibus,
1518 2472 1597 2502 verbi
1608 2471 1657 2503 Dei
1670 2471 1865 2511 praeconibus

1157 2526 1229 2556 opus
1266 2522 1318 2547 est.
1350 2534 1389 2541 —-
1419 2517 1556 2547 Hortatur
1575 2521 1604 2546 ut
1619 2515 1734 2556 aliquos
1757 2525 1789 2546 ex
1812 2525 1866 2546 m„

1159 2562 1272 2599 ligiosis
1292 2562 1406 2592 idoneis
1424 2559 1461 2592 ad
1485 2562 1538 2591 hoc
1561 2561 1683 2602 mittant.

1153 2624 1191 2656 (ti
1210 2623 1245 2649 Ex
1265 2623 1368 2658 aegest.
1389 2624 1470 2650 Vatic.

1866 241 1916 266 An.
1931 238 1959 266 C.
1980 239 2047 266 ¹220

1879 395 2034 422 Repruhantur.
