2129 3223
156 291 205 319 An.
222 292 249 320 c.
273 293 339 322 1197
409 285 473 318 ¹08
947 297 1133 320 natantem
1156 297 1318 320 nonarum

351 351 425 386 estis
447 350 616 398 mancipati
657 350 822 398 obsequio,
860 351 899 387 ad
940 352 1103 399 exemplar
1142 352 1306 388 ecclesiam
1333 352 1469 388 Sanctae
1500 352 1624 394 Crucis,
1662 359 1693 387 et
1731 351 1886 393 homines

350 401 629 446 praedecessorum
668 408 846 436 nostrorum
886 401 937 436 sel.
974 402 1099 437 record.
1143 402 1357 437 molendinum
1379 411 1409 438 et
1435 403 1511 438 alias
1553 402 1767 450 possessiones
1808 414 1887 458 quas

348 450 517 485 Alexandri
556 449 599 485 Ill
635 459 665 486 et
705 450 795 485 Lucii
819 450 862 486 Ill
882 451 1098 487 Romanorum
1141 451 1182 486 ibi
1207 452 1339 488 habetis.
1355 452 1388 488 In
1413 453 1587 488 tenimento
1611 452 1716 487 Sancti
1731 451 1885 496 Severini

347 498 549 544 Pontificum,
577 500 636 535 sub
674 500 756 535 beati
796 500 878 536 Petri
921 508 951 536 et
993 511 1098 536 nostia
1139 502 1305 537 ecclesiam
1331 502 1364 537 S.
1389 503 1535 541 Andreae
1577 502 1734 546 homines,
1768 501 1886 537 molen-

348 549 750 606 protectienesuscipimus,
763 558 793 586 et
803 559 1096 599 praesentisscrtpti
1137 550 1248 586 diuum
1271 560 1299 588 et
1326 553 1402 588 alias
1425 553 1651 600 possessiones,
1673 564 1751 599 quas
1767 552 1883 587 ibidem

347 599 509 646 privilegio
526 599 771 635 communimus.
1138 600 1265 636 habetis.
1298 601 1449 637 Homines
1480 610 1511 636 et
1543 601 1771 648 possessiones,
1805 615 1883 649 quas

393 649 413 696 S
440 649 536 684 2111
565 650 676 705 primis
717 650 872 697 siqnidem
909 658 1094 693 statuentes,
1137 650 1256 686 habetis
1280 652 1310 686 in
1332 653 1504 686 tenimento
1526 651 1684 686 Montorii.
1707 650 1827 687 Domos
1853 660 1883 687 et

145 700 256 751 ,0:3¹3ss
280 739 285 751 1
301 702 328 723 ¹¹¹>
345 706 376 732 ut
399 678 477 734 ordo
500 700 703 743 monasticus,
720 700 773 747 qui
796 700 973 734 secundum
990 699 1091 735 Deum
1135 702 1361 746 possessiones,
1398 714 1476 748 quas
1514 700 1636 736 habetis
1668 700 1698 735 in
1737 699 1879 736 Salei-no.

235 739 243 752 ⁷
268 739 328 754 '¹⁵⁰‘
342 756 372 782 et
394 748 430 783 B.
454 748 616 784 Benedicti
645 749 796 796 regulam,
819 750 850 783 in
878 749 988 784 eodem
1023 763 1092 785 mo·
1135 750 1365 789 possessiones,
1390 763 1469 798 quas
1490 750 1612 785 habetis
1641 750 1670 784 in
1705 750 1881 786 tenimento

342 799 479 833 nasteiio
502 799 662 833 institutus
683 811 751 834 esse
773 799 982 846 dignoscitur,
1022 812 1090 846 per-
1132 799 1279 840 Aversae,
1306 809 1336 835 et
1363 801 1393 835 in
1417 800 1517 835 casale
1543 799 1761 835 Casecimiani.
1794 799 1880 835 Pos-

342 848 444 893 petttis
478 848 594 883 ibidem
644 849 839 896 temporibus
871 849 1091 885 inviolabiliter
1130 850 1298 889 sessiones,
1342 863 1420 897 quas
1461 850 1584 884 habetis
1630 849 1661 883 in
1706 848 1879 885 tenimento

340 895 533 933 observetur.
1130 898 1261 935 Tlieani.
1283 900 1515 938 Possessiones,
1539 911 1618 946 quas
1639 898 1759 934 habetis
1783 899 1814 934 in
1837 907 1877 935 te·

387 946 462 995 §3-
498 947 664 983 Praeterea
703 959 919 996 quascumque
959 961 1087 995 posses—
1130 949 1653 1004 nimentoCapuae.Possessiones
1666 948 1876 996 quashabetis

139 994 453 1047 J'ssffigffflwsiones,
476 1009 695 1045 quaecumque
717 997 797 1031 bona
820 997 903 1032 idem
935 1007 1086 1033 monaste

166 1042 191 1047 *⁸
213 1045 223 1047 ‘⁷
255 1044 257 1047 ’
338 1046 418 1081 rium
448 1047 479 1082 in
504 1047 750 1094 praesentiarum
779 1047 860 1081 iuste
881 1054 911 1081 et
935 1048 1086 1083 canonice

338 1095 489 1140 possidet,
531 1104 584 1131 aut
625 1096 656 1130 in
698 1096 838 1130 futurum
880 1098 1085 1132 concessione

335 1145 539 1187 Pontificum,
567 1145 732 1192 largitione
766 1158 874 1192 regum
912 1146 960 1181 vel
997 1147 1084 1194 prin-³

334 1195 453 1241 cipum,
475 1195 634 1230 oblatione
653 1194 804 1236 fidelium,
829 1208 882 1230 seu
905 1195 973 1230 aliis
994 1197 1085 1231 iustis

1126 1146 1220 1182 nibus
1241 1157 1270 1182 et
1297 1147 1555 1195 possessionibus
1580 1159 1658 1194 quas
1685 1146 1801 1182 ibidem
1822 1147 1875 1183 ha·-

1125 1195 1215 1231 hetis.
1249 1197 1416 1238 Homines,
1462 1196 1680 1232 molendinum
1723 1205 1755 1231 et
1797 1197 1874 1232 alias

334 1245 437 1280 modis
458 1253 634 1292 praestante
656 1244 791 1280 Domino
806 1245 917 1291 poterit
938 1245 1082 1293 adipisci,

333 1294 423 1330 firma
451 1294 551 1337 vobis,
575 1295 750 1343 vestrisque
778 1294 1029 1339 successoribus,
1052 1305 1083 1330 et

333 1344 448 1379 illibata
467 1352 682 1391 permaneant.
710 1344 744 1379 In
768 1345 886 1391 quibus
907 1345 985 1380 haec
1008 1358 1082 1392 pro-

333 1394 410 1441 priis
436 1393 586 1429 duximus
611 1394 815 1441 exprimenda
844 1394 1013 1429 vocabulis.

381 1447 397 1487 g
424 1447 456 1478 4.
480 1443 600 1479 Locum
623 1444 738 1491 ipsum,
767 1444 797 1478 in
825 1456 887 1491 quo
907 1444 1078 1491 praefatum

132 1490 297 1543 „3]⁰„‘„‚¹,¹,¹,⁰,¹{³¹³“⁶
331 1494 558 1528 monasterium
593 1494 688 1528 situm
723 1501 781 1537 est,
815 1506 886 1528 cum
930 1493 1080 1529 omnibus

250 1539 254 1544 ’
332 1543 529 1589 pertinentiis
555 1544 630 1577 suis.
663 1542 838 1578 Ecclesiam
881 1542 914 1578 S.
954 1542 1079 1584 Iuliani,

330 1604 403 1626 cum
427 1592 573 1639 hospitali
605 1593 634 1627 in
663 1592 818 1627 territorio
855 1591 1015 1637 Avellini,
1049 1601 1079 1628 et

330 1641 360 1675 in
384 1641 494 1676 eodem
523 1642 680 1677 territorio
709 1650 818 1685 terras,
843 1644 960 1685 vineaS,
983 1651 1080 1677 casta-

329 1699 398 1725 neta
426 1699 456 1726 et
480 1691 595 1726 hortos.
615 1691 650 1726 In
673 1692 829 1727 territorio
851 1692 943 1726 castri
992 1691 1078 1728 Sub—

328 1741 455 1784 montis,
476 1748 586 1780 terras,
614 1741 720 1776 vineas
755 1750 785 1776 et
811 1748 981 1776 castaneta.
1015 1741 1078 1777 Ca-

327 1797 426 1824 strum
455 1790 646 1826 Mercuriani
682 1803 753 1825 cum
789 1790 937 1825 omnibus
982 1792 1078 1836 pcrti-

327 1840 444 1874 nentiis
465 1840 542 1874 suis,
564 1839 723 1874 Ecclesias
757 1840 790 1875 S.
827 1840 943 1875 Nicolai
979 1849 1008 1875 et
1041 1840 1074 1876 S.

326 1888 449 1928 Bas1lii,
465 1890 629 1924 ecclesiam
652 1888 788 1924 Sanctae
809 1890 995 1936 Margaritae
1015 1899 1074 1924 tam

327 1939 357 1973 in
385 1938 610 1978 oblationibus,
633 1950 727 1986 quam
755 1940 785 1973 in
811 1939 1074 1986 possessionibus.

326 1987 361 2023 In
372 1990 544 2023 tenimento
556 1988 686 2023 Avelliui
702 1988 965 2024 ecclesiasSancti
978 1989 1072 2024 Marci

135 2032 312 2092 [ᾖξξρωζὲζξξζξ
327 2047 357 2072 et
378 2037 484 2073 Sancti
502 2038 655 2072 Damiani.
677 2037 833 2085 Quicquid
857 2039 934 2074 iuris
954 2038 1075 2074 habetis

129 2097 298 2121 abominans.
329 2089 358 2122 in
381 2087 512 2123 ecclesia
540 2086 648 2123 Sancti
683 2088 815 2132 Nicolai,
849 2096 879 2123 et
917 2089 1074 2133 homines,

326 2146 357 2172 et
384 2139 602 2184 possessiones
623 2149 703 2184 quas
725 2137 764 2172 ibi
794 2137 917 2173 habetis
944 2139 974 2172 iu
1017 2150 1075 2173 eo-

327 2187 397 2222 dem
427 2189 608 2222 tenimento.
633 2187 859 2234 possessiones,
906 2200 984 2235 quas
1017 2188 1074 2222 ha-

328 2237 407 2272 betis
426 2238 456 2272 in
484 2237 589 2272 Monte
611 2235 707 2272 Forti.
732 2237 766 2272 ln
790 2237 960 2272 tenimento
981 2236 1074 2272 Atri—

328 2287 438 2333 paldae
458 2287 622 2322 ecclesiam
645 2286 779 2322 Sanctae
807 2287 922 2322 Mariae
957 2287 996 2321 de
1028 2287 1073 2322 Α-

325 2337 420 2383 gello,
447 2345 478 2372 et
499 2338 576 2371 alias
599 2338 827 2384 pessessiones‚
848 2349 926 2384 quas
954 2336 1071 2371 ibidem

326 2385 461 2426 habetis,
491 2387 635 2421 liotnines
656 2395 686 2422 et
724 2386 800 2421 alias
839 2387 1072 2435 possessiones,

326 2447 405 2483 quas
427 2437 549 2471 habetis
588 2437 618 2471 in
657 2435 811 2471 Candida.
852 2436 1073 2472 possessiones

325 2496 403 2533 quas
425 2486 546 2521 habetis
572 2487 601 2520 in
629 2485 756 2534 Crypta.
780 2485 813 2520 ln
836 2487 991 2522 territorio
1025 2485 1072 2521 Ci-

326 2534 410 2569 calae
424 2536 587 2570 ecclesiam
609 2535 741 2571 Sanctae
760 2535 875 2571 Mariae
894 2537 932 2570 de
950 2535 1072 2581 Plesc0‚

326 2592 357 2618 et
374 2585 515 2620 homines
528 2594 558 2620 et
573 2586 788 2633 possessiones
801 2585 927 2633 quasibi
940 2585 1071 2621 habetis.

326 2632 481 2669 Homines
506 2643 537 2669 et
571 2637 794 2690 possessiones.
823 2648 901 2682 quas
952 2635 1072 2670 habetis

326 2683 357 2718 in
384 2682 486 2719 Casali
512 2683 698 2720 Baiani.1n
733 2685 906 2720 tenimento
933 2684 1072 2728 Palmae,

1126 1248 1340 1291 possessiones
1361 1259 1440 1294 quas
1476 1246 1598 1282 habetis
1630 1246 1660 1280 in
1700 1246 1874 1282 tenimento

1123 1296 1239 1343 Tuphi.
1263 1296 1484 1332 Possessiones
1506 1308 1585 1343 quas
1611 1295 1733 1330 habetis
1760 1295 1791 1330 in
1831 1304 1874 1331 te-

1123 1346 1265 1381 nimento
1287 1346 1439 1393 Argentii.
1463 1345 1687 1381 possessiones
1708 1357 1787 1392 quas
1813 1345 1872 1381 ha-

1124 1395 1204 1430 betis
1230 1396 1262 1430 in
1285 1395 1451 1431 Limatula.
1483 1395 1636 1430 Homines
1674 1402 1704 1429 et
1742 1406 1870 1442 posses-

1121 1445 1226 1480 siones
1248 1458 1326 1493 quas
1342 1445 1484 1480 habetis
1478 1457 1508 1479 in
1529 1444 1700 1480 tenimento
1714 1443 1870 1480 Parolisii.

1121 1493 1286 1535 Homines,
1321 1495 1432 1529 domos
1469 1502 1500 1529 et
1541 1493 1757 1541 possessiones
1791 1506 1871 1541 quas

1120 1543 1243 1579 habetis
1269 1544 1301 1579 in
1323 1552 1426 1579 castro
1447 1542 1658 1579 Cetvinariae
1688 1542 1724 1577 In
1764 1542 1870 1579 Bene-

1121 1601 1254 1629 ventana
1275 1593 1399 1628 civitate
1414 1593 1578 1628 ecclesiam
1595 1592 1766 1627 Beatorum
1779 1593 1870 1640 Apo-

1120 1642 1272 1678 stolorum
1314 1643 1452 1690 Philippi
1501 1650 1532 1677 et
1577 1641 1694 1681 Iacobi,
1745 1641 1868 1684 domos,

1121 1693 1224 1727 vineas
1262 1701 1292 1728 et
1332 1692 1391 1727 alia
1426 1692 1599 1726 tenimenta
1639 1703 1719 1738 quae
1752 1691 1867 1727 ibidem

1119 1741 1250 1776 habetis.
1285 1741 1460 1776 Ecclesiam
1500 1741 1633 1776 Sanctae
1679 1740 1793 1775 Mariae
1828 1741 1868 1776 de

1119 1790 1209 1826 Petra
1230 1791 1381 1826 Pollicina
1409 1803 1480 1825 cum
1509 1790 1701 1829 bominibus,
1729 1797 1760 1824 et
1792 1802 1868 1837 pos-

1118 1840 1324 1881 sessionibus,
1346 1849 1378 1875 et
1401 1840 1599 1884 pertinentiis
1636 1839 1714 1880 suis,
1740 1849 1769 1873 et
1808 1840 1866 1874 alia

1118 1891 1298 1927 tenimenta.
1321 1902 1401 1938 quae
1429 1889 1544 1924 ibidem
1582 1888 1715 1924 habetis.
1756 1888 1868 1924 Eccle-

1117 1940 1194 1974 siam
1217 1939 1251 1976 S.
1277 1939 1361 1974 Petri
1384 1952 1399 1974 a
1415 1938 1569 1973 Palmaria
1581 1950 1654 1973 cum
1671 1938 1867 1984 pertinentiis

1116 1991 1195 2030 suis,
1237 1997 1267 2024 et
1303 1989 1362 2024 alia
1401 1989 1583 2029 tenimenta,
1623 1999 1704 2034 quae
1748 1987 1866 2024 ibidem

1117 2039 1248 2074 habetis.
1272 2038 1306 2073 In
1329 2039 1503 2074 tenimento
1541 2037 1658 2085 Lapisii
1698 2037 1865 2073 ecclesiam

1116 2088 1149 2123 S.
1173 2088 1323 2127 Marthae,
1345 2097 1375 2123 et
1397 2088 1553 2128 homines,
1583 2096 1615 2123 et
1648 2087 1866 2134 possessiones

1115 2151 1193 2186 quas
1215 2138 1331 2172 ibidem
1356 2137 1487 2173 habetis.
1514 2137 1547 2172 ln
1569 2137 1743 2172 tenimento
1780 2135 1865 2171 Tau-

1116 2189 1189 2222 tasis
1210 2187 1430 2223 molendinum
1459 2196 1488 2222 et
1518 2188 1593 2222 alias
1636 2186 1862 2233 possessiones.

1114 2237 1148 2272 ln
1170 2237 1342 2272 tenimento
1368 2236 1552 2285 Frequenti,
1573 2236 1738 2271 ecclesiam
1759 2234 1794 2270 S.
1812 2235 1865 2270 Ni-

1114 2288 1204 2327 colai‚
1246 2295 1275 2322 et
1301 2287 1458 2327 homines,
1484 2297 1514 2322 ct
1536 2286 1763 2334 possessiones,
1784 2297 1863 2333 quas

1114 2337 1230 2372 ibidem
1256 2336 1389 2372 habetis.
1413 2336 1448 2370 ln
1479 2337 1652 2371 tenimento
1691 2334 1770 2374 Vici,
1810 2346 1861 2370 ec-

1113 2387 1239 2422 clesiam
1255 2386 1289 2422 S.
1312 2386 1449 2422 Ioannis:
1469 2385 1624 2426 homines,
1643 2382 1862 2420 molendinum

1113 2445 1144 2471 et
1172 2436 1350 2479 balcatoria,
1388 2444 1418 2470 et
1451 2434 1527 2470 alias
1562 2435 1787 2481 possessiones.
1827 2433 1861 2469 ln

1113 2487 1287 2521 tenimento
1309 2486 1469 2520 Bisacciae
1509 2483 1671 2519 ecclesiam
1706 2482 1741 2518 S.
1776 2483 1859 2518 Petri

1113 2543 1142 2571 et
1160 2536 1236 2570 alias
1263 2535 1492 2583 possessiones,
1514 2533 1549 2569 In
1570 2534 1746 2568 tenimento
1763 2532 1861 2567 Ascu-

1083 2589 1086 2592 ”
1113 2585 1196 2626 lano,
1222 2585 1385 2620 ecclesiam
1403 2584 1438 2620 S.
1471 2583 1553 2619 Petri
1580 2590 1612 2618 et
1633 2581 1708 2617 alias
1734 2593 1860 2629 posses-

1112 2635 1228 2671 siones.
1252 2634 1286 2669 In
1311 2636 1483 2669 tenimento
1517 2631 1665 2676 Amandi,
1695 2631 1858 2667 ecclesiam

1111 2684 1245 2721 Sanctae
1271 2683 1398 2730 Mariae,
1422 2691 1454 2719 et
1475 2682 1639 2718 ecclesiam
1676 2680 1709 2717 S.
1749 2680 1859 2722 Marci,

1902 292 1950 320 An.
1969 291 1996 320 C.
2018 291 2081 319 tto7

1129 1011 1158 1032 tn
1175 1000 1346 1035 tenimento
1361 999 1477 1034 Montis
1490 998 1629 1033 Fusculi.
1645 998 1819 1033 Ecclesiam
1839 999 1873 1034 S.
1902 1003 1925 1025 ¹¹¹
1941 1005 2072 1031 nemmem..

1888 1036 1972 1059 castris,
1997 1036 2074 1057 civita-

1127 1047 1263 1088 Ioannis
1303 1048 1467 1084 ecclesiam
1507 1049 1641 1083 Sanctae
1681 1047 1809 1090 Mariae,
1843 1056 1955 1091 etuas„

1126 1098 1290 1133 ecclesiam
1318 1098 1352 1133 S
1388 1098 1620 1133 Bartliolomaei
1660 1110 1733 1132 cum
1768 1097 1874 1132 homi—
1888 1097 1933 1120 ⁸¹¹2
1948 1100 1990 1118 ⁶¹²·

1999 1066 2073 1088 e-ccle
