2129 3223
149 258 200 284 An.
218 258 247 284 C.
264 256 330 284 1198

149 1598 233 1619 Siciliae
257 1604 318 1624 reges

151 1636 190 1650 cuc
218 1631 243 1650 (le
264 1629 317 1650 Sede

137 1661 208 1686 Apost.
226 1666 256 1679 nic
290 1661 293 1663 ’

396 249 465 281 150
937 259 1120 281 anemurum
1150 258 1310 280 {toussani
1885 256 1924 281 An
1956 253 2065 281 &¹¹98

344 322 460 347 vestras
494 313 637 359 antiquas
670 321 700 347 et
743 326 849 354 novas,
890 313 1089 348 rationabiles

342 371 372 396 et
403 363 613 397 communiter
639 362 817 398 observatas
851 363 997 398 duximus
1030 375 1088 408 ap-

343 411 529 457 probandas.
559 411 649 446 Salva
674 412 702 446 in
725 413 874 448 omnibus
888 412 1087 459 Apostolicae

340 461 434 495 Sedis
461 461 642 496 auctoritate
678 463 804 508 pariter,
839 470 869 497 ct
902 462 1029 499 iustitia,
1057 470 1083 495 ‹xt

340 510 553 545 Ecclesiarum
591 511 772 546 omnimoda
811 512 962 546 libertate.
1003 510 1084 545 Nulli

339 572 415 606 ergo
435 568 501 600 etc„
521 568 650 606 protect²
674 560 757 596 conf.
785 569 813 596 et
837 573 979 596 concess.
1007 568 1059 594 etc.

387 609 501 644 Datum
523 609 672 650 Tuderti,
697 619 783 645 sexto
808 623 905 646 nonas
935 610 1083 646 octobris.

377 666 437 698 Dat.
456 666 503 697 die
521 667 539 696 2
557 667 687 697 octobris
708 668 793 703 1198,
811 668 910 707 pontif.
930 677 1005 697 anno
1025 677 1043 697 1.

669 818 753 852 XIII.

337 898 382 930 De
407 899 497 932 modo
521 899 657 942 faciendi
689 900 844 933 electiones
876 901 1081 945 episcoporum

512 950 545 982 in
576 961 667 993 reqno
694 950 821 983 Siciliae
849 950 904 993 (1).

601 1021 812 1052 SUMMARIUM

335 1085 452 1116 Siciliae
483 1095 566 1125 reges
600 1086 673 1116 hene
698 1087 732 1117 de
757 1087 830 1117 Sede
854 1089 952 1127 Apost.
975 1089 1082 1118 meriti.

369 1148 409 1154 —
437 1132 479 1161 Ad
502 1131 700 1161 dissentiones
733 1133 884 1162 evitandas
907 1141 983 1172 quae
1015 1142 1083 1172 pos-

372 1181 441 1205 sunt
465 1178 495 1206 in
517 1175 713 1206 electionibus
737 1177 816 1207 oriri.
836 1193 875 1199 —
897 1176 999 1208 Modus
1018 1178 1082 1207 illa-

371 1230 436 1250 rum
453 1220 653 1251 faciendarum
674 1221 896 1260 praescribitur.
911 1238 950 1244 -—-
968 1222 1083 1252 Adhor-

372 1266 440 1295 tatio
471 1266 506 1296 ad
539 1275 648 1304 regem,
667 1276 703 1296 110
727 1266 892 1297 libertatem
915 1267 1002 1297 violet
1023 1268 1081 1297 ele-

372 1311 488 1340 ctionis.
506 1327 544 1333 -—
562 1310 721 1341 Clausulae
743 1317 913 1342 consuetae.

332 1381 502 1410 Innocentius
518 1381 658 1418 episeopus
677 1389 772 1411 servus
791 1389 930 1412 servorum
947 1382 1002 1416 Dei,
1016 1383 1080 1419 imp.

376 1431 487 1467 reginae
520 1431 642 1464 Siciliae,
663 1438 694 1459 ac
712 1431 871 1460 charissimo
897 1431 952 1460 filio
977 1432 1081 1461 illustri

376 1480 435 1516 rogi
454 1481 571 1509 Siciliae.

381 1548 445 1584 Nec
469 1561 596 1592 novum,
632 1561 690 1584 nec
717 1549 867 1584 iniustum
900 1550 1022 1588 existit,
1054 1551 1079 1585 si

333 1611 430 1646 regno
446 1597 574 1633 Siciliae
592 1599 722 1645 gratiam
746 1600 878 1634 facimus
899 1599 1080 1647 specialem,

261 1661 275 1679 η
289 1667 301 1679 t.
332 1648 414 1695 quod
443 1649 525 1682 inter
549 1649 708 1683 universas
739 1657 770 1683 et
805 1649 945 1695 singulas
973 1651 1079 1696 regio—

334 1710 400 1742 nes,
423 1698 452 1731 in
469 1697 584 1744 quibus
603 1709 717 1732 nomen
732 1698 847 1733 colitur
861 1698 1079 1742 christianum,

333 1746 396 1782 lere
434 1758 558 1793 semper
595 1748 770 1794 promptius
807 1756 837 1782 et
870 1747 1013 1782 devotius
1049 1749 1079 1782 iu

332 1796 492 1831 Ecclesiae
512 1796 675 1831 Romanae
697 1797 865 1832 devotione
892 1798 1078 1844 permansit:

333 1854 363 1880 et
383 1845 423 1880 ab
444 1857 482 1880 eo
508 1845 676 1893 specialius
697 1847 810 1881 meruit
837 1847 992 1881 honorari.
1017 1847 1080 1882 Re-

336 2006 434 2040 usque
446 1994 524 2029 adeo
536 1995 564 2029 ei
576 1993 710 2029 fideliter
721 2004 750 2029 et
761 1993 953 2030 familiariter
968 1995 1081 2030 adliae-

334 2053 453 2088 serunt,
480 2051 513 2078 ut
540 2044 577 2078 ad
611 2044 713 2091 ipsius
735 2044 952 2079 exaltationem
975 2053 1082 2091 poten-

335 2101 382 2128 ter
405 2093 616 2134 intenderint,
638 2102 667 2128 et
697 2093 736 2128 ab
767 2105 801 2128 ea
825 2094 941 2129 nullius
973 2094 1077 2129 divelli

335 2144 495 2190 potuerint
518 2143 639 2190 impetu
667 2145 872 2190 tempestatis,
894 2156 927 2177 se
955 2143 984 2177 in
1014 2144 1079 2190 ipsa

335 2201 365 2226 et
388 2204 442 2239 per
465 2194 564 2239 ipsam
587 2193 713 2227 exaltari
737 2192 917 2228 credentes:
941 2201 970 2227 et
993 2193 1023 2226 in
1047 2206 1080 2227 ea

336 2247 418 2288 (post
444 2241 555 2286 Deum)
577 2253 653 2277 suae
674 2242 740 2289 spei
766 2251 929 2288 ponentes,
951 2250 981 2277 et
1002 2254 1080 2288 gau-

336 2292 378 2325 dii
408 2291 658 2326 fundamentum.
690 2291 878 2338 Specialiter
898 2299 1001 2327 autem
1026 2293 1082 2326 in·-

335 2342 433 2387 clytae
462 2341 690 2377 recordationis
716 2340 753 2376 F.
781 2342 938 2388 quondam
975 2349 1082 2388 pater,

336 2389 396 2423 Vn.
420 2390 529 2433 frater,
557 2400 588 2426 et
615 2390 676 2425 Vn.
707 2403 803 2437 nepos
826 2393 869 2425 tui
898 2391 959 2426 lilia
982 2393 1083 2437 impe-

337 2440 432 2473 ratrix
460 2452 548 2486 reges
574 2441 703 2475 Siciliae
725 2439 868 2475 familiari
890 2453 957 2476 eam
987 2453 1082 2475 vene-

337 2490 394 2522 rati
423 2497 495 2523 sunt
521 2490 697 2524 devotionis
723 2490 892 2537 obsequio:
921 2503 957 2525 ex
991 2502 1083 2538 prae-

339 2537 559 2573 decessoribus
585 2539 701 2574 nostris
722 2551 823 2586 usque
845 2540 923 2575 adeo
945 2552 1008 2575 non
1027 2541 1084 2575 mi-

338 2598 398 2620 nus
426 2587 455 2621 in
491 2588 640 2630 adversis,
666 2601 760 2636 quam
787 2589 946 2637 prosperis
967 2589 1084 2626 adhae-

374 2647 413 2682 (l)
433 2648 470 2675 Ex
488 2649 586 2681 Baluz.,
607 2650 689 2684 Epist.
711 2650 770 2677 1109.

1128 320 1253 347 serunt:
1290 320 1322 346 ut
1353 323 1425 346 cum
1461 311 1607 346 fratribus
1634 311 1749 346 nostris
1784 309 1872 344 vobis

1127 361 1169 395 ob
1214 373 1323 396 eorum
1364 361 1544 396 memoriam
1595 368 1626 395 et
1663 359 1871 395 constantiam

1127 411 1326 449 sinceritatis,
1353 423 1445 458 quam
1469 410 1506 445 ad
1534 422 1591 445 nos
1614 422 1667 445 vos
1689 409 1802 444 habere
1823 420 1874 444 co-

1126 461 1306 505 gnovimus,
1334 472 1388 506 per
1420 460 1583 499 effectum,
1620 468 1772 507 quantum
1800 471 1870 493 cum

1128 509 1193 544 Deo
1232 518 1261 544 et
1294 518 1398 545 nostra
1426 522 1596 556 possumus
1623 509 1784 544 honestate
1815 508 1871 543 de-

1126 558 1206 594 ferre
1244 559 1393 595 velimus:
1421 567 1450 593 et
1485 560 1566 593 ‚salva
1594 559 1732 603 institia,
1754 567 1783 595 et
1809 558 1871 593 Ec-

1125 608 1291 644 clesiarum
1313 609 1465 644 canonica
1489 608 1640 648 libertate,
1668 608 1872 655 petitionibus

1125 659 1234 694 vestris
1266 670 1429 706 assensum
1466 657 1588 693 facilem
1626 657 1784 692 exhibere.
1825 657 1871 692 Ne

1126 708 1220 755 igitur
1247 708 1310 743 ulla
1331 708 1371 743 de
1404 715 1527 742 caetero
1555 707 1636 742 inter
1658 720 1721 742 nosv
1741 715 1772 741 et
1797 719 1871 742 suc-

1124 769 1264 793 cessores
1287 766 1422 797 nostros,
1448 769 1484 791 ac
1507 769 1563 792 vos
1589 764 1620 791 et
1641 756 1792 792 haeredes
1823 768 1872 791 ve-

1123 814 1205 842 stros
1239 819 1334 855 super
1359 806 1568 842 electionibus
1594 806 1749 842 dissensio
1770 806 1870 841 susci-

1124 864 1215 900 tetur,
1239 857 1366 892 modum
1394 856 1554 892 faciendae
1580 855 1610 890 in
1636 864 1792 902 posterum
1808 856 1872 891 010-

1123 906 1247 947 01101115,
1272 906 1490 954 praesentibus
1511 906 1690 941 curavimus
1712 905 1808 940 literis
1822 918 1872 940 ex-

1124 954 1255 1002 plicare:
1284 956 1313 990 in
1349 956 1466 1003 quibus
1491 955 1536 989 sic
1564 956 1594 990 111
1628 955 1735 989 multis
1769 955 1871 1000 regiae

1122 1007 1281 1040 serenitati
1317 1006 1499 1044 deferimus,
1528 1013 1559 1039 ut
1598 1004 1773 1040 libertatem
1806 1004 1871 1039 Ec·

1122 1053 1235 1090 0105130
1258 1068 1319 1090 11011
1350 1055 1522 1090 laedamus.
1555 1053 1639 1089 Sede
1666 1061 1794 1089 vacante
1815 1065 1870 1089 ca-
1897 1061 1969 1082 Medus
1987 1061 2067 1082 sacien-

1124 1104 1258 1150 pitulum
1286 1104 1476 1151 significabit
1503 1103 1590 1138 vobis
1617 1111 1647 1139 et
1669 1104 1780 1138 vestris
1801 1103 1870 1139 1130-
1884 1094 1955 1145 ‘Jffim
1974 1093 2066 1113 “⁶⁰²⁸''

1123 1153 1248 1188 redibus
1262 1155 1382 1188 obitum
1400 1153 1589 1189 decessoris:
1609 1153 1726 1188 deinde
1751 1165 1869 1188 conve-

1124 1204 1246 1238 nientes
1267 1204 1297 1238 in
1328 1216 1438 1244 unum,
1455 1204 1594 1238 invocata
1613 1203 1751 1250 Spiritus
1762 1202 1869 1238 Sancti

1122 1254 1232 1298 gratia,
1260 1253 1432 1288 secundum
1457 1252 1557 1287 Deum
1584 1252 1699 1299 eligent
1721 1253 1870 1287 canonice

1123 1314 1288 1348 personam
1330 1303 1496 1340 idoneam,
1534 1303 1583 1336 0111
1626 1302 1813 1349 requisitum
1852 1313 1870 1337 a

1123 1351 1209 1386 vobis
1232 1352 1381 1398 praebere
1398 1351 1540 1386 debeatis
1561 1364 1737 1395 assensum,
1758 1359 1789 1386 et
1803 1351 1870 1387 ele—

1121 1402 1256 1435 ctionem
1284 1401 1394 1437 factam
1428 1414 1489 1436 non
1525 1400 1670 1436 different
1697 1400 1868 1448 publicare.

1121 1449 1312 1485 Electionem
1349 1463 1420 1486 vero
1456 1451 1566 1486 factam
1606 1460 1636 1486 et
1677 1449 1868 1498 publicatam

1121 1503 1360 1539 denunciabunt
1383 1505 1482 1545 vobis,
1497 1514 1527 1539 et
1549 1513 1685 1540 vestrum
1710 1505 1870 1552 requirent

1120 1569 1294 1593 assensum.
1323 1559 1385 1594 Sed
1409 1568 1575 1607 antequam
1599 1571 1745 1594 assensus
1763 1559 1870 1606 regius

1121 1612 1308 1659 requiratur,
1337 1625 1398 1647 non
1422 1613 1628 1648 intronizetur
1653 1614 1784 1654 electus,
1811 1624 1869 1648 nec

1121 1665 1304 1701 decantetur
1331 1666 1431 1701 laudis
1447 1667 1640 1707 solemnitas,
1667 1679 1746 1714 quae
1766 1667 1870 1701 'iutro-

1121 1719 1269 1754 nizationi
1299 1720 1419 1755 videtur
1454 1732 1589 1755 annexa:
1618 1731 1676 1755 nec
1701 1728 1867 1767 antequam

1120 1774 1303 1808 auctoritate
1333 1774 1500 1822 pontificali
1531 1773 1622 1808 fuerit
1650 1774 1868 1816 confirmatus,

1120 1827 1380 1862 administrationi
1417 1839 1450 1862 se
1488 1827 1642 1862 ullatenus
1669 1827 1867 1863 immiscebit.

334 1907 389 1941 ges
410 1895 580 1941 siquidem,
602 1903 633 1929 et
655 1896 813 1942 principes
839 1896 907 1931 eius
934 1897 963 1930 j„
987 1897 1080 1943 Apo,
1100 1890 1101 1932 3
1120 1880 1174 1916 Sic
1203 1882 1285 1915 enim
1315 1881 1423 1916 honori
1449 1891 1548 1917 vestro
1578 1882 1723 1918 volumus
1750 1882 1869 1918 conde-

334 1944 461 1979 stolicae
487 1944 578 1980 Sedis
611 1944 759 1980 fidelitate
792 1945 901 1980 fortius
928 1945 1101 1988 roborati,¹

1099 1990 1300 2026 2servemus:
1341 1990 1426 2024 nullo
1464 2003 1594 2037 prorsus
1631 1991 1774 2028 obstante
1817 2003 1868 2028 re-

1120 1935 1289 1979 scentlere,
1325 1944 1358 1970 ut
1393 1936 1566 1972 libertatem
1600 1938 1785 1973 canonicam
1815 1936 1870 1972 ob-

1121 2043 1250 2091 scripto,
1283 2044 1367 2092 quod
1402 2056 1419 2079 a
1453 2044 1535 2080 Sede
1562 2045 1740 2093 Apostolica
1776 2044 1868 2081 fuerit

1123 2098 1335 2145 impetratum.
1374 2098 1536 2145 Rogamus
1562 2112 1637 2146 ergo
1667 2100 1866 2135 serenitatem
1894 2105 2018 2128 sanonum
2037 2106 2064 2157 Γᾶ

1123 2154 1251 2198 regiam,
1273 2160 1303 2187 et
1317 2153 1464 2188 attentius
1482 2154 1695 2194 exhortamur,
1713 2139 2065 2203 ᾳυ3103351ἕ111ἑ11υἷ10111
2107 2191 2110 2194 ,

1121 2215 1227 2241 0011113
1271 2208 1493 2255 praescriptam
1536 2208 1697 2244 electionis
1735 2199 1994 2243 formam0¹²⁰²³⁰¹¹ffl

1122 2271 1180 2295 nec
1202 2272 1256 2295 vos
1277 2262 1408 2296 veniatis
1430 2262 1469 2297 de
1495 2270 1629 2302 caetero,
1658 2274 1714 2297 nec
1749 2262 1869 2315 cogatis

1121 2314 1215 2356 alios,
1252 2327 1309 2350 nec
1345 2316 1505 2363 patiamini
1539 2317 1676 2365 qualibet
1703 2317 1868 2352 occasione

1123 2369 1246 2404 venire:
1269 2370 1329 2405 sed.
1346 2370 1447 2406 taliter
1465 2372 1495 2405 in
1519 2371 1577 2406 hoc
1594 2371 1682 2406 nobis
1703 2371 1868 2415 studeatis,

1122 2430 1152 2457 et
1173 2423 1399 2459 ecclesiasticae
1426 2425 1558 2460 libertati
1595 2424 1732 2466 deferre,
1768 2432 1802 2460 ut
1827 2425 1868 2462 11-

1124 2489 1241 2512 morem
1264 2479 1331 2514 eius
1345 2478 1459 2515 habere
1476 2491 1547 2527 prae
1565 2479 1664 2515 oculis
1686 2479 1865 2520 videamini,

1124 2543 1178 2578 per
1203 2543 1297 2578 quem
1331 2545 1420 2579 reges
1454 2541 1606 2580 regnant,
1644 2541 1673 2568 et
1708 2533 1867 2581 principes

1123 2584 1335 2627 dominantur,
1364 2595 1393 2623 et
1420 2599 1565 2634 sponsam
1600 2586 1667 2622 eius
1692 2586 1866 2624 Ecclesiam

1125 2650 1272 2674 venerari.
