2129 3223
112 298 163 326 Αη.
182 297 216 325 c.
232 298 300 325 1193
366 285 412 318 92

357 361 427 391 pace
454 356 482 381 et
503 351 709 380 benedictione
727 358 879 379 concessa.
902 366 939 371 —-
965 347 1068 378 Cocle-

354 397 422 426 stini
451 395 566 434 Papae,
598 399 627 425 et
653 394 682 425 S.
711 394 743 425 h.
770 393 848 424 Eccl.
871 392 1065 423 cardinalium

353 441 598 480 subscriptiones.

311 510 480 541 coelestinus
500 510 640 547 episcopus
658 515 755 539 servus
773 514 913 538 servorum
932 507 988 540 Det.
1018 514 1065 536 ve-

355 560 470 589 nerabili
494 559 581 589 stati-i
596 560 692 588 nostro
715 558 848 587 'theodino
868 556 1016 586 'theanensi
1037 563 1065 585 e-

355 610 475 646 piscopo,
500 608 611 644 eiusque
635 607 834 637 successoribus
853 605 977 635 canonice
1003 605 1064 634 sub-

357 657 516 690 stituendis,
538 658 565 686 in
583 657 756 693 perpetuum.

360 725 393 759 ln
416 724 567 759 eminenti
591 723 791 770 Apostolicae
814 722 910 756 Sedis
936 721 1063 767 specula

308 774 499 821 disponente
521 773 659 808 Domino
681 772 753 807 licet
777 770 926 805 immeriti
945 770 1064 804 consti-

308 824 379 863 tuti,
407 822 518 857 fratres
538 829 661 857 nostros
687 822 869 868 episcopos,
897 828 958 854 tam
986 819 1064 853 vici-

310 883 368 906 nos
390 883 483 919 quam
513 872 606 917 longe
642 871 771 915 positos,
800 870 935 904 fraterna
967 867 1064 902 debe-

310 933 380 956 mus
414 920 565 955 charitate
592 919 736 965 diligere,
770 926 801 953 et
827 929 938 952 eorum
965 917 1063 963 quieti

309 978 339 1004 et
363 969 578 1017 tranquillitati
602 968 770 1003 salubriter
796 967 969 1002 auxiliante
997 965 1063 1000 Do-

310 1019 396 1053 mino
419 1018 597 1066 providere.

359 1067 546 1114 Eapropter,
570 1065 759 1101 venerabilis
778 1066 807 1099 in
827 1063 956 1099 Christo
969 1062 1064 1096 frater

113 1118 295 1169 rffgyenffgfgffig-
309 1116 475 1151 Theodine
501 1116 665 1162 episcope,
688 1114 749 1148 tuis
777 1114 868 1148 iustis
885 1110 1064 1158 postulatio-

113 1166 185 1199 vos'sos
218 1178 294 1199 acne-
312 1166 404 1199 nibus
419 1172 608 1204 annuentes,
623 1164 660 1198 ad
676 1164 774 1197 instar
784 1162 1062 1208 praedecessorum

112 1215 163 1262 {²555
188 1209 295 1261 Ῑξξζζζζζζ
311 1224 489 1248 nostrorum
513 1213 614 1248 felicis
639 1212 868 1247 recordationis
890 1209 1063 1248 paschalis,

113 1273 280 1293 =-·rir-⁴ecerni¹:
310 1263 455 1307 Adriani,
490 1261 674 1303 Alexandri,
713 1261 803 1296 Lucii
832 1268 863 1295 et
889 1258 1065 1294 Clementis

309 1311 525 1346 Romanorum
549 1311 740 1346 Pontificum
760 1308 935 1357 praesentis
956 1307 1063 1354 scripti

309 1369 492 1396 auctoritate
525 1372 696 1396 sancimus,
732 1368 766 1394 ut
800 1370 937 1393 unrvers¹
965 1368 1064 1403 paro-

309 1409 397 1444 chiae
421 1410 510 1450 fines,
537 1411 619 1444 sicut
646 1421 660 1442 a
700 1407 825 1443 loannis
860 1406 910 1441 tet.
940 1404 1062 1440 record.

310 1458 412 1494 XWlll
440 1458 544 1506 Papae
569 1458 750 1504 privilegio,
783 1456 865 1504 qnod
892 1454 1064 1490 Sandrario

310 1508 462 1553 episcopo
493 1507 648 1542 indultum
682 1514 740 1546 est,
775 1504 972 1541 determinati
995 1515 1064 1537 esse

312 1565 505 1596 noscuntur,
541 1557 579 1590 ita
603 1556 733 1590 omnino
761 1555 874 1600 integri
903 1562 964 1587 tam
987 1551 1063 1590 tibi,

311 1617 405 1652 qnam
427 1606 487 1639 tuis
509 1604 748 1639 successoribus
771 1611 924 1651 perpetuo
942 1613 1063 1636 conser-

311 1663 435 1693 ventur,
463 1654 583 1688 scilicet
605 1666 618 1687 a
639 1654 740 1700 primo
768 1654 877 1692 latere,
904 1652 986 1686 sicut
1008 1651 1064 1683 in-

114 1705 297 1761 pffi'j-“vgssuffig
312 1703 454 1748 greditur
475 1715 552 1749 aqna
580 1702 620 1736 de
647 1702 743 1737 Sexto
770 1703 800 1736 in
829 1701 960 1736 fluvium
984 1698 1064 1732 Vul-

115 1752 227 1788 «ιεςξιὼιις
313 1760 457 1793 turnum,
492 1760 521 1786 et
552 1752 636 1786 sicut
663 1752 728 1797 ipse
756 1751 868 1785 ssnvins
900 1747 1064 1782 descendit

314 1812 413 1848 usque
442 1800 479 1835 ad
501 1808 639 1834 montem
663 1801 825 1843 Anezone,
856 1806 885 1832 et
904 1795 1064 1845 quomodo

313 1849 454 1884 ascendit
483 1858 560 1883 ferra
593 1849 693 1895 ipsius
727 1850 862 1888 montis,
889 1855 920 1880 et
947 1846 1011 1880 exit
1034 1845 1062 1879 in

314 1898 407 1932 fini-m
431 1900 468 1931 de
487 1898 643 1933 Melanico
666 1910 681 1932 a
704 1898 843 1932 secundo
866 1897 972 1934 latere,
991 1906 1063 1940 quo-

314 1947 409 1981 modo
432 1946 516 1982 vadit
536 1947 631 1981 Terra
655 1947 694 1981 de
716 1947 840 1986 Monte,
864 1946 916 1992 qui
946 1944 1064 1978 dicitur

313 1996 454 2035 Molaria,
481 2004 511 2030 et
537 1996 576 2030 de
597 1996 704 2030 Monte
718 1995 855 2038 Maione,
877 2002 908 2028 et
929 1994 1064 2028 descen-

314 2045 356 2080 dit
377 2046 407 2079 in
430 2045 538 2080 decem
573 2045 723 2091 pondera,
752 2052 781 2079 et
809 2044 892 2078 vadit
919 2043 949 2076 in
977 2041 1063 2075 stati-

314 2094 404 2137 linm,
440 2103 470 2128 et
504 2094 670 2128 descendit
697 2121 702 2127 .
734 2121 740 2127 .
771 2122 776 2127 .
806 2122 812 2127 .
841 2093 879 2127 de
914 2090 1063 2133 scabello,

313 2152 342 2177 et
367 2143 396 2177 in
420 2143 484 2189 ipsa
508 2144 609 2190 rigazo
629 2144 724 2177 mittit
740 2143 769 2176 in
787 2141 959 2188 Sagonem‚
982 2140 1062 2174 sicut

315 2192 398 2226 idem
422 2191 527 2237 Sagen
551 2192 631 2226 vadit
654 2193 682 2226 in
712 2191 833 2232 locum,
863 2190 916 2238 qui
947 2189 1062 2223 dit-itur

313 2241 476 2283 Balurum,
498 2241 553 2276 ubi
581 2253 614 2276 se
636 2242 828 2287 coniungere
857 2239 980 2274 videtur
1003 2239 1059 2272 rivi

315 2290 394 2332 rivi,
435 2291 487 2338 qni
523 2290 637 2325 dicitnr
669 2290 753 2324 Porti
781 2301 798 2325 a
826 2291 914 2324 tertio
950 2288 1060 2327 latere,

313 2340 440 2387 qnando
467 2341 648 2374 ascendum
669 2351 795 2373 sursum
820 2351 875 2386 per
897 2349 998 2384 tpsum
1019 2337 1061 2371 ri-

313 2400 386 2422 vum
421 2400 519 2435 usque
553 2389 581 2423 in
619 2398 744 2436 pontem
775 2388 814 2422 de
841 2387 1003 2426 Censarm,
1031 2394 1061 2421 et

315 2437 441 2472 revolvit
465 2450 520 2485 per
530 2437 643 2472 solium
663 2437 793 2478 invadit,
809 2437 839 2471 in
855 2446 981 2484 pontem
998 2434 1059 2470 fra-

313 2499 411 2533 ctum,
443 2500 474 2526 et
499 2491 640 2527 ascendit
663 2492 692 2525 in
716 2490 893 2529 vallonem,
927 2498 957 2523 et
981 2501 1060 2535 pro-

140 773 251 795 {xantum

913 292 1101 316 nortuum:
1130 291 1295 316 ROMANUM

1875 286 1924 314 An.
1942 287 1972 314 C.
1989 286 2056 313 ¹¹⁹3

1110 360 1191 395 quae
1217 347 1307 382 ducit
1333 347 1417 382 iuxta
1443 347 1607 383 ecclesiam
1634 347 1767 383 Sanctae
1793 345 1860 380 Ma-

1110 398 1185 440 riae,
1207 408 1287 444 quae
1309 405 1355 431 est
1379 397 1409 431 in
1432 396 1573 432 Baioneo
1589 396 1721 438 Maiore,
1742 404 1773 431 et
1792 395 1859 442 ipsa

1108 446 1220 492 bigago
1243 446 1340 480 mittit
1363 446 1393 480 in
1417 445 1549 480 flumine
1563 445 1602 480 de
1628 444 1824 492 Gavigliano,
1843 455 1860 478 a

1108 503 1220 542 quarto
1250 495 1346 529 latere
1373 503 1421 541 est
1449 494 1531 530 idem
1559 495 1690 534 fluvius,
1724 501 1756 529 et
1781 505 1860 540 aqua

1106 556 1187 590 quae
1215 543 1331 578 dicitur
1352 543 1481 587 Branta,
1511 551 1542 578 et
1564 543 1648 578 vadit
1670 544 1700 578 in
1723 542 1859 586 silicum,

1107 593 1222 627 deinde
1251 593 1354 639 pergit
1381 593 1411 627 in
1440 593 1558 627 furcam
1581 592 1689 627 Sancti
1715 591 1859 631 Martini,

1106 650 1136 676 et
1159 641 1273 676 exinde
1296 642 1380 677 vadit
1407 654 1461 688 per
1488 642 1574 687 ipsos
1601 649 1736 685 montes,
1758 648 1788 675 et
1801 640 1859 675 de-

1106 691 1230 725 scendit
1259 703 1314 738 per
1339 690 1451 725 vallem
1485 690 1524 725 de
1558 690 1714 737 Almagno
1741 690 1770 724 in
1803 701 1857 724 su-

1108 740 1244 785 pradicta
1274 751 1355 787 aqua
1377 739 1415 773 de
1441 739 1547 779 Sexto,
1572 739 1651 775 intra
1678 751 1758 785 quos
1781 738 1858 773 fines
1874 741 2056 792 rlhztsgemqssi’}

1106 789 1303 823 Theanensis
1324 789 1433 823 civitas
1455 797 1484 822 et
1509 788 1635 823 castella
1656 788 1859 822 continentur
1873 785 1926 824 mag
1941 805 1962 823 ει
1976 802 2056 822 mono.

1107 838 1194 872 haec:
1219 838 1308 872 Petra
1331 837 1474 879 Molaria,
1496 837 1602 871 Rocca
1624 837 1779 876 Romana,
1800 835 1858 870 Ri-
1873 831 2055 885 {Pjffifferffiff'h

1106 887 1212 930 ardus,
1239 894 1375 921 castrum
1412 885 1518 921 Sancti
1548 885 1661 920 Felicis
1688 885 1857 925 Saianum,

1107 943 1242 970 castrum
1271 935 1354 983 quod
1379 935 1560 970 nominatur
1588 935 1678 969 Petra
1701 934 1856 973 Marzana,

1106 984 1288 1023 Bairanum,
1314 984 1484 1023 pensinae,
1512 984 1771 1018 praesentianum
1794 982 1857 1016 Mi-

1107 1034 1248 1076 nianum‚
1270 1033 1439 1068 Caminum
1456 1032 1571 1067 Casase
1590 1032 1733 1078 Caspuli,
1752 1032 1856 1068 Rocca

1108 1082 1289 1126 Banterani‚
1316 1081 1546 1121 Cucurnzinm,
1574 1081 1719 1124 Mertula,
1743 1080 1857 1118 Gallu-

1105 1131 1201 1171 cium,
1228 1131 1334 1166 Rocca
1353 1130 1488 1165 Sanctae
1514 1129 1628 1165 Crucis
1651 1158 1657 1164 .
1682 1157 1689 1164 .
1715 1157 1721 1163 .
1747 1158 1753 1164 .
1776 1137 1857 1164 terra

1106 1179 1341 1223 Marzanellum,
1355 1179 1521 1220 Caianum,
1540 1178 1672 1215 Colonia
1685 1178 1719 1214 S.
1732 1178 1858 1214 Ioannis

1107 1230 1259 1270 inclusas,
1299 1240 1353 1263 seu
1389 1229 1448 1263 alia
1488 1228 1639 1263 nonnulla
1667 1227 1856 1262 monasteria

1106 1290 1250 1325 quoque,
1285 1289 1340 1312 seu
1375 1277 1524 1312 ecclcsiae
1559 1277 1766 1321 clericorum,
1800 1288 1855 1312 seu

1106 1327 1347 1362 monachorum.
1370 1326 1536 1361 Praeterea
1550 1338 1770 1373 quascumque
1789 1337 1856 1372 pos·
1870 1329 1955 1380 bffiflm
1969 1329 2052 1365 1500125·

1106 1377 1277 1417 sessiones,
1311 1387 1531 1422 quaecumque
1555 1375 1636 1410 bona
1664 1375 1730 1422 ipsa
1751 1366 2054 1412 Thea-fiississffifuw‘

1107 1426 1213 1459 nensis
1256 1424 1398 1459 Ecclesia
1427 1424 1458 1459 in
1495 1425 1740 1471 praesentiarum
1775 1424 1856 1459 iuste

1106 1482 1136 1508 et
1177 1474 1330 1509 canonice
1370 1473 1527 1520 possidet,
1563 1481 1617 1508 aut
1650 1473 1681 1508 in
1716 1472 1854 1507 futurum

1106 1523 1309 1558 concessione
1325 1522 1529 1562 Pontificum,
1550 1522 1715 1569 largitione
1746 1533 1854 1567 regum

1107 1571 1152 1606 vel
1187 1572 1388 1619 principum,
1419 1571 1579 1606 oblatione
1612 1571 1773 1611 fidelium,
1799 1583 1854 1605 seu

1106 1620 1173 1655 aliis
1197 1621 1287 1655 iustis
1313 1619 1418 1654 modis
1441 1628 1619 1666 praestante
1640 1620 1780 1654 Domino
1804 1632 1855 1664 po·

1107 1670 1178 1703 terit
1205 1669 1349 1716 adipisci,
1372 1669 1460 1703 firma
1488 1669 1556 1713 tibi⁷
1580 1670 1704 1716 tuisque
1726 1680 1854 1703 succes-

1105 1718 1249 1758 soribns,
1287 1726 1317 1752 et
1353 1717 1470 1752 illibata
1505 1724 1720 1764 permaneant.
1754 1716 1853 1751 Porro

1106 1767 1248 1801 eiusdem
1272 1767 1472 1813 episcopatus
1503 1767 1636 1801 clericos
1669 1766 1975 1817 cuiuscum-nn‘cssffffffffi
2005 1773 2052 1818 {³¹:¹¹0

1106 1828 1166 1863 que
1188 1815 1307 1850 ordinis
1326 1816 1388 1849 sint
1410 1827 1426 1850 a
1449 1815 1599 1850 laicorum
1618 1823 1770 1862 potestate
1783 1814 1854 1849 sub·
1867 1814 1961 1848 eiusdem
1978 1805 2052 1849 &01¹0-

1106 1872 1222 1899 tractos
1243 1863 1303 1898 sub
1324 1871 1378 1898 tuo
1402 1864 1469 1899 iure
1499 1864 1713 1911 praecipimus
1735 1876 1855 1911 perma-
1867 1863 2050 1915 ᾓζζζξξζξξψθη

1107 1926 1190 1948 nere.
1230 1913 1277 1947 Ad
1311 1912 1387 1947 haec
1422 1925 1494 1947 cnm
1530 1914 1589 1948 iam
1623 1913 1744 1960 pridem
1773 1912 1859 1947 inter-

1106 1962 1205 1997 bonae
1229 1963 1398 1996 memoriae
1420 1962 1548 1996 Petrum
1577 1962 1851 2010 praedecessorem

1107 2020 1207 2054 tunm,
1234 2018 1264 2045 et
1291 2011 1421 2045 clericos
1447 2011 1671 2046 Manianenscs
1692 2023 1789 2057 super
1807 2007 2048 2060 50'1a‡⁰2¹⁰¹¹ii⁶230-

1107 2061 1255 2094 lationem
1279 2060 1480 2094 cathedratici
1508 2061 1651 2107 quaestio
1673 2068 1755 2094 mota
1780 2045 1988 2094 fuis-cessoribpus
2004 2070 2048 2090 suis

1104 2117 1165 2153 set,
1194 2109 1319 2144 tandem
1348 2109 1448 2144 felicis
1483 2109 1709 2145 recordationis
1736 2109 1852 2145 Lucius
1865 2101 2046 2159 Ίζῗῦιξζξζξζῖζζή

1106 2159 1188 2205 Papa
1228 2158 1452 2205 praedeeessor
1488 2167 1592 2193 noster
1626 2167 1702 2194 tunc
1733 2158 1779 2193 tit.
1815 2157 2037 2216 S'=<i1¹v³i¹r³‡¹¹iss,⁵,⁰0{

1103 2207 1254 2243 praxedis
1269 2207 1444 2254 presbyter,
1466 2216 1496 2242 et
1514 2208 1647 2242 Ioannes
1669 2214 1848 2242 sanctorum
1864 2228 1897 2245 m„
1917 2225 2046 2246 emmau-

1103 2258 1204 2301 Sergii
1241 2265 1271 2290 et
1297 2254 1413 2291 Bacchi
1444 2257 1566 2291 diaconi
1604 2255 1773 2291 cardinalis
1810 2267 1849 2290 cx
1863 2258 2047 2308 ξζζξωζζῑξζζζο

1103 2306 1298 2351 delegatione
1337 2304 1470 2341 Romani
1506 2305 1669 2341 pontificis
1701 2316 1850 2351 recogno-
1863 2317 1935 2338 armat.

1105 2362 1213 2389 verunt
1235 2357 1273 2388 de
1295 2366 1400 2398 causa,
1428 2362 1458 2389 et
1485 2355 1620 2402 receptis
1648 2353 1770 2389 idoneis
1803 2362 1849 2389 tc-

1079 2404 1084 2442 !
1102 2404 1213 2447 stibus7
1240 2403 1328 2450 qnod
1343 2404 1599 2449 praedecessores
1619 2403 1762 2438 eiusdem
1778 2404 1849 2448 epi-

1102 2455 1187 2500 scop}
1205 2469 1220 2486 a
1236 2453 1370 2499 singulis
1385 2453 1574 2500 presbyteris
1590 2451 1848 2487 Manianensibns

1101 2503 1268 2536 duodecim
1294 2503 1438 2536 denarios
1461 2515 1514 2549 per
1527 2501 1729 2549 qnadraginta
1749 2513 1848 2535 annos

313 2546 453 2592 gfssdflffl'
476 2547 504 2579 ln
528 2544 700 2587 Cffl'fflffl'aa
728 2552 756 2579 9¹
784 2545 847 2578 (fxit
875 2546 904 2577 Π)
935 2544 1060 2583 vastum,
1079 2545 1083 2583 l
1103 2553 1229 2585 nomine
1251 2552 1453 2585 cathedratici
1483 2551 1686 2597 percepisset,
1709 2557 1739 2584 et
1770 2549 1847 2596 pln—

313 2600 366 2646 qui
396 2599 509 2633 dicitur
541 2600 637 2637 Area,
664 2607 695 2632 et
715 2598 856 2632 ascendit
880 2599 909 2631 ln
938 2595 1060 2631 Castel-

313 2653 436 2692 lucum,
469 2660 499 2686 et
532 2653 642 2687 exinde
671 2651 770 2698 pergit
803 2652 834 2684 iu
871 2652 1059 2696 rigaginem,

1103 2602 1180 2634 rium
1209 2601 1380 2634 assertione
1415 2608 1588 2646 comperto,
1615 2599 1698 2646 quod
1738 2598 1847 2633 huius-

1101 2650 1184 2684 modi
1207 2649 1404 2683 consuetudo
1433 2650 1463 2683 in
1490 2647 1658 2696 Capuanae
1685 2655 1715 2683 et
1742 2647 1846 2684 Bene-
