2129 3223
39 223 94 262 411.
115 223 143 250 c.
159 223 226 250 ηδε
242 191 246 194 .

69 577 186 601 Exordium.

29 1614 135 1644 fixempito
140 1623 152 1638 ι
157 1624 207 1646 qua-

25 1652 112 1673 cunque
139 1654 205 1670 cano-

24 1679 57 1699 nts
70 1678 184 1701 solutione.

865 225 1008 248 nnBANPs
1034 225 1066 247 lv
1091 225 1138 247 PP.

1638 219 1707 252 695

1774 228 1824 256 Au.
1840 228 1867 255 C.
1884 229 1951 257 ¹263

240 282 358 311 tlt-banus
377 283 516 319 episcopus
534 289 628 310 servus
641 288 780 311 servorum
797 282 851 316 Dei.
868 282 975 311 dilectis
1015 277 1140 313 soribus
1181 280 1312 320 nostris,
1354 280 1440 315 vobis
1482 280 1527 316 vel
1567 282 1755 317 monasterio
1782 289 1951 311 Cunflrmatiott-

279 326 345 356 nnis
363 327 466 369 abban.
485 327 516 355 et
534 327 674 356 conventui
701 327 975 356 monaster-timentis
1015 336 1115 363 vegim
1144 339 1325 364 concessas:
1359 341 1415 364 nec
1449 342 1511 365 „012
1540 329 1697 367 libeflages
1722 341 1753 367 m

279 372 398 408 virginis
419 371 453 400 ἃᾶ
470 371 613 400 mmmm
632 372 775 400 Εθῦῑθδίἢῑῐῑ
796 372 870 400 ¹¹¹¹¹l⁰
888 373 974 401 medio
1013 377 1227 424 exemptiones
1259 379 1465 414 saecularium
1503 380 1701 415 exactionum
1735 394 1751 416 a

277 416 560 453 pertinentis,0rdinis
566 418 591 444 s.
603 417 737 445 Benedicti
748 417 889 445 avellanae
901 417 974 445 dioe-

276 461 356 494 cesis,
373 461 488 490 salutem
507 463 535 490 et
559 461 734 497 apostolicam
752 462 970 490 benedictionem.

280 526 360 562 Cum
384 539 400 562 a
422 528 514 563 nobis
541 528 654 575 petitur
674 528 758 574 quod
786 528 902 563 iustum
925 537 968 564 est

230 584 261 610 et
282 576 460 618 honestum,
487 586 548 612 tam
574 578 658 623 vigor
679 577 854 623 aequitatis,
877 590 968 624 quam

230 626 307 661 ordo
333 627 428 669 exigit
460 627 597 670 rationis,
625 636 656 661 ut
681 627 708 660 id
740 640 793 673 per
819 626 970 662 sollicitu-

229 675 333 710 dinem
352 675 442 711 officii
462 677 556 711 nostri
572 676 608 710 ad
622 676 762 710 debiturn
784 677 970 723 perducatur

227 724 385 760 effectum.

275 778 290 817 ,ξ
314 779 344 809 t.
369 774 552 822 Eapropter,
574 774 677 809 dilecti
700 775 730 809 in
750 774 886 810 Domino
902 775 967 820 lilii,

228 824 336 859 vestris
351 824 440 859 iustis
459 823 718 871 postulationibus
736 834 823 871 grato
838 836 968 859 concur-

228 881 330 908 rentes
369 885 517 914 assensu,
560 873 756 921 privilegium
799 873 966 909 Alexandri

225 921 328 970 Papae
363 922 414 958 fel.
447 935 541 958 mem.
570 923 775 958 antecessoris
801 925 911 964 nostri,
935 924 965 958 in

225 983 288 1018 quo
318 971 437 1020 liquido
469 980 696 1019 cognoscentes
728 972 812 1019 quod
847 972 965 1008 dictum

224 1020 410 1056 coenobium
457 1033 528 1056 cum
571 1021 718 1056 omnibus
761 1022 900 1057 ecclesiis
936 1031 966 1057 et

224 1069 301 1105 locis
333 1071 399 1106 suis
432 1071 583 1111 subditis,
613 1072 697 1106 nullo
729 1071 899 1115 mediante,
926 1072 963 1107 ad

223 1118 397 1155 Romanam
419 1120 592 1155 Ecclesiam
621 1121 802 1167 pertineret,
825 1129 854 1155 et
880 1122 963 1167 quod

224 1180 284 1204 non
310 1168 384 1204 licet
409 1170 499 1204 alicui
534 1170 767 1216 archiepiscopo
806 1171 871 1204 sive
892 1172 964 1217 epi-

223 1229 336 1265 scopo,
378 1220 422 1254 vel
449 1218 500 1253 alii
535 1219 762 1253 ecclesiasticae
802 1232 962 1265 personae,

222 1267 323 1303 eidem
345 1268 535 1303 monasterio
574 1277 601 1303 et
636 1269 705 1303 eius
730 1269 871 1303 ecclesiis
902 1281 985 1304 ex-‹

221 1317 522 1353 communicationes
554 1326 583 1351 et
620 1317 846 1365 suspensiones
881 1318 984 1357 indi-v

221 1377 303 1411 cere,
331 1374 363 1401 ut
391 1367 502 1402 fratres
536 1366 597 1401 illic
630 1366 767 1401 Domino
793 1368 983 1403 servientes

220 1414 259 1450 ab
293 1416 378 1451 omni
418 1424 571 1463 potestate
606 1425 632 1450 et
674 1415 889 1452 iurisdictione
928 1430 963 1453 ac

220 1463 362 1500 dominio
387 1465 698 1512 archiepiscoporum
731 1473 763 1500 et
795 1466 983 1513 episcopo-j

219 1525 287 1549 rum
331 1515 395 1549 sive
438 1515 566 1549 aliarum
609 1527 813 1561 personarum
854 1515 983 1557 liberi,:

219 1562 378 1599 E001e83³0
399 1562 560 1599 ROmassssss
583 1564 733 1599 libertatis
755 1565 852 1610 gralia
881 1566 962 1611 Ρῡῐὶ-
1002 1575 1162 1618 Mayi'slris
1187 1582 1214 1608 et
1246 1576 1432 1609 scholaribus
1453 1577 1559 1610 studii
1591 1576 1742 1610 Palenlt'n.

219 1621 343 1648 rentur:
381 1613 419 1662 'et
453 1614 523 1649 licet
563 1626 622 1648 non
662 1614 813 1648 habeatur
849 1613 878 1648 in
924 1627 961 1649 eo

218 1662 336 1698 mentio
354 1662 531 1698 dioecesani
552 1663 703 1710 episcopi,
723 1663 753 1697 in
773 1664 862 1698 cuius
880 1664 961 1698 dioe—
981 1679 983 1712 ξ

1013 426 1139 473 regibus
1171 435 1201 462 et
1233 428 1440 475 principibus,
1468 429 1512 464 vel
1540 430 1608 464 aliis
1634 429 1751 465 Christi

1013 476 1169 517 fidelibus,
1197 478 1418 513 rationabiliter
1450 479 1536 514 vobis
1569 488 1621 514 aut
1643 491 1753 515 mona-

1011 527 1106 561 sterio
1128 534 1231 562 vestro
1264 527 1410 568 indultas,
1447 528 1529 563 sicut
1557 541 1591 564 ea
1616 529 1696 566 iuste
1721 537 1752 564 et

1012 575 1137 621 pacifice
1155 575 1314 619 obtinetis,
1337 576 1435 621 vobis,
1454 586 1482 611 et
1502 591 1556 624 per
1576 590 1628 614 vos
1650 579 1750 614 eidem

1011 626 1199 661 monasterio
1231 627 1414 661 anctoritate
1444 627 1611 674 apostolica
1638 640 1751 664 conce-

1009 674 1112 710 dimus
1155 683 1185 710 et
1227 675 1467 717 confirmamus,
1507 684 1538 712 et
1580 678 1751 724 praesentis

1009 724 1115 771 scripti
1141 726 1314 772 patrocinio
1340 726 1584 761 communimus.

1056 777 1071 816 g
1094 777 1125 808 3.
1146 774 1229 809 Nulli
1245 787 1320 821 ergo
1334 775 1463 811 omnino
1477 775 1640 811 bominum
1658 775 1748 812 liceat

1008 822 1088 857 hanc
1101 824 1243 870 paginam
1258 832 1381 859 nostrae
1397 825 1654 870 confirmationis,
1671 837 1748 861 con-

1008 873 1158 908 cessionis
1184 881 1214 908 et
1240 873 1453 921 indulgentiae
1486 874 1665 921 infringere,
1700 877 1747 911 vel

1007 922 1034 955 ei
1061 934 1137 956 ausu
1162 924 1324 958 temerario
1346 924 1508 959 contraire.
1530 924 1564 959 Si
1594 924 1665 971 quis
1690 937 1749 960 au-

1007 979 1069 1005 tem
1097 971 1156 1007 hoc
1187 980 1338 1008 attentare
1370 974 1631 1021 praesumpserit,
1664 974 1749 1010 indi-

1006 1021 1185 1063 gnationem
1205 1023 1431 1070 omnipotentis
1452 1022 1510 1058 Dei
1538 1031 1567 1058 et
1586 1023 1746 1059 beatorum

1006 1070 1088 1105 Petri
1111 1079 1140 1105 et
1168 1071 1256 1106 Pauli
1282 1072 1497 1119 apostolorum
1527 1073 1595 1107 eius
1620 1085 1654 1108 se
1686 1086 1746 1108 no—

1006 1129 1082 1154 verit
1105 1133 1316 1156 incursurum.

1053 1169 1166 1204 Datum
1201 1171 1284 1218 apud
1318 1170 1434 1206 Urbem
1463 1170 1605 1206 Veterem
1634 1172 1746 1219 quinto

1005 1217 1074 1253 idus
1107 1219 1256 1261 ianuarii,
1291 1220 1490 1267 pontificatus
1529 1221 1625 1255 nostri
1663 1233 1746 1256 anno

1003 1268 1152 1303 secundo.

1036 1328 1094 1359 Dat.
1115 1330 1160 1359 die
1179 1330 1196 1360 9
1214 1331 1338 1360 ianuarii
1363 1330 1447 1367 1963,
1463 1331 1562 1370 pontis.
1582 1341 1658 1361 anno
1680 1340 1709 1361 ιι.

1346 1495 1399 1529 tx.

1050 1625 1253 1658 conceduntur
1286 1626 1451 1669 privileyia
1481 1632 1508 1658 et
1545 1626 1744 1670 eaeempciones

1050 1674 1091 1705 ad
1117 1674 1214 1707 instar
1240 1674 1449 1708 Um‘versitatis
1471 1675 1620 1709 Parisien.
1640 1676 1694 1718 (1).

218 1712 280 1747 cesi
313 1712 431 1747 dictum
462 1713 684 1747 monasterium
713 1721 760 1746 est
786 1712 983 1753 fundatum„

218 1768 250 1795 et
269 1761 309 1796 de
333 1761 490 1796 solutione
518 1762 647 1796 canonis
667 1761 763 1795 debiti
785 1761 841 1807 ipsi
865 1761 961 1796 dioe-
980 1779 982 1795 τ

218 1821 332 1845 cesano
353 1810 512 1857 episcopo,
534 1811 598 1845 sive
620 1810 670 1844 alii
698 1811 886 1856 cuicumque
909 1824 961 1845 ec·
980 1821 981 1824 ’

218 1857 410 1894 clesiasticae
442 1871 593 1907 personae
627 1859 666 1893 ab
693 1860 759 1905 ipso
797 1860 981 1899 coenobio„

217 1908 266 1942 vel
287 1908 430 1944 ecclesiis
455 1916 486 1944 et
521 1909 598 1943 locis
620 1909 677 1956 ipsi
700 1908 852 1943 coenobio
879 1910 961 1944 snb-
980 1943 982 1961 s

218 1957 303 2002 ditis,
325 1970 362 1993 eo
394 1971 456 1993 non
485 1958 639 2001 obstante,
668 1958 850 1993 auctoritate
877 1966 981 2006 apo-¹

218 2007 327 2042 stolica
355 2015 386 2042 et
412 2007 539 2054 speciali
569 2007 741 2055 privilegio,
768 2019 821 2041 vos
848 2016 877 2042 et
907 2020 981 2048 ec-,

219 2056 330 2091 ctesias
355 2065 387 2092 et
409 2057 474 2091 loca
502 2057 560 2103 ipsi
589 2058 742 2092 coenobio
769 2057 893 2092 subdita
921 2052 981 2097 ab}

219 2117 314 2141 onere
336 2106 552 2154 praestationis
578 2114 608 2141 et
635 2106 840 2141 exsolutionis
860 2107 962 2141 cuius·
980 2107 981 2136 ἶ

218 2154 295 2190 libet
343 2156 472 2190 canonis
510 2155 678 2190 liberamus
711 2164 740 2190 et
774 2157 959 2191 eximimus:

220 2204 358 2240 volentes
380 2217 433 2240 vos
454 2204 549 2239 multa
574 2204 723 2240 libertatis
750 2206 959 2252 praerogativa
980 2197 981 2222 Τ

219 2253 368 2300 gaudere,
391 2262 422 2289 et
440 2255 496 2289 soli
521 2253 680 2289 Romanae
706 2254 863 2289 Ecclesiae
885 2268 961 2290 cen-

220 2304 324 2338 suales
349 2305 494 2347 existere,
517 2316 571 2350 pro
594 2303 708 2338 indicio
731 2312 894 2351 perceptae
916 2305 962 2338 li-

220 2351 349 2388 bertatis
374 2353 414 2388 ab
435 2353 614 2400 Apostolica
643 2353 738 2396 Sede,
767 2361 857 2399 prout
878 2367 961 2389 con-

222 2401 313 2436 tineri
340 2404 545 2449 cognovimns
565 2410 671 2437 tenore
698 2402 772 2438 dicti
798 2403 961 2450 privilegii,

221 2451 304 2498 quod
326 2452 394 2487 sine
419 2452 662 2498 reprehensione
689 2451 803 2492 bullae,
825 2452 960 2496 chartae,

221 2500 268 2535 vel
293 2501 409 2536 litterae
431 2500 609 2548 apparebat.

270 2549 290 2597 S
311 2552 343 2584 2.
372 2550 410 2585 Et
431 2563 542 2585 omues
573 2550 783 2585 immunitates
815 2559 844 2586 et
866 2551 962 2586 liber-

222 2606 300 2633 tates
320 2611 336 2634 a
363 2598 515 2635 Romanis
547 2599 754 2635 Pontificibus
776 2601 962 2647 praedeces-

1267 1751 1479 1783 SUMMARIUM

1001 1814 1130 1846 Celebris
1155 1817 1300 1856 quondam
1323 1817 1471 1848 Palentina
1494 1817 1682 1849 Universitas.
1704 1836 1743 1842 —

1040 1860 1240 1900 Supplicatum
1270 1861 1364 1900 Papae
1396 1871 1447 1901 pro
1478 1861 1672 1893 reformanda.
1705 1879 1744 1886 —

1040 1904 1260 1944 privilegiorum
1278 1906 1513 1936 communicatio.

980 2002 981 2014 ¹
1000 1975 1120 2005 Urbanus
1135 1977 1275 2013 episcopus
1294 1984 1389 2007 servus
1401 1984 1540 2008 servorum
1556 1977 1613 2012 Dei.
1631 1985 1742 2008 venera-

1044 2026 1093 2054 bili
1111 2025 1197 2055 fratri
1215 2027 1347 2063 episcopo.
1367 2028 1398 2056 et
1412 2027 1521 2057 dilectis
1538 2027 1603 2056 filiis
1622 2028 1743 2064 capituto

1044 2075 1190 2109 Patentin„
1208 2076 1325 2105 satutem
1349 2077 1379 2105 et
1402 2077 1741 2112 apostolicambenedictio·

1043 2132 1112 2154 nem.

1049 2196 1179 2232 Colebat
1193 2197 1345 2232 hactenus
1356 2197 1540 2232 deliciarum
1555 2197 1678 2232 bortum
1693 2197 1742 2233 ci-

1002 2246 1076 2280 vitas
1088 2246 1241 2281 Palentin.
1251 2247 1289 2281 de
1301 2247 1360 2282 sub
1371 2247 1460 2281 cuius
1474 2247 1571 2294 portis
1588 2246 1658 2282 fons
1669 2246 1740 2282 irri-

980 2297 982 2327 ἰ
1000 2308 1080 2341 gnus
1098 2297 1300 2331 emanabatur
1315 2300 1372 2340 (2);
1392 2296 1501 2330 hortus
1529 2296 1580 2330 ille
1604 2295 1741 2343 profecto

1000 2345 1121 2380 fructus
1141 2345 1256 2380 uberes
1279 2346 1480 2392 producebat,
1511 2357 1645 2393 quorum
1669 2358 1741 2381 sua-

1002 2395 1122 2429 vitatem
1146 2402 1176 2429 et
1197 2395 1393 2430 dulcedinem
1415 2395 1453 2429 ad
1473 2395 1610 2430 diversas
1631 2395 1739 2430 mundi

1003 2454 1105 2491 partes
1140 2443 1235 2478 sontis
1271 2445 1426 2479 affluentia
1466 2444 1632 2479 derivabat.
1667 2444 1742 2480 Erat

1002 2494 1083 2528 enim
1120 2494 1149 2527 in
1183 2494 1291 2528 eadem
1324 2494 1456 2538 civitate,
1483 2493 1564 2528 sicut
1593 2506 1631 2528 ex
1657 2502 1742 2541 parte

1003 2552 1099 2577 vestra
1116 2542 1172 2577 fuit
1187 2543 1378 2590 propositum
1402 2555 1505 2578 coram
1524 2542 1626 2589 nobis,
1644 2543 1743 2578 scien-

1037 2614 1076 2648 (l)
1092 2613 1129 2640 Ex
1147 2613 1248 2649 Regest.
1267 2613 1349 2640 vatic.
1388 2613 1428 2649 (⁹2)
1445 2614 1504 2648 Leg.
1521 2615 1670 2640 emanabat.

1768 319 1871 340 bei-tatum
1905 326 1948 342 orn-

1768 352 1830 372 nium⁴

1794 787 1911 811 clausulae.

1767 2218 1860 2240 coleti-ts
1871 2225 1934 2247 quon-

1754 2249 1799 2270 dam
1825 2248 1934 2271 Potentius

1755 2279 1891 2302 Universitas.
