2129 3223
100 275 149 302 An.
171 275 200 303 c.
216 275 281 302 testi
346 266 415 300 580

601 328 736 364 XXXV.

296 406 445 452 Definitio
483 406 689 451 quorumdam
726 406 927 438 articulorum
963 405 1044 438 circa

516 457 593 489 ritus
620 455 817 489 Graecorwn²

564 536 778 567 SUMMARIUM

295 603 447 635 Pontificis
470 613 540 633 cura
569 611 620 643 pro
651 602 789 633 uniendis
814 602 965 632 Ecclesiae
996 611 1045 632 ca-

335 649 461 678 tholicae
494 648 675 677 nationibus
705 664 742 669 —
770 647 796 677 1.
818 645 913 682 Quare
942 646 1043 677 indul-

335 693 462 732 gendum
487 691 607 722 Graecis
624 692 671 728 sit,
688 696 719 721 ut
741 700 810 720 suos
829 691 902 720 ritus
919 696 1043 721 servent.

333 753 373 761 —
393 735 422 767 Ξ.
442 735 507 766 Orta
528 737 603 765 inter
618 735 744 766 Graecos
770 735 947 774 Latinosque
962 737 1043 774 regui

333 780 418 821 Cypri
445 780 602 810 discordia.
634 797 670 801 —
699 779 725 809 3.
747 778 905 817 Diligenter
928 789 941 809 a
968 779 1042 819 Papa

333 824 505 855 examinata.
533 841 572 846 —
598 823 625 854 4.
649 823 685 852 De
718 822 875 862 Baptismo,
899 824 1044 863 modoque

333 869 406 900 illud
422 868 660 899 administrandi.
678 884 717 889 —
739 868 765 897 5.
784 866 918 897 Chrisma
938 877 951 896 a
973 869 1043 898 solis

333 913 481 951 episcopis
497 911 712 942 conficiendum
730 915 758 940 et
773 910 994 940 conferendum.
1007 929 1045 935 —

333 957 366 988 Et
388 957 423 987 de
447 962 573 986 extrema
597 956 745 985 unctione.
763 971 802 977 -—
817 955 844 984 ὃ,
866 954 905 984 De
921 964 993 994 aqua
1014 957 1042 986 in

333 1001 479 1031 sacrificio
502 999 714 1030 Eucharistiae.
734 1015 770 1021 -
787 998 969 1029 Eucharistia
993 1010 1043 1038 pro

333 1046 459 1076 infirmis
489 1053 547 1074 non
574 1043 714 1074 servanda
745 1043 781 1072 ad
804 1051 923 1072 annum.
949 1060 989 1066 —
1018 1045 1044 1073 7.

332 1088 371 1120 De
394 1090 464 1119 liora
487 1088 657 1119 celebrandi
676 1087 829 1118 solemnia.
848 1104 887 1110 -
909 1087 935 1117 8.
958 1087 1042 1118 Missa

334 1143 391 1164 non
405 1132 580 1163 celebranda
597 1136 663 1162 ante
678 1131 864 1161 matutinum.
880 1148 918 1153 —
933 1132 960 1162 9.
975 1131 1045 1161 Pro-

334 1176 467 1206 movendi
481 1176 518 1206 ad
534 1176 728 1206 sacerdotium
747 1179 830 1205 antea
850 1176 1043 1207 examinandi.

331 1238 370 1244 -
392 1221 437 1252 10.
464 1220 503 1250 De
525 1220 717 1260 paramentis.
739 1236 776 1242 —-
801 1220 844 1249 ll.
868 1219 1006 1250 Mulieres
1029 1231 1042 1250 a

332 1265 450 1295 servitio
469 1265 570 1295 altaris
593 1264 797 1294 removendae.
821 1280 858 1286 -—
885 1264 927 1294 12.
949 1263 988 1294 De
1006 1265 1045 1295 ie-

333 1310 415 1339 iunio
437 1308 695 1349 quadragesimali.
711 1325 751 1330 —
772 1307 814 1338 13.
834 1307 958 1338 Parochi
977 1318 1045 1339 con-

334 1353 479 1383 sessiones
498 1352 631 1382 audiant:
654 1352 778 1382 caeteris
802 1360 868 1381 vero
892 1352 985 1382 danda
1009 1352 1044 1382 ab

333 1398 471 1436 episcopo
498 1396 554 1427 loci
577 1396 706 1426 licentia.
736 1412 775 1418 —
802 1396 846 1426 14.
879 1395 1044 1426 Fornicatio

334 1446 485 1482 peccatum
510 1440 641 1471 mortale.
663 1457 702 1462 —
722 1441 765 1469 15.
788 1439 906 1479 Septem
926 1441 1044 1471 ordines

333 1485 515 1517 conferendi.
532 1501 571 1507 —
588 1484 633 1514 16.
654 1484 806 1515 Secundae
825 1489 853 1513 et
873 1484 973 1513 tertiae
992 1494 1045 1514 nu—

333 1531 410 1570 ptiae
428 1538 486 1559 non
506 1528 718 1567 reprobandae.
737 1544 776 1550 -
795 1528 839 1557 17.
862 1526 1043 1558 Matrimonia

333 1575 363 1605 in
381 1578 484 1613 quarto
503 1573 595 1611 gradu
614 1572 880 1610 consanguinitatis
901 1581 958 1601 non
977 1581 1044 1601 con-

333 1616 485 1648 trahenda.
503 1633 542 1639 —
562 1616 606 1646 18.
626 1615 665 1645 De
682 1614 866 1654 Purgatorid
884 1631 922 1638 —-
945 1616 987 1645 19.
1005 1614 1044 1645 De

336 1661 460 1691 inferno.
490 1676 529 1682 —
546 1659 594 1690 ⁶20.
617 1658 657 1688 De
676 1659 832 1689 animabus
857 1659 1042 1697 parvulorum

332 1704 430 1735 -Ξ1,
448 1703 480 1734 Ei
494 1703 549 1734 vita
566 1704 738 1733 monastica.
750 1719 788 1725 —-
800 1702 838 1732 De
852 1702 1044 1733 observandis

333 1750 415 1780 hisce
433 1748 560 1778 statutis.
575 1763 613 1770 —
627 1745 813 1777 Obstantium
829 1746 989 1784 derogatio.

292 1821 463 1852 innocentius
482 1822 624 1860 episcopus
636 1830 731 1852 servus
742 1829 881 1854 servorum
893 1824 948 1858 nei,
969 1833 1044 1855 vene·

336 1871 418 1901 rabili
445 1870 533 1902 tratri
565 1873 689 1909 episcopo
707 1873 857 1903 'tusculano
875 1874 1045 1910 apostolicae

336 1921 412 1950 Sedis
428 1920 534 1957 legato.
559 1921 677 1950 satutem
701 1922 729 1950 et
752 1922 933 1958 apostolicam
966 1923 1043 1951 bene-

335 1971 491 2000 dictionem.

341 2040 411 2076 Sub
439 2041 611 2077 catholicae
635 2041 832 2088 professione
856 2041 928 2075 fidei
950 2050 1043 2089 atque

109 2090 379 2145 Pgfflffig'fffflgfculiu
403 2091 586 2130 consistere,
613 2102 649 2125 ac
684 2090 834 2136 prolicere
867 2091 1042 2131 universos,

96 2128 280 2187 {reeissesiagoeneaf
294 2141 426 2176 caeteris
465 2149 589 2174 nostrae
630 2141 745 2174 mentis
782 2138 1043 2175 desiderabilibus

96 2184 188 2234 L’Jffifst
209 2186 280 2206 '¹⁸⁸⁰‘
293 2189 515 2237 praeferentes,
538 2188 615 2223 illud
638 2196 796 2235 tamquam
819 2188 1044 2236 acceptabilius

293 2238 425 2285 pleniori
461 2238 618 2273 desiderio
652 2238 816 2284 cupimus,
850 2244 880 2271 et
912 2237 949 2272 ad
985 2237 1044 2272 lioc

294 2287 378 2322 velut
405 2288 599 2333 operativum
622 2287 731 2321 salutis
754 2287 970 2333 praecipuum,
995 2287 1044 2320 in-

292 2337 378 2370 timis
401 2335 563 2371 affectibus
593 2337 706 2370 anxius
734 2336 919 2382 aspiramus.
958 2335 1043 2370 Haec

291 2386 420 2433 inquam
449 2385 534 2428 unio,
562 2386 625 2419 sive
647 2385 801 2419 connexio
827 2385 912 2419 cordi
937 2393 1043 2419 nostro

293 2433 528 2469 inaestimabilis
567 2434 672 2480 gaudii
714 2445 814 2468 rorem
852 2433 1043 2478 infunderet,

292 2483 317 2516 si
346 2482 444 2517 varias
468 2483 609 2529 gentium
635 2483 788 2524 nationes,
816 2483 957 2518 eiusdem
985 2482 1044 2518 ob-

293 2532 447 2566 servantia
487 2531 558 2567 fidei
599 2532 630 2566 in
675 2544 775 2567 unum
817 2532 1042 2579 acceptabilem

293 2578 420 2633 Christo
456 2582 607 2628 populum
639 2580 825 2616 adunarent.
860 2581 895 2616 Id
932 2582 1042 2629 utique

293 2639 404 2672 anitiae
438 2639 561 2665 nostrae
589 2630 702 2665 mentis
729 2629 872 2665 ardorem
885 2630 1043 2666 affluentis

869 275 927 298 nrt.
933 276 993 297 Lm
999 275 1007 297 1
1014 275 1057 297 ΕΜ
1085 275 1174 297 nom
1180 275 1246 298 xm:

1848 275 1897 302 An.
1915 273 1942 301 C.
1963 275 2030 303 ¹254

1086 327 1219 363 laetitiae
1254 328 1447 375 refrigeraret
1482 328 1616 376 irriguo,
1649 329 1674 363 si
1700 339 1832 374 omnes,

1086 389 1165 424 quos
1178 377 1251 412 olim
1274 378 1304 412 in
1321 391 1419 413 unum
1434 379 1623 413 catholicum
1645 390 1773 425 gregem
1789 381 1832 423 (1)

1085 426 1166 461 ovile
1193 427 1320 474 collegit
1341 427 1508 472 Dominus,
1530 440 1602 463 cum
1626 428 1715 463 multi
1734 427 1774 462 ab
1795 440 1833 463 eo

1085 475 1301 518 discesserint,
1334 476 1364 511 in
1398 476 1479 512 idem
1507 477 1703 512 individuum
1730 477 1833 512 colle-

1084 524 1171 571 gium
1188 526 1281 561 unius
1295 526 1428 573 pastoris
1442 526 1588 562 solidaret
1603 527 1832 572 magisterium,

1084 581 1114 608 et
1136 574 1276 609 custodia
1295 574 1573 610 communiret.Oh
1583 576 1608 610 si
1620 575 1833 611 Orientalibus

1085 622 1201 659 Oriens
1222 637 1259 659 ex
1280 625 1343 659 alto
1370 624 1501 665 luceret,
1519 633 1550 659 et
1570 625 1619 660 sui
1643 626 1773 660 luminis
1796 626 1832 660 il-

1086 673 1278 717 lustratione,
1302 673 1387 721 ipsos
1408 672 1446 708 ad
1462 673 1646 708 catholicam
1669 674 1834 710 reduceret

1087 722 1249 763 unitatem,
1272 731 1307 757 ut
1332 734 1405 758 cum
1435 723 1564 770 reliquis
1585 722 1771 759 orthodoxis
1803 725 1832 758 in

1086 771 1181 806 unius
1213 771 1302 806 aulae
1336 772 1459 807 collecti
1494 772 1625 818 gremio,
1652 772 1691 807 de
1726 774 1834 808 matris

1085 819 1244 855 Ecclesiae
1270 821 1366 856 ubere
1395 821 1512 856 fluenta
1534 821 1694 857 doctrinae
1715 822 1834 857 saluta—

1086 870 1127 903 ris
1150 870 1323 905 haurirent!
1350 870 1442 906 Tunc
1477 871 1537 918 ipsi
1572 870 1733 906 Ecclesiae
1760 883 1834 918 pro-

1085 919 1204 954 veniret
1227 931 1375 966 magnum
1399 928 1430 955 et
1451 919 1661 955 desiderabile
1687 921 1833 964 salutare,

1086 975 1160 1002 tunc
1194 968 1264 1003 eius
1295 977 1402 1004 uterus
1428 968 1537 1004 sobole
1569 969 1725 1015 geminata
1757 982 1834 1004 con-

1084 1026 1250 1057 cresceret,
1282 1024 1356 1054 tunc
1377 1018 1592 1053 Orientalibus
1623 1018 1759 1053 oriretur
1784 1031 1834 1054 su-

1086 1078 1200 1112 pernae
1238 1066 1479 1104 illuminationis
1510 1079 1639 1102 aurora:
1680 1062 1834 1103 tunc'eis

1085 1115 1269 1151 claresceret
1290 1117 1401 1152 lucifer
1426 1117 1575 1152 veritatis:
1599 1125 1674 1152 tunc
1696 1129 1752 1164 per
1768 1119 1834 1152 uni-

1085 1176 1207 1201 versam
1222 1166 1397 1201 Ecclesiam
1414 1165 1594 1201 inundantis
1609 1165 1716 1214 gaudii
1730 1177 1834 1201 erum-

1085 1222 1173 1260 peret
1207 1215 1386 1262 plenitudo:
1410 1224 1484 1251 tuuc
1516 1216 1705 1251 exultatione
1740 1216 1834 1251 nimia

1085 1265 1271 1300 claresceret
1292 1272 1376 1300 totns
1394 1264 1491 1308 orbis,
1516 1265 1587 1311 quia
1607 1263 1695 1299 valde
1715 1263 1832 1300 bonnm

1085 1322 1116 1349 et
1142 1314 1315 1349 iucundum
1343 1314 1490 1349 existeret
1528 1313 1639 1350 fratres
1672 1313 1766 1348 simul
1801 1314 1832 1348 in

1085 1364 1180 1399 domo
1201 1362 1329 1398 Domini
1356 1362 1509 1398 habitare:
1539 1371 1613 1399 tunc
1639 1363 1748 1399 eadem
1770 1362 1834 1398 Ec-

1085 1413 1178 1448 clesia
1202 1412 1409 1460 multiplicata
1435 1412 1561 1453 laetitia,
1597 1422 1695 1448 novae
1722 1412 1833 1447 iucun-

1084 1462 1188 1497 ditatis
1210 1462 1367 1496 canticum
1391 1469 1582 1508 personaret.

1133 1515 1148 1554 ἓ
1178 1512 1206 1544 1.
1242 1509 1356 1545 Verum
1384 1510 1456 1557 quia
1479 1510 1622 1545 nonnulli
1639 1511 1831 1546 Graecorum
1859 1524 1929 1552 Quare
1960 1525 2031 1547 inaut-

1084 1559 1269 1594 iamdudum
1292 1559 1329 1593 ad
1357 1559 1555 1594 devotionem
1577 1558 1670 1595 Sedis
1695 1555 2032 1608 Aposto—gfinffimsfiffflj

1085 1608 1161 1643 licae
1197 1607 1376 1648 redeuntes,
1408 1608 1437 1643 ei
1470 1617 1647 1644 reverenter
1679 1607 1832 1643 obediunt
1846 1603 1880 1638 tus'
1894 1606 2013 1638 servemf

1085 1665 1115 1691 et
1138 1657 1322 1697 intendunt,
1345 1657 1416 1692 licet
1442 1665 1472 1692 et
1496 1657 1639 1704 expedit,
1669 1665 1702 1691 nt
1729 1669 1832 1693 mores

1085 1718 1120 1741 ac
1143 1707 1222 1741 ritus
1243 1718 1367 1749 eorum,
1388 1713 1541 1753 quantum
1563 1718 1636 1742 cum
1666 1706 1736 1741 Deo
1759 1719 1833 1754 pos·

1085 1767 1213 1795 sumus,
1253 1755 1439 1795 tolerantes,
1478 1756 1564 1802 ipsos
1602 1755 1633 1789 in
1675 1755 1833 1790 Ecclesiae

1085 1803 1247 1839 Romanae
1264 1803 1439 1839 obedientia
1456 1816 1702 1851 praeserventus.
1717 1804 1834 1847 Quam-

1084 1865 1178 1899 quam
1207 1854 1236 1886 in
1264 1853 1325 1896 his,
1352 1865 1432 1900 quae
1453 1854 1628 1888 animarum
1657 1854 1832 1900 periculum

1087 1910 1243 1949 parerent,
1267 1903 1310 1937 vel
1343 1902 1497 1937 honestati
1524 1903 1757 1937 ecclesiasticae
1777 1903 1834 1937 de—

1085 1959 1242 1997 rogarent,
1266 1963 1324 1985 nec
1348 1951 1520 1986 debeamus
1544 1952 1604 1986 illis
1629 1951 1750 1987 deferre
1777 1952 1833 1987 ali—

1084 2008 1252 2047 quatenus,
1279 2012 1338 2035 nec
1364 2001 1507 2035 velimus.

1133 2053 1148 2090 ,S
1179 2051 1212 2083 2.
1240 2049 1323 2084 Sane
1357 2050 1438 2084 inter
1473 2048 1679 2085 venerabilem
1708 2050 1833 2085 fratrem
1858 2053 1918 2090 ,⁰¹²²
2012 2086 2015 2089 ,

1086 2106 1227 2133 nostrum
1269 2098 1542 2146 archiepiscopum
1583 2097 1761 2139 Nicosien.,
1804 2085 1948 2143 erigii?
1969 2083 2030 2142 ,1ξὲζῖ

1085 2148 1154 2181 eins
1188 2146 1404 2194 suffraganeos
1438 2148 1551 2182 latinos
1579 2160 1615 2182 ex
1646 2157 1732 2195 parte
1759 2146 2028 2192 uua,⁶y⁹‘¹‘¹*⁵⁰0¹⁰¹¹⁵³

1084 2203 1114 2230 et
1141 2196 1308 2243 episcopos
1336 2208 1465 2243 graecos
1494 2197 1580 2243 regni
1603 2196 1698 2244 Cypri
1726 2208 1763 2231 ex
1788 2197 1833 2231 al-

1086 2253 1161 2288 tera,
1202 2245 1240 2279 de
1271 2245 1458 2292 quibusdam
1489 2246 1583 2281 certis
1610 2246 1749 2280 articulis
1784 2245 1835 2280 di-

1084 2293 1238 2329 scordiam
1269 2302 1298 2329 et
1329 2294 1538 2330 turbationem
1571 2294 1635 2329 fore
1661 2294 1833 2335 subortam,

1083 2350 1115 2377 et
1146 2342 1332 2378 eorumdem
1365 2351 1504 2379 tenorem
1542 2343 1763 2388 articulorum,
1799 2355 1834 2378 ac

1085 2394 1307 2438 responsiones
1330 2393 1467 2439 ipsorum
1490 2392 1681 2428 Graecorum
1703 2392 1740 2427 ad
1765 2392 1835 2428 illos

1084 2440 1187 2484 nobis,
1215 2448 1248 2475 ut
1277 2440 1389 2476 melius
1417 2453 1580 2488 possemus
1607 2441 1718 2476 instrui
1739 2453 1835 2489 super

1083 2490 1140 2530 eis⁷
1157 2489 1248 2536 plene
1259 2501 1295 2525 ac
1308 2490 1436 2537 provide
1457 2503 1511 2538 per
1530 2498 1599 2525 tuas
1625 2489 1742 2525 litteras
1761 2490 1834 2525 inti-

1085 2539 1188 2578 masti,
1215 2539 1348 2574 sollicite
1377 2539 1577 2587 requirendo,
1605 2546 1636 2573 ut
1670 2538 1833 2586 providere.

1084 2599 1179 2635 super
1196 2588 1254 2623 hoc
1274 2589 1444 2634 apostolica
1458 2588 1618 2635 diligentia
1640 2599 1833 2624 curaremus.

1119 2643 1158 2679 (l)
1178 2644 1239 2679 Leg.
1261 2644 1349 2672 forsan
1368 2646 1488 2672 catholi'ci
1502 2647 1599 2678 areola.

1974 2054 2029 2076 inter
