2129 3223
119 255 175 286 Ἀῐι4
196 259 225 286 C.
241 258 308 286 1232

147 1552 162 1571 li
173 1560 191 1571 -ιι
202 1553 295 1572 :Urium

128 1584 152 1603 de
160 1583 267 1603 AranK‘fi
277 1581 312 1602 Ml>

128 1616 204 1635 noritis
214 1615 309 1634 dandum.

375 247 444 281 560
896 254 1082 277 arctatum
1110 253 1269 276 nonaxon
1862 262 1912 289 An·
1932 259 1951 286 C
1976 255 2042 287 ὣς,

324 312 496 360 fulgoribus
518 312 647 346 rutilans
674 311 704 345 in
732 310 834 345 Domo
856 309 913 345 Dei
936 321 1066 344 corusco

324 364 434 411 sydere
454 373 549 396 novae
571 361 662 401 lucis,
685 372 776 408 quarn
799 359 837 394 ad
864 359 1067 394 illuminatio-

324 424 394 448 nem
423 410 494 446 fidei
521 410 618 445 divini
648 411 751 445 cultus
784 417 1002 456 augmentum,
1036 417 1065 443 et

323 461 465 508 Sponsae
491 460 606 495 Christi
635 459 856 495 multiformem
887 458 1067 505 pulchritu—

323 511 428 545 dinem
450 509 658 557 ampliandam
682 510 712 544 in
730 509 851 544 dilectis
873 508 943 542 filiis
961 507 1066 542 fratri-

324 560 381 596 bus
411 560 532 595 ordinis
557 559 714 595 Minorum
747 558 908 605 religiosae
941 556 1066 591 institu-

324 609 416 645 tionis
434 609 590 644 redivivus
608 609 710 644 servor
730 607 882 649 accendit,
902 607 962 641 illic
983 618 1067 653 prac-

323 659 428 696 sertim
460 659 491 693 in
523 659 605 694 serie
634 658 835 693 luminarium
863 657 1065 691 ecclesiastici

324 709 508 744 firmamenti
530 708 645 744 babere
664 720 724 742 non
747 707 840 742 debet
864 707 1064 750 incongruam

322 759 401 793 situs
434 757 627 793 incommodi
663 758 843 799 stationem,
877 755 929 789 nbi
958 755 1066 790 Provi-

322 808 426 843 dentia
453 807 652 855 disponente,
687 806 790 841 divina
815 805 969 852 primitiva
992 817 1067 839 sur-

321 858 424 903 gentis
459 856 617 892 Ecclesiae
651 855 852 891 fundamenta
888 854 1065 901 quieseunt,

321 915 351 942 et
373 919 428 954 per
450 906 632 942 individuos
654 906 735 953 paris
761 903 910 951 triumphi
937 904 1067 938 comites

322 956 501 991 sublimitas
523 956 642 992 eminet
668 954 831 1002 apostolici
860 953 1064 1000 principatus.

321 1005 403 1041 Cum
423 1005 527 1053 itaque
548 1005 587 1040 ab
610 1005 752 1039 eiusdem
776 1003 895 1038 ordinis
923 1003 1068 1038 fratribus

323 1056 354 1090 in
380 1054 466 1090 Urbe
488 1054 678 1100 degentibus
705 1054 825 1088 diversa
855 1052 970 1087 ibidem
1001 1053 1066 1087 loca

321 1112 351 1139 et
374 1105 512 1151 ipsorum
536 1103 715 1139 habitationi
738 1103 843 1137 minus
865 1101 1066 1137 accommoda

323 1154 512 1199 incolantur,
530 1166 587 1188 nos
602 1152 734 1193 eisdem,
748 1164 881 1199 quorum
900 1151 1067 1198 approbata

323 1204 389 1239 suis
410 1203 568 1244 fratribus,
590 1211 621 1237 et
644 1203 722 1237 clara
746 1201 854 1248 religio
874 1201 992 1236 intimis
1014 1213 1069 1235 ec-

324 1253 514 1288 clesiasticae
550 1252 756 1287 maternitatis
789 1250 986 1298 amplexibus
1023 1260 1069 1285 est

323 1302 466 1347 fovenda,
494 1302 532 1337 de
559 1302 689 1337 fratrum
723 1309 900 1335 nostrorum
934 1301 1069 1335 consilio

325 1353 427 1387 locum
446 1352 595 1387 idoneum
612 1351 810 1386 decrevimus
830 1350 1068 1397 providendum,

326 1401 377 1436 ubi
400 1401 514 1449 pariter
536 1402 566 1435 in
589 1401 756 1436 continuae
778 1399 938 1434 charitatis
961 1400 1070 1434 solatio

325 1451 525 1486 conviventes
562 1450 699 1497 pacificis
732 1449 842 1484 studiis
875 1449 1071 1484 commodius

325 1509 418 1547 atque
443 1500 608 1547 glorierius
645 1499 806 1534 intendere
842 1499 963 1533 valeant
986 1499 1071 1545 pacis

327 1548 462 1585 humiles
485 1549 687 1597 professores.
703 1548 775 1590 Quo
790 1548 872 1582 circa
891 1547 1070 1582 discretioni

327 1608 444 1635 vestrae
469 1611 524 1647 per
544 1598 712 1646 apostolica
739 1597 854 1644 scripta
877 1596 1071 1636 mandamus,

325 1657 481 1695 quatenus
502 1649 726 1683 monasterium
746 1646 877 1681 Sanctae
899 1646 1013 1681 Mariae
1033 1646 1072 1681 de

325 1698 482 1746 Capitolio
513 1699 542 1732 in
571 1697 656 1733 Urbe
684 1696 802 1732 ordinis
833 1695 939 1730 Sancti
970 1695 1073 1730 Bene—

326 1748 414 1793 dicti,
432 1760 504 1783 cum
528 1747 625 1782 bortis
649 1755 680 1782 et
697 1746 766 1781 aliis
779 1746 845 1780 suis
866 1745 1072 1792 appendiciis,

327 1798 410 1832 iuxta
440 1797 530 1838 illud,
558 1809 681 1832 necnon
713 1795 802 1830 libris
827 1803 857 1830 et
883 1795 1074 1830 ornamentis

329 1847 446 1894 ipsius,
477 1846 658 1881 auctoritate
690 1853 793 1880 nostra
821 1844 939 1879 eisdem
971 1844 1075 1879 l'ratri-

329 1896 389 1932 bus
414 1895 530 1931 ibidem
557 1895 616 1930 sub
647 1895 765 1930 ordinis
799 1894 848 1929 sui
879 1894 1075 1929 observantia

329 1945 466 1981 Domino
486 1946 648 1980 servituris
669 1945 698 1979 in
722 1956 797 1979 usus
815 1952 982 1991 perpetuos
1000 1945 1076 1978 assi-

330 2003 473 2042 gnantes,
491 1995 585 2030 eosin
596 1994 823 2041 praedictorum
844 1993 1073 2041 possessionem

331 2044 525 2092 corporalem
548 2044 708 2088 inducere,
734 2055 769 2078 ac
796 2043 938 2078 inductos
965 2042 1077 2077 defen-

332 2094 405 2130 dere
435 2093 625 2141 procuretis3
652 2093 763 2127 amotis
786 2091 870 2127 idem
901 2091 1076 2135 monachis,

332 2144 384 2191 qui
406 2152 479 2178 sunt
501 2142 556 2188 ibi,
577 2151 608 2177 et
630 2155 685 2190 per
708 2142 766 2176 alia
788 2142 907 2177 ordinis
937 2142 984 2176 sui
1008 2153 1077 2175 mo-

334 2193 467 2228 nasteria
486 2204 626 2240 congrue
645 2191 815 2235 collocatis,
832 2190 1078 2226 contradictores

334 2254 388 2290 per
405 2254 570 2277 censuram
592 2241 845 2280 ecclesiasticam,
867 2240 1078 2288 appellatione

336 2292 523 2339 postposita,
556 2290 806 2339 compescendo,
833 2302 894 2325 non
935 2289 1078 2324 obstante

335 2342 531 2388 Apostolicae
549 2340 643 2376 Sedis
662 2340 854 2386 indulgentia
872 2339 1079 2387 quibuscum-

335 2403 398 2438 que
425 2403 585 2429 concessa,
611 2390 693 2438 quod
723 2389 1000 2432 excommunicari,
1027 2395 1080 2422 aut

337 2441 501 2485 interdici,
540 2448 592 2475 aut
633 2439 782 2486 suspendi
825 2439 945 2486 absque
986 2449 1080 2472 man-

338 2490 410 2525 dato
437 2498 544 2525 nostro
565 2501 627 2525 non
655 2489 786 2537 possint,
807 2497 861 2523 aut
886 2487 995 2535 quavis
1021 2487 1079 2521 alia

340 2551 394 2585 per
432 2551 526 2587 quam
561 2538 698 2574 mandati
738 2538 919 2573 huiusmodi
954 2537 1082 2572 effectus

341 2588 483 2635 impediri
511 2601 607 2636 super
629 2589 666 2623 iis
691 2588 800 2628 valeat,
822 2588 868 2622 vel
897 2587 1025 2629 differri,
1053 2593 1082 2621 et

341 2637 379 2671 de
401 2650 461 2684 qua
484 2638 621 2684 plenam,
643 2637 690 2672 vel
716 2637 755 2672 de
776 2637 871 2672 verbo
892 2637 929 2671 ad
955 2636 1080 2671 verbum

1107 316 1246 356 oporteat
1279 309 1308 343 in
1335 309 1445 344 litteris
1474 310 1585 345 nastris
1618 310 1682 344 lieri
1713 311 1848 347 mentio-

1107 370 1188 393 nem.
1211 358 1303 400 Quod
1332 359 1356 393 si
1387 371 1447 394 non
1470 361 1562 394 ambo
1590 360 1628 395 iis
1657 360 1850 408 exequendis

1106 408 1271 455 potueritis
1299 408 1458 450 interesse,
1485 410 1560 444 alter
1583 417 1718 444 vestrum
1741 422 1775 445 ea
1802 411 1848 445 ni-

1107 458 1279 492 bilominus
1321 468 1500 505 exequatur.
1544 459 1657 493 Datum
1699 458 1847 506 Lugduni

1105 516 1192 542 sexto
1225 507 1372 542 kalendas
1406 508 1484 549 iulii,
1518 508 1717 555 pontificatus
1750 512 1845 544 nostrl

1105 569 1187 592 anno
1207 557 1351 604 septimo.

1153 605 1233 641 Cum
1270 607 1362 650 igitur
1393 606 1479 641 vobis
1514 615 1543 640 et
1570 607 1600 641 in
1630 607 1716 642 vobis
1744 608 1845 643 ordini
1875 623 2043 650 sequunturtii-

1106 656 1234 691 fratrum
1275 656 1451 695 Minorum,
1492 656 1662 690 secundum
1707 666 1846 693 tenorem
1861 659 1919 706 {221²
1934 653 2044 680 ⁰⁹¹⁹g³¹³‘

1106 706 1243 740 mandati
1259 705 1420 753 apostolici
1432 705 1609 749 ecelesiam,
1623 707 1846 742 monasterium
1910 701 1914 705 ’

1106 762 1136 789 et
1162 755 1264 790 locum
1299 754 1432 790 Sanctae
1467 754 1583 790 Mariae
1608 755 1647 790 de
1679 754 1848 803 Capitolio,

1105 816 1177 839 cum
1211 804 1357 839 domibus
1396 813 1425 839 et
1463 804 1656 851 appendiciis
1695 805 1761 840 suis
1795 818 1849 853 per

1108 853 1314 888 venerabilem
1324 853 1448 888 fratrem
1471 853 1655 901 episcopum
1678 853 1848 891 Tusculan.

1107 911 1137 937 et
1175 903 1256 938 viros
1286 903 1431 949 providos
1462 911 1491 937 et
1519 902 1669 938 discretos
1697 903 1782 938 loan.
1811 903 1849 938 de

1107 951 1249 987 Civitella
1282 952 1399 986 domini
1428 952 1530 1000 Papae
1563 953 1792 1000 cappellanum,
1819 961 1849 988 et

1107 1001 1143 1036 B.
1171 1001 1358 1037 Sanctorum
1386 1001 1457 1049 Cyri
1472 1009 1502 1036 et
1525 1002 1647 1037 loannis
1673 1002 1851 1048 archipres-

1109 1051 1261 1099 byterum,
1287 1050 1434 1086 Ioannem
1454 1051 1578 1098 Roget-ii
1598 1051 1742 1087 basilicae
1764 1051 1851 1087 Prin-

1108 1101 1188 1148 cipis
1214 1100 1452 1146 Apostolorum,
1487 1109 1518 1135 et
1546 1101 1700 1136 Andream
1729 1101 1851 1136 Bucca-

1108 1150 1219 1185 bellam
1243 1150 1376 1185 Sanctae
1403 1150 1516 1185 Mariae
1548 1150 1673 1186 Maioris
1700 1151 1738 1186 de
1764 1150 1850 1186 Urbe

1108 1201 1275 1235 canonicos
1310 1200 1494 1235 iusserimus
1522 1200 1688 1247 assignari,
1721 1213 1756 1235 ac
1792 1201 1848 1249 ipsi

1109 1249 1281 1284 secundum
1306 1259 1444 1284 tenorem
1467 1250 1603 1284 mandati
1626 1250 1799 1296 apostolici,
1820 1258 1850 1285 et

1111 1299 1222 1343 nostri,
1245 1311 1280 1333 ea
1304 1299 1389 1334 vobis
1415 1299 1640 1344 assignaverint
1665 1299 1733 1334 sine
1754 1311 1850 1340 mora,

1111 1361 1148 1384 ne
1175 1348 1214 1383 de
1236 1349 1311 1395 ipsis
1332 1348 1536 1395 appendiciis,
1563 1349 1646 1384 sicut
1675 1349 1852 1396 frequenter

1111 1399 1142 1433 in
1161 1398 1321 1433 similibus
1339 1399 1452 1444 agitur,
1470 1398 1508 1433 ab
1526 1398 1684 1445 aliquibus
1699 1399 1851 1440 videlicet,

1110 1460 1190 1495 quae
1217 1448 1279 1482 sint
1301 1448 1350 1482 illa
1371 1448 1400 1482 in
1424 1456 1582 1495 posterum
1605 1448 1774 1487 dubitetur,
1800 1447 1852 1483 di-

1112 1497 1217 1543 ligenti
1258 1498 1421 1532 collatione
1454 1509 1489 1532 ac
1517 1497 1741 1532 deliberatione
1773 1497 1853 1533 inter

1112 1559 1168 1581 nos
1194 1546 1311 1590 habita,
1346 1547 1411 1580 viso
1443 1559 1585 1593 quoque,
1619 1559 1654 1582 ac
1688 1547 1854 1593 diligenter

1113 1597 1265 1642 inspecto,
1287 1604 1315 1629 et
1341 1607 1358 1630 a
1385 1595 1477 1630 nobis
1501 1596 1696 1631 considerato
1724 1597 1853 1644 perspi-

1112 1647 1234 1689 caciter,
1249 1654 1278 1679 et
1299 1644 1422 1691 plenius
1445 1646 1602 1680 intellecto
1625 1645 1786 1693 privilegio
1808 1644 1854 1680 fe-

1113 1695 1181 1730 licis
1207 1694 1429 1729 recordationis
1447 1695 1566 1729 domini
1589 1696 1728 1730 Anacleti
1751 1695 1854 1742 Papae

1113 1743 1260 1788 secundi,
1287 1745 1317 1778 in
1353 1756 1417 1791 quo
1445 1744 1512 1779 iura
1544 1745 1720 1780 monasterii
1754 1745 1854 1780 conti-

1114 1802 1238 1837 nentur,
1265 1792 1347 1839 quod
1375 1794 1514 1828 continet
1544 1794 1574 1828 in
1604 1794 1687 1828 linnc
1714 1794 1853 1829 modum:

1113 1843 1283 1878 Anacletus
1301 1843 1466 1890 episcopus
1483 1855 1590 1878 servus
1607 1856 1765 1879 servorum
1784 1843 1854 1879 Dei.
1882 1853 1978 1875 anacteti
2011 1851 2048 1872 W

1113 1892 1236 1927 Dilecto
1274 1892 1304 1926 in
1345 1891 1470 1927 Christo
1508 1892 1570 1928 [ilio
1606 1893 1714 1928 Ioanni
1751 1893 1853 1929 abbati
1868 1883 2050 1937 ἒζιξᾞοὲἶζῗζ-

1114 1942 1247 1977 Sanctae
1263 1941 1319 1976 Dei
1342 1940 1511 1977 Genitricis
1527 1950 1557 1977 et
1573 1941 1711 1989 Virginis
1727 1943 1854 1984 Mariae,
1868 1948 1922 1969 ’ΝΜ
1942 1945 2050 1982 ¹¹¹,⁰¹¹,·‘·;¹³⁵²

1114 1992 1284 2038 Sanctique
1309 1990 1433 2026 loannis
1454 1991 1611 2039 Baptistae
1631 1992 1662 2026 in
1688 1991 1854 2039 Capitolio,
1888 1977 2031 2030 ”cilffilll'f'f

1116 2042 1242 2087 suisque
1264 2041 1501 2075 successoribus
1522 2041 1704 2087 regulariter
1728 2053 1856 2089 promo·
2043 2051 2047 2054 ⁴

1116 2090 1227 2125 vendis
1249 2090 1279 2124 in
1303 2099 1498 2136 perpetuum.
1526 2090 1618 2133 Quod
1642 2091 1672 2126 in
1694 2090 1856 2138 Apostoli-

1116 2152 1169 2174 cae
1196 2139 1287 2174 Sedis
1313 2140 1600 2181 administratione,
1627 2140 1698 2175 licet
1725 2140 1856 2187 indigni,

1117 2189 1275 2223 constituti
1310 2190 1499 2228 iudicemur,
1528 2190 1741 2236 religiosorum
1776 2190 1858 2224 viro-

1119 2252 1186 2273 rum
1216 2239 1275 2285 piis
1302 2239 1524 2286 petitionibus,
1551 2239 1632 2274 iusto
1661 2239 1859 2286 benignitatis

1119 2288 1232 2323 intuitu
1256 2300 1420 2323 assensum
1443 2301 1500 2324 nos
1528 2289 1675 2335 praebere
1697 2289 1857 2331 convenit,

1119 2347 1286 2384 quatenus,
1315 2351 1394 2385 quae
1421 2338 1578 2385 religionis
1605 2347 1769 2385 prospectu
1802 2351 1859 2386 po-

1119 2388 1230 2422 stulata
1268 2396 1456 2432 cernuntur,
1492 2396 1615 2422 nostrae
1646 2389 1859 2423 concessionis

1120 2438 1225 2483 vigore
1253 2437 1439 2481 clarescant,
1465 2450 1500 2472 ac
1528 2438 1614 2472 firma
1644 2437 1674 2471 in
1703 2446 1858 2483 posterum

1123 2487 1323 2532 perpetuitate
1342 2495 1513 2522 serventur.
1535 2486 1612 2520 Tuis
1628 2487 1731 2533 igitur,
1749 2487 1860 2522 dilecte

1122 2537 1150 2570 in
1173 2535 1300 2571 Christo
1323 2536 1363 2570 lili
1391 2536 1522 2571 Ioannes
1546 2536 1653 2580 abbas,
1674 2544 1704 2570 et
1731 2535 1860 2571 fratrum

1122 2594 1244 2620 tuorum
1262 2585 1405 2633 precibus
1421 2593 1605 2628 annuentes,
1624 2585 1792 2621 commisso
1806 2585 1861 2620 tibi

1122 2635 1262 2670 eiusdem
1288 2635 1347 2670 Dei
1375 2634 1542 2669 Genitricis
1570 2635 1758 2670 monasterio
1785 2647 1862 2671 con-
