2129 3223
35 256 84 283 An.
100 254 128 282 C.
150 255 216 283 1265

29 1553 58 1574 Ab
67 1552 152 1574 Urbano
163 1552 202 1574 ΡΡ,

21 1584 67 1605 dies
81 1584 114 1605 ets
125 1584 205 1606 indicta

22 1615 47 1635 nd
61 1617 162 1640 rationes,
186 1616 204 1636 si

22 1652 73 1674 qun
92 1646 202 1669 haherent,

21 1675 165 1704 proferendas.

867 256 1009 281 CLEMENS
1030 258 1063 281 lv
1084 258 1132 281 1²1².

229 317 258 345 et
279 310 431 358 quosdam
455 310 531 345 alios
568 310 761 356 ordinandis,
794 311 832 347 de
859 311 974 360 quibus

228 360 408 396 condictum
431 360 584 404 extiterat,
611 372 808 409 quorumque
830 362 889 397 iam
917 362 974 396 ali-

227 410 280 458 qui
303 417 375 445 sunt
395 408 544 444 defuncti:
572 408 694 444 adiecto
721 411 750 444 in
778 411 841 458 ipsa
857 439 866 455 ,
888 411 972 459 quod

226 461 252 495 si
280 458 457 508 praedictus
488 458 690 494 lnnocentius
711 459 793 507 Papa
820 473 887 495 eam
907 474 974 508 gra-

226 518 287 545 tam
310 517 340 544 et
362 516 457 544 ratam
481 508 619 552 baberet,
633 516 661 543 et
681 521 717 544 ex
741 519 823 545 certa
842 511 971 546 scicntia

225 559 394 594 litterarum
412 558 512 606 ipsius
538 558 650 593 notarii
678 571 771 605 super
793 559 842 594 illa
864 560 971 595 confe-

224 616 344 644 ctarum
367 616 507 642 tenorem
530 608 569 643 de
584 608 678 642 verbo
693 609 730 642 ad
752 609 879 644 verbum
903 611 970 645 suis

223 658 335 693 litteris
358 657 519 697 insereret,
546 657 646 692 valida
681 666 763 692 esset
799 667 827 692 et
859 658 969 700 firma,

223 707 363 755 alioquin
385 719 471 742 cassa
493 714 523 742 et
545 706 628 742 irrita
651 707 829 751 baberetur,
852 716 881 743 et
904 710 971 744 nul-

223 757 284 792 lius
305 765 387 792 esset
407 756 537 791 omnino
560 757 722 797 momenti,
751 757 883 792 valorem
907 771 968 793 non

223 807 351 841 liaberet
376 806 511 853 aliquem
548 807 593 840 vel
617 807 768 852 vigorem;
788 809 967 853 praesertim

221 857 294 904 quia
332 855 529 891 conditiones
575 856 669 902 ipsae,
713 868 770 891 nec
808 857 969 893 ordinatae

221 914 329 953 postea
355 904 493 945 suerunt,
517 917 574 940 nec
601 913 731 951 possunt
761 905 888 942 ulterius
915 919 967 942 or-

219 955 333 1000 dinari,
353 955 437 990 sicut
458 954 493 989 ad
519 955 721 989 irritationem
737 955 863 991 alterius
890 969 968 991 con-

219 1005 372 1040 cessionis
393 1004 540 1052 superius
561 1013 607 1038 est
629 1006 817 1049 expositurm
837 1018 894 1041 nec
911 1018 968 1053 ap-

221 1062 319 1102 paret,
334 1065 437 1101 neque
449 1054 625 1089 ostenditur
637 1054 818 1088 huiusmodi
843 1055 967 1090 collatio

219 1116 274 1139 seu
302 1104 464 1139 concessio
492 1116 547 1151 per
572 1103 719 1138 eumdem
749 1103 965 1140 Innocentium

220 1152 424 1189 confirmata:
469 1165 564 1200 quare
602 1153 769 1200 praemissa
813 1154 907 1189 etiam
940 1155 965 1189 si

219 1202 297 1238 sorte
320 1203 398 1250 ipsa,
439 1202 485 1238 vel
523 1204 624 1250 aliqua
665 1215 701 1237 ex
735 1204 782 1237 eis
816 1216 966 1251 apparere

220 1252 266 1288 vel
293 1252 416 1287 ostendi
440 1252 647 1299 contingeret,
682 1252 802 1287 nullum
838 1265 966 1300 prorsus

218 1301 355 1337 valorem
378 1301 562 1349 nullamque
590 1301 767 1336 firmitatem
804 1302 965 1348 baberent,

218 1363 278 1387 nec
299 1360 429 1399 possent
449 1351 612 1386 Ecclesiae
633 1350 794 1386 Romanae
816 1352 896 1387 circa
926 1352 965 1387 li-

219 1400 322 1436 beram
345 1401 446 1448 ipsins
467 1401 555 1446 regni
577 1400 814 1448 dispositionem
850 1401 963 1437 inferre

219 1450 352 1485 alicuius
370 1450 522 1485 obstaculi
550 1458 789 1485 nocumentum.

268 1500 288 1547 S
306 1501 338 1534 8.
356 1499 394 1534 Et
407 1511 596 1547 quamquam
612 1499 663 1534 sel.
680 1500 800 1535 record.
817 1500 964 1535 Urbanus

218 1548 302 1597 Papa
331 1557 471 1597 quartus,
488 1549 708 1596 praedecessor
729 1558 845 1589 noster,
869 1562 965 1586 reser-

218 1607 286 1633 vata
308 1598 367 1634 sibi
390 1598 554 1638 tractandi,
587 1598 774 1646 disponendi
813 1607 843 1634 et
877 1600 964 1635 ordi-

219 1648 311 1683 nandi
338 1648 377 1684 de
407 1648 475 1695 ipso
514 1659 609 1694 regno
642 1660 714 1684 cuni
759 1650 868 1696 quovis
903 1650 964 1685 alio

218 1697 372 1746 principe,
399 1698 444 1732 vel
468 1710 540 1732 cum
562 1710 762 1744 quacumque
791 1698 849 1732 alia
888 1711 963 1746 per-

217 1759 293 1783 sona
328 1746 444 1787 mallet,
472 1759 527 1781 sua
561 1747 766 1793 eiusdemque
806 1747 964 1783 Ecclesiae

218 1796 374 1841 libertate,
395 1796 549 1843 praefatos
572 1808 676 1842 regem
700 1804 729 1830 et
745 1796 963 1841 Edmundum,

218 1845 258 1881 de
282 1844 413 1880 fratrum
444 1857 573 1880 suorum
601 1845 744 1889 consilio,
782 1847 963 1882 auctoritate

218 1896 386 1942 apostolica
410 1907 464 1942 per
486 1907 558 1929 suas
584 1894 722 1929 citaverit
744 1895 870 1935 litteras,
888 1905 919 1930 ut
938 1897 962 1931 si

219 1943 323 1981 forsan
348 1948 378 1978 in
395 1945 553 1991 praedicto
578 1956 685 1991 regno,
709 1957 762 1990 per
783 1957 966 1991 quamcum-

219 2007 282 2041 que
302 1996 542 2030 concessionem
574 1995 638 2028 sive
669 1994 867 2029 collationem
907 1996 963 2037 eis,

221 2044 266 2078 vel
287 2044 428 2091 ipsorum
450 2044 537 2078 alteri
565 2042 604 2078 de
627 2044 785 2090 praedicto
808 2056 905 2090 regno
927 2046 964 2080 ab

218 2094 398 2141 Apostolica
420 2092 527 2134 Sede,
561 2093 606 2128 vel
647 2094 715 2128 eius
758 2093 874 2128 nuntiis
907 2107 963 2129 seu

219 2143 329 2190 legatis
362 2142 484 2183 factam,
520 2142 567 2177 vel
602 2155 639 2177 ex
667 2155 867 2190 quacumque
905 2145 964 2179 alia

219 2205 325 2234 causa,
352 2192 517 2227 crederent
538 2204 571 2226 se
593 2192 720 2240 aliquod
748 2193 798 2228 ius
828 2193 963 2234 habere,

220 2241 298 2277 infra
325 2250 459 2290 quatuor
485 2254 611 2276 menses
640 2254 656 2276 a
689 2242 738 2276 die
773 2243 965 2290 receptionis

220 2291 391 2327 litterarum
418 2293 567 2338 ipsarum,
585 2303 665 2338 quos
687 2292 732 2326 eis
755 2305 811 2340 pro
840 2304 965 2339 perem-

220 2342 322 2389 ptorio
344 2342 515 2388 assignavit
537 2342 682 2385 termino⁷
704 2353 761 2388 per
787 2354 820 2377 se
839 2342 884 2376 vel
899 2355 965 2389 per-

221 2403 314 2427 sonas
338 2390 465 2427 idoneas
487 2390 526 2425 de
550 2399 612 2425 toto
627 2391 753 2437 negotio
775 2391 966 2427 sufficienter

221 2441 399 2482 instructas,
425 2453 497 2476 cum
520 2439 667 2475 omnibus
690 2440 810 2476 iuribus
832 2449 861 2476 et
897 2454 966 2477 mo-

222 2490 371 2526 nimentis
405 2490 471 2525 suis
505 2489 678 2538 apostolico
711 2502 743 2525 se
783 2491 965 2538 conspectui

223 2548 454 2586 praesentarent
487 2539 679 2588 proposituri
709 2539 757 2575 ius
793 2553 901 2582 suum,
941 2541 965 2576 si

222 2589 305 2636 quod
326 2602 359 2625 se
381 2590 411 2624 in
439 2590 596 2638 praedicto
618 2601 715 2634 regno
746 2589 871 2624 Siciliae
910 2590 967 2624 ha-

223 2638 296 2674 bere
317 2639 522 2677 confiderent..
539 2652 573 2674 ac
601 2639 711 2674 facturi
734 2639 772 2674 de
796 2639 848 2674 illo
871 2639 965 2674 fidem

1641 255 1709 287 725
1774 270 1823 294 An.
1845 268 1874 295 c.
1889 268 1954 295 ¹265

1016 312 1187 359 plenariam
1211 322 1240 349 et
1263 314 1374 350 iustam
1387 318 1572 353 sententiam
1589 321 1756 368 recepturi.

1014 362 1200 398 Huiusmodi
1237 371 1337 400 tamen
1365 366 1469 402 citatio
1490 376 1522 402 et
1551 368 1621 404 talis
1646 381 1757 405 causae
1785 381 1841 403 naec
1883 388 1953 404 einim

1015 413 1059 447 vel
1086 413 1279 460 quaestionis
1305 416 1440 462 suspicio
1463 429 1658 466 nequaquam
1697 419 1757 455 im·
1771 419 1813 434 ‘¹⁰¹¹
1854 415 1952 442 *¹⁰⁹⁹‘¹¹²*

1014 462 1120 509 pedire
1147 471 1279 511 possunt
1301 476 1396 512 super
1416 465 1571 502 eiusmodi
1599 468 1685 516 regni
1712 482 1756 504 or·
1772 444 1954 498 3:033?ss

1013 512 1171 548 dinatioue
1222 512 1322 559 ipsius
1359 514 1521 552 Ecclesiae
1560 509 1952 565 libertatem;ss‡21,ss}f}⁰:2{7

1012 573 1084 596 cum
1112 574 1168 597 nec
1190 562 1361 609 litigiosum
1384 564 1498 600 sactum
1521 566 1562 601 sit
1583 567 1686 615 ipsum
1713 570 1805 604 πίε-Ψ·

1011 623 1122 657 gnum,
1145 611 1184 646 de
1210 613 1301 647 cuius
1325 614 1463 660 profecto
1501 614 1644 653 dominio
1677 619 1758 654 inter

1013 661 1174 707 petitorem
1212 669 1243 696 et
1276 674 1488 709 possessorem
1523 668 1667 712 quaestio
1694 680 1755 703 non

1012 719 1166 755 movetur,
1185 722 1243 745 nec
1261 712 1352 746 etiam
1377 713 1470 748 rebus
1491 714 1537 750 sic
1563 728 1595 750 se
1618 716 1758 752 habenti-

1012 759 1086 800 bus,
1125 770 1156 795 ut
1190 772 1275 796 nunc
1312 769 1397 802 sunt,
1426 763 1508 798 inter
1529 765 1671 801 eamdem
1694 766 1756 803 Ec-

1011 808 1139 844 clesiam
1155 818 1185 844 et
1214 811 1384 857 praefatum
1414 825 1517 859 regem
1540 813 1676 862 Angliae
1708 817 1753 851 vel

1011 858 1130 893 dictum
1170 859 1376 896 Edmundum
1413 874 1509 910 super
1536 863 1636 911 ipsius
1665 868 1753 913 regni

1010 907 1148 943 dominio
1166 908 1205 944 lis
1227 919 1332 957 posset
1353 911 1485 953 institui;
1503 913 1643 949 eiusdem
1666 916 1754 962 regni

1011 959 1211 1004 possessione
1258 972 1317 995 nec
1355 961 1437 1008 apud
1472 974 1540 1007 nos,
1581 976 1638 999 nec
1671 965 1753 1012 apud

1010 1007 1104 1053 ipsos,
1125 1007 1170 1043 vel
1198 1020 1308 1044 eorum
1329 1010 1463 1046 alterum
1490 1013 1656 1055 existente;
1675 1027 1754 1062 quae

1009 1065 1081 1091 suut
1110 1058 1177 1093 iure
1206 1068 1343 1103 cavetur,
1379 1061 1449 1095 reali
1495 1062 1573 1108 parit
1606 1071 1637 1098 et
1669 1072 1754 1111 parat

1008 1106 1221 1142 adversarium
1245 1109 1371 1150 actioni;
1384 1111 1564 1157 praesertim
1584 1124 1656 1147 cum
1672 1113 1753 1149 idem

1009 1155 1166 1197 Urbanus,
1188 1158 1242 1204 qui
1266 1170 1396 1193 securus
1410 1168 1440 1194 et
1457 1169 1560 1196 certus
1581 1169 1658 1206 erat,
1670 1163 1753 1211 quod

1008 1205 1046 1239 de
1073 1207 1232 1252 praedicto
1253 1220 1351 1254 regno
1374 1208 1470 1244 libere
1500 1210 1668 1258 disponere
1694 1225 1753 1261 po-

1007 1262 1096 1294 terat,
1125 1256 1153 1290 in
1187 1255 1369 1292 huiusmodi
1408 1259 1566 1301 citatione,
1601 1273 1682 1309 quae
1715 1262 1758 1297 dev

1008 1304 1110 1351 ipsius
1132 1305 1279 1340 affluente
1297 1308 1394 1354 gratia
1416 1315 1447 1343 et
1467 1308 1659 1356 benignitate
1680 1323 1755 1358 pro-

1006 1354 1112 1394 cessit,
1140 1354 1314 1390 libertatem
1352 1357 1526 1399 tractandi,
1565 1359 1752 1407 disponendi

1005 1411 1035 1437 et
1057 1403 1221 1439 ordinandi
1245 1404 1284 1440 de
1313 1406 1381 1453 ipso
1407 1419 1505 1455 reguo
1523 1408 1581 1443 sibi
1606 1421 1754 1456 expresse

1007 1454 1163 1487 curaverit
1195 1466 1363 1490 reservare.
1400 1455 1614 1494 Consideratis
1649 1460 1752 1507 itaque

1006 1502 1185 1549 praemissis
1206 1503 1354 1540 omnibus
1375 1504 1553 1552 diligenter,
1581 1517 1609 1543 et
1635 1516 1752 1544 attenta
1779 1522 1876 1543 Declarat
1900 1523 1950 1544 eie-

1005 1552 1234 1588 examinatione
1247 1552 1409 1599 discussis,
1431 1567 1467 1590 ac
1489 1557 1626 1604 vigilanti
1648 1558 1753 1594 studio
1765 1559 1845 1606 35⁰2„
1860 1554 1948 1606 ’ζξἯζῗ

1006 1601 1253 1649 comprehensis,
1277 1616 1398 1640 necnon
1432 1605 1562 1641 solerter
1593 1606 1753 1644 Ecclesiae
1765 1620 1853 1642 ronow

1005 1650 1167 1686 Romanae
1185 1652 1366 1700 perquisitis
1391 1662 1421 1689 et
1442 1655 1589 1702 inspectis
1611 1657 1752 1704 regestis,

1005 1708 1035 1735 et
1048 1700 1146 1747 ipsius
1160 1699 1334 1737 Innocentii
1347 1702 1408 1738 PP.
1424 1715 1460 1738 ac
1474 1704 1621 1752 praedicti
1639 1708 1750 1742 notarii

1006 1749 1226 1796 processibuS,
1260 1763 1354 1798 super
1386 1752 1496 1788 eodem
1531 1766 1628 1801 regno
1670 1756 1751 1792 eirca

1005 1798 1200 1845 praedictum
1222 1800 1428 1836 Edmundum
1462 1803 1588 1845 habitis,
1615 1805 1751 1853 perfecte

1007 1847 1079 1883 visis
1115 1857 1145 1883 et
1182 1850 1376 1892 examinatis,
1413 1859 1444 1886 et
1482 1853 1601 1889 intente
1635 1854 1752 1890 auditis

1005 1897 1097 1932 dictis
1130 1907 1159 1934 et
1180 1900 1407 1936 assertionibus
1432 1902 1632 1950 antiquorum
1650 1904 1752 1952 ipsius

1005 1947 1167 1983 Ecclesiae
1194 1948 1411 1996 cardinalium,
1438 1964 1562 1988 necnon
1593 1963 1624 1989 et
1650 1954 1752 2002 ipsius

1006 1997 1130 2037 notarii,
1168 2009 1202 2033 ac
1237 1998 1367 2035 aliorum
1402 2000 1464 2036 fide
1503 2002 1672 2050 dignorum
1712 2005 1751 2040 de

1006 2046 1071 2093 ipsa
1098 2046 1250 2088 Ecclesia,
1278 2050 1330 2096 qui
1371 2050 1409 2085 de
1452 2059 1517 2087 toto
1552 2053 1679 2100 negotio
1721 2063 1752 2089 et

1006 2097 1208 2143 processibus
1235 2098 1414 2134 huiusmodi
1445 2101 1570 2148 plenam
1609 2104 1750 2138 notitiam

1006 2145 1196 2191 babuerunt,
1218 2159 1253 2182 ac
1287 2149 1426 2195 plenarie
1454 2150 1620 2187 intellectis
1652 2153 1752 2200 ipsius

1006 2194 1164 2231 Ecclesiae
1192 2209 1287 2244 super
1312 2197 1373 2233 boc
1404 2198 1514 2234 validis
1535 2201 1751 2247 munimentis,

1006 2252 1036 2279 et
1058 2246 1196 2292 pensatis
1217 2247 1381 2293 vigilanter
1402 2249 1560 2293 omnibus,
1599 2263 1679 2299 quae
1718 2253 1750 2287 in

1006 2294 1044 2328 iis
1069 2295 1258 2330 attendenda
1281 2296 1392 2337 forent,
1423 2306 1454 2332 et
1475 2299 1599 2346 cognita
1627 2300 1751 2346 plenius

1006 2343 1145 2385 veritate3
1159 2345 1342 2381 auctoritate
1365 2348 1534 2393 apostolica
1560 2349 1600 2384 de
1622 2349 1749 2386 fratrum

1007 2401 1186 2428 nostrorum
1214 2395 1344 2430 consilio
1372 2404 1401 2431 et
1439 2409 1567 2433 assensu
1608 2399 1750 2436 declara-

1007 2455 1089 2482 mus,
1113 2443 1360 2482 manifestamus.
1397 2446 1594 2482 notificamus
1625 2456 1657 2484 et
1694 2450 1751 2485 de-

1008 2493 1201 2537 nuntiamus,
1228 2493 1312 2540 quod
1340 2494 1458 2530 licitum
1474 2504 1503 2531 et
1522 2496 1657 2533 liberum
1679 2511 1750 2535 om-

1009 2543 1084 2576 nino
1110 2550 1156 2577 est
1196 2542 1288 2577 nohis
1325 2552 1355 2579 et
1392 2544 1552 2582 Ecclesiae
1590 2547 1751 2584 Romanae

1008 2591 1046 2626 de
1074 2591 1218 2639 praefatis
1239 2604 1335 2639 regno
1368 2593 1495 2630 Siciliae
1517 2604 1547 2631 et
1573 2604 1665 2639 terra,
1686 2611 1752 2634 om-

1010 2640 1163 2688 nibusque
1184 2642 1249 2677 suis
1273 2642 1405 2684 iuribus,
1419 2644 1614 2682 districtibus
1633 2656 1664 2683 et
1678 2660 1750 2696 per-
