2129 3223
143 282 193 309 Αη.
209 282 237 308 C.
258 283 324 310 stols

155 1712 293 1733 Innocentius

130 1743 234 1770 hospitale
242 1742 311 1768 sspi-

130 1775 183 1794 ritu<
201 1775 312 1794 construit,

146 2348 268 2375 negaturam
294 2351 313 2370 111

133 2385 158 2400 oo
173 2379 216 2400 vult
235 2381 314 2400 servari

134 2410 228 2431 ordinem

392 271 459 304 190

338 335 466 380 flentes,
492 333 636 369 sitientes
663 339 759 380 potat,
794 331 912 378 colligit
934 332 1086 386 hospites,

337 385 440 420 nudos
467 382 569 424 vestit,
596 391 626 418 et
652 394 714 418 non
738 381 839 418 solum
868 382 1008 417 infirmos
1042 394 1086 415 vt-

337 435 420 474 sitat‚
443 432 497 468 sed
520 444 629 468 eorum
659 432 689 467 in
717 444 751 467 se
774 431 970 466 infirmitates
991 443 1085 466 assu-

337 496 438 526 mens,
454 482 681 517 infirmantium
699 493 805 516 cutam
821 481 895 527 agit,
916 481 946 514 in
963 492 1085 515 carcere

337 532 447 588 positis
468 531 628 575 subvenit,
654 538 685 565 et
715 530 839 585 quibus
852 530 929 564 vivis
952 530 981 563 in
1005 529 1083 563 intir-

336 582 442 616 mitate
476 579 706 624 communicat,
734 579 895 627 participat
932 579 960 613 in
985 578 1083 625 sepul·

337 639 402 666 tura
426 630 593 665 defunctis.
630 629 691 664 Pet
713 628 793 664 hanc
815 628 941 676 quidam
965 628 1084 674 amalis

336 681 470 728 receptis
497 679 634 726 hospitio
655 678 813 726 placuere,
836 689 907 713 cum
924 676 1082 712 Abraham

334 739 363 764 et
399 729 478 764 Loth
516 727 715 774 hospitalitati
751 734 910 767 vacantes
955 726 1083 772 angelos

335 779 504 814 meruerint
533 777 695 825 hospitati,
723 789 777 823 per
808 788 889 823 quos
923 775 1080 810 Abraham

333 829 393 863 iam
420 840 517 863 senex
550 827 669 862 suturae
698 825 817 861 sobolis
840 824 1080 873 promissionem

331 877 465 925 accepit,
492 885 521 912 et
553 876 633 911 Loth
663 875 719 910 fuit
748 875 787 909 de
814 873 962 909 incendio
983 873 1083 908 Sodo-

331 938 401 961 mae
422 926 586 961 liberatus.
614 925 688 960 Duo
705 936 833 971 quoque
860 923 1007 971 discipuli
1027 923 1079 970 qui

332 976 435 1011 lesum
463 975 599 1022 hospitio
625 981 808 1020 coegerunt,
843 985 938 1020 quem
967 985 996 1007 tn
1024 985 1082 1007 ex-

332 1025 487 1071 positione
500 1023 681 1070 Scripturae
694 1035 755 1056 non
770 1030 932 1061 nov-etant,
947 1022 978 1056 in
992 1022 1081 1069 panis

331 1073 479 1108 fractione
508 1079 671 1108 noverunt.
712 1071 774 1106 Per
807 1071 887 1106 hanc
920 1070 1079 1118 superflua

329 1122 473 1162 divitum,
487 1134 566 1170 quae
582 1128 770 1176 congregata
787 1119 863 1154 forte
881 1127 1081 1154 serv-arentur

329 1171 366 1206 ad
406 1179 560 1215 mortem,
599 1171 630 1205 in
667 1170 868 1205 necessitates
908 1181 1077 1216 pauperum

329 1228 500 1266 erogantur
526 1219 563 1255 ad
589 1220 692 1254 vitam.
722 1219 782 1253 Per
805 1218 884 1253 banc
907 1226 1029 1253 terrena
1049 1218 1079 1252 iu

328 1269 486 1308 coelestia,
522 1277 553 1304 et
579 1268 754 1303 transitoria
779 1268 808 1302 in
839 1275 964 1302 aeterna
998 1267 1078 1302 felici

329 1319 520 1355 commercio
533 1325 779 1357 commutantur,
802 1317 877 1351 dum
895 1329 949 1363 per
968 1329 1079 1351 manns

329 1380 503 1415 pauperum
539 1367 787 1402 thesaurizamus
824 1366 855 1400 in
890 1365 997 1406 coelis,
1027 1366 1076 1400 ubi

328 1429 386 1452 nec
412 1429 541 1463 aerugo,
569 1428 626 1450 uec
650 1416 730 1450 tinea
761 1415 945 1454 demolitur,
974 1423 1002 1449 et
1026 1414 1076 1449 ubi

328 1466 413 1501 sures
435 1478 496 1501 non
517 1465 685 1508 effodiunt.
715 1476 771 1499 nec
801 1464 959 1503 furantur,
982 1472 1011 1497 et
1035 1464 1077 1497 sa-

327 1515 430 1549 cimus
475 1514 568 1549 nobis
606 1514 645 1548 de
686 1526 865 1547 mammona
906 1513 1078 1559 iniquitatis

327 1564 457 1603 amicos,
490 1564 544 1610 qui
567 1575 640 1597 cnm
663 1562 873 1597 defecerimus
896 1561 924 1596 in
953 1570 1077 1597 aeterna

328 1613 528 1648 tabernacula
551 1624 607 1647 nos
632 1611 805 1646 admittant.

375 1662 396 1709 5
424 1664 452 1695 l.
483 1661 569 1696 Haec
585 1662 679 1707 igitur
701 1660 914 1699 attendentes,
944 1672 1005 1694 non
1033 1672 1077 1694 so-

329 1710 391 1746 lum
417 1723 473 1758 pro
503 1718 630 1753 nostra,
653 1710 706 1744 sed
737 1709 1013 1757 praedecessorum
1049 1717 1079 1743 ct

328 1772 566 1803 successorum,
602 1767 632 1794 et
659 1760 786 1794 fratrum
810 1767 990 1794 nostrorum
1014 1759 1078 1805 epi-

327 1821 510 1856 scoporum,
533 1808 801 1856 presbyterorum,
823 1816 916 1854 atque
934 1808 1079 1842 diacono-

328 1870 396 1893 rum
420 1858 583 1893 Romanae
602 1858 764 1893 Ecclesiae
778 1857 998 1898 cardinalium,
1016 1865 1076 1891 tam

329 1908 483 1952 vivorum,
505 1919 599 1954 quam
621 1908 716 1942 etiam
731 1906 951 1941 detunctorum
967 1906 1078 1951 salute,

328 1956 410 2004 apud
432 1956 466 1991 S.
488 1956 617 1991 Mariam
646 1957 676 1990 in
703 1955 806 1994 Saxia
840 1955 944 1990 locum
973 1956 1078 2002 utique

328 2005 404 2041 satis
430 2005 579 2040 idoneum
607 2005 643 2040 ad
684 2005 904 2053 hospitalitatis
940 2004 1077 2039 officium

329 2054 552 2094 exercendum
587 2054 796 2102 eleemosynis
823 2053 984 2088 Ecclesiae
1018 2053 1080 2088 Ro-

328 2116 440 2139 manae
459 2103 637 2139 venerabile
656 2103 890 2138 construximus
913 2103 1078 2149 hospitale

329 2154 360 2188 in
376 2165 440 2209 quo
454 2153 569 2188 suturis
591 2152 797 2199 temporibus,
820 2152 914 2187 dante
930 2151 1078 2195 Domino,

329 2203 520 2249 recipiantur
558 2210 590 2237 et
630 2201 809 2237 reficiantur
853 2213 1006 2248 pauperes
1049 2209 1079 2236 et

331 2251 458 2288 infirmi
480 2259 511 2286 et
529 2250 735 2286 exhibeantur
752 2251 810 2285 alia
831 2263 923 2298 opera
942 2251 1076 2296 pietatis.

378 2305 394 2344 ἕ
414 2304 447 2335 2
470 2300 654 2335 Statuentes
676 2307 710 2335 ut
730 2299 886 2355 regularis
907 2299 1003 2336 ordo
1025 2300 1078 2346 qui

329 2350 503 2385 secundum
538 2349 659 2388 Deum,
687 2359 717 2384 et
751 2349 978 2383 institutionem
1015 2348 1079 2383 fra-

330 2408 410 2433 trum
433 2399 598 2445 bospitalis
625 2398 732 2433 Sancti
754 2398 921 2445 Spiritus
916 2410 945 2432 tn
968 2397 1077 2432 eodem

331 2448 398 2482 loco
422 2460 477 2495 per
504 2459 561 2482 nos
584 2448 745 2482 institutus
767 2459 837 2483 esse
863 2446 1078 2494 dignoscitur,

332 2497 492 2544 perpetuis
505 2497 620 2532 ibidem
645 2496 841 2544 temporibus
860 2496 1079 2531 inviolabiliter

331 2546 525 2581 observetur.

379 2594 400 2641 g
421 2597 452 2628 5.
476 2594 544 2630 Hoc
573 2604 676 2630 tamen
699 2594 821 2629 adiecto
844 2601 877 2629 ut
905 2594 935 2629 in
968 2593 1078 2629 eadem

331 2642 470 2678 Ecclesia
501 2652 635 2690 quatuor
656 2655 781 2691 semper
811 2642 848 2678 ad
878 2643 982 2678 minus
1018 2643 1079 2678 sint

919 277 1107 301 BULLAntUM
1129 277 1293 300 nolumus}

1128 330 1231 366 clerici
1261 330 1401 386 regulam
1434 329 1578 366 eiusdem
1605 328 1770 375 hospitalis
1802 339 1876 375 pro-

1128 380 1213 424 fessi,
1239 381 1291 427 qui
1320 392 1376 428 pro
1404 380 1494 415 nobis
1521 389 1551 415 et
1579 376 1876 434 praedecessoribus

1127 441 1162 464 ac
1178 407 1414 465 sticcessoribus
1436 437 1466 464 et
1488 428 1634 464 fratribus
1648 428 1778 472 nostris,
1797 426 1875 462 vivis

1128 479 1243 525 pariter
1266 487 1295 514 et
1327 479 1497 521 defunctis,
1524 477 1702 525 specialiter
1731 483 1874 516 orantes,

1126 528 1233 563 omnia
1248 528 1429 584 spiritualia
1458 527 1556 563 libere
1577 526 1818 569 administtffent
1845 534 1875 560 et

1125 589 1220 624 super
1248 577 1284 612 iis
1312 577 1427 613 nullius
1456 577 1514 611 nisi
1542 576 1676 611 Romani
1711 575 1874 610 Pontificis

1125 626 1310 661 correctioni
1342 626 1536 661 subiaceant.
1563 625 1610 660 Ad
1633 637 1728 679 quem
1751 625 1874 672 quoties

1125 676 1308 723 expedierit,
1336 676 1510 710 monitione
1532 686 1714 722 praemissa,
1745 674 1874 710 charita-

1125 725 1182 759 tixa
1217 725 1265 760 liat
1294 738 1310 760 a
1339 725 1486 759 fratribus
1521 723 1724 778 proclamatio
1747 730 1874 770 propter

1124 773 1238 816 Deum,
1260 784 1294 809 ut
1310 775 1389 822 ipse,
1411 775 1536 821 cognita
1564 775 1704 814 veritate,
1726 771 1875 808 decernat

1124 824 1206 870 quod
1230 837 1287 859 suo
1315 824 1462 871 prudenti
1485 823 1619 859 consilio
1649 821 1773 858 duxerit
1800 834 1874 869 pro-

1124 872 1305 908 ridendum.

1171 922 1191 969 S
1214 925 1246 956 4.
1275 922 1336 970 Ipsi
1364 930 1468 957 autem
1495 922 1577 957 victu
1612 929 1643 957 et
1667 920 1780 956 vestitu
1801 932 1874 956 con·

1123 972 1210 1016 tenti,
1234 984 1328 1027 quem
1351 972 1395 1006 eis
1417 972 1592 1008 secundum
1616 970 1759 1006 eamdem
1778 982 1872 1017 regu-

1123 1020 1182 1055 lam
1212 1021 1423 1068 praecipimus
1445 1021 1586 1056 exhiberi
1614 1019 1740 1064 divinis,
1763 1027 1871 1054 vacent

1121 1069 1248 1114 officiis,
1275 1078 1306 1105 et
1334 1070 1496 1106 intendant
1523 1068 1745 1105 ecelesiasticis
1771 1079 1872 1104 sacra·

1122 1118 1249 1174 mentis,
1278 1120 1317 1154 ita
1344 1119 1428 1167 quod
1457 1120 1494 1154 tle
1517 1119 1586 1154 aliis
1612 1117 1778 1166 hospitalis
1811 1129 1870 1153 nc-

1119 1168 1227 1215 gotiis,
1256 1176 1377 1215 plaeter
1398 1169 1636 1204 concessionem
1661 1167 1817 1215 magistri,
1836 1179 1870 1202 se

1121 1217 1300 1252 nullatenus
1326 1218 1550 1261 intromittant,
1577 1217 1631 1252 sed
1663 1216 1770 1251 omnia
1804 1215 1869 1251 dis—

1121 1266 1267 1313 positioni
1293 1275 1376 1308 tuae,
1399 1267 1442 1301 tili
1462 1267 1621 1313 magister,
1644 1274 1673 1300 et
1696 1276 1869 1300 successo-

1121 1328 1187 1350 rum
1213 1323 1350 1361 tuorum,
1379 1316 1427 1351 vel
1448 1327 1557 1351 eorum
1589 1315 1642 1363 qui
1672 1326 1727 1362 per
1752 1321 1794 1356 te,
1821 1315 1868 1350 vel

1120 1377 1174 1400 eos
1200 1365 1238 1399 ad
1269 1365 1328 1400 hoc
1356 1365 1472 1400 fuerint
1505 1365 1663 1412 deputati,
1691 1365 1758 1399 sine
1789 1375 1868 1411 cou-

1120 1414 1303 1449 tradictione
1334 1427 1371 1450 ae
1404 1414 1651 1449 murmuratione
1679 1413 1865 1461 relinquant.

1167 1463 1187 1510 ἓ
1221 1465 1252 1497 5.
1282 1463 1448 1499 Caeterum
1483 1464 1632 1511 quoniam
1662 1464 1691 1497 in
1721 1462 1866 1509 hospitali

1119 1512 1226 1546 Sancti
1260 1512 1399 1559 Spiritus
1423 1512 1537 1547 diebus
1570 1513 1685 1547 nostris
1720 1523 1775 1558 per
1808 1511 1866 1546 Det

1119 1561 1249 1607 gratiam
1271 1562 1468 1609 hospitalitas
1484 1562 1573 1596 valde
1594 1562 1685 1607 viget,
1709 1559 1787 1595 illud
1803 1560 1866 1602 isti,

1120 1618 1146 1643 et
1177 1609 1258 1644 istud
1286 1611 1341 1651 illi,
1365 1611 1404 1645 de
1433 1611 1567 1646 consilio
1588 1610 1718 1645 fratrum
1741 1617 1867 1645 nostro-

1120 1671 1187 1693 rum
1211 1660 1352 1704 unimus,
1371 1668 1405 1694 ut
1427 1670 1457 1695 et
1479 1660 1562 1695 istud
1585 1659 1628 1694 illi
1653 1667 1738 1694 tanto
1761 1658 1868 1693 utilius

1120 1709 1308 1743 munimenti
1325 1709 1498 1756 impendat,
1525 1717 1643 1757 quanto
1667 1708 1800 1743 vicinius
1815 1720 1868 1742 no-

1121 1757 1167 1791 bis
1185 1758 1335 1797 existens,
1361 1758 1578 1794 defensionem
1601 1765 1737 1792 nostram
1757 1757 1800 1791 illi
1823 1757 1868 1792 fa-

1120 1807 1210 1842 cilius
1227 1809 1337 1854 poterit
1355 1807 1532 1854 implorare.
1551 1807 1696 1854 llluthue
1715 1806 1767 1841 isti
1781 1813 1868 1842 tanto

1120 1857 1318 1891 commodius
1339 1857 1504 1892 subveniat
1519 1857 1550 1892 in
1567 1856 1732 1897 ministris,
1748 1863 1868 1903 quanto

1120 1918 1273 1952 personae
1300 1915 1523 1941 conversantes
1551 1907 1582 1941 in
1611 1906 1664 1941 illo
1694 1905 1732 1940 ad
1762 1905 1868 1952 hospi-

1121 1955 1245 1990 talitatis
1267 1963 1340 1990 sunt
1367 1955 1503 1990 officium
1527 1956 1674 2004 aptior.es
1697 1955 1742 1990 lta
1764 1962 1866 1989 tamen

1120 2016 1176 2050 per
1210 2004 1291 2039 hanc
1327 2005 1499 2049 unionem,
1539 2005 1733 2052 praedictum
1761 2003 1868 2040 Sancti

1119 2053 1257 2100 Spiritus
1277 2053 1419 2109 hospitali
1436 2054 1656 2089 iurisdictione
1669 2053 1867 2100 Magalouen.

1119 2101 1277 2137 Ecclesiae
1308 2103 1438 2139 minime
1461 2103 1673 2144 subtrahatur,
1695 2103 1748 2138 itta
1779 2102 1868 2137 dum-

1121 2159 1202 2186 taxat
1236 2153 1461 2188 constitutione
1493 2162 1633 2197 servata,
1665 2163 1759 2199 quam
1787 2151 1868 2186 inter

1119 2200 1252 2236 eandem
1273 2201 1472 2248 Magalonen.
1490 2202 1679 2242 Ecclesiam,
1701 2209 1733 2237 et
1751 2201 1867 2247 praedi-

1120 2257 1204 2284 ctum
1240 2249 1345 2285 Sancti
1374 2250 1512 2298 Spiritus
1545 2250 1698 2298 hospitale
1724 2250 1867 2285 decrevi-

1121 2311 1191 2333 mus
1212 2298 1451 2335 observandam.

1168 2348 1187 2394 g
1203 2349 1233 2381 6.
1250 2347 1424 2384 Statuimus
1439 2350 1578 2397 insuper,
1599 2357 1631 2384 ut
1647 2360 1729 2383 unus
1744 2355 1864 2383 tantum

1120 2397 1269 2443 magister
1295 2398 1502 2445 hospitalibus
1529 2397 1728 2445 praeficiatur
1748 2397 1866 2432 ambo-

1121 2445 1190 2489 bus,
1217 2447 1270 2493 qui
1304 2456 1473 2494 utrumqne
1494 2447 1602 2482 visitet
1634 2447 1809 2491 annuatim,
1835 2455 1866 2482 et

1119 2506 1200 2542 quae
1233 2496 1400 2531 statuenda
1427 2496 1475 2531 vel
1502 2494 1698 2531 emendanda
1735 2496 1866 2541 viderit,

1119 2551 1234 2579 statuat
1266 2553 1297 2580 et
1323 2545 1481 2589 emendet,
1508 2553 1537 2580 et
1561 2544 1768 2581 transferendi
1802 2544 1867 2580 fra-

1121 2602 1183 2628 tres
1210 2594 1403 2642 ubicumque
1425 2594 1549 2637 suerint,
1577 2602 1669 2641 prout
1692 2595 1805 2629 melius
1825 2594 1867 2628 vi-

1119 2642 1201 2677 ‹lerit
1222 2644 1382 2691 expedire,
1401 2643 1530 2679 liberam
1547 2642 1656 2679 habeat
1676 2644 1864 2680 facultatem.

1893 270 1941 298 Αιι.
1959 271 1986 296 C.
2004 267 2070 296 ¹²02
2092 248 2106 298 ,ε

1902 329 1932 352 Do
1941 326 2070 352 somnone

1890 361 1976 382 clasiae.

1895 1467 1947 1490 nme
1965 1467 2065 1495 hospitas
2088 1454 2097 1491 ἶ

1859 1512 1866 1518 .
1881 1499 1937 1520 atiud
1946 1499 2000 1526 apud
2009 1497 2066 1520 Bon·
2093 1524 2097 1529 1

1881 1534 1922 1552 tem
1953 1529 2065 1552 Pessutan.
2091 1532 2094 1535 “
2127 1557 2129 1565 ⁴

1880 1562 1932 1584 unit.

1894 2353 1923 2376 Do
1963 2355 2086 2381 magi-tro

1881 2387 1915 2413 qui
1927 2387 1964 2407 atri
1959 2390 2006 2413 tque
2013 2391 2081 2417 pr*

1880 2422 1897 2437 §t
1892 2420 1914 2436 rt.

2054 2477 2073 2498 ‘x
