2129 3223
132 270 180 297 Αιι.
200 270 227 297 C.
249 270 313 297 125&

149 475 176 495 Co
180 481 201 494 i
205 476 315 496 astantium

134 513 158 526 Η
162 512 202 526 em
243 509 317 526 0011er

134 542 158 557 ι·
156 536 264 556 snominn
274 541 316 556 nori

134 566 258 594 publii-mnu

168 2494 246 2515 mean
251 2502 297 2516 ium.

378 260 448 293 584

330 323 448 359 neficiis
474 330 503 358 et
525 321 651 363 officiis,
678 321 807 357 liberam
831 321 920 357 vobis
940 322 1078 357 auctori-

330 382 390 407 tate
413 372 628 419 praesentium
650 371 855 406 concedimus
882 379 1076 427 potestatem.

378 425 447 464 §le
483 420 566 455 Sane
602 420 765 461 volumus
794 429 825 455 ut
859 421 985 456 nomina
1016 429 1076 455 tam

330 470 545 505 accusantium
564 470 745 517 pravitatem
763 469 964 514 haereticam,
984 482 1076 517 quam

331 519 564 555 testificantium
592 531 688 566 super
717 531 769 562 ea,
804 519 984 554 nullatenus
1013 532 1079 574 pu-

331 568 497 609 blicentur,
527 577 654 616 propter
671 567 865 609 scandalum
889 568 935 602 vel
960 568 1080 615 pericu

330 618 407 662 lum2
426 617 510 665 quod
535 629 571 652 ex
596 616 808 665 publicatione
831 617 1011 652 huiusmodi
1027 629 1079 652 se-

330 668 383 714 qui
407 674 526 714 posset.
553 666 593 701 Et
626 666 813 702 adhibeatur
847 666 938 701 dictis
965 666 1080 701 liuius-

331 715 417 751 modi
454 715 580 751 testium
617 715 825 751 nibilominus
865 715 954 761 plena
991 715 1078 750 fides.

331 765 423 807 Quod
447 765 472 800 si
492 765 588 800 simul
616 765 665 799 bis
688 777 749 800 non
773 764 980 800 interfueritis
1007 777 1081 800 exe-

330 814 483 862 quendis,
518 827 602 849 unus
634 823 773 850 vestrum
801 826 837 849 ea
871 814 1081 850 nibilominus

330 873 514 910 exequatur.

379 913 492 947 Datum
521 912 677 953 Lateran„
710 912 844 960 septimo
875 912 947 947 idus
967 912 1081 954 martii,

331 962 530 1009 pontificatus
557 962 655 996 nostri
678 973 761 996 anno
783 961 962 997 undecimo.

370 1023 431 1053 Dat.
449 1022 497 1052 dic
518 1023 536 1052 9
554 1022 651 1052 martii
672 1022 758 1061 1254,
781 1023 884 1062 pontis.
908 1032 984 1053 anno
1003 1033 1040 1054 xr.

625 1183 685 1219 XX
691 1183 788 1219 XVII.

333 1260 555 1304 Inquisitorum
582 1261 749 1294 haereticae
765 1260 932 1305 pravilatis
952 1261 1084 1305 facultas

378 1311 565 1354 procedendi
586 1317 692 1343 contra
715 1310 893 1348 haereticos,
922 1314 1085 1355 eorumque

382 1360 528 1403 fautores,
556 1367 581 1393 et
601 1360 721 1404 negotio
747 1360 957 1403 inquisitionis
978 1371 1007 1393 se
1028 1372 1085 1405 op-

379 1416 533 1452 ponentes,
556 1421 592 1442 ac
609 1409 836 1453 praedicatores
862 1410 1084 1453 quaeslttarios,

384 1469 420 1490 ac
453 1458 664 1502 indulgentiae
695 1469 752 1501 pro
778 1458 971 1491 audientibus
992 1470 1085 1502 prae—

385 1506 564 1540 dicationem
592 1506 826 1550 inquisitorum,
855 1507 899 1539 vel
929 1507 970 1540 eis
991 1509 1086 1540 ousi-

385 1556 459 1588 lium
478 1556 717 1600 praestantibus.

605 1628 818 1659 SUititiARiL'n

338 1694 573 1726 Procemium.—
592 1696 615 1724 i.
627 1694 762 1724 Facultas
778 1693 1006 1733 Inquisitoribus
1022 1696 1085 1725 (lati

375 1743 473 1769 contra
494 1740 667 1775 haereticos,
690 1748 851 1778 eorumque
872 1739 999 1768 fautores
1020 1749 1087 1778 pro-

374 1782 508 1813 cedendi.
527 1799 565 1805 —
582 1783 608 1813 2,
632 1783 712 1819 Quae
736 1783 955 1822 poenitentibus
983 1784 1085 1814 iniun-

374 1827 477 1864 genda.
495 1844 534 1850 —
556 1827 584 1858 3.
609 1827 830 1857 Procedendurn
850 1836 967 1866 quoque
987 1833 1086 1858 contra

374 1879 407 1900 se
434 1876 617 1909 opponentes
640 1872 668 1900 in
692 1871 748 1900 hoc
778 1872 906 1910 negotio.
936 1888 976 1894 —
1004 1873 1032 1902 li.
1055 1872 1089 1901 Et

373 1913 586 1953 indulgentiam
624 1915 805 1944 concedendi
839 1915 1086 1954 praedicationem

375 1956 587 1997 Inquisitorum
625 1958 824 1989 audientibus.
855 1976 894 1981 -—-
925 1959 951 1989 5.
985 1958 1086 1989 lntlul-

375 2002 471 2039 gentia
484 2004 632 2041 proposita
651 2003 792 2033 auxilium
807 2004 849 2033 eis
861 2004 1088 2043 praestantibus.

373 2060 412 2067 —
439 2045 466 2074 6.
488 2044 624 2076 Facultas
643 2051 742 2076 contra
760 2046 980 2077 Praedicatores
1001 2058 1089 2087 quae-

375 2091 510 2119 stuarios.

335 2163 508 2193 Innocentius
529 2163 671 2200 episcopus
690 2171 785 2193 servus
813 2171 952 2195 servorum
975 2167 1030 2200 Dei,
1050 2168 1088 2196 di·

379 2212 462 2241 lectis
479 2212 545 2242 filiis
562 2212 700 2247 mlnistro,
731 2215 898 2249 custodibus,
919 2216 1090 2252 guardianis,

380 2262 611 2295 conventualibus,
630 2262 673 2291 vei
707 2269 799 2292 eorum
818 2264 939 2298 vicariis.
977 2266 1092 2294 admini-

381 2311 529 2340 strationis
552 2312 643 2341 sancti
665 2312 807 2346 Francisci.
832 2314 950 2343 salutem
979 2316 1009 2343 et
1028 2322 1090 2351 apo·

381 2360 510 2389 sionnam
529 2360 751 2391 benedictionem.

387 2430 471 2473 Quia
495 2439 570 2467 tunc
607 2433 767 2480 potissime
795 2434 988 2482 acceptabile
1020 2434 1089 2470 Iesu

340 2479 470 2516 Christo
492 2481 659 2517 exhibetur
680 2483 882 2530 obsequium
900 2497 972 2518 cum
990 2484 1016 2518 ei
1035 2497 1091 2531 pro

341 2530 514 2565 catholicae
542 2531 613 2565 fidei
649 2533 899 2572 consonatione
928 2534 1022 2568 cuius
1044 2542 1090 2568 cst

343 2578 408 2624 ipse
443 2579 555 2615 stabile
578 2589 608 2615 et
630 2590 815 2628 perpetuum
839 2582 1091 2628 fundamentum,

342 2638 419 2673 pura
442 2628 616 2664 intentione
637 2631 789 2671 servitum
810 2631 1005 2677 providimus
1023 2644 1092 2680 spc-

908 268 1094 291 BPLLAmt'M
1121 268 1211 290 ROMA
1217 268 1283 290 Situ

1116 321 1234 356 cialiter
1260 321 1290 355 in
1313 320 1373 356 boo
1401 321 1461 368 ipsi
1490 321 1680 364 studiosum,
1707 329 1738 356 et
1760 320 1862 368 placi—

1116 369 1205 416 dum,
1232 382 1269 405 eo
1295 379 1494 417 cooperante,
1522 370 1706 417 impendere
1732 369 1864 405 famula-

1118 427 1196 460 tum
1219 428 1250 454 et
1271 420 1438 467 praecipue
1460 433 1489 454 in
1508 419 1636 463 U1be,
1630 432 1659 454 in
1679 419 1865 465 patrimonio

1118 447 1197 503 beati
1226 468 1309 503 Petri
1337 477 1368 504 et
1389 469 1458 504 aliis
1481 470 1570 504 tertis
1602 468 1782 513 Ecclesiae
1810 481 1865 504 re-

1117 530 1180 564 gno
1196 517 1341 564 Apuliae,
1361 518 1560 559 hominu-dia,
1576 518 1774 562 Romaniola⁷
1790 517 1867 552 Mar-

1118 567 1186 602 cliia
1207 567 1370 602 Tervisina
1399 576 1429 603 et
1450 567 1633 606 Srlavonia,
1663 579 1699 602 ac
1724 567 1754 602 in
1777 567 1867 602 Thu-

1118 616 1193 661 scia,
1215 616 1296 652 circa
1319 629 1397 664 quas
1420 616 1573 651 debemus
1597 617 1760 652 sollicitius
1788 616 1866 664 vigi-

1119 665 1193 710 lare3
1216 666 1383 701 instantius
1401 673 1431 700 et
1445 665 1577 700 validius
1591 674 1742 712 satagere,
1759 674 1866 701 contra

1118 715 1263 750 eiusdem
1288 715 1357 750 fidei
1381 714 1466 749 diros
1487 714 1608 759 hostes,
1630 724 1662 749 ut
1684 714 1806 750 cultura
1822 727 1868 750 sa-

1120 764 1236 805 lubris,
1268 776 1324 812 per
1347 776 1404 799 nos
1425 764 1508 811 agris
1535 764 1703 799 dominicis
1725 765 1867 810 impensa

1120 813 1243 854 vicinis,
1266 813 1350 848 utilis
1372 814 1409 848 sit
1432 813 1626 860 longinquis„
1654 821 1684 847 et
1711 813 1795 848 verbi
1819 812 1869 847 di-

1121 862 1181 896 vini
1206 875 1313 897 semen
1337 862 1441 897 fusum
1461 863 1490 897 in
1516 862 1676 909 proximis,
1702 861 1868 898 fructificet

1120 912 1212 946 ctiam
1237 911 1267 946 in
1291 913 1439 946 remotis:
1466 911 1539 946 licet
1562 911 1661 946 Sedes
1686 911 1869 959 Apostolica

1121 961 1197 995 tales
1219 960 1326 996 hostes
1358 961 1501 1008 undique
1535 960 1689 996 indefessa
1711 960 1870 996 sollicitu-

1121 1010 1193 1044 dine
1222 1019 1446 1058 persequatur‚
1480 1022 1539 1045 nec
1566 1022 1706 1057 unquam
1735 1009 1774 1045 ab
1808 1009 1871 1046 hu-

1122 1059 1258 1093 iusmodi
1295 1059 1445 1094 exercitio
1483 1060 1652 1094 cessaverit
1684 1071 1757 1094 eura
1790 1059 1869 1094 eius.

1122 1107 1279 1143 Convenit
1307 1120 1460 1156 namque,
1500 1116 1535 1143 ut
1561 1109 1633 1156 quia
1668 1108 1871 1156 inquisitores

1122 1166 1230 1192 contra
1265 1166 1383 1205 pestem
1419 1158 1606 1193 haereticam
1644 1157 1808 1198 roborare,
1835 1170 1870 1193 ac

1123 1219 1272 1242 renovare
1309 1219 1364 1254 per
1400 1207 1540 1242 diversas
1571 1206 1688 1242 saeculi
1725 1206 1870 1243 volumus

1123 1256 1279 1302 regiones,
1303 1256 1331 1290 id
1347 1268 1440 1302 agere
1466 1256 1496 1290 in
1520 1255 1617 1297 Urbe,
1639 1268 1675 1291 ac
1695 1257 1787 1292 terris
1803 1255 1871 1291 aliis

1123 1305 1332 1352 supradictis,
1368 1305 1478 1341 maiori
1517 1306 1752 1353 opportunitate
1786 1318 1871 1341 nunc

1124 1354 1240 1394 habita,
1257 1353 1436 1390 nullatenus
1447 1355 1641 1390 omittamus.
1658 1354 1740 1390 Cum
1751 1363 1871 1402 quanto

1126 1403 1255 1451 propius
1279 1405 1393 1439 nostris
1419 1404 1533 1439 adsunt
1559 1404 1757 1452 aspectibus»,
1787 1413 1872 1440 tanto

1126 1455 1250 1493 iustius,
1279 1453 1336 1488 nisi
1364 1461 1480 1489 attente
1507 1454 1597 1489 saluti
1622 1453 1872 1501 prospiceremus

1126 1504 1278 1550 ipsorum,
1308 1515 1472 1547 possemus
1493 1504 1579 1549 argui
1602 1503 1640 1538 de
1664 1502 1819 1550 neglectu.

1174 1555 1188 1594 ἕ
1218 1554 1247 1585 i.
1276 1551 1414 1598 Ideoque
1452 1552 1630 1586 discretioni
1665 1560 1783 1586 vestrae
1817 1563 1872 1599 per

1125 1600 1294 1647 apostolica
1323 1602 1436 1648 scripta
1470 1601 1612 1636 districte
1649 1600 1872 1648 praecipiendo

1128 1649 1329 1694 maminotus,
1354 1650 1384 1684 in
1412 1650 1631 1685 remissionem
1650 1650 1740 1685 iobis
1762 1662 1873 1697 pecca-

1128 1699 1247 1734 minum
1284 1699 1504 1746 iniungentts‚
1539 1709 1695 1747 quatenus
1729 1709 1788 1734 tam
1819 1703 1900 1748 per¹³

1128 1760 1196 1788 vos
1227 1761 1319 1795 quam
1352 1761 1406 1796 per
1433 1749 1510 1784 alios
1537 1749 1667 1784 idoneos
1688 1749 1797 1784 fratres
1819 1761 1874 1785 ve-

1127 1805 1207 1832 strae
1226 1810 1318 1832 curae
1345 1799 1551 1842 commissos
1572 1798 1689 1846 quibus
1712 1799 1873 1845 negotium

1129 1846 1308 1881 huiusmodi
1324 1874 1333 1891 ,
1376 1849 1458 1895 quod
1504 1826 1720 1895 principaliter
1760 1848 1875 1883 residet

1128 1895 1213 1930 cordi
1238 1904 1360 1940 nosti-‚o
1382 1897 1565 1932 auctoritate
1590 1906 1694 1932 nostra
1722 1896 1874 1933 duxeritis

1128 1923 1407 1986 committendum
1435 1947 1508 1980 totis
1533 1956 1729 1981 assumentes
1755 1946 1875 1981 affecti-

1130 1993 1203 2034 bus
1226 2002 1254 2028 ct
1283 1994 1475 2030 ferientibus
1497 1996 1610 2030 animis
1634 2003 1873 2043 prosequentes,

1128 2043 1165 2077 atl
1182 2044 1396 2090 extirpandam
1419 2044 1458 2079 de
1482 2045 1636 2091 proxincia
1662 2053 1742 2089 tuae,
1759 2045 1798 2079 iili
1817 2046 1874 2080 mi-

1131 2092 1239 2133 nister
1267 2105 1361 2128 cuiae
1388 2095 1570 2138 commissa,
1594 2095 1774 2141 pravitatem
1799 2094 1873 2129 bae-

1130 2142 1256 2176 reticam
1278 2143 1410 2177 sollicite
1438 2156 1472 2178 ac
1503 2143 1668 2178 efficaciter
1687 2144 1873 2187 laborantes

1130 2191 1153 2224 si
1183 2203 1262 2237 quos
1291 2192 1332 2226 ibi
1364 2192 1403 2227 de
1437 2193 1583 2239 pravitate
1611 2194 1675 2240 ipsa
1705 2193 1875 2238 ciulpibiles

1131 2240 1323 2279 inv-cneiitis
1356 2241 1402 2276 iel
1431 2241 1573 2281 infectos
1601 2254 1654 2277 seu
1679 2242 1772 2276 etiam
1795 2241 1875 2277 infa-

1132 2297 1242 2334 matos
1267 2290 1323 2325 nisi
1337 2291 1502 2325 examinati
1518 2291 1611 2325 velint
1632 2291 1772 2325 absolute
1791 2303 1876 2326 man-

1131 2338 1210 2372 datis
1232 2339 1393 2374 Ecclesiae
1414 2340 1558 2384 obedire,
1587 2348 1694 2375 contra
1717 2340 1814 2387 ipsos,
1845 2349 1874 2376 et

1133 2396 1352 2435 receptatores,
1375 2389 1574 2431 defensores,
1596 2401 1631 2424 ac
1658 2389 1793 2425 fautores
1821 2401 1876 2425 eo-

1132 2450 1224 2480 rum,
1259 2438 1398 2473 liumano
1426 2440 1536 2474 timore
1563 2439 1754 2486 postposito,
1791 2439 1874 2474 iuxta

1131 2487 1308 2522 sanctiones
1333 2489 1511 2533 canonicas,
1537 2489 1721 2523 auctoritate
1746 2496 1876 2535 aposto-

1132 2535 1187 2570 lica
1222 2537 1412 2583 procedatis:
1450 2538 1591 2572 invocato
1623 2546 1729 2572 contra
1757 2550 1811 2572 eos
1837 2537 1876 2572 ad

1132 2584 1208 2626 boc,
1237 2587 1262 2620 si
1292 2599 1373 2633 opus
1399 2587 1503 2631 suerit,
1529 2586 1645 2621 auxilio
1667 2586 1786 2622 brachii
1808 2599 1877 2623 sae-

1131 2635 1255 2669 eutaris,
1304 2636 1559 2672 Contradictorcs
1613 2648 1668 2683 per
1711 2649 1877 2672 censuram

1877 267 1925 294 An.
1943 266 1973 294 C.
1998 265 2067 293 ¹234

1897 1573 1982 1594 Facult..
1985 1579 1994 1595 s
2031 1572 2070 1595 ln-

1887 1604 2023 1632 quisttoribus
2036 1603 2071 1625 dn

1886 1638 1908 1656 ta
1927 1637 2002 1656 contra
2017 1634 2071 1656 line-

1886 1667 1973 1691 reticos,
1988 1671 2072 1687 corum-

1888 1701 1928 1725 que
1975 1695 2071 1718 fautore·

1887 1727 2023 1755 procedendi.
