2129 3223
40 254 92 284 Aa.
111 254 140 283 C.
153 251 222 279 ¹2⁶⁴

21 2519 91 2574 »133⁸
100 2526 205 2575 :..·.¹:⁰¹²:::

21 2581 103 2609 nuda.

863 259 1009 283 URBANUS
1030 260 1065 283 tv
1086 260 1136 283 PP-

1649 250 1717 283 719

234 310 366 353 uitione,
393 310 591 348 ordinatione
625 321 655 347 et
684 311 905 349 reformatione
932 321 981 349 te-
1000 318 1003 355 i
1021 326 1096 350 cura
1129 322 1159 350 et
1185 315 1397 351 sollicitudine
1429 316 1525 351 buius
1552 315 1681 357 saeculi,
1707 314 1767 350 de—

235 368 346 395 neatur
370 360 409 395 ad
431 363 605 408 capitulum
631 373 814 397 convocare.
839 362 899 397 Ubi
928 376 981 398 se-
1021 364 1174 399 tractione
1191 373 1222 399 et
1240 367 1503 409 murmuratione,
1524 364 1721 400 dissensione
1735 372 1767 399 et

233 408 373 444 cundum
419 411 654 458 expressionem
705 411 901 457 publicarum
948 422 978 447 et
1020 413 1174 448 divisione
1210 425 1246 448 ac
1279 415 1363 449 omni
1392 415 1476 454 vitio,
1501 426 1556 461 pro
1582 425 1644 461 quo
1668 414 1766 461 possit

232 459 448 494 communium
481 460 742 507 negligentiarum
774 469 868 508 atque
909 461 978 496 cul-
1019 462 1188 509 displicere
1210 463 1240 497 in
1260 463 1359 498 oculis
1387 464 1449 498 veri
1472 463 1603 510 Sponsi.
1631 462 1692 499 Sed
1707 474 1765 497 ma·

232 519 354 554 parum,
387 520 506 555 poenae
540 510 785 544 misericorditer
812 511 978 557 imponan-

230 565 292 591 tur.
321 555 471 592 Conferat
493 559 586 594 ctiam
608 571 678 593 cum
707 559 858 593 omnibus
887 572 977 595 soro-

230 604 318 640 ribus
339 607 416 648 suiS,
439 607 478 642 de
501 609 536 642 iis
556 620 637 655 quae
659 617 826 643 occurrunt
850 621 906 655 pro
927 610 975 644 sui

228 656 409 690 monasterii
457 657 590 692 utilitate
631 669 667 691 ac
708 657 871 692 honestate
907 666 976 693 tra-

227 704 353 740 ctanda:
393 717 486 753 saepe
509 707 591 741 enim
614 706 772 741 Dominus
799 706 882 753 quod
906 719 975 742 mc-

226 753 288 788 lius
308 762 355 789 est
374 755 487 790 iuniori
503 755 627 791 revelat.
651 755 780 790 Nullum
804 768 972 791 onerosum

226 802 274 838 vel
308 815 401 850 grave
437 804 577 839 debiturn
613 804 786 845 contrabat,
820 805 881 839 nisi
919 818 974 853 per

226 861 458 898 procuratorem
482 853 521 888 de
548 854 710 888 communi
733 865 891 889 consensu
918 867 973 890 so—

225 912 344 943 rorum,
371 913 443 936 cum
466 903 631 938 manifesta
654 903 824 938 necessitas
845 903 906 938 hoc
928 916 973 939 re-

223 950 337 996 quirat.
360 950 485 986 Reddat
506 953 598 986 etiam
620 951 659 986 de
691 952 827 999 receptis
859 960 889 987 et
915 965 971 987 ex-

224 1000 344 1045 pensis,
365 1001 463 1035 semel
495 1000 533 1035 ad
562 1002 678 1041 miuus,
705 1001 838 1048 singulis
870 1001 970 1037 tribus

222 1048 399 1093 mensibus,
433 1061 536 1084 coram
576 1058 746 1091 conventu,
782 1050 827 1085 vel
860 1051 968 1086 saltem

221 1105 358 1144 quatuor
374 1099 538 1134 sororibus
559 1099 598 1134 ab
620 1099 732 1134 eodem
754 1099 792 1133 ad
817 1100 876 1134 boc
898 1112 970 1145 spe·

219 1145 341 1182 cialiter
361 1147 530 1195 deputatis,
549 1148 684 1183 debitam
708 1148 871 1183 rationem.
894 1148 968 1183 Offi-

220 1195 316 1231 ciales
343 1198 524 1232 monasterii
548 1199 690 1233 instituat
717 1197 756 1232 de
778 1197 911 1232 consilio
937 1206 968 1233 et

220 1255 350 1281 assensu
389 1255 581 1291 conventus,
621 1247 668 1282 vel
705 1247 832 1281 maioris
872 1248 967 1293 partis

221 1293 331 1340 ipsius.
354 1294 500 1341 Sigillum
523 1308 596 1331 vero
618 1305 792 1331 conventus
813 1296 963 1330 custodiri

221 1342 313 1378 faciat
352 1353 382 1379 et
414 1346 542 1387 servari,
579 1344 756 1380 secundum
792 1344 966 1380 ordinatio-

221 1404 292 1426 nem
319 1402 505 1438 couventus,
532 1403 563 1430 et
584 1406 710 1429 omnem
733 1394 866 1428 litteram
895 1393 964 1428 diri-

218 1441 353 1487 gendam
393 1455 429 1477 ex
470 1452 556 1490 parte
591 1444 735 1478 eiusdem
777 1451 963 1486 conventus,

218 1492 308 1538 prius
329 1503 432 1526 coram
456 1500 611 1527 conventu
636 1494 665 1527 in
692 1492 829 1539 capitulo
852 1491 962 1527 lectam

217 1548 247 1576 et
281 1541 483 1588 approbatam
515 1553 532 1577 a
560 1542 668 1577 maiori
697 1549 782 1586 parte
808 1553 963 1584 sororum,

218 1588 334 1624 ibidem
368 1602 473 1625 coram
507 1591 655 1626 omnibus
692 1591 784 1625 faciat
822 1590 961 1636 sigillari.

216 1637 309 1674 Nulla
335 1641 430 1674 etiam
451 1652 540 1675 soror
571 1641 690 1687 aliquas
712 1639 830 1675 litteras
851 1639 963 1685 dirigat

216 1699 271 1723 seu
306 1689 446 1735 recipiat,
481 1689 540 1724 nisi
582 1690 683 1736 primo
715 1700 768 1723 eas
804 1688 961 1723 abbatissa

217 1735 312 1783 legat,
337 1739 383 1772 vel
410 1737 450 1772 ab
470 1739 529 1773 alia
550 1738 589 1773 ad
619 1738 697 1773 baec
719 1738 888 1772 constituta
916 1738 962 1772 le-

217 1794 341 1831 gantur.
360 1785 491 1821 Studeat
514 1788 643 1833 insuper
663 1787 816 1821 abbatissa
838 1798 963 1821 sorores

217 1835 432 1876 reconciliare,
465 1836 491 1870 si
523 1835 643 1883 aliquas
678 1835 715 1870 ad
756 1836 890 1869 invicem
924 1847 960 1870 ex

218 1883 319 1931 aliqua
367 1895 460 1919 causa
507 1886 552 1920 vel
589 1885 756 1920 occasione
794 1885 961 1930 contigerit

218 1932 408 1968 conturbari.
435 1933 534 1968 Soror
567 1933 630 1974 illa,
668 1945 749 1980 quae
783 1933 878 1968 verbo
914 1933 960 1968 vel

218 1982 307 2029 signo
341 1983 538 2017 occasionem
571 1982 759 2017 turbationis
781 1983 827 2017 vel
868 1994 961 2017 scan-

217 2031 278 2066 dali
300 2030 387 2066 alteri
409 2031 542 2072 dederit,
563 2031 667 2066 statim
693 2039 860 2078 antequam
889 2031 962 2066 offe-

218 2089 264 2115 rat
290 2092 405 2115 munus
431 2081 582 2116 orationis
617 2092 690 2116 suae
716 2080 802 2125 Deo,
839 2081 959 2115 veniam

218 2138 328 2175 petens
349 2141 363 2164 a
382 2141 501 2171 sorore,
523 2142 616 2177 quam
639 2129 778 2171 offendit,
801 2141 905 2164 coram
926 2142 960 2165 ea

217 2178 377 2214 humiliter
398 2191 431 2214 se
458 2187 644 2226 prosternat,
671 2191 784 2225 rogans
810 2186 844 2213 ut
871 2180 962 2213 inter-

217 2228 305 2262 cedat
329 2240 383 2274 pro
405 2240 438 2263 se
460 2228 497 2263 ad
519 2227 702 2267 Dominum,
725 2235 881 2275 quatenus
902 2229 958 2263 sibi

217 2277 341 2324 culpam
371 2278 540 2323 indulgeat,
574 2289 668 2324 quam
701 2277 876 2317 commisit;
911 2277 960 2312 illa

217 2338 291 2362 vero
319 2339 440 2361 memor
466 2327 550 2361 verbi
573 2326 715 2361 Domini:
738 2326 805 2360 Nisi
831 2326 961 2360 dimise-

217 2376 285 2411 ritis
302 2388 340 2410 ex
361 2375 512 2412 cordibus
532 2376 651 2415 vestris,
672 2387 729 2409 nec
752 2375 842 2410 Pater
861 2384 962 2410 vester

216 2424 361 2461 coelestis
387 2426 521 2459 dimittet
548 2425 647 2465 vobis3
675 2424 846 2459 liberaliter
878 2425 961 2459 iniu—

218 2474 295 2509 riam
318 2476 455 2509 remittat
489 2474 588 2509 sorori
624 2475 745 2508 veniam
780 2473 959 2519 postulanti.

217 2522 385 2559 Monemus
411 2535 533 2558 sorores
555 2535 677 2563 omnes,
700 2531 729 2558 et
747 2522 907 2557 bortamur
929 2523 958 2557 in

218 2571 354 2607 Domino
370 2573 438 2608 lesu
457 2572 596 2611 Christo,
620 2580 653 2607 ut
675 2579 801 2606 caveant
823 2572 860 2606 ab
875 2573 959 2606 omni

997 507 1066 558 'gis
1091 512 1243 547 sollicitae
1278 524 1382 547 coram
1415 512 1484 547 Deo
1515 524 1637 547 servare
1671 521 1766 547 exte-

1019 561 1130 596 riorem
1154 570 1184 596 et
1212 561 1393 597 interiorem
1416 562 1445 596 in
1474 562 1622 597 omnibus
1644 562 1765 608 purita-

1019 618 1092 651 tem,
1119 622 1155 645 ac
1181 622 1308 657 semper
1334 611 1466 646 invicem
1495 611 1610 645 babere
1637 620 1764 645 mutuae

1016 659 1194 695 dilectionis
1229 660 1391 700 unitatem,
1419 672 1498 707 quae
1527 669 1573 694 est
1602 659 1762 694 vinculum

1018 709 1229 755 perfectionis,
1253 717 1285 743 ut
1319 710 1348 743 iu
1377 721 1410 744 ea
1436 709 1588 744 radicatae
1603 717 1633 744 et
1649 708 1764 743 sunda-

1016 766 1075 798 tae,
1103 758 1224 805 possint
1244 758 1280 793 ad
1303 758 1396 805 Agni,
1418 758 1544 793 Domini
1562 758 1658 793 nostri
1692 757 1762 792 lesu

1014 806 1143 848 Christi,
1166 809 1293 854 nuptias
1320 820 1392 842 cum
1429 807 1639 855 prudentibus
1666 807 1763 852 virgi-

1015 855 1108 891 nibus
1134 857 1277 892 introire.

1302 931 1383 966 Cap.
1416 934 1474 978 25.

1059 1001 1108 1037 Ad
1135 1002 1225 1043 haec,
1261 1010 1294 1038 ut
1328 1002 1525 1038 discursibus
1546 1001 1760 1049 dispendiosis

1011 1051 1138 1086 materia
1166 1051 1383 1096 subtrahatur,
1410 1051 1440 1086 in
1464 1051 1576 1086 virtute
1603 1051 1759 1086 obedien—

1011 1100 1079 1143 tiae,
1103 1100 1163 1135 sub
1183 1113 1281 1148 poena
1296 1100 1642 1140 excommunicationis,
1664 1112 1757 1148 quam

1010 1150 1078 1196 ipso
1104 1149 1185 1184 sacto
1213 1150 1494 1197 transgredientes,
1531 1149 1575 1184 vel
1611 1161 1674 1184 non
1698 1161 1758 1196 pa—

1009 1207 1112 1233 rentes
1134 1199 1307 1239 incurrant,
1330 1199 1468 1234 districte
1487 1198 1706 1245 praecipimus,
1725 1206 1759 1232 ut

1008 1249 1158 1295 (exceptis
1179 1248 1343 1284 dumtaxat
1364 1246 1573 1283 servitialibus
1599 1254 1759 1282 monaste-

1008 1298 1123 1331 riorum
1151 1297 1275 1331 illorum
1303 1298 1464 1337 locorum,
1494 1297 1524 1331 in
1547 1296 1664 1343 quibus
1684 1295 1759 1331 Ro-

1008 1358 1097 1381 mana
1125 1346 1217 1380 suerit
1239 1346 1380 1381 Ecclesia
1402 1346 1584 1389 constituta,
1605 1344 1757 1392 quamdiu

1007 1395 1048 1430 ibi
1082 1395 1282 1430 residentiam
1321 1395 1439 1439 fecerit)
1472 1394 1556 1429 nulla
1583 1393 1755 1434 abbatissa,

1005 1456 1109 1483 soror,
1139 1445 1184 1479 vet
1208 1444 1372 1479 servitialis
1400 1455 1456 1491 pro
1477 1444 1539 1478 ulla
1562 1443 1756 1478 necessitatis

1004 1505 1108 1538 causa,
1130 1494 1167 1528 ad
1183 1493 1299 1528 Sedem
1317 1493 1531 1540 Apostolicam
1552 1491 1756 1539 personaliter

1005 1542 1107 1578 veniat
1131 1542 1178 1578 vel
1207 1543 1352 1587 accedat,
1388 1542 1449 1577 nisi
1485 1553 1581 1588 super
1611 1540 1670 1575 boc
1701 1552 1756 1587 per

1003 1593 1192 1640 apostolicos
1226 1592 1348 1639 apices,
1387 1591 1435 1626 vel
1475 1591 1549 1625 dicti
1589 1589 1756 1625 cardinalis

1005 1649 1146 1688 patentes
1173 1643 1303 1682 litteras,
1330 1640 1423 1676 alicui
1456 1638 1603 1687 specialis
1629 1638 1753 1673 licentia

1004 1690 1205 1727 concedatur.

1294 1763 1374 1798 CAP.
1403 1766 1460 1797 24.

1050 1834 1237 1869 Monasteria
1255 1833 1352 1868 huius
1375 1832 1545 1879 religionis,
1568 1844 1624 1879 per
1646 1832 1752 1867 visita-

1004 1893 1086 1918 tores
1114 1885 1183 1930 (qui
1214 1883 1444 1925 auctoritatem,
1475 1881 1605 1916 formam
1628 1889 1658 1916 et
1681 1893 1750 1916 mo—

1002 1933 1090 1973 dum,
1117 1944 1133 1967 a
1158 1932 1319 1975 cardinali,
1341 1932 1391 1966 cni
1415 1931 1508 1966 suerit
1530 1943 1546 1965 a
1567 1930 1651 1966 Sede
1669 1930 1752 1978 Apo-

1002 1982 1111 2017 stolica
1133 1989 1237 2016 vester
1257 1981 1334 2016 ordo
1356 1981 1558 2020 commissus,
1582 1980 1750 2026 recipiant)

1002 2031 1097 2066 semel
1120 2031 1158 2065 ad
1182 2031 1287 2065 minus
1308 2031 1398 2065 annis
1417 2029 1551 2076 singulis
1573 2029 1749 2064 visitentur.

1001 2080 1085 2115 Sane
1117 2080 1201 2115 circa
1232 2080 1426 2114 visitationes
1448 2078 1645 2122 huiusmodi,
1673 2077 1750 2112 illud

1002 2139 1048 2164 est
1070 2130 1202 2164 sollicite
1230 2128 1478 2176 providendum,
1506 2135 1538 2162 ut
1559 2127 1751 2173 quicumque

1003 2178 1048 2213 vel
1068 2178 1234 2224 generalis,
1261 2177 1308 2213 vel
1330 2178 1421 2212 etiam
1445 2176 1558 2212 alicubi
1580 2175 1751 2221 aliquando

1002 2228 1147 2274 specialis
1186 2227 1427 2262 constituendus
1466 2225 1556 2260 fuerit
1595 2225 1750 2268 visitator,

1004 2278 1071 2311 talis
1095 2277 1205 2311 debeat
1228 2276 1395 2316 constitui,
1430 2275 1468 2310 de
1489 2275 1579 2309 cuius
1607 2273 1750 2319 religiosa

1003 2328 1064 2360 vita
1090 2333 1120 2359 et
1155 2325 1296 2360 moribus
1324 2325 1430 2359 notitia
1459 2324 1548 2370 plena
1579 2331 1609 2357 et
1631 2322 1749 2358 securi·

1003 2386 1048 2409 tas
1079 2374 1238 2410 habeatur.
1267 2374 1328 2416 Qui
1359 2386 1431 2408 cum
1460 2373 1497 2408 ad
1525 2372 1749 2407 monasterium

1002 2424 1126 2472 aliquod
1158 2424 1298 2466 veniens,
1334 2423 1424 2457 fuerit
1452 2422 1678 2468 introgressus,
1704 2421 1750 2455 sic

1002 2486 1035 2508 se
1069 2485 1123 2519 per
1156 2472 1259 2507 omnia
1287 2472 1431 2506 exhibeat
1461 2479 1491 2505 et
1524 2470 1690 2515 ostendat,
1718 2477 1751 2504 ut

1002 2534 1112 2556 omnes
1147 2522 1184 2556 de
1213 2521 1295 2556 bono
1327 2521 1363 2556 ad
1394 2521 1506 2555 melius
1529 2528 1693 2566 provocet,
1721 2527 1751 2554 et

1003 2573 1039 2606 ad
1065 2571 1120 2605 Dei
1143 2583 1293 2609 amorem,
1322 2578 1350 2604 et
1369 2570 1448 2605 intra
1471 2581 1503 2604 se
1527 2577 1665 2603 mutuam
1681 2568 1751 2603 clia-

216 2621 381 2668 superbia,
416 2622 610 2669 vanagloria,
647 2622 779 2663 invidia,
817 2622 960 2662 avaritia,
978 2626 984 2673 Ι
1003 2622 1124 2655 ritatem
1151 2632 1276 2668 semper
1303 2619 1473 2654 iussammet
1504 2618 1619 2668 pariter
1645 2625 1677 2652 et
1697 2629 1751 2652 ac-

1783 259 1832 285 An.
1844 259 1873 284 C.
1895 259 1962 286 ΗΜ

1788 1006 1892 1027 Accessus
1907 1012 1959 1032 per-

1774 1036 1853 1056 sonalis
1872 1036 1896 1056 ad
1918 1035 1958 1055 Se»

1774 1067 1820 1086 dem
1848 1066 1958 1092 Apostoli-

1774 1102 1818 1117 cam
1829 1098 1860 1117 ei·
1871 1103 1955 1117 omnine

1773 1128 1902 1154 prohibetur.

1780 1839 1808 1860 De
1827 1839 1949 1860 visttstiona

1766 1874 1787 1892 et
1794 1871 1911 1891 visitatoris
1920 1869 1951 1890 ot-

1765 1902 1812 1922 flcio
1841 1905 1862 1921 et
1886 1904 1950 1927 pate-

1766 1935 1827 1953 nale.
