2129 3223
42 223 94 252 An.
110 224 130 252 ζ’
155 224 223 251 ¹213

46 622 186 645 tur-mentum
198 623 221 645 fl-

38 653 130 675 dettuius
157 653 219 675 tonu-

38 686 71 706 nt·
84 685 147 710 regin.

56 2349 196 2375 ”ouationem

36 2381 113 2410 uctptt
152 2381 220 2403 luno·

36 2413 118 2434 Gentius
125 2420 130 2438 ς

830 221 1045 250 'NNOCEN'UU’
1070 224 1103 245 111
1128 223 1176 245 ΡΙ).

236 278 261 312 si
285 289 353 319 nos,
385 277 432 313 vel
457 276 570 323 aliquis
598 288 816 312 successorum
852 286 983 313 nostro-

236 339 306 362 rum
334 326 394 362 hoc
427 333 580 362 attentare
614 327 871 374 praesumpserit,
906 327 983 374 qui-

236 387 371 422 cumque
392 374 486 411 suerit
508 375 571 419 ille,
598 375 656 410 nisi
686 376 742 411 rite
769 377 983 411 commonitus

234 425 411 472 resipuerit,
447 424 535 460 cadat
570 437 586 460 a
615 425 681 460 iure
713 426 820 471 regni,
847 434 875 460 et
905 426 982 461 baec

234 474 340 509 charta
371 473 539 509 oblationis
561 482 591 508 et
620 475 836 509 concessionis
860 483 982 509 nostrae

233 534 360 570 semper
386 522 474 558 firma
503 531 694 571 permaneat.

282 571 352 619 Ego
373 572 528 608 lohannes
552 572 607 608 Dei
635 573 732 620 gratia
761 584 813 607 rex
850 573 981 620 Angliae

233 629 263 656 et
293 621 443 657 dominus
482 621 665 663 Hiberniae,
693 621 732 657 ab
765 621 823 657 hac
850 621 924 657 hora
952 623 980 657 in

233 678 324 706 autea
351 670 453 707 fidelis
474 683 528 706 ero
549 671 629 716 Deo,
655 679 685 706 et
706 670 797 707 beato
822 671 929 711 Petro,
952 680 982 707 et

233 719 393 756 Ecclesiae
412 720 587 764 Romanae,
614 733 650 756 ac
677 721 806 756 domino
834 733 904 756 meo
922 721 982 755 Pa-

233 781 289 816 pae
328 769 532 811 Innocentio,
571 771 705 817 eiusque
745 769 981 805 successoribus

232 819 387 855 catholice
408 819 607 855 intrantibus.
642 819 711 854 Non
735 831 789 854 ero
811 820 841 854 in
880 819 981 863 sacto,

231 866 328 910 dicto,
360 881 529 908 consensu,
563 869 609 903 vel
642 869 792 911 consilio,
821 877 853 903 ut
889 870 979 903 vitam

230 917 376 964 perdant,
403 918 451 953 vel
473 918 626 961 membra,
660 918 706 953 vel
730 917 808 953 mala
837 918 981 965 captione

230 967 405 1014 capiantur.
441 967 559 1003 Eorum
595 968 762 1007 damnum,
797 968 821 1002 si
846 968 980 1006 scivero,

231 1015 414 1064 impediam,
442 1026 472 1052 et
494 1029 656 1052 remanere
679 1016 800 1055 faciam,
816 1017 840 1051 si
857 1025 979 1064 potero,

229 1065 368 1114 alioquin
395 1067 440 1101 eis
461 1079 556 1114 quam
578 1066 669 1102 citius
692 1073 800 1113 potero
817 1066 980 1110 intimabo,

230 1113 277 1150 vel
304 1115 358 1151 tali
383 1128 535 1163 personae
563 1116 682 1156 dicam,
711 1127 805 1162 quam
834 1116 879 1151 eis
911 1127 980 1151 cre-

229 1163 301 1201 dam
326 1177 382 1213 pro
403 1174 488 1201 certo
510 1165 678 1200 dicturum.
701 1164 877 1200 Consilium
895 1164 978 1211 quod

230 1213 308 1249 mibi
328 1214 524 1250 crediderint
547 1226 602 1261 per
624 1226 668 1258 se,
693 1213 737 1248 vel
758 1225 812 1260 pcr
831 1215 979 1252 nuncios,

229 1275 284 1298 seu
306 1262 426 1299 litteras
452 1276 524 1299 suas
551 1271 707 1298 secretum
731 1263 861 1306 tenebo,
889 1272 917 1296 et
942 1263 978 1298 ad

229 1324 337 1348 eorum
357 1312 509 1355 damnum
530 1313 606 1348 nulli
624 1312 758 1359 pandam
779 1324 828 1347 me
845 1313 977 1347 sciente.

229 1359 457 1398 Patrimonium
494 1363 574 1397 beati
608 1361 705 1402 Petri,
741 1370 769 1396 et
805 1361 980 1408 specialiter

229 1423 360 1460 regnum
384 1411 527 1459 Angliae,
559 1419 589 1447 et
617 1423 748 1458 regnum
787 1409 978 1451 Hiberniae,

228 1461 354 1497 adiutor
379 1473 433 1497 ero
454 1461 491 1497 ad
515 1460 708 1499 tenendum,
742 1467 772 1494 et
805 1459 979 1503 defenden-

228 1510 305 1546 dum
339 1520 446 1546 contra
482 1522 593 1545 omnes
626 1509 772 1545 homines
808 1521 864 1556 pro
888 1521 979 1556 posse

229 1571 311 1596 meo.
334 1560 390 1596 Sic
413 1559 498 1595 Deus
519 1572 569 1595 me
592 1559 730 1598 adiuvet,
753 1567 782 1594 et
804 1558 882 1593 hacc
911 1571 979 1593 san-

228 1621 277 1645 cta
304 1608 364 1646 Dei
391 1609 575 1656 Evangelia,
609 1616 686 1644 teste
710 1621 759 1643 me
782 1609 862 1655 ipso,
894 1608 977 1654 apud

228 1657 359 1694 donem
395 1658 523 1694 Militiae
556 1658 678 1705 Templi
711 1658 794 1692 iuxta
823 1656 977 1691 Doveram

227 1720 299 1744 cora
316 1720 332 1741 ···
376 1707 506 1743 domino
557 1707 698 1742 Henrico
736 1707 979 1753 archiepiscopo

228 1755 438 1797 Dublinensi,
479 1757 608 1791 domino
647 1756 785 1790 Iohanne
829 1755 979 1801 episcopo

229 1805 435 1850 Norwicensi,
468 1805 610 1841 Galfrido
640 1805 705 1839 filio
737 1804 820 1839 Petri
856 1805 980 1839 comitis

229 1853 331 1890 Essex
353 1855 519 1890 iustitiario
539 1863 655 1894 nostro,
679 1853 842 1889 willelmo
865 1853 979 1888 comite

229 1902 463 1940 Saresberiensi
494 1903 586 1939 fratre
625 1911 744 1944 nostro,
780 1902 832 1937 W.
861 1902 980 1937 Mares-

229 1951 310 1989 callo
331 1954 446 1988 comite
466 1953 634 1997 Pembroe,
650 1952 687 1987 R.
710 1952 824 1988 comite
842 1952 978 1993 Bonon.,

229 2000 286 2037 W.
322 2003 437 2038 comite
462 2001 640 2045 Warenae,
666 2001 705 2037 G.
733 2003 848 2037 comite
883 2000 980 2036 Win-

231 2050 380 2096 toniensi,
413 2051 469 2086 W.
496 2052 612 2086 comite
646 2050 812 2092 Arundell,
839 2050 893 2085 W.
925 2062 980 2085 co-

231 2101 307 2136 mite
333 2100 374 2136 de
399 2100 563 2144 Ferrariis,
585 2100 653 2135 —>W.
683 2099 853 2143 Broubert,
886 2098 979 2135 Petro

231 2149 297 2185 lilio
319 2148 476 2193 Herberti,
505 2149 640 2185 Warino
662 2149 725 2185 filio
746 2148 889 2189 Geroldi,
924 2149 982 2183 ‹le-

231 2199 427 2247 cimoquTnto
454 2199 505 2234 die
533 2199 625 2243 maii,
654 2210 736 2233 anno
771 2199 858 2245 regni
885 2199 980 2233 nostri

231 2247 482 2297 decimoquarto.

281 2295 345 2333 Nos
365 2306 469 2334 autem
511 2297 701 2332 oblationem
735 2305 765 2331 et
799 2297 982 2332 concessio-

233 2358 304 2382 nem
333 2346 515 2383 huiusmodi
549 2347 600 2393 pie
633 2358 669 2380 ac
702 2345 829 2393 provide
864 2347 981 2390 factas,

233 2403 337 2442 gratas
358 2405 389 2432 et
411 2405 492 2432 ratas
519 2395 681 2435 babenteS,
712 2407 876 2441 personam
897 2405 980 2430 tuam

233 2453 263 2479 et
284 2457 433 2492 personas
454 2445 623 2481 haeredum
648 2452 773 2479 tuorum
804 2456 874 2479 cum
899 2456 984 2492 prae-

234 2493 327 2529 dictis
349 2496 455 2542 regnis
487 2503 516 2530 et
553 2493 752 2542 pertinentiis
785 2494 983 2539 eorumdem,

1653 214 1722 247 287

1024 276 1104 312 beati
1146 277 1231 312 Petri
1257 286 1289 312 et
1317 287 1420 314 nos-tra
1445 280 1638 327 protectione
1673 279 1776 314 susci-o

1025 326 1140 374 pimus,
1168 326 1236 370 tibi,
1263 336 1293 362 et
1322 328 1398 375 ipsis
1425 329 1601 364 secundum
1625 329 1795 391 praescri·1
1812 338 1969 391 sxa-ignca,

1799 378 1810 390 0
1872 378 1882 390 (⁸
1900 378 1910 390 ss
1956 379 1960 391 Ι

1787 409 1807 423 iu
1822 401 1905 422 tendum

1026 384 1107 422 ptam
1147 375 1277 411 formam
1302 377 1340 412 de
1367 379 1527 413 communi
1551 378 1685 414 consilio
1717 378 1774 413 fra-

1024 433 1105 459 trum
1131 433 1308 461 nostrorum
1332 427 1510 474 supradicta
1542 440 1635 474 regna
1662 440 1773 463 conce-

1024 473 1136 509 dentes
1159 476 1187 509 in
1217 475 1357 516 feudum,
1380 484 1410 511 ct
1432 479 1586 524 praesenti
1611 477 1773 524 privilegio

1023 523 1260 568 confirmantes,
1280 525 1318 559 ita
1341 525 1426 572 quod
1450 526 1583 572 quilibet
1603 526 1771 562 haeredum

1024 581 1148 608 tuorum
1191 586 1262 608 cum
1307 575 1393 620 regni
1422 587 1568 611 coronam
1604 577 1773 623 acceperit,

1024 622 1152 659 feudum
1176 623 1358 658 huiusmodi
1394 624 1527 660 Summo
1563 625 1708 660 Pontifici
1743 633 1773 660 et

1023 671 1184 707 Romanae
1215 672 1375 708 Ecclesiae
1416 673 1539 720 publice
1570 682 1774 720 recognoscat

1023 729 1052 755 et
1094 722 1139 757 eis
1172 721 1327 757 fidelitatis
1365 722 1509 758 exhibeat
1549 724 1771 758 iuramentum.

1024 770 1105 805 Nulli
1130 783 1204 817 ergo
1226 772 1356 807 omnino
1379 771 1542 808 hominum
1572 773 1664 808 liceat
1693 773 1773 808 hanc
1828 784 1916 805 uum.

1024 820 1166 866 paginam
1194 829 1319 856 nostrae
1346 822 1562 857 concessionis
1599 831 1629 857 et
1657 822 1774 857 confir-

1023 869 1169 904 mationis
1192 870 1372 917 infringere,
1397 871 1442 906 vel
1458 872 1486 905 ei
1509 884 1586 906 ausu
1606 871 1773 907 temerario

1022 919 1189 954 contraire.
1230 918 1262 954 Si
1293 920 1364 967 quis
1395 929 1498 955 autem
1526 921 1586 956 hoc
1622 929 1774 956 attentare

1024 969 1281 1016 praesumpserit,
1305 969 1555 1016 indignationem
1571 970 1775 1017 omnipoten-

1022 1017 1062 1052 tis
1088 1017 1160 1062 Dei,
1187 1030 1224 1053 ac
1246 1018 1407 1054 beatorum
1432 1019 1514 1054 Petri
1539 1028 1568 1054 et
1595 1019 1683 1054 Pauli
1701 1032 1774 1067 apo-

1022 1066 1173 1101 stolorum
1197 1068 1266 1102 eius
1292 1080 1325 1103 se
1348 1070 1467 1103 noverit
1496 1069 1707 1104 incursurum.

1071 1116 1141 1150 Dat.
1182 1116 1338 1161 Laterani,
1377 1130 1430 1164 per
1464 1130 1590 1153 manum
1618 1117 1771 1166 Raynaldi

1021 1165 1177 1213 acolythi,
1214 1175 1245 1201 et
1272 1166 1423 1213 capellani
1453 1167 1573 1202 domini
1596 1167 1771 1203 iunocentii

1022 1213 1125 1260 Papae
1153 1216 1252 1259 tertii,
1279 1216 1421 1251 secundo
1449 1229 1548 1252 nonas
1578 1216 1771 1258 novembris,

1022 1263 1193 1299 indictione
1230 1265 1379 1305 secunda,
1415 1266 1640 1301 incarnationis
1666 1266 1773 1301 domi-

1022 1312 1110 1347 nicae
1143 1325 1225 1348 anuo
1263 1314 1430 1350 millesimo
1466 1314 1687 1351 ducentesimo
1721 1316 1773 1351 de-

1020 1362 1102 1396 cimo
1140 1363 1249 1403 tertio,
1290 1363 1493 1411 pontificatus
1526 1376 1597 1400 vero
1629 1364 1771 1400 eiusdem

1021 1410 1139 1445 domini
1162 1411 1339 1447 innocentii
1361 1425 1445 1449 anno
1471 1413 1696 1450 sextodecimo.

1030 1471 1090 1501 Dat.
1108 1473 1154 1502 die
1169 1473 1187 1502 4
1205 1474 1371 1504 novembris
1389 1474 1476 1513 1213,
1494 1474 1596 1514 pontif.
1612 1484 1688 1506 anno
1704 1485 1757 1507 xvr.

1327 1625 1468 1660 xcviii.

1023 1696 1223 1739 Confirmatio
1254 1698 1401 1731 bonorum
1438 1699 1572 1731 omnium
1606 1710 1642 1732 ac
1670 1701 1770 1745 privi-

1069 1745 1218 1788 Ieyiorum
1244 1749 1392 1779 concessio
1412 1749 1597 1780 monasterio
1620 1748 1770 1782 Gembla-

1069 1796 1148 1826 censi
1170 1795 1230 1834 (d).

1288 1868 1502 1900 SL‘MMARIUM

1021 1927 1208 1959 Prooemium
1224 1946 1263 1952 —
1280 1929 1488 1961 Monasterium
1504 1932 1558 1961 hoc
1581 1932 1636 1963 sub
1657 1937 1771 1970 aposto-

1061 1973 1114 2003 lica
1134 1975 1313 2013 proiectione
1331 1970 1445 2015 recipit:
1460 1992 1500 2001 -ν
1518 1974 1656 2016 ssonaque
1675 1977 1770 2006 omnia

1061 2018 1085 2047 ei
1106 2018 1269 2048 confirmat.
1290 2034 1330 2041 —
1352 2019 1510 2049 Confirmat
1534 2029 1650 2059 quoque
1676 2020 1771 2050 eidem

1060 2062 1233 2092 donationes
1251 2072 1365 2092 omnes.
1391 2079 1430 2086 -—
1452 2062 1606 2102 Privilegia
1630 2063 1771 2094 nonnulla

1061 2105 1211 2144 elargitur.
1231 2123 1269 2128 —
1285 2106 1453 2137 Clausulae.

1020 2180 1190 2209 innocentius
1210 2181 1353 2216 episcopus
1373 2188 1468 2210 servus
1482 2188 1621 2211 servorum
1639 2182 1695 2216 net.
1710 2183 1772 2212 Wit-

1065 2230 1145 2259 lelmo
1165 2230 1258 2258 abbati
1266 2231 1461 2260 Gemblacensis
1479 2232 1651 2262 monasterii.
1663 2232 1774 2268 eiusque

1065 2278 1202 2308 frati-thus
1220 2280 1278 2307 tam
1297 2280 1489 2315 praesentibus
1505 2286 1585 2316 quam
1604 2280 1710 2310 suturis
1730 2288 1771 2310 πει

1066 2328 1193 2363 {igiosam
1205 2328 1292 2356 vitam
1306 2327 1439 2363 protessis
1468 2329 1496 2357 in
1511 2329 1682 2365 perpetuum.

1073 2389 1242 2435 Religiosis
1256 2390 1422 2426 desideriis
1438 2390 1569 2438 dignum
1584 2400 1632 2427 est
1650 2391 1771 2428 facilem
1812 2394 1945 2416 ²¹¹⁰⁰¹¹²¹¹¹¹¹²=

1024 2438 1172 2485 praebere
1207 2451 1411 2480 consensum,
1453 2448 1485 2475 ut
1521 2440 1621 2477 fidelis
1647 2441 1773 2477 devotio

1024 2487 1157 2523 celerem
1180 2491 1328 2524 sortiatur
1350 2488 1511 2525 effectum.
1548 2489 1750 2546 Eapropter
1764 2519 1773 2537 ,

235 2550 268 2577 et
287 2544 438 2580 omnibus
460 2544 553 2579 bonis
570 2543 639 2579 aliis
654 2541 880 2578 rationabiliter
899 2554 985 2578 nunc
1024 2537 1129 2571 dilecti
1155 2538 1186 2572 in
1208 2537 1345 2573 Domino
1374 2538 1441 2580 filii,
1470 2541 1582 2575 vestris
1603 2541 1694 2576 iustis
1724 2553 1773 2588 po-

235 2594 403 2638 possessis,
424 2601 454 2629 et
475 2594 681 2641 imposterum
706 2591 908 2639 possidendis
925 2591 984 2628 sub

1060 2604 1099 2639 (t)
1116 2604 1155 2630 Ex
1172 2603 1274 2653 Baium!
1291 2604 1335 2632 lib.
1354 2612 1411 2640 xvi,
1428 2604 1514 2641 Epist.
1532 2605 1592 2635 ¹1⁸6.

1786 225 1835 252 An.
1854 223 1881 252 C¹
1902 225 1970 254 ¹2¹²
