2129 3223
46 259 95 288 An.
112 257 142 287 C.
163 257 228 286 ¹208

853 247 1064 274 isNOCEerts
1085 248 1121 270 lii
1146 247 1195 272 PP.

1653 232 1718 264 211

241 311 362 347 haeresi
384 321 439 357 per
461 319 550 343 suam
572 305 770 353 prudentiam
792 305 912 340 fortiter
933 315 984 339 ex·
1020 301 1167 338 Scientes
1201 300 1287 349 quod
1328 299 1514 335 sententiam
1563 309 1659 346 quam
1700 295 1774 344 ipsi,

241 361 354 410 pietur,
375 371 436 406 qua
463 369 519 405 per
545 356 628 391 illius
650 355 818 403 nequitiam
838 354 983 390 suithac-

241 419 332 446 tenus
369 407 501 455 turpiter
535 405 697 442 maculata:
739 405 811 452 quia
852 404 982 451 dignum

239 467 296 499 est,
326 465 359 493 ut
398 469 511 492 manus
549 456 690 491 omnium
732 464 837 490 contra
881 454 982 500 ipsum

239 509 405 554 insurgant
451 506 542 541 cuius
588 517 701 540 manus
735 504 835 539 extitit
877 511 983 538 contra

238 568 358 593 omnes.
390 555 485 599 Quod
523 555 548 590 si
589 566 646 590 nec
685 555 729 589 sic
767 553 888 589 vexatio
926 553 984 588 sibi

239 606 361 642 dederit
386 605 591 645 intellectum,
627 616 739 639 manus
785 611 907 638 nostras
954 603 984 636 in

239 669 313 692 eum
356 655 537 691 curabimus
579 654 690 690 fortius
730 665 908 700 aggravare.
951 651 985 687 Si

44 707 226 767 „3:3525205?
239 705 367 754 quando
399 717 474 740 vero
519 703 762 739 satisfactionem
806 702 985 748 promiserit

45 769 224 797 gusina-sim,
239 755 400 799 exhibere,
423 753 644 802 proculdubio
666 754 770 801 ipsum
794 752 870 788 haec
910 763 986 799 poe-

45 804 66 824 ““
80 801 208 822 “””“’“““”
239 805 393 841 nitudinis
409 816 484 839 suae
499 804 587 851 signa
602 803 803 851 praemittere
815 801 986 850 oportebit,

238 863 273 891 ut
291 854 332 890 de
353 862 418 889 toto
447 854 572 900 penitus
614 865 707 900 posse
752 864 810 887 suo
852 851 986 898 depellat

239 904 397 953 pravitatis
443 903 618 939 haereticae
653 910 834 943 sectatores,
881 909 912 937 et
952 913 986 937 se

238 959 306 1007 paci
343 966 461 1005 satagat
500 957 669 993 conciliare
705 957 874 1001 fraternae,
913 969 984 992 cum

238 1011 452 1060 principaliter
489 1019 618 1059 propter
649 1011 775 1058 culpam
815 1023 910 1058 quam
954 1011 984 1044 in

238 1073 370 1113 utroque
397 1065 538 1101 noscitur
568 1065 779 1105 commisisse,
828 1065 859 1099 in
912 1076 984 1099 eum

237 1119 444 1155 ecclesiastica
472 1119 564 1154 fuerit
590 1119 707 1167 prolata
723 1131 864 1154 censura:
880 1131 987 1166 quam-

237 1186 331 1222 quam
353 1175 379 1209 si
401 1186 474 1208 suas
508 1172 666 1208 Dominus
708 1173 890 1220 iniquitates
933 1185 987 1207 vo—

239 1229 333 1264 luerit
353 1228 531 1268 observare,
559 1227 607 1262 vix
636 1228 735 1275 possit
762 1239 898 1274 congrue
933 1240 986 1262 sa-

239 1283 473 1328 tissacere,non
511 1282 728 1317 tantummodo
772 1294 829 1329 pro
869 1281 985 1328 seipso,

237 1337 292 1372 sed
314 1349 372 1385 pro
392 1336 451 1372 alia
474 1335 677 1371 multitudine
716 1348 811 1382 qnam
856 1336 886 1370 in
934 1336 986 1370 la-

237 1404 356 1439 queum
379 1390 592 1426 damnationis
628 1389 761 1425 induxit.
796 1389 878 1432 Quia
914 1403 986 1425 vero

236 1445 410 1481 secundum
447 1443 635 1479 sententiam
669 1443 816 1479 Veritatis
856 1444 984 1479 timendi

238 1512 300 1535 non
325 1507 402 1534 sunt
437 1498 492 1545 qui
512 1500 628 1545 corpus
654 1497 812 1542 occidunt,
843 1497 897 1532 sed
932 1499 984 1546 qui

238 1560 341 1601 potest
359 1565 474 1600 corpus
495 1560 524 1587 et
546 1552 682 1586 animam
720 1551 842 1586 mittere
870 1552 900 1585 in
931 1565 987 1598 ge-

237 1607 386 1647 hennam,
413 1605 605 1641 confidimus
626 1613 656 1639 et
679 1617 844 1652 speramus
873 1605 901 1639 in
938 1618 986 1640 eo.

237 1662 292 1708 qui
316 1669 350 1697 ut
370 1672 387 1696 a
409 1659 557 1695 fidelibus
589 1660 655 1694 suis
697 1660 841 1694 timorem
879 1661 988 1695 mortis

238 1715 384 1755 auferret,
410 1721 566 1753 mortuus,
593 1712 643 1747 die
682 1713 770 1748 tertia
807 1715 987 1753 resurrexit,

238 1768 322 1816 quod
346 1767 473 1816 praefati
492 1766 630 1802 bominis
668 1765 725 1801 Dei
769 1778 853 1801 mors
895 1779 988 1802 vene-

241 1822 330 1858 rabili
352 1822 437 1857 fratri
466 1828 573 1855 nostro
591 1820 824 1855 Conseranensi
838 1821 988 1868 episcopo

240 1885 270 1911 et
291 1876 406 1911 dilecto
434 1875 497 1910 filio
524 1874 627 1909 abbati
664 1873 865 1908 Cisterciensi
902 1875 989 1921 capo-

241 1930 367 1965 stolicae
393 1929 486 1964 Sedis
512 1928 634 1975 legatis,
650 1927 781 1975 aliisque
796 1927 989 1963 orthodoxae

243 1983 314 2019 tidei
337 1982 549 2018 sectatoribus
592 1994 653 2016 non
693 1982 796 2017 solum
845 1982 988 2017 timorem

242 2049 305 2074 non
326 2037 475 2077 inculcet,
497 2035 551 2070 sed
579 2035 729 2070 accendat
769 2048 920 2077 amorem,
957 2045 989 2071 ui

241 2093 311 2129 eius
336 2090 481 2138 exemplo
503 2090 556 2137 qui
588 2090 679 2125 vitam
715 2098 873 2126 aeternam
909 2099 990 2126 tem-

244 2145 341 2194 porali
365 2152 465 2181 morte
481 2143 614 2179 feliciter
624 2151 670 2178 est
686 2153 855 2188 mercatus,
870 2144 991 2179 animas

244 2211 317 2235 suas
339 2199 370 2234 in
398 2207 458 2233 tam
495 2197 632 2243 glorioso
654 2197 836 2239 certamine,
874 2198 898 2232 si
934 2211 992 2233 ne-

244 2264 332 2290 cesse
348 2253 452 2295 suerit,
481 2263 535 2298 pro
557 2250 684 2285 Christo
707 2263 823 2297 ponere
838 2263 900 2286 non
927 2251 991 2287 sor—

51 2311 232 2369 ,ffiu‘ii’fiffiss‘ssss
246 2306 376 2342 mident.
405 2305 496 2340 Unde
529 2304 724 2364 consulimus
757 2313 787 2339 et
827 2317 993 2340 monemus

28 2375 78 2395 <m
109 2373 233 2402 apostonci:
247 2372 358 2410 preces
383 2367 559 2408 praeceptis
580 2366 609 2393 et
645 2367 807 2405 praecepta
846 2359 994 2405 precibus

49 2405 124 2426 '¹⁸⁶⁰'
246 2414 453 2451 inculcantes,
477 2420 630 2460 quatenus
656 2411 828 2457 legatorum
852 2412 993 2458 ipsorum

247 2466 426 2502 salubribus
445 2465 571 2501 monitis
592 2473 623 2499 et
644 2463 800 2499 mandatis
831 2465 995 2500 efficaciter

249 2520 461 2565 intendentes,
483 2528 640 2567 tamquam
667 2527 796 2553 strenue
835 2519 995 2553 commili-

249 2582 340 2610 tones
364 2574 518 2610 assistatis
539 2572 657 2608 eisdem
681 2571 711 2605 in
734 2571 883 2607 omnibus
917 2584 996 2619 quae

1023 369 1085 392 non
1113 356 1217 392 solum
1245 356 1275 390 in
1299 353 1442 398 rebelles,
1464 352 1518 388 sed
1540 353 1633 387 etiam
1661 351 1692 386 in
1719 350 1776 402 de-

1023 411 1118 456 sides,
1146 409 1426 458 promulgaverint,
1445 419 1502 442 nos
1529 414 1627 442 ratam
1667 405 1775 441 baberi

1025 466 1240 513 praecipimus
1261 473 1292 498 et
1314 462 1533 497 inviolabiliter
1554 460 1725 496 observari.

1073 519 1188 555 Datum
1220 516 1368 553 Laterani
1406 523 1516 550 octavo
1554 514 1625 549 idus
1659 514 1776 553 martii,

1026 573 1229 621 pontificatus
1244 583 1317 606 vero
1339 570 1459 606 domini
1472 569 1650 605 innocentii
1672 567 1776 616 Papae

1026 627 1109 664 tertii
1131 639 1214 661 anno
1237 625 1414 660 undecimo.

1074 684 1134 715 Dat.
1153 684 1200 714 die
1218 683 1235 714 8
1255 682 1351 713 martii
1371 681 1456 718 1208,
1475 680 1576 721 pontif.
1595 689 1671 711 anno
1688 687 1726 710 xi.

1366 860 1445 895 LVI.

1067 944 1189 977 Civibus
1210 944 1344 977 Soram's
1367 943 1518 976 libertates
1539 948 1567 975 et
1587 943 1733 987 antiquas

1062 998 1223 1042 confirmat
1249 997 1420 1030 laudabiles
1446 997 1673 1031 consuetudines
1699 999 1756 1041 (l).

1295 1078 1510 1109 summum}

1029 1147 1148 1178 Soranis
1173 1146 1286 1176 civibus
1305 1145 1455 1175 libertates
1477 1149 1505 1175 et
1523 1144 1689 1177 laudabiles
1708 1157 1779 1178 con-

1065 1191 1238 1221 suetudines
1254 1191 1415 1220 confirmat.

1026 1259 1197 1288 Innocentius
1215 1259 1356 1294 episcopus
1375 1265 1471 1287 servus
1501 1265 1641 1288 servorum
1660 1259 1715 1293 Dei.
1741 1261 1777 1290 oi·

1071 1308 1150 1336 vibus
1167 1308 1284 1337 soi-anis.

1078 1376 1124 1410 Ad
1150 1375 1246 1410 ubera
1274 1383 1490 1411 sacrosanctae
1522 1375 1683 1412 Romanae
1715 1378 1779 1413 Ec-

1028 1431 1141 1465 clesiae
1162 1430 1270 1464 matris
1309 1439 1430 1465 vestrae
1469 1439 1628 1478 tamquam
1677 1432 1780 1467 devoti

1029 1485 1082 1519 filii
1108 1492 1316 1529 recurrentes,
1345 1485 1443 1532 ipsius
1481 1497 1536 1519 vos
1567 1485 1657 1520 decet
1695 1486 1780 1522 dulci

1028 1539 1106 1573 lacte
1129 1539 1252 1577 nutriri,
1277 1547 1308 1573 ut
1329 1539 1383 1586 qui
1408 1538 1571 1583 hactenus,
1591 1549 1780 1575 novercante

1029 1593 1164 1637 fortuna,
1177 1605 1257 1628 onus
1273 1593 1417 1640 portastis
1433 1593 1591 1628 indebitae
1603 1595 1779 1635 servitutis,

1029 1659 1113 1682 nuuc
1134 1646 1308 1694 opitulante.
1335 1647 1430 1692 gratia
1451 1647 1590 1682 solamen
1616 1648 1780 1683 inveniatis

1029 1702 1136 1736 solitae
1160 1701 1322 1735 libertatis.
1347 1701 1532 1748 Eapropter,
1551 1701 1655 1737 dilecti
1672 1703 1702 1737 in
1720 1703 1781 1738 Do-

1029 1756 1115 1790 mino
1148 1755 1215 1799 filii,
1246 1755 1357 1789 vestris
1393 1755 1483 1789 iustis
1519 1756 1781 1802 postulationibus

1029 1820 1116 1856 grato
1145 1817 1370 1844 concurrentes
1405 1822 1546 1852 assensu,
1584 1811 1781 1846 rationabiles

1031 1866 1197 1903 libertates,
1227 1864 1326 1898 bonos
1355 1877 1440 1905 usus,
1475 1872 1504 1899 et
1536 1866 1782 1900 consuetudines

1030 1919 1229 1967 approbatas,
1253 1931 1330 1965 quas
1350 1931 1365 1953 a
1389 1927 1529 1966 tempore
1555 1919 1687 1954 illustris
1702 1920 1782 1966 regis

1030 1973 1158 2020 Roget-ii
1182 1986 1283 2020 usque
1299 1973 1336 2008 ad
1361 1973 1481 2008 obitum
1504 1973 1779 2020 Willelmiregum

1030 2028 1156 2064 Siciliae
1165 2027 1328 2072 habuistis,
1343 2027 1429 2062 vobis
1445 2036 1572 2074 paterna
1591 2028 1782 2075 benignitate

1031 2081 1247 2123 concedimus,
1265 2090 1295 2116 et
1317 2081 1499 2116 auctoritate
1521 2081 1689 2128 apostolica
1709 2094 1781 2117 con-

1033 2136 1207 2179 firmamus,
1227 2144 1259 2170 ut
1286 2135 1347 2170 illis
1373 2134 1505 2170 licenter
1523 2136 1665 2180 utamini,
1688 2135 1780 2171 fidem

1033 2189 1124 2225 nobis
1150 2190 1304 2235 integram
1337 2189 1544 2224 observando.

1081 2244 1164 2278 Nulli
1187 2256 1261 2290 ergo
1302 2243 1430 2278 omnino
1477 2242 1643 2278 hominum
1691 2243 1781 2279 liceat

1034 2300 1115 2333 hane
1157 2298 1302 2344 paginam
1337 2306 1460 2332 nostrae
1492 2297 1706 2332 concessionis
1752 2306 1781 2332 et

1034 2351 1282 2387 confirmationis
1306 2358 1360 2385 etc.
1387 2350 1420 2385 Si
1443 2351 1514 2398 quis
1534 2359 1637 2386 autem
1659 2359 1713 2386 ecc.

1083 2405 1198 2440 Datum
1226 2404 1373 2439 Laterani
1410 2404 1600 2439 duodecimo
1634 2403 1784 2439 kalendas

1038 2459 1122 2503 maii,
1145 2459 1344 2506 pontificatus
1366 2470 1438 2493 vero
1465 2458 1584 2493 domini
1606 2458 1783 2494 Innocentii

1037 2513 1142 2560 Papae
1163 2512 1245 2548 tertii
1268 2525 1351 2548 anno
1379 2512 1557 2548 undecimo.

1068 2573 1130 2604 Dat.
1149 2574 1195 2604 die
1213 2574 1252 2605 ΞΟ
1269 2573 1371 2614 aprilis
1395 2574 1482 2611 1208,
1503 2574 1606 2614 pontis.
1624 2584 1700 2606 anno
1715 2580 1753 2607 xi.

252 2635 378 2676 propter
395 2628 454 2663 hoc
481 2627 571 2662 vobis
609 2624 755 2660 duxerint
790 2624 993 2672 iniungenda.
1014 2640 1020 2680 Ι
1073 2634 1112 2668 (tl
1129 2635 1167 2661 Ex
1184 2635 1285 2667 Baluz„
1303 2635 1346 2662 lib.
1367 2643 1404 2667 xi,
1423 2635 1506 2671 Epist.
1528 2636 1571 2662 66.

1790 239 1838 265 An.
1857 237 1883 264 C.
1905 236 1970 264 1208
