2129 3223
139 279 191 307 Αιι.
210 276 239 307 α
254 279 320 309 12³3
383 270 454 305 602

682 334 721 371 X.

336 407 535 452 Confirmatio
555 407 679 452 requlae
700 408 735 442 S.
769 407 938 452 Auyustini
949 419 1004 451 pro
1032 418 1080 440 or-

381 457 451 491 dine
471 457 606 501 fratrum
627 464 653 491 et
677 457 808 490 militum
835 457 994 500 hospitalis
1029 457 1078 489 le-

377 518 542 552 prosorum
563 508 673 542 Sancti
703 507 821 541 Lazari
854 507 1079 550 Hierosolymi-

381 564 457 590 tam.

329 631 479 661 Alexander
498 632 638 669 episcopus
663 638 759 661 servus
784 637 921 661 servorum
943 630 999 663 Dei,
1018 637 1078 659 ma-

375 681 465 717 gistro
489 682 520 711 ot
546 680 683 711 fratribus
700 681 848 718 hospitalis
865 680 1034 716 leprosorum
1050 681 1076 708 S.

374 731 469 760 Lazari
486 731 726 766 Hierosolymitani
750 731 852 759 ordinis
871 730 963 758 saneti
989 730 1077 765 Augu-

374 782 452 816 stini,
471 781 589 811 salutem
607 783 636 810 ot
658 781 837 817 apostoticam
854 776 1076 809 benedictionem.

378 844 459 880 Cum
486 857 502 880 a
526 844 615 879 nobis
639 844 766 892 petitur,
788 844 873 891 quod
897 844 1012 878 iustum
1028 851 1075 878 est

329 903 360 930 et
381 895 562 935 honestum,
589 902 651 929 tam
674 894 760 941 vigor
780 894 957 940 aequitatiS,
981 905 1074 940 quam

329 945 407 980 ordo
428 944 521 990 exigit
549 944 689 983 rationis,
712 951 746 977 ut
772 943 800 977 id
835 955 890 990 per
920 943 1075 978 sollicitu-

328 994 434 1030 dinem
457 993 550 1029 officii
578 995 674 1028 nostri
698 993 735 1028 ad
763 992 902 1027 debitum
926 991 1077 1039 perduca-

328 1053 380 1079 tur
400 1043 557 1080 effectum.
581 1042 626 1077 Ea
654 1050 789 1090 propter,
812 1041 916 1077 dilecti
941 1042 970 1077 in
1011 1041 1072 1076 Do-

329 1094 414 1129 mino
442 1093 508 1134 lilii,
535 1093 645 1127 vestris
685 1092 773 1127 iustis
811 1091 1075 1140 postulationibus

327 1152 416 1190 grato
437 1151 660 1178 concurrentes
673 1153 816 1185 assensu,
839 1142 977 1188 regulam
994 1141 1073 1176 beati

327 1193 512 1240 Augustini,
534 1204 627 1240 quam
652 1203 705 1227 vos
727 1192 865 1227 asseritis
894 1203 964 1226 esse
1001 1203 1075 1238 pro-

328 1243 437 1284 fessos,
459 1243 540 1278 sicut
557 1254 625 1277 eam
648 1241 799 1277 hactenus
812 1241 969 1282 servastis,
988 1241 1075 1276 vobis

327 1294 511 1328 auctoritate
547 1291 717 1347 apostolica
757 1291 1004 1330 confirmamus
1045 1299 1076 1325 et

327 1343 500 1390 praesentis
521 1342 629 1389 scripti
651 1341 815 1389 privilegio
828 1341 1075 1385 communimus,

327 1392 436 1427 eadem
463 1392 645 1428 auctoritate
661 1390 868 1426 nihilominus
891 1399 1075 1434 statuentes,

328 1450 361 1476 ut
387 1441 494 1488 regula
519 1442 583 1488 ipsa
611 1453 627 1476 a
655 1440 743 1475 vobis
769 1448 800 1475 et
838 1439 1076 1475 successoribus

327 1492 437 1527 vestris
451 1491 611 1539 perpetuis
629 1489 742 1525 futuris
754 1489 949 1536 temporibus
967 1488 1076 1524 obser-

327 1550 425 1576 vetur.

375 1589 461 1625 Nulli
482 1598 534 1625 etc.

375 1639 491 1676 Datum
512 1638 642 1686 Neapoli
664 1638 830 1674 undecimo
856 1637 973 1685 aprilis,
995 1649 1076 1672 anno

327 1690 440 1737 primo.

357 1746 419 1778 Dat.
444 1746 492 1778 die
515 1746 548 1776 11
570 1745 674 1785 aprilis
697 1745 784 1781 1255,
803 1744 905 1784 pontif.
928 1753 1005 1774 anno
1028 1754 1046 1775 1.

675 1869 728 1904 XI.

331 1944 490 1985 Quaedam
516 1943 699 1977 Parisiensis
729 1941 938 1985 Universptatis
963 1946 1078 1974 statuta

376 2000 482 2028 contra
516 1992 627 2038 fratres
661 1993 803 2026 ordinum
835 1991 1078 2025 Mendicamium

376 2043 496 2088 probat,
517 2042 668 2077 nonnulla
696 2047 854 2086 temperat,
878 2047 996 2073 caetera
1030 2050 1078 2072 re-

378 2093 486 2127 scindit
508 2093 563 2135 (1).

596 2158 812 2191 SUMMARlUM

329 2219 532 2252 Universitatis
542 2217 720 2248 Parisiensis
734 2216 989 2247 encomium—1.
999 2214 1078 2250 Quae

370 2263 528 2301 Gregorius
543 2260 578 2292 lx
595 2262 623 2292 in
639 2263 759 2300 gratiam
776 2260 980 2291 Universitatis
1006 2267 1077 2288 sun-

370 2314 450 2339 xerat
471 2307 570 2338 refert
591 2323 630 2329 -—
652 2305 766 2335 Fr·itres
792 2304 952 2334 Praedicat.
975 2308 1001 2332 et
1023 2302 1077 2332 Mi-
1098 2311 1100 2323 ⁴

371 2353 483 2384 noritae
502 2352 537 2383 ab
555 2362 587 2382 ea
610 2351 720 2390 repulsi
740 2350 775 2380 ad
787 2348 940 2379 Summum
960 2347 1080 2377 Pontifi-

371 2407 432 2428 cem
457 2397 613 2436 appellant.
639 2412 678 2417 —
701 2394 728 2426 2
746 2393 935 2423 Innocentius
961 2390 995 2421 lv
1015 2391 1077 2421 dis-

371 2442 485 2472 cordias
512 2439 719 2471 Universitatis
743 2438 832 2468 sedat.
855 2454 894 2460 —
915 2436 942 2467 3.
967 2435 1078 2466 Statuta
1099 2451 1101 2479 ς
1181 2476 1186 2481 ⁸
1643 2476 1649 2481 ·
1844 2477 1848 2481 ¹

1099 2512 1101 2518 ⁴
1121 2484 1284 2518 excitatur,
1307 2484 1338 2510 et
1359 2488 1413 2510 cor
1441 2484 1581 2511 nostrum
1605 2484 1664 2510 urit
1690 2487 1781 2509 curae
1811 2484 1869 2510 stt-

371 2547 409 2552 -—-
426 2530 453 2560 4.
474 2529 510 2559 De
534 2530 579 2560 liis
597 2538 647 2567 per
664 2527 717 2558 FF.
739 2527 957 2557 Praedicatores
981 2530 1008 2554 et
1024 2524 1079 2554 Mi-
1100 2524 1101 2533 ¹

372 2487 407 2515 ab
433 2485 623 2515 Universitate
649 2485 725 2514 edita
744 2487 842 2512 contra
871 2480 1079 2511 Mendicz.intes

373 2574 482 2604 noritas
500 2574 535 2604 ad
556 2572 660 2604 Sedem
678 2572 874 2611 Apostolicam
889 2570 1079 2610 appellatum.

438 2618 463 2647 5.
490 2617 532 2648 Ab
556 2617 726 2648 Innocentio
749 2620 871 2655 utraque
895 2624 962 2655 pars
985 2614 1080 2644 citata.

369 2679 408 2714 (l)
424 2679 463 2705 Ex
480 2679 629 2715 Wnddingo
645 2679 678 2705 ad
694 2686 791 2706 annum
812 2677 886 2704 1255.

905 280 1005 305 BULLA
1011 280 1042 303 m
1048 280 1092 303 ΠΜ
1119 279 1281 304 ROMANUM

1159 350 1198 357 —
1211 334 1239 364 ὃ.
1255 333 1418 365 Alexander
1432 333 1508 375 Papa
1524 334 1656 366 decernit
1672 337 1813 373 utsupra.
1826 351 1866 357 —

1161 378 1186 408 7.
1204 377 1243 408 De
1265 378 1460 410 licentiandis.
1479 397 1517 403 —
1534 381 1560 411 8.
1583 379 1621 410 De
1644 379 1779 410 facultate
1797 388 1865 409 can-

1159 423 1280 453 cellarii.
1308 440 1347 446 —
1374 424 1400 454 9.
1422 423 1461 454 De
1483 424 1665 455 baccalariis.
1691 440 1730 446 -
1751 423 1797 454 10.
1825 423 1863 453 De

1158 468 1317 506 magistris.
1331 485 1370 491 -
1386 469 1431 498 11.
1450 469 1488 499 De
1503 470 1667 499 cessatione
1686 468 1863 498 scholarum.

1158 529 1196 534 —
1217 511 1352 543 Clausula
1375 513 1529 552 derogans.

1117 579 1267 609 Alexander
1284 580 1425 616 episcopus
1446 587 1542 610 servus
1560 587 1698 610 servorum
1715 579 1772 613 Boi.
1804 582 1865 610 uni-

1161 630 1249 658 versis
1267 630 1411 665 magistris
1430 631 1459 658 et
1477 629 1645 658 scholaribus
1657 629 1862 659 Parisiensibns.

1166 691 1262 734 Quasi
1291 693 1408 739 lignum
1437 693 1514 727 vitae
1544 692 1574 727 in

1877 278 1929 307 An.
1941 277 1969 305 C.
1991 278 2060 307 ¹25⁸

1616 692 1757 740 paradiso
1791 693 1860 734 De·
1889 699 2026 722 Universltnti
2029 706 2038 721 ι

1875 729 1943 753 Parin
1946 733 2003 754 ensts
2018 737 2059 753 en-

1117 749 1147 776 et
1168 742 1256 789 quasi
1291 742 1416 777 lucerna
1444 742 1608 788 fulgoris
1603 755 1632 777 in
1668 742 1762 777 domo
1794 742 1842 778 Do
1825 755 1946 783 ο-ῐῐηιιιιι

1118 793 1194 826 mini
1221 799 1268 827 est
1308 792 1338 826 in
1380 800 1485 827 sancta
1519 791 1661 827 Ecclesia
1689 792 1861 827 Parisiensi

1116 841 1209 876 studii
1233 841 1407 888 disciplina.
1430 841 1516 876 Haec
1543 842 1660 889 quippe
1687 841 1770 876 velut
1802 842 1864 878 foe-

1117 890 1217 925 cunda
1239 891 1425 926 eruditionis
1447 903 1559 938 parens
1596 891 1634 925 ad
1670 891 1862 937 irrigandum

1116 940 1252 975 sterilem
1275 939 1360 981 orbis
1382 940 1503 982 faciem,
1525 940 1637 975 fluvios
1658 940 1697 976 de
1724 940 1863 976 sontibus

1116 990 1285 1037 sapientiae
1331 990 1474 1025 salutaris
1507 1002 1579 1024 cum
1627 991 1745 1037 impetu
1781 990 1863 1026 foras

1116 1041 1244 1074 mittens
1280 1039 1397 1087 ubique
1436 1047 1587 1074 terrarum
1624 1039 1681 1074 Dei
1721 1040 1863 1075 laetificat

1117 1089 1294 1134 civitatem,
1327 1097 1358 1124 et
1391 1090 1421 1123 in
1458 1088 1651 1136 refrigerium
1687 1090 1862 1124 animarum

1116 1139 1313 1185 flagrantium
1347 1138 1396 1174 siti
1419 1139 1564 1181 iustitiae⁷
1586 1151 1683 1187 aquas
1704 1138 1863 1175 doctrinae

1117 1189 1226 1223 dividit
1252 1188 1375 1236 publice
1403 1189 1433 1223 in
1473 1188 1592 1236 plateis.
1631 1187 1675 1223 lbi
1713 1189 1862 1224 nimirum

1116 1238 1277 1273 ordinatus
1299 1248 1346 1274 est
1369 1250 1423 1285 per
1444 1237 1668 1285 providentiam
1683 1237 1863 1273 Conditor-is

1116 1289 1153 1323 ad
1176 1300 1256 1335 opus
1276 1287 1315 1323 ad
1337 1291 1380 1332 (l)
1401 1287 1574 1323 custodiam
1601 1287 1765 1322 doctorum
1786 1287 1864 1323 ordo

1119 1338 1314 1385 praecipuus,
1337 1347 1372 1372 ut
1388 1337 1426 1373 ad
1450 1337 1528 1371 vitae
1553 1336 1687 1372 fructum
1727 1338 1863 1373 rationa-

1118 1388 1190 1422 bilis
1211 1396 1370 1423 creaturae
1400 1387 1533 1423 deducat
1572 1386 1717 1422 affectum
1733 1415 1742 1427 ,
1773 1400 1811 1422 ne
1833 1387 1865 1421 in

1117 1445 1244 1484 gustum
1272 1437 1381 1471 mortis
1407 1437 1499 1471 vetita
1527 1437 1638 1471 veteris
1674 1437 1866 1484 praevarica-

1118 1487 1211 1521 tionis
1234 1487 1377 1521 illecebra
1404 1487 1581 1520 seducatur.
1605 1485 1651 1520 lbi
1692 1486 1865 1521 humanum

1117 1548 1218 1580 genus
1239 1536 1400 1582 originalis
1422 1536 1613 1590 ignorantiae
1634 1536 1782 1570 caecitate
1808 1535 1866 1571 de-

1118 1572 1216 1620 l'orme
1240 1598 1295 1633 per
1316 1585 1525 1631 cognitionem
1548 1585 1610 1619 veri
1634 1584 1773 1629 luminis,
1804 1598 1866 1632 qua

1118 1635 1246 1670 scientia
1271 1635 1392 1682 pietatis
1418 1634 1606 1681 assequitur,
1634 1634 1753 1669 reddita
1776 1636 1868 1670 visio·

1119 1685 1165 1719 nis
1187 1685 1291 1731 specie
1315 1683 1508 1719 reformatur.
1537 1683 1581 1718 lbi
1610 1684 1778 1738 praecipue
1814 1684 1866 1720 dat

1118 1733 1276 1769 Dominus
1297 1732 1438 1788 Sponsae
1453 1746 1488 1768 os
1509 1741 1539 1767 et
1553 1734 1735 1780 sapientiam
1754 1745 1790 1768 ac
1811 1734 1868 1768 tin-

1118 1795 1210 1830 guam
1240 1783 1376 1831 mysticis
1402 1783 1536 1829 eloquiis
1557 1782 1723 1823 eruditam,
1749 1783 1799 1817 cui
1823 1795 1867 1818 re-

1118 1833 1228 1867 sistere
1249 1832 1356 1879 nequit
1379 1833 1483 1866 omnis
1504 1831 1674 1867 adversitas
1707 1832 1867 1879 improbo-

1120 1894 1200 1916 rum.
1230 1881 1269 1916 Ut
1291 1882 1387 1929 igitur
1408 1882 1555 1916 consortii
1580 1883 1670 1917 vestri
1693 1883 1867 1917 communi»

1119 1931 1220 1966 cabile
1257 1944 1293 1966 ac
1331 1943 1502 1966 commune
1540 1931 1688 1966 omnibus
1718 1931 1865 1976 bonum,

1119 1981 1204 2016 omni
1248 1981 1332 2027 pacis
1379 1981 1518 2015 custodia
1557 1993 1679 2016 servare
1718 1993 1866 2017 curemus

1119 2039 1148 2065 et
1174 2029 1396 2065 favorabilibus
1436 2030 1618 2077 patrociniis
1648 2032 1866 2076 communire,

1120 2092 1158 2114 ne
1186 2080 1216 2114 in
1244 2092 1414 2115 commune
1442 2079 1585 2127 publicae
1603 2080 1713 2115 salutis
1738 2081 1866 2116 exitium

1120 2129 1196 2164 illud
1223 2129 1344 2164 aemula
1372 2129 1531 2164 charitatis
1557 2138 1588 2165 et
1611 2130 1737 2165 unionis
1763 2130 1868 2165 invida

1120 2178 1276 2214 Satlianae
1298 2178 1482 2214 labefactare
1518 2179 1614 2225 possit
1641 2180 1775 2220 astutia;
1812 2180 1867 2214 in—

1119 2236 1235 2263 structa
1258 2229 1373 2275 quippe
1401 2228 1503 2263 modis
1529 2228 1809 2263 innumerabilibus
1829 2228 1867 2264 ad

1122 2277 1313 2317 nocendum,
1337 2279 1366 2312 in
1390 2278 1492 2316 nobis,
1519 2290 1598 2324 quos
1621 2278 1691 2312 licet
1722 2278 1868 2324 indignos

1121 2328 1242 2362 cunctis
1268 2327 1452 2362 mortalibus
1474 2327 1531 2362 Dei
1554 2327 1693 2374 dignatio
1722 2328 1868 2374 superin-

1122 2377 1249 2412 tendere
1272 2377 1367 2412 voluit
1393 2377 1432 2412 de
1453 2389 1590 2424 superno
1611 2376 1733 2422 fastigio
1754 2377 1868 2412 domus

1121 2438 1206 2465 suae,
1243 2427 1412 2474 praecipua
1455 2426 1677 2461 sollicitudinis
1711 2426 1868 2472 vigilantia

1123 2526 1226 2559 mulus
1247 2526 1401 2571 specialis.

1170 2575 1190 2621 g
1216 2579 1244 2608 l.
1267 2574 1350 2609 Olim
1373 2587 1460 2617 sane,
1481 2575 1561 2609 sicut
1583 2574 1771 2620 accepimus,
1795 2586 1867 2609 cum

1160 2640 1199 2674 (l)
1219 2640 1368 2675 Legendum
1386 2640 1443 2667 loco
1462 2642 1495 2665 ud
1511 2647 1574 2673 opus
1589 2641 1624 2665 ad
1639 2642 1794 2672 custodiam,
1810 2639 1867 2666 sor-

1124 2682 1171 2701 san
1189 2678 1222 2700 ud
1243 2679 1312 2701 imus
1328 2678 1483 2701 custodiam.
