2129 3223
61 262 109 290 Απ.
127 263 155 290 ε,
173 263 238 290 ¹252
850 259 1058 283 rx‘rsocnxrttts
1080 259 1112 281 iv
1136 259 1182 281 re.
1660 245 1728 278 557
1795 255 1842 281 An.
1861 254 1890 281 c,
1910 254 1976 281 {2³2

553 316 618 351 Lssx
648 319 703 351 30.

302 389 405 437 531.
444 388 600 424 Teneatur
638 394 795 434 praeterea
835 394 994 442 potestas,

59 440 239 501 ’'ng-¹5:³25&
253 451 309 474 seu
322 444 434 476 rector,
445 450 542 473 unum
552 438 591 473 de
599 436 809 473 assessoribus
820 449 895 477 suis,
903 447 996 483 quem

57 508 187 524 „se-sorem
219 505 239 524 ιι,
253 487 379 535 elegerit
405 487 610 522 dioecesanus
631 487 656 522 si
680 486 770 521 fuerit
785 498 943 533 praesens,
969 493 998 520 et

1039 313 1164 357 suerint,
1187 325 1289 360 neque
1311 325 1366 360 per
1388 312 1586 356 concionem,
1604 321 1707 358 neque
1724 321 1780 358 per
1807 314 1892 352 ww
1913 320 1977 342 rm-

1037 363 1217 403 consiiium,
1236 374 1337 409 neque
1364 362 1400 397 ad
1429 373 1537 397 vocem
1565 360 1673 408 popuii
1716 359 1781 395 ullo
1794 347 1978 399 iffissifffiffiffii'

1038 412 1144 457 modo,
1170 420 1222 447 aut
1249 412 1395 459 ingenio,
1422 410 1530 458 aliquo
1555 418 1696 458 tempore
1728 422 1782 444 va-

1038 462 1122 498 leant
1148 461 1289 497 relaxari.

57 533 162 555 nuntium.

1338 531 1406 566 Lex
1427 534 1483 567 55.

0 882 3 890 -
0 762 18 871 ⁴-„5‚<.4.

0 1254 24 1354 ἓ.

2 1395 5 1397 ,
23 1411 58 1451 ²:

255 536 454 585 inquisitores
477 536 625 584 praedicti
648 535 686 570 ab
708 535 885 582 Apostolica
915 534 998 570 Sede

253 586 327 630 dati,
349 586 471 621 mittere
493 599 564 621 cum
584 587 628 621 eis
649 584 914 632 quandocumque
943 596 998 619 vo-

253 635 378 675 luerint,
400 644 430 670 et
453 636 482 670 in
506 635 719 670 iurisdictione
735 634 877 678 civitatis,
906 641 998 680 atque

253 685 407 720 districtu.
435 685 496 727 Qui
520 697 668 726 assessor,
706 684 881 718 secuudum
914 683 997 731 quod

254 735 422 783 praedictis
445 734 682 782 inquisitoribus
709 733 809 768 visum
838 732 941 772 fuerit,
958 732 996 767 ibi

254 792 327 824 tres,
361 792 414 819 aut
441 784 548 832 plures
571 784 644 818 boni
683 783 851 817 testimonii
890 782 995 820 viros,

254 833 300 870 vel
327 842 423 870 totam
447 833 603 872 viciniam,
628 833 652 868 si
681 833 727 867 eis
753 832 920 871 videbitur,
957 832 999 866 iu-

253 881 516 930 rare'compeliau
538 882 621 930 quod
645 883 669 918 si
693 881 902 929 quosibidem
926 881 999 915 hae—

254 933 369 970 reticos
393 932 553 977 sciverint,
575 932 621 966 vel
649 931 730 966 bona
752 943 860 966 eorum
876 959 885 970 ,
914 930 997 977 quod

252 983 278 1019 si
299 994 378 1031 quos
399 982 520 1018 occulta
546 980 762 1017 conventicula
793 980 998 1020 celebrantes,

253 1044 309 1068 seu
336 1043 352 1067 a
383 1031 542 1067 communi
586 1030 821 1066 conversatione
859 1029 998 1064 fidelium

255 1082 313 1116 vita
340 1089 371 1116 et
393 1081 534 1116 moribus
555 1080 755 1119 dissidentes,
788 1079 833 1113 vet
867 1079 999 1114 creden-

244 1140 312 1172 tes,
339 1139 391 1166 aut
412 1130 604 1169 defensores,
627 1141 681 1164 seu
710 1136 929 1176 receptatores,
953 1127 998 1162 vel

255 1181 392 1216 fautores
415 1180 654 1218 haeretieorum,
677 1190 730 1213 eos
765 1178 854 1212 dictis
891 1177 999 1225 inqui-

254 1229 405 1265 sitoribus
435 1229 583 1264 studeant
606 1228 753 1262 indicare.
794 1227 862 1273 lpse
895 1235 998 1261 autem

255 1287 392 1326 potestas
411 1287 519 1314 contra
540 1285 700 1313 accusatos
723 1276 869 1324 procedat
891 1288 1001 1311 secun—

255 1329 330 1364 dum
353 1328 436 1375 leges
458 1327 618 1376 quondam
646 1326 799 1361 Friderici
840 1333 913 1361 tunc
947 1326 1001 1359 im·

257 1379 409 1426 peratoris
434 1377 560 1412 Paduae
585 1376 804 1424 promulgatas.

555 1448 622 1482 Lex
646 1451 702 1482 51.

306 1521 327 1569 S
353 1523 409 1556 52.
437 1520 594 1555 Teneatur
610 1519 739 1566 insuper
762 1525 909 1564 potestas,
945 1529 1000 1552 seu

0 1555 42 1601 {e
75 1571 131 1594 '²¹¹³
171 1574 244 1594 ΜΕΝ
258 1579 371 1610 rector,
407 1570 437 1604 in
470 1569 714 1604 destructionem
753 1567 939 1604 domorum.
972 1575 1001 1601 et

63 1605 110 1626 dte·
122 1607 170 1632 post
180 1610 246 1626 acen-

0 1619 4 1630 ³
37 1631 167 1657 “neonem
191 1640 246 1663 μοι-
259 1619 575 1656 condemnationibus
602 1617 761 1656 faciendis,
786 1626 815 1652 et
841 1617 873 1651 in
910 1615 1002 1651 rebus

0 1664 17 1682 Γ
52 1666 246 1688 ⁴⁸⁶²⁰¹²⁸ffi⁶⁰⁵
260 1670 404 1709 inventis,
442 1669 488 1704 vel
523 1668 682 1715 occupatis
715 1665 938 1713 consignandis
973 1673 1003 1700 et

0 2162 21 2325 „unu-vrrs
7 2124 16 2134 ,,
0 2074 4 2080 ·

62 1698 207 1725 exequendae.

259 1718 447 1758 dividendis,
474 1717 512 1752 de
552 1717 667 1765 quibus
697 1717 843 1763 superius
877 1715 999 1753 dicitur,

259 1768 338 1803 infra
359 1767 467 1803 decem
490 1767 557 1802 dies
579 1775 741 1813 postquam
757 1767 910 1800 accusatio
925 1764 1002 1798 facta

260 1817 364 1858 fuerit,
390 1817 466 1852 haec
487 1816 591 1851 omnia
627 1815 738 1861 exequi
773 1826 845 1849 cum
877 1813 1002 1854 effectu·,

260 1876 291 1903 et
316 1866 595 1902 condemnationes
611 1876 720 1899 omnes
742 1864 773 1898 in
797 1863 926 1910 pecunia
950 1876 1004 1897 uu-

261 1926 377 1952 merata
398 1916 475 1951 iufra
489 1923 551 1950 tres
578 1926 702 1949 menses
723 1913 846 1959 exigere
867 1921 897 1948 et
930 1912 1004 1947 divi-

261 1966 335 2001 dere
348 1966 429 2005 ilias,
447 1966 527 2000 sicut
549 1963 677 1999 inferius
698 1964 886 2003 continetur,
907 1970 937 1996 et
950 1974 1003 1997 eos

260 2016 314 2064 qui
337 2016 458 2052 solvere
481 2027 541 2050 non
565 2014 709 2060 poterint,
737 2011 840 2047 banno
858 2011 1002 2046 maleficii

261 2077 451 2112 supponere,
478 2072 509 2099 et
530 2064 632 2098 donec
653 2063 784 2101 solvant,
815 2062 844 2096 in
879 2073 1003 2096 carcere

261 2115 414 2156 detinere;
438 2114 574 2161 alioquin
609 2124 663 2160 pro
702 2111 750 2146 his
782 2111 939 2150 omnibus,
973 2118 1003 2145 et

262 2164 392 2212 siugulis
418 2164 608 2212 syndicetur,
634 2161 715 2197 sicut
745 2161 875 2196 inferius
910 2160 1003 2195 conti-

263 2223 365 2255 netur,
388 2222 419 2249 et
439 2215 569 2260 insuper
596 2220 736 2246 teneatur
757 2222 854 2246 unum
877 2210 915 2244 de
954 2223 1003 2244 as-

263 2263 449 2303 sessoribus.
466 2272 700 2310 quemcumque
722 2259 937 2299 dioecesanus,
957 2260 1003 2294 vel

263 2314 331 2349 eius
358 2314 500 2352 vicarius,
515 2322 543 2346 et
565 2310 638 2345 dicti
666 2309 866 2357 iuquisitores
895 2314 1004 2344 tiaere-

264 2364 395 2399 ticorum
423 2362 586 2401 volueriut,
608 2360 645 2394 ad
669 2360 745 2394 haec
768 2358 940 2407 peragenda
968 2359 1004 2393 fi-

264 2413 374 2448 deliter
394 2412 563 2458 assignare,
581 2419 612 2444 et
634 2417 753 2443 mutare
776 2421 830 2456 pro
854 2417 1004 2455 tempore,

265 2462 290 2497 si
312 2463 358 2497 eis
380 2462 479 2496 visum
502 2460 594 2495 fuerit
621 2468 845 2505 opportunum.

565 2527 630 2561 Lssx
654 2527 709 2559 32.

315 2596 336 2643 S
361 2599 418 2631 55.
439 2595 562 2630 Omnes
583 2603 688 2628 autem
728 2590 1007 2626 condemnationes

268 2645 313 2680 vel
338 2656 466 2692 poenae,
488 2655 568 2691 quae
582 2642 746 2678 occasione
761 2640 897 2675 haeresis
912 2639 1007 2674 factae

1086 608 1101 648 ξ
1128 607 1185 639 54.
1212 603 1369 638 Tenentur
1396 603 1526 650 insuper
1552 610 1699 650 potestas,
1726 614 1780 637 seu

1040 662 1156 694 rector,
1184 652 1287 688 omnia
1321 652 1402 687 bona
1428 652 1675 693 haereticorum,
1702 665 1782 700 quae

1040 715 1094 751 per
1121 703 1221 738 dictos
1243 701 1390 737 officiales
1421 701 1534 737 fuerint
1554 709 1705 749 occupata
1727 714 1780 736 seu

1040 753 1174 797 inventa,
1188 761 1217 787 et
1232 750 1510 787 condemnationes
1525 763 1580 798 pro
1598 751 1646 786 his
1661 752 1783 786 exadas

1039 802 1177 837 dividere
1199 802 1250 837 tali
1279 800 1390 836 modo:
1416 812 1477 835 una
1496 812 1567 848 pars
1588 799 1730 835 deveniat
1752 801 1781 834 iu

1039 850 1216 887 Commune
1241 851 1373 886 civitatis
1402 850 1447 886 vel
1480 850 1554 885 loci:
1592 849 1729 885 secunda
1752 849 1782 883 in

1040 901 1176 936 favorem
1208 909 1237 936 et
1259 900 1494 948 expeditionem
1517 899 1611 934 officii
1634 899 1725 934 detur
1743 899 1783 933 of·

1040 950 1212 995 ficialibus,
1251 951 1303 997 qui
1340 957 1414 984 tunc
1447 949 1571 996 negotia
1601 948 1668 996 ipsa
1707 960 1784 996 per-

1040 1001 1174 1046 egerint:
1192 1001 1279 1034 tertia
1298 1007 1432 1046 ponatur
1450 999 1481 1033 in
1499 998 1603 1045 atiquo
1621 1006 1686 1033 tuto
1704 998 1784 1041 loco,

1039 1049 1213 1085 secundum
1241 1048 1324 1096 quod
1348 1048 1440 1083 dictis
1467 1047 1653 1082 dioecesano
1680 1054 1711 1082 et
1739 1047 1785 1081 in-

1039 1098 1246 1146 quisitoribus
1273 1098 1428 1132 videbitur
1459 1096 1644 1132 reservanda
1669 1104 1701 1131 et
1731 1108 1785 1132 ex-

1040 1148 1206 1195 pendenda
1242 1159 1296 1194 per
1333 1147 1499 1182 consilium
1534 1141 1717 1181 eorumdem
1751 1147 1782 1180 in

1041 1198 1175 1233 favorem
1199 1197 1284 1240 fidei,
1310 1203 1340 1232 et
1366 1196 1404 1231 ad
1432 1196 1603 1231 haereticos
1626 1196 1785 1242 extirpan-

1041 1247 1108 1287 dos,
1148 1259 1209 1281 non
1245 1246 1389 1281 obstante
1422 1244 1602 1281 huiusmodi
1638 1244 1784 1280 divisioni

1040 1305 1157 1332 statuto
1184 1296 1300 1343 aliquo,
1322 1294 1447 1330 condito
1475 1303 1528 1330 aut
1559 1293 1735 1330 condendo.

1337 1366 1408 1401 Lex
1431 1369 1487 1400 54.

1090 1440 1109 1486 g
1138 1442 1194 1473 55.
1222 1438 1254 1473 Si
1282 1438 1354 1486 quis
1379 1446 1484 1472 autem
1513 1437 1552 1472 de
1578 1444 1702 1472 caetero
1728 1435 1785 1471 ati-

1041 1488 1124 1536 quod
1147 1489 1280 1523 istorum
1302 1495 1499 1528 statutorum,
1521 1494 1575 1521 aut
1593 1485 1787 1522 constitutio-

1042 1551 1118 1573 num
1148 1538 1344 1573 attentaverit
1371 1536 1487 1580 delere,
1514 1535 1707 1577 diminuere,
1737 1534 1786 1570 vel

1042 1595 1174 1628 mutare,
1201 1588 1269 1622 sine
1290 1586 1474 1621 auctoritate
1500 1585 1593 1620 Sedis
1618 1584 1787 1632 Apostoli-

1043 1649 1096 1672 cae
1118 1637 1254 1684 speciali,
1275 1643 1423 1683 potestas,
1445 1647 1501 1670 seu
1521 1642 1635 1675 rector,
1657 1635 1710 1682 qui
1731 1646 1786 1682 pro

1042 1694 1183 1732 tempore
1215 1685 1307 1720 fuerit
1337 1686 1367 1720 in
1394 1685 1445 1719 itta
1477 1684 1600 1720 civitate
1628 1684 1675 1719 vel
1706 1684 1786 1724 ioco,

1043 1744 1183 1770 teneatur
1203 1747 1273 1770 eum
1302 1743 1459 1781 tamquam
1487 1733 1685 1769 defensorem
1711 1733 1786 1768 hae-

1044 1785 1209 1820 reticorum
1250 1784 1409 1831 pubiicum
1449 1791 1480 1818 et
1517 1782 1689 1823 fautorem,
1729 1795 1787 1817 se-

1043 1835 1180 1870 cundum
1217 1834 1347 1869 formam
1384 1833 1608 1880 praescriptam
1636 1841 1787 1879 perpetuo

1045 1884 1165 1931 publice
1199 1883 1348 1918 infamare
1381 1891 1474 1930 atque
1496 1882 1607 1930 punire
1642 1882 1672 1916 in
1700 1881 1787 1916 libris

1043 1934 1269 1981 quinquaginta
1295 1932 1505 1979 imperialium
1528 1932 1558 1966 in
1581 1931 1714 1979 pecunia
1732 1944 1787 1967 uu-

1044 1992 1171 2023 merata,
1206 1995 1300 2030 quam
1333 1983 1360 2017 si
1393 1982 1519 2029 exigere
1546 1993 1610 2016 non
1631 1981 1786 2028 potuerit,

1020 2045 1114 2110 'eum
1143 2032 1286 2068 maleficii
1314 2032 1418 2066 banno
1451 2039 1618 2079 supponat,
1650 2030 1691 2065 de
1723 2043 1787 2077 quo

1043 2082 1137 2117 eximi
1166 2094 1227 2117 non
1255 2081 1368 2125 valeat,
1404 2080 1462 2116 nisi
1497 2081 1622 2116 soiverit
1657 2080 1785 2128 duplam

1043 2132 1146 2167 dictae
1168 2132 1319 2179 pecuniae
1341 2131 1557 2177 quantitatem.

1343 2210 1407 2244 Lssx
1430 2212 1486 2245 55.

1093 2293 1112 2339 g
1134 2293 1188 2326 56.
1212 2291 1368 2326 Teneatur
1388 2302 1462 2325 sane
1487 2297 1635 2337 potestas,
1657 2301 1713 2324 seu
1736 2301 1785 2323 re-

1044 2349 1121 2381 ctor,
1145 2340 1221 2375 infra
1243 2340 1351 2375 decem
1373 2339 1440 2374 dies
1457 2340 1506 2374 sui
1528 2339 1688 2386 regiminis
1709 2350 1786 2386 syn-

1045 2390 1146 2425 dicare
1165 2388 1403 2437 praecedentem
1426 2388 1566 2436 proxime
1588 2395 1784 2436 potestatem,

1045 2440 1090 2474 vel
1111 2448 1273 2483 rectorem,
1291 2447 1320 2473 et
1338 2438 1405 2473 eius
1421 2438 1512 2473 etiam
1529 2449 1712 2478 assessores,
1733 2450 1787 2485 per

1047 2497 1108 2524 tres
1130 2488 1209 2523 viros
1230 2487 1399 2523 catholicos
1423 2495 1453 2522 et
1482 2486 1588 2522 fideles
1609 2486 1726 2522 electos
1747 2487 1785 2522 ad

1045 2538 1106 2573 hoc
1132 2549 1187 2586 per
1205 2537 1438 2578 dioecesanum,
1461 2536 1487 2572 si
1510 2536 1603 2572 fuerit
1625 2548 1785 2584 praesenS,

1046 2596 1077 2623 et
1098 2599 1152 2636 per
1170 2586 1279 2623 fratres
1296 2586 1529 2622 praedicatores
1546 2593 1576 2622 et
1592 2585 1731 2622 Minores
1747 2586 1786 2622 de

1047 2636 1193 2672 omnibus
1220 2636 1280 2675 his,
1308 2648 1388 2684 quae
1415 2636 1445 2670 in
1472 2636 1595 2671 statutis
1625 2635 1702 2674 istis,
1729 2648 1786 2671 seu

1809 607 1861 634 Qun<
1878 608 1901 628 d«²
1917 608 1977 627 bonis

1796 639 1950 659 haereticorum

1812 1445 1874 1465 (jaret
1896 1450 1921 1465 ne
1945 1449 1981 1466 re-

1800 1476 1924 1496 scindantur
1936 1478 1981 1496 na-

1799 1509 1850 1527 tnta.

1815 2292 1841 2313 De
1852 2295 1931 2314 eisdem
1948 2295 1964 2314 ³?
1974 2306 1979 2309 v

1800 2325 1909 2344 servandis
1931 2331 1977 2351 pm*

1800 2355 1862 2376 videt.
