2129 3223
34 237 86 267 An.
103 237 133 266 C.
151 239 217 266 ¹267

63 568 174 592 huniam
179 588 182 592 .

40 1112 136 1136 Urbana·
168 1114 212 1136 Be-

27 1144 88 1170 ssntu
122 1150 210 1167 eumen

853 239 936 263 CLEM
941 240 997 264 ENS
1023 241 1057 264 lV
1078 241 1128 266 PP-

1642 235 1710 269 787
1776 247 1824 274 ‚tna
1843 248 1871 274 c.
1891 247 1956 274 iam

230 297 350 327 clemens
368 298 509 334 episcopus
527 305 622 327 servus
631 305 769 327 servorum
793 299 848 332 Dei.
868 299 977 328 dilectis
1016 295 1113 341 sectis,
1135 296 1278 343 sigillatis
1304 297 1415 344 sigillis
1442 300 1582 347 episcopi
1605 308 1635 335 et
1663 300 1759 336 abba-

273 347 338 377 flliis
356 348 483 378 ministro
507 348 613 380 maiori.
633 349 661 376 et
680 347 816 378 fratribus
841 349 975 378 universis
1015 353 1080 380 tum
1101 346 1330 391 praedictorum
1354 348 1478 394 plenius
1504 349 1689 384 continetur.

273 399 374 429 ordinis
406 399 520 427 sanctae
552 398 710 432 Trinitatis.
735 400 763 428 et
796 399 973 435 captivorum.

273 449 390 479 satutem
405 449 435 477 et
450 447 628 485 apostoticam
640 448 861 477 benedictionem.

277 522 311 557 ln
334 520 444 557 ordine
471 528 594 559 vestro,
621 519 752 566 eiusque
787 519 973 566 professori-

228 572 301 613 bus,
327 583 406 619 quos
439 570 562 605 sincere
583 568 757 615 diligimus,
791 568 822 604 id
849 581 973 615 semper

226 621 335 658 baberi
357 620 557 669 quaerimus,
584 626 619 652 ut
639 618 773 653 assiduis
807 618 973 665 spirituali-

227 671 286 707 bus
308 670 479 719 potissime,
505 681 542 704 ac
562 667 787 715 temporalibus
808 668 901 702 etiam
929 668 972 702 in-

226 721 394 757 crementis
416 718 581 766 proficiant
606 725 636 752 et
657 717 831 752 honestatis
853 716 971 752 fructus

225 770 425 807 delectabiles
450 767 609 816 proferant
639 774 670 802 et
702 766 852 807 honoris;
886 767 969 802 unde

225 829 310 857 recte
339 820 475 867 agimus,
502 818 527 852 si
556 817 606 861 iis,
631 828 712 863 quae
738 816 775 851 ad
798 816 873 851 liaec
897 829 969 863 pro-

224 870 377 906 movenda
409 876 439 903 et
473 879 511 903 ex
541 867 702 902 consultae
736 866 969 901 deliberationis

223 920 304 956 fiunt
325 917 536 967 providenda,
571 925 605 951 ut
637 916 825 951 inconcussa
852 916 882 950 in
912 928 968 962 po-

223 979 342 1006 sterum
377 974 597 1015 permaneant,
642 966 834 1001 auctoritatis
873 966 968 1001 robur

223 1018 412 1068 apostolicae
438 1016 635 1052 adhibemus.

272 1069 338 1118 Sl.
365 1067 491 1103 Dudum
508 1077 596 1110 sane,
618 1073 651 1099 ut
665 1065 857 1111 accepimus,
879 1064 967 1099 vobis

223 1118 274 1154 fet.
297 1130 359 1154 rec.
381 1116 509 1152 Urbano
536 1115 639 1162 Papae
661 1114 891 1161 praedecessori
907 1126 965 1149 no-

26 1175 289 1203 *τίδπητιεῑιιὶιειτο
318 1165 568 1215 exponentibus,
603 1163 686 1211 quod
722 1172 881 1211 praetextu
915 1163 965 1198 ob-

27 1207 138 1231 commisii.

32 2245 71 2274 Qui
86 2253 131 2268 um
153 2252 203 2268 eor-

19 2281 128 2303 rexerunt,

223 1218 397 1253 servantiae
432 1223 616 1250 statutorum
659 1221 689 1247 et
716 1213 840 1260 regulae
867 1213 965 1260 ipsius

221 1267 352 1306 ordinis,
377 1265 565 1313 plerumque
586 1262 797 1298 dubitationes
819 1262 965 1298 orieban-

221 1324 272 1352 tur
304 1315 473 1357 fratribus,
508 1325 544 1348 ex
571 1324 633 1360 quo
664 1313 742 1360 ipsis
776 1311 965 1347 habentibus

222 1365 430 1401 conscientias
455 1363 668 1410 scrupulosas,
689 1363 769 1398 circa
787 1362 961 1396 divinorum

220 1415 437 1451 executionem
459 1421 489 1448 et
511 1412 680 1447 utilitatum
710 1412 961 1459 procurationem

221 1463 450 1512 temporalium,
472 1461 572 1497 ordini
591 1461 727 1508 praefato
749 1460 962 1496 difficultatem

219 1514 403 1550 damnosam
431 1512 611 1559 frequenter
631 1511 729 1557 ingeri
751 1511 962 1557 contingebat,

219 1575 257 1600 ac
280 1575 376 1611 super
402 1563 463 1597 hoc
484 1561 571 1596 vobis
598 1573 653 1608 per
678 1560 881 1608 apostolicam
905 1573 963 1608 po-

218 1612 408 1649 stulantibus
424 1610 650 1660 providentiam
665 1610 840 1650 subreniri,
859 1610 962 1646 dictus

218 1662 441 1711 praedecessor
461 1659 629 1695 venerabili
658 1660 743 1695 fratri
766 1668 871 1695 nostro
899 1662 962 1709 epi-

217 1723 315 1760 scopo
340 1720 371 1747 et
397 1711 520 1746 dilectis
547 1710 619 1745 filiis
644 1709 750 1745 Sancti
776 1709 911 1745 Victoris
933 1720 962 1746 et

217 1761 351 1798 Sanctae
380 1759 558 1796 Genovet'ae
592 1759 757 1794 abbatibus
784 1759 961 1795 Parisiensi-

218 1811 296 1855 bus,
329 1810 397 1845 suis
431 1809 518 1844 dedit
542 1808 653 1843 litteris
678 1810 709 1843 in
737 1809 902 1851 mandatis,
928 1820 961 1845 ut

217 1866 276 1913 ipsi
297 1864 446 1901 facientes
470 1863 527 1898 sibi
551 1862 707 1910 praedicta
730 1871 841 1898 statuta
864 1872 893 1899 et
917 1877 962 1899 re—

216 1919 321 1967 gulam
343 1917 496 1961 exhiberi,
511 1930 546 1954 ac
564 1918 727 1964 diligenter
747 1919 961 1955 examinantes

216 1974 347 2016 eadem,
381 1973 575 2020 corrigerent
611 1980 642 2007 et
672 1980 844 2008 statuerent
879 1975 959 2009 circa

216 2028 294 2077 ipsa,
309 2035 413 2077 prout,
434 2026 608 2062 secundum
628 2026 743 2070 Deum,
758 2027 895 2074 ipsorum
915 2041 961 2064 sa-

215 2082 274 2118 luti
295 2090 326 2118 et
354 2082 478 2117 utilitati
506 2081 667 2116 memorati
701 2081 820 2116 ordinis
847 2094 958 2129 coguo-

215 2146 337 2174 scerent
361 2135 520 2184 expedire.

262 2190 284 2239 5
301 2193 334 2225 2.
356 2190 473 2225 Verum
493 2189 661 2238 episcopus
682 2198 712 2224 et
728 2189 856 2225 abbates
875 2203 960 2238 prae-

215 2245 309 2289 dicti,
345 2244 496 2280 facientes
528 2243 589 2279 sihi
617 2251 730 2279 statuta
757 2253 787 2279 et
819 2246 957 2292 regulam

215 2297 397 2333 huiusmodi
425 2297 581 2343 exhiberi,
606 2310 642 2333 ac
668 2310 704 2333 ea
734 2299 958 2340 examinantes.

216 2353 300 2388 iuxta
321 2352 452 2387 formam
476 2351 534 2387 sibi
557 2351 701 2387 traditam
722 2352 889 2399 diligenter
908 2355 958 2389 illa

215 2413 429 2447 coi-rexerunt,
451 2413 481 2441 et
501 2406 583 2441 circa
600 2405 667 2452 ipsa
693 2406 843 2442 nonnulla
865 2408 957 2443 etiam

215 2466 401 2505 statuerunt,
423 2468 517 2507 prout
543 2459 718 2495 secundum
741 2460 853 2506 Deum,
876 2475 958 2510 prae-

215 2513 371 2548 dictorum
405 2514 541 2550 ministri
576 2521 607 2549 et
641 2513 770 2549 fratrum
803 2515 893 2550 saluti
927 2526 957 2551 et

215 2566 338 2603 utilitati
365 2567 506 2603 eiusdem
534 2568 664 2611 ordinis,
688 2569 762 2615 ipsis
788 2569 889 2605 visum
910 2583 957 2606 ex·

214 2620 276 2657 titit
297 2621 458 2669 expedire,
484 2622 565 2657 sicut
587 2622 615 2657 in
644 2622 752 2657 litteris
778 2623 849 2658 inde
874 2636 956 2659 con-

1061 395 1081 442 S
1104 397 1134 429 3.
1150 395 1215 430 Nos
1231 397 1336 444 itaque
1352 398 1462 432 vestris
1476 398 1758 446 supplicationibus
1786 414 1807 435 ει
1824 416 1859 435 22:
1879 422 1888 436 Α
1903 415 1955 437 m.

1014 444 1168 485 inclinati,
1189 445 1272 492 quod
1296 458 1352 493 per
1374 447 1501 482 eosdem
1523 449 1706 496 episcopum
1728 458 1757 485 et
1771 446 1827 497 {2⁰²
1844 448 1942 467 '³⁰⁷¹''3m

1012 493 1139 529 abbates
1176 495 1307 540 proinde
1326 495 1440 531 sactum
1460 504 1506 532 est
1527 497 1558 532 in
1582 498 1639 533 hac
1659 507 1758 545 parte,

1013 553 1112 578 ratum
1140 543 1290 579 habentes
1319 553 1349 579 et
1376 545 1518 586 firmum,
1545 547 1620 583 illud
1648 557 1756 584 aucto-

1013 593 1100 628 ritate
1121 594 1290 640 apostolica
1312 594 1548 637 confirmamus3
1571 605 1695 633 tenores
1712 598 1757 632 lit-

1013 650 1147 677 terarum
1172 644 1311 690 ipsarum
1333 644 1372 679 de
1394 645 1489 680 verbo
1511 646 1548 680 ad
1567 646 1698 682 verbum
1717 649 1756 681 sa-

1012 692 1129 727 cientes
1145 692 1364 740 praesentibus
1378 695 1531 736 annotari,
1547 696 1600 743 qui
1616 697 1684 732 talis
1696 705 1752 731 est:

1317 771 1399 807 Cn.
1428 775 1455 806 1.

1058 843 1090 877 1η
1121 844 1249 878 nomine
1271 844 1404 879 Sanctae
1427 854 1457 880 et
1479 845 1661 882 lndividuae
1683 848 1754 883 Tri·
1781 857 1951 885 niwima-

1009 893 1124 928 nitatis.
1140 892 1264 929 Fratres
1277 894 1389 929 domus
1403 895 1523 930 ordinis
1536 895 1669 932 Sanctae
1684 897 1755 934 Tri-
1769 887 1808 908 ’π’

1009 943 1113 977 nitatis
1151 951 1180 977 et
1209 942 1435 990 Captivorum,
1475 945 1536 980 sub
1576 946 1753 984 obedientia
1781 956 1808 977 De
1832 961 1885 977 vous
1906 958 1949 978 ¹'=³-

1008 992 1136 1038 praelati
1169 992 1282 1028 domus
1303 1005 1393 1037 suae,
1415 995 1468 1041 qui
1491 995 1637 1031 minister
1659 1009 1749 1032 voca·
1767 991 1950 1045 ¹Ess¹¹¹g,2213.,„„.

1009 1042 1102 1082 bitur‚
1124 1041 1155 1076 in
1177 1043 1318 1078 castitate
1345 1050 1374 1078 et
1396 1044 1465 1079 sine
1488 1046 1614 1092 proprio
1636 1047 1750 1082 vivant.
1766 1051 1829 1074 ΨΜ

1006 1090 1068 1133 Qui
1096 1091 1206 1126 fratres
1227 1101 1310 1126 extra
1325 1091 1436 1129 domos
1453 1105 1529 1129 suae
1549 1095 1752 1142 professionis

1007 1140 1084 1175 mitti
1113 1152 1176 1175 non
1199 1141 1331 1182 valeant,
1353 1142 1412 1177 nisi
1436 1155 1492 1190 pro
1514 1144 1670 1180 scandalis
1691 1158 1751 1181 ma-

1006 1190 1115 1225 nifesta
1155 1191 1343 1237 poenitentia
1378 1191 1603 1239 indigentibus,
1626 1203 1657 1230 et
1695 1209 1751 1243 pro

1005 1239 1189 1274 allevatione
1211 1239 1377 1275 domorum
1400 1252 1582 1284 suarum,et
1601 1256 1656 1290 pro
1673 1257 1750 1280 nova

1005 1289 1098 1323 domo
1125 1289 1330 1335 aedificanda,
1357 1299 1386 1325 et
1420 1291 1451 1326 in
1475 1292 1534 1327 hoc
1566 1293 1633 1328 solo
1659 1306 1750 1339 casu,

1006 1338 1205 1385 provideatur
1242 1340 1287 1373 eis
1322 1349 1479 1388 tamquam
1519 1342 1602 1377 illius
1637 1343 1750 1380 domus

1006 1388 1163 1434 professis.
1192 1387 1312 1423 Omnes
1330 1402 1390 1433 τες,
1419 1390 1639 1439 undecumque
1667 1393 1750 1430 licite
1778 1402 1804 1423 De
1842 1406 1944 1425 dumon-

1004 1438 1139 1477 veniant,
1157 1437 1188 1471 in
1206 1446 1270 1473 tres
1289 1448 1392 1486 partes
1402 1439 1579 1476 dividantur
1590 1443 1748 1489 aequales,
1762 1433 1870 1457 ⁵⁰⁰⁰‘um'

1003 1495 1032 1521 et
1066 1487 1096 1521 in
1128 1496 1279 1534 quantum
1314 1487 1395 1523 duae
1433 1498 1535 1537 partes
1567 1491 1747 1533 sufficiunt,

1003 1545 1200 1584 exequantur
1221 1549 1258 1572 ex
1284 1537 1346 1573 illis
1372 1550 1467 1586 opera
1490 1540 1746 1583 misericordiae,

1003 1598 1072 1621 cum
1104 1586 1153 1621 sui
1181 1587 1320 1634 ipsorum
1352 1595 1382 1623 et
1414 1589 1459 1624 eis
1486 1591 1663 1626 necessario
1695 1591 1747 1627 fa—

1003 1635 1190 1671 mulantium
1209 1636 1366 1672 moderata
1387 1640 1625 1675 sustentatione.
1641 1641 1745 1677 Tertia

1003 1697 1073 1720 vero
1114 1698 1184 1732 pars
1221 1696 1393 1722 reservetur
1426 1688 1463 1722 ad
1499 1688 1744 1736 redemptionem

1001 1735 1207 1781 captivorum,
1229 1737 1281 1783 qui
1304 1747 1376 1772 sunt
1400 1737 1581 1773 incarcerati
1607 1752 1662 1787 pro
1684 1740 1745 1776 fide

1001 1784 1116 1819 Clu-isti
1138 1797 1153 1819 a
1177 1786 1323 1833 paganis,
1360 1786 1405 1821 vel
1433 1788 1504 1822 dato
1527 1790 1626 1835 pretio
1654 1792 1746 1826 ratio-

1002 1833 1095 1868 nabili
1123 1847 1179 1882 pro
1210 1835 1426 1884 redemptione
1458 1838 1597 1884 ipsorum
1631 1848 1662 1874 et
1690 1854 1746 1888 pro

1001 1883 1217 1931 redemptione
1244 1897 1433 1932 paganorum
1461 1889 1678 1934 captivorum,
1713 1898 1746 1925 ut

1002 1942 1104 1978 postea
1137 1935 1311 1969 rationabili
1335 1938 1580 1972 commutatione
1607 1947 1637 1974 et
1663 1939 1744 1975 bona

1000 1982 1060 2017 fide
1101 1983 1271 2018 redimatur
1302 1984 1491 2021 christianus
1519 1999 1575 2035 pro
1605 2001 1744 2035 pagano,

999 2032 1174 2067 secundum
1203 2034 1309 2069 merita
1333 2043 1363 2069 et
1389 2045 1505 2071 statum
1528 2049 1743 2084 personarum.

999 2080 1081 2117 Cum
1103 2095 1177 2118 vero
1205 2084 1337 2129 pecunia
1364 2084 1434 2119 data
1468 2085 1580 2131 suerit,
1608 2087 1654 2122 vel
1685 2088 1744 2122 ali-

999 2131 1073 2179 quid
1097 2132 1179 2166 aliud
1203 2133 1290 2175 (licet
1312 2135 1488 2180 specialiter
1509 2145 1536 2170 et
1561 2137 1686 2183 proprie
1705 2137 1743 2172 ad

999 2189 1118 2215 certum
1140 2186 1251 2226 usum)
1274 2195 1399 2230 semper
1421 2184 1459 2219 de
1482 2197 1636 2220 consensu
1661 2187 1746 2222 illius

999 2231 1052 2277 qui
1071 2230 1203 2275 dederit,
1225 2232 1249 2266 si
1274 2245 1421 2279 praesens
1442 2233 1546 2273 suerit,
1566 2236 1653 2270 tertia
1673 2248 1743 2282 pars

999 2289 1170 2327 separetur,
1198 2281 1257 2315 nisi
1281 2281 1413 2317 donator
1439 2296 1493 2329 per
1513 2296 1547 2318 se
1571 2285 1674 2330 ipsum
1695 2285 1742 2320 rel

999 2337 1231 2375 procuratorem
1247 2331 1408 2372 idoneum,
1425 2331 1562 2374 fratrem,
1575 2335 1619 2368 vel
1634 2333 1741 2378 alium,

999 2379 1027 2413 id
1056 2379 1085 2413 in
1109 2391 1186 2414 usus
1207 2379 1323 2415 domus
1344 2383 1508 2428 expendat.
1536 2381 1569 2417 Si
1590 2395 1662 2417 vero
1684 2383 1742 2418 do-

999 2436 1087 2462 nator
1113 2428 1226 2463 absens
1257 2429 1366 2471 fuerit,
1398 2431 1437 2465 ita
1464 2431 1547 2478 quod
1576 2433 1742 2468 commode

1000 2489 1060 2512 non
1077 2479 1175 2525 possit
1196 2479 1266 2512 eius
1287 2491 1435 2514 assensus
1457 2480 1580 2520 haberi,
1603 2483 1649 2516 vel
1665 2483 1741 2531 alias

998 2526 1036 2561 de
1072 2527 1140 2561 eius
1167 2527 1323 2563 voluntate
1356 2538 1516 2573 constare,
1543 2539 1575 2564 ut
1615 2531 1644 2565 in
1682 2533 1741 2567 lioc

998 2588 1070 2610 casu
1097 2576 1142 2610 via
1171 2577 1282 2612 melior
1314 2586 1343 2612 et
1373 2579 1469 2613 tutior
1501 2588 1660 2626 teneatur,
1695 2583 1738 2617 rei

997 2625 1085 2660 datae
1102 2626 1188 2660 tertia
1210 2639 1280 2673 pars
1298 2636 1469 2674 separetur,
1484 2631 1622 2677 exceptis
1637 2632 1739 2677 terris,

1773 1699 1795 1720 Ei
1814 1702 1941 1726 redemi-um

1759 1736 1786 1752 nc
1805 1733 1933 1758 captivorum
