<?xml version="1.0" encoding="UTF-8"?>
<!DOCTYPE html PUBLIC "-//W3C//DTD XHTML 1.0 Transitional//EN"
    "http://www.w3.org/TR/xhtml1/DTD/xhtml1-transitional.dtd">
<html xmlns="http://www.w3.org/1999/xhtml" xml:lang="en" lang="en">
 <head>
  <title>
</title>
<meta http-equiv="Content-Type" content="text/html;charset=utf-8" />
  <meta name='ocr-system' content='tesseract 3.04.00' />
  <meta name='ocr-capabilities' content='ocr_page ocr_carea ocr_par ocr_line ocrx_word'/>
</head>
<body>
  <div class='ocr_page' id='page_1' title='image "./bullarumdiplomat03cath/bullarumdiplomat03cath_0288.png"; bbox 0 0 2129 3223; ppageno 0'>
   <div class='ocr_carea' id='block_1_1' title="bbox 129 224 312 253">
    <p class='ocr_par' dir='ltr' id='par_1_1' title="bbox 129 224 312 253">
     <span class='ocr_line' id='line_1_1' title="bbox 129 224 312 253; baseline -0.011 0"><span class='ocrx_word' id='word_1_1' title='bbox 129 226 178 253; x_wconf 76' lang='lat' dir='ltr'>An.</span> <span class='ocrx_word' id='word_1_2' title='bbox 200 225 229 252; x_wconf 79' lang='lat' dir='ltr'>e.</span> <span class='ocrx_word' id='word_1_3' title='bbox 244 224 312 252; x_wconf 66' lang='lat'>¹215</span> 
     </span>
    </p>
   </div>
   <div class='ocr_carea' id='block_1_2' title="bbox 146 2349 330 2407">
    <p class='ocr_par' dir='ltr' id='par_1_2' title="bbox 146 2349 330 2407">
     <span class='ocr_line' id='line_1_2' title="bbox 158 2349 330 2376; baseline 0 -6"><span class='ocrx_word' id='word_1_4' title='bbox 158 2349 231 2371; x_wconf 66' lang='lat' dir='ltr'>Marini</span> <span class='ocrx_word' id='word_1_5' title='bbox 262 2350 330 2376; x_wconf 69' lang='lat' dir='ltr'>privt-</span> 
     </span>
     <span class='ocr_line' id='line_1_3' title="bbox 146 2381 231 2407; baseline -0.024 -6"><span class='ocrx_word' id='word_1_6' title='bbox 146 2381 231 2407; x_wconf 55' lang='lat' dir='ltr'>tentum.</span> 
     </span>
    </p>
   </div>
   <div class='ocr_carea' id='block_1_3' title="bbox 375 214 446 248">
    <p class='ocr_par' dir='ltr' id='par_1_3' title="bbox 375 214 446 248">
     <span class='ocr_line' id='line_1_4' title="bbox 375 214 446 248; baseline 0 0"><span class='ocrx_word' id='word_1_7' title='bbox 375 214 446 248; x_wconf 69' lang='lat'>28‘2</span> 
     </span>
    </p>
   </div>
   <div class='ocr_carea' id='block_1_4' title="bbox 326 277 1096 2645">
    <p class='ocr_par' dir='ltr' id='par_1_4' title="bbox 326 277 1089 2294">
     <span class='ocr_line' id='line_1_5' title="bbox 327 277 1074 324; baseline -0.005 -7"><span class='ocrx_word' id='word_1_8' title='bbox 327 289 464 317; x_wconf 86' lang='lat' dir='ltr'>nostram</span> <span class='ocrx_word' id='word_1_9' title='bbox 481 279 650 314; x_wconf 90' lang='lat' dir='ltr'>dioecesim</span> <span class='ocrx_word' id='word_1_10' title='bbox 666 277 861 324; x_wconf 89' lang='lat' dir='ltr'>pertinentis.</span> <span class='ocrx_word' id='word_1_11' title='bbox 884 277 946 314; x_wconf 90' lang='lat' dir='ltr'>Sed</span> <span class='ocrx_word' id='word_1_12' title='bbox 967 287 997 312; x_wconf 78' lang='lat' dir='ltr'>et</span> <span class='ocrx_word' id='word_1_13' title='bbox 1016 277 1074 313; x_wconf 84' lang='lat' dir='ltr'>boc</span> 
     </span>
     <span class='ocr_line' id='line_1_6' title="bbox 327 327 1075 374; baseline -0.005 -9"><span class='ocrx_word' id='word_1_14' title='bbox 327 331 507 367; x_wconf 81' lang='lat' dir='ltr'>statuimus,</span> <span class='ocrx_word' id='word_1_15' title='bbox 537 337 567 362; x_wconf 87' lang='lat' dir='ltr'>et</span> <span class='ocrx_word' id='word_1_16' title='bbox 601 327 772 362; x_wconf 75' lang='lat' dir='ltr'>inviolabili</span> <span class='ocrx_word' id='word_1_17' title='bbox 806 328 969 362; x_wconf 80' lang='lat' dir='ltr'>sanctione</span> <span class='ocrx_word' id='word_1_18' title='bbox 996 339 1075 374; x_wconf 89' lang='lat' dir='ltr'>apo-</span> 
     </span>
     <span class='ocr_line' id='line_1_7' title="bbox 327 375 1074 418; baseline -0.005 -4"><span class='ocrx_word' id='word_1_19' title='bbox 327 380 434 414; x_wconf 87' lang='lat' dir='ltr'>stolica</span> <span class='ocrx_word' id='word_1_20' title='bbox 462 378 646 413; x_wconf 90' lang='lat' dir='ltr'>auctoritate</span> <span class='ocrx_word' id='word_1_21' title='bbox 661 377 834 418; x_wconf 74' lang='lat' dir='ltr'>firmamus,</span> <span class='ocrx_word' id='word_1_22' title='bbox 850 385 885 412; x_wconf 87' lang='lat' dir='ltr'>ut</span> <span class='ocrx_word' id='word_1_23' title='bbox 904 376 1010 411; x_wconf 90' lang='lat' dir='ltr'>nullus</span> <span class='ocrx_word' id='word_1_24' title='bbox 1025 375 1074 411; x_wconf 89' lang='lat' dir='ltr'>ali·</span> 
     </span>
     <span class='ocr_line' id='line_1_8' title="bbox 327 426 1075 475; baseline -0.004 -12"><span class='ocrx_word' id='word_1_25' title='bbox 327 428 454 475; x_wconf 87' lang='lat' dir='ltr'>quando</span> <span class='ocrx_word' id='word_1_26' title='bbox 491 428 519 462; x_wconf 91' lang='lat' dir='ltr'>in</span> <span class='ocrx_word' id='word_1_27' title='bbox 545 427 705 474; x_wconf 90' lang='lat' dir='ltr'>praedicto</span> <span class='ocrx_word' id='word_1_28' title='bbox 728 427 920 461; x_wconf 83' lang='lat' dir='ltr'>monasterio</span> <span class='ocrx_word' id='word_1_29' title='bbox 943 426 981 460; x_wconf 89' lang='lat' dir='ltr'>de</span> <span class='ocrx_word' id='word_1_30' title='bbox 1006 426 1075 460; x_wconf 90' lang='lat' dir='ltr'>aliis</span> 
     </span>
     <span class='ocr_line' id='line_1_9' title="bbox 327 475 1073 524; baseline -0.005 -12"><span class='ocrx_word' id='word_1_31' title='bbox 327 477 503 521; x_wconf 84' lang='lat' dir='ltr'>monachis,</span> <span class='ocrx_word' id='word_1_32' title='bbox 527 489 583 512; x_wconf 83' lang='lat' dir='ltr'>seu</span> <span class='ocrx_word' id='word_1_33' title='bbox 606 476 861 524; x_wconf 86' lang='lat' dir='ltr'>quibuscumque</span> <span class='ocrx_word' id='word_1_34' title='bbox 883 475 1073 512; x_wconf 78' lang='lat' dir='ltr'>ecclesiis...</span> 
     </span>
     <span class='ocr_line' id='line_1_10' title="bbox 326 535 1076 574; baseline -0.004 -12"><span class='ocrx_word' id='word_1_35' title='bbox 326 539 396 562; x_wconf 76' lang='lat' dir='ltr'>esse</span> <span class='ocrx_word' id='word_1_36' title='bbox 425 535 615 574; x_wconf 81' lang='lat' dir='ltr'>praesumat,</span> <span class='ocrx_word' id='word_1_37' title='bbox 639 538 740 574; x_wconf 83' lang='lat' dir='ltr'>neque</span> <span class='ocrx_word' id='word_1_38' title='bbox 764 538 779 561; x_wconf 91' lang='lat' dir='ltr'>a</span> <span class='ocrx_word' id='word_1_39' title='bbox 803 537 1003 573; x_wconf 89' lang='lat' dir='ltr'>quacumque</span> <span class='ocrx_word' id='word_1_40' title='bbox 1020 536 1076 571; x_wconf 92' lang='lat' dir='ltr'>po-</span> 
     </span>
     <span class='ocr_line' id='line_1_11' title="bbox 327 574 1076 622; baseline -0.004 -12"><span class='ocrx_word' id='word_1_41' title='bbox 327 584 439 611; x_wconf 88' lang='lat' dir='ltr'>testate</span> <span class='ocrx_word' id='word_1_42' title='bbox 461 576 493 610; x_wconf 93' lang='lat' dir='ltr'>in</span> <span class='ocrx_word' id='word_1_43' title='bbox 518 584 643 622; x_wconf 90' lang='lat' dir='ltr'>postero</span> <span class='ocrx_word' id='word_1_44' title='bbox 666 576 832 610; x_wconf 87' lang='lat' dir='ltr'>ducantur.</span> <span class='ocrx_word' id='word_1_45' title='bbox 856 574 921 610; x_wconf 88' lang='lat' dir='ltr'>Sed</span> <span class='ocrx_word' id='word_1_46' title='bbox 941 586 1012 608; x_wconf 91' lang='lat' dir='ltr'>cum</span> <span class='ocrx_word' id='word_1_47' title='bbox 1028 574 1076 607; x_wconf 85' lang='lat' dir='ltr'>di-</span> 
     </span>
     <span class='ocr_line' id='line_1_12' title="bbox 327 623 1075 672; baseline -0.001 -14"><span class='ocrx_word' id='word_1_48' title='bbox 327 626 395 660; x_wconf 72' lang='lat' dir='ltr'>xina</span> <span class='ocrx_word' id='word_1_49' title='bbox 424 626 588 660; x_wconf 80' lang='lat' dir='ltr'>vocatione</span> <span class='ocrx_word' id='word_1_50' title='bbox 615 625 711 660; x_wconf 89' lang='lat' dir='ltr'>abbas</span> <span class='ocrx_word' id='word_1_51' title='bbox 738 623 865 672; x_wconf 87' lang='lat' dir='ltr'>praefati</span> <span class='ocrx_word' id='word_1_52' title='bbox 895 623 1075 658; x_wconf 89' lang='lat' dir='ltr'>monasterii</span> 
     </span>
     <span class='ocr_line' id='line_1_13' title="bbox 328 672 1076 722; baseline -0.008 -11"><span class='ocrx_word' id='word_1_53' title='bbox 328 675 559 722; x_wconf 82' lang='lat' dir='ltr'>perstrinxerit,</span> <span class='ocrx_word' id='word_1_54' title='bbox 582 683 612 709; x_wconf 91' lang='lat' dir='ltr'>et</span> <span class='ocrx_word' id='word_1_55' title='bbox 634 674 836 709; x_wconf 76' lang='lat' dir='ltr'>resolutionis</span> <span class='ocrx_word' id='word_1_56' title='bbox 870 681 995 720; x_wconf 89' lang='lat' dir='ltr'>tempus</span> <span class='ocrx_word' id='word_1_57' title='bbox 1022 672 1076 706; x_wconf 89' lang='lat' dir='ltr'>ad-</span> 
     </span>
     <span class='ocr_line' id='line_1_14' title="bbox 327 722 1076 772; baseline -0.004 -13"><span class='ocrx_word' id='word_1_58' title='bbox 327 724 461 765; x_wconf 75' lang='lat' dir='ltr'>venerit,</span> <span class='ocrx_word' id='word_1_59' title='bbox 484 724 522 758; x_wconf 84' lang='lat' dir='ltr'>de</span> <span class='ocrx_word' id='word_1_60' title='bbox 552 725 677 772; x_wconf 84' lang='lat' dir='ltr'>propria</span> <span class='ocrx_word' id='word_1_61' title='bbox 695 735 819 770; x_wconf 82' lang='lat' dir='ltr'>semper</span> <span class='ocrx_word' id='word_1_62' title='bbox 832 722 1076 769; x_wconf 76' lang='lat' dir='ltr'>congregatione</span> 
     </span>
     <span class='ocr_line' id='line_1_15' title="bbox 326 771 1077 821; baseline -0.004 -13"><span class='ocrx_word' id='word_1_63' title='bbox 326 773 461 821; x_wconf 85' lang='lat' dir='ltr'>eligetur</span> <span class='ocrx_word' id='word_1_64' title='bbox 483 773 591 817; x_wconf 88' lang='lat' dir='ltr'>abbas,</span> <span class='ocrx_word' id='word_1_65' title='bbox 607 774 661 821; x_wconf 88' lang='lat' dir='ltr'>qui</span> <span class='ocrx_word' id='word_1_66' title='bbox 685 773 724 807; x_wconf 90' lang='lat' dir='ltr'>ab</span> <span class='ocrx_word' id='word_1_67' title='bbox 739 773 883 808; x_wconf 91' lang='lat' dir='ltr'>omnium</span> <span class='ocrx_word' id='word_1_68' title='bbox 904 771 1077 806; x_wconf 88' lang='lat' dir='ltr'>monacho-</span> 
     </span>
     <span class='ocr_line' id='line_1_16' title="bbox 326 821 1075 869; baseline -0.004 -12"><span class='ocrx_word' id='word_1_69' title='bbox 326 836 395 858; x_wconf 88' lang='lat' dir='ltr'>rum</span> <span class='ocrx_word' id='word_1_70' title='bbox 401 850 458 858; x_wconf 92' lang='grc'><em>.....</em></span> <span class='ocrx_word' id='word_1_71' title='bbox 481 835 590 858; x_wconf 85' lang='lat' dir='ltr'>eorum</span> <span class='ocrx_word' id='word_1_72' title='bbox 615 835 669 869; x_wconf 88' lang='lat' dir='ltr'>pro</span> <span class='ocrx_word' id='word_1_73' title='bbox 691 821 748 856; x_wconf 85' lang='lat' dir='ltr'>Dei</span> <span class='ocrx_word' id='word_1_74' title='bbox 778 833 885 857; x_wconf 90' lang='lat' dir='ltr'>amore</span> <span class='ocrx_word' id='word_1_75' title='bbox 920 821 1075 855; x_wconf 89' lang='lat' dir='ltr'>arantium</span> 
     </span>
     <span class='ocr_line' id='line_1_17' title="bbox 327 870 1077 908; baseline -0.004 -1"><span class='ocrx_word' id='word_1_76' title='bbox 327 873 504 908; x_wconf 89' lang='lat' dir='ltr'>monastico</span> <span class='ocrx_word' id='word_1_77' title='bbox 526 872 636 907; x_wconf 81' lang='lat' dir='ltr'>ordine</span> <span class='ocrx_word' id='word_1_78' title='bbox 664 872 876 906; x_wconf 85' lang='lat' dir='ltr'>militantium.</span> <span class='ocrx_word' id='word_1_79' title='bbox 903 870 1077 905; x_wconf 83' lang='lat' dir='ltr'>Nihilomi—</span> 
     </span>
     <span class='ocr_line' id='line_1_18' title="bbox 327 919 1076 967; baseline -0.005 -10"><span class='ocrx_word' id='word_1_80' title='bbox 327 935 388 957; x_wconf 87' lang='lat' dir='ltr'>nus</span> <span class='ocrx_word' id='word_1_81' title='bbox 416 922 563 957; x_wconf 87' lang='lat' dir='ltr'>omnibus</span> <span class='ocrx_word' id='word_1_82' title='bbox 586 922 659 956; x_wconf 83' lang='lat' dir='ltr'>liuic</span> <span class='ocrx_word' id='word_1_83' title='bbox 683 921 779 955; x_wconf 82' lang='lat' dir='ltr'>nostri</span> <span class='ocrx_word' id='word_1_84' title='bbox 809 919 961 967; x_wconf 83' lang='lat' dir='ltr'>pontificii</span> <span class='ocrx_word' id='word_1_85' title='bbox 977 920 1076 954; x_wconf 84' lang='lat' dir='ltr'>inter-</span> 
     </span>
     <span class='ocr_line' id='line_1_19' title="bbox 327 970 1076 1017; baseline -0.004 -11"><span class='ocrx_word' id='word_1_86' title='bbox 327 971 467 1007; x_wconf 81' lang='lat' dir='ltr'>dictione</span> <span class='ocrx_word' id='word_1_87' title='bbox 491 971 672 1006; x_wconf 76' lang='lat' dir='ltr'>inhibemus</span> <span class='ocrx_word' id='word_1_88' title='bbox 706 970 843 1017; x_wconf 79' lang='lat' dir='ltr'>aliquam</span> <span class='ocrx_word' id='word_1_89' title='bbox 877 970 1076 1016; x_wconf 82' lang='lat' dir='ltr'>scripturam,</span> 
     </span>
     <span class='ocr_line' id='line_1_20' title="bbox 327 1018 1077 1066; baseline -0.004 -11"><span class='ocrx_word' id='word_1_90' title='bbox 327 1022 374 1056; x_wconf 77' lang='lat' dir='ltr'>vel</span> <span class='ocrx_word' id='word_1_91' title='bbox 398 1021 670 1056; x_wconf 84' lang='lat' dir='ltr'>confirmationem</span> <span class='ocrx_word' id='word_1_92' title='bbox 709 1019 746 1054; x_wconf 87' lang='lat' dir='ltr'>de</span> <span class='ocrx_word' id='word_1_93' title='bbox 775 1018 923 1066; x_wconf 83' lang='lat' dir='ltr'>praedicti</span> <span class='ocrx_word' id='word_1_94' title='bbox 960 1030 1077 1053; x_wconf 93' lang='lat' dir='ltr'>mona—</span> 
     </span>
     <span class='ocr_line' id='line_1_21' title="bbox 326 1067 1077 1116; baseline -0.005 -11"><span class='ocrx_word' id='word_1_95' title='bbox 326 1070 413 1105; x_wconf 79' lang='lat' dir='ltr'>sterii</span> <span class='ocrx_word' id='word_1_96' title='bbox 440 1070 547 1109; x_wconf 86' lang='lat' dir='ltr'>rebus,</span> <span class='ocrx_word' id='word_1_97' title='bbox 571 1070 617 1104; x_wconf 88' lang='lat' dir='ltr'>vel</span> <span class='ocrx_word' id='word_1_98' title='bbox 645 1069 683 1104; x_wconf 94' lang='lat' dir='ltr'>de</span> <span class='ocrx_word' id='word_1_99' title='bbox 701 1069 934 1116; x_wconf 87' lang='lat' dir='ltr'>praenominata</span> <span class='ocrx_word' id='word_1_100' title='bbox 955 1067 1077 1102; x_wconf 82' lang='lat' dir='ltr'>abbatia</span> 
     </span>
     <span class='ocr_line' id='line_1_22' title="bbox 327 1119 1078 1168; baseline -0.005 -14"><span class='ocrx_word' id='word_1_101' title='bbox 327 1132 390 1168; x_wconf 91' lang='lat' dir='ltr'>quo</span> <span class='ocrx_word' id='word_1_102' title='bbox 408 1120 538 1166; x_wconf 83' lang='lat' dir='ltr'>ingenio</span> <span class='ocrx_word' id='word_1_103' title='bbox 561 1127 668 1154; x_wconf 89' lang='lat' dir='ltr'>contra</span> <span class='ocrx_word' id='word_1_104' title='bbox 696 1119 756 1153; x_wconf 88' lang='lat' dir='ltr'>hoc</span> <span class='ocrx_word' id='word_1_105' title='bbox 790 1126 992 1165; x_wconf 87' lang='lat' dir='ltr'>praeceptum</span> <span class='ocrx_word' id='word_1_106' title='bbox 1023 1128 1078 1164; x_wconf 87' lang='lat' dir='ltr'>pe-</span> 
     </span>
     <span class='ocr_line' id='line_1_23' title="bbox 328 1167 1080 1217; baseline -0.005 -13"><span class='ocrx_word' id='word_1_107' title='bbox 328 1179 409 1204; x_wconf 89' lang='lat' dir='ltr'>tere:</span> <span class='ocrx_word' id='word_1_108' title='bbox 438 1170 462 1204; x_wconf 94' lang='lat' dir='ltr'>si</span> <span class='ocrx_word' id='word_1_109' title='bbox 490 1182 550 1217; x_wconf 92' lang='lat' dir='ltr'>qua</span> <span class='ocrx_word' id='word_1_110' title='bbox 578 1169 748 1216; x_wconf 83' lang='lat' dir='ltr'>scriptura,</span> <span class='ocrx_word' id='word_1_111' title='bbox 776 1167 822 1201; x_wconf 85' lang='lat' dir='ltr'>vel</span> <span class='ocrx_word' id='word_1_112' title='bbox 847 1167 955 1214; x_wconf 90' lang='lat' dir='ltr'>petitio</span> <span class='ocrx_word' id='word_1_113' title='bbox 982 1167 1080 1213; x_wconf 87' lang='lat' dir='ltr'>impe-</span> 
     </span>
     <span class='ocr_line' id='line_1_24' title="bbox 329 1216 1079 1266; baseline -0.004 -13"><span class='ocrx_word' id='word_1_114' title='bbox 329 1227 406 1253; x_wconf 89' lang='lat' dir='ltr'>trata</span> <span class='ocrx_word' id='word_1_115' title='bbox 428 1218 533 1263; x_wconf 83' lang='lat' dir='ltr'>suerit,</span> <span class='ocrx_word' id='word_1_116' title='bbox 553 1226 604 1253; x_wconf 88' lang='lat' dir='ltr'>aut</span> <span class='ocrx_word' id='word_1_117' title='bbox 621 1218 651 1253; x_wconf 92' lang='lat' dir='ltr'>in</span> <span class='ocrx_word' id='word_1_118' title='bbox 670 1218 791 1266; x_wconf 86' lang='lat' dir='ltr'>reliquo</span> <span class='ocrx_word' id='word_1_119' title='bbox 809 1216 1003 1263; x_wconf 84' lang='lat' dir='ltr'>apparuerit,</span> <span class='ocrx_word' id='word_1_120' title='bbox 1023 1216 1079 1250; x_wconf 85' lang='lat' dir='ltr'>has</span> 
     </span>
     <span class='ocr_line' id='line_1_25' title="bbox 327 1265 1080 1316; baseline -0.005 -13"><span class='ocrx_word' id='word_1_121' title='bbox 327 1269 432 1303; x_wconf 87' lang='lat' dir='ltr'>irritas</span> <span class='ocrx_word' id='word_1_122' title='bbox 453 1280 522 1303; x_wconf 86' lang='lat' dir='ltr'>esse</span> <span class='ocrx_word' id='word_1_123' title='bbox 546 1279 720 1316; x_wconf 84' lang='lat' dir='ltr'>vacuasque</span> <span class='ocrx_word' id='word_1_124' title='bbox 742 1266 827 1301; x_wconf 92' lang='lat' dir='ltr'>omni</span> <span class='ocrx_word' id='word_1_125' title='bbox 856 1265 968 1300; x_wconf 84' lang='lat' dir='ltr'>robore</span> <span class='ocrx_word' id='word_1_126' title='bbox 991 1265 1080 1300; x_wconf 88' lang='lat' dir='ltr'>iube-</span> 
     </span>
     <span class='ocr_line' id='line_1_26' title="bbox 329 1314 1078 1366; baseline -0.004 -15"><span class='ocrx_word' id='word_1_127' title='bbox 329 1329 415 1353; x_wconf 90' lang='lat' dir='ltr'>mus:</span> <span class='ocrx_word' id='word_1_128' title='bbox 426 1318 450 1352; x_wconf 87' lang='lat' dir='ltr'>si</span> <span class='ocrx_word' id='word_1_129' title='bbox 464 1317 534 1366; x_wconf 89' lang='lat' dir='ltr'>quis</span> <span class='ocrx_word' id='word_1_130' title='bbox 543 1326 715 1364; x_wconf 89' lang='lat' dir='ltr'>praeterea,</span> <span class='ocrx_word' id='word_1_131' title='bbox 731 1315 815 1363; x_wconf 90' lang='lat' dir='ltr'>quod</span> <span class='ocrx_word' id='word_1_132' title='bbox 831 1327 891 1350; x_wconf 93' lang='lat' dir='ltr'>non</span> <span class='ocrx_word' id='word_1_133' title='bbox 908 1314 1078 1354; x_wconf 78' lang='lat' dir='ltr'>credimus,</span> 
     </span>
     <span class='ocr_line' id='line_1_27' title="bbox 331 1363 1080 1414; baseline -0.003 -14"><span class='ocrx_word' id='word_1_134' title='bbox 331 1367 579 1414; x_wconf 76' lang='lat' dir='ltr'>praesumpserit</span> <span class='ocrx_word' id='word_1_135' title='bbox 602 1366 660 1401; x_wconf 84' lang='lat' dir='ltr'>boc</span> <span class='ocrx_word' id='word_1_136' title='bbox 676 1374 816 1401; x_wconf 89' lang='lat' dir='ltr'>nostrum</span> <span class='ocrx_word' id='word_1_137' title='bbox 833 1363 985 1411; x_wconf 80' lang='lat' dir='ltr'>privilegii</span> <span class='ocrx_word' id='word_1_138' title='bbox 1003 1376 1080 1398; x_wconf 90' lang='lat' dir='ltr'>con-</span> 
     </span>
     <span class='ocr_line' id='line_1_28' title="bbox 330 1413 1079 1463; baseline -0.004 -13"><span class='ocrx_word' id='word_1_139' title='bbox 330 1416 474 1451; x_wconf 85' lang='lat' dir='ltr'>stitutum</span> <span class='ocrx_word' id='word_1_140' title='bbox 511 1416 541 1451; x_wconf 91' lang='lat' dir='ltr'>in</span> <span class='ocrx_word' id='word_1_141' title='bbox 565 1415 670 1463; x_wconf 87' lang='lat' dir='ltr'>aliquo</span> <span class='ocrx_word' id='word_1_142' title='bbox 707 1413 894 1461; x_wconf 80' lang='lat' dir='ltr'>transgredi,</span> <span class='ocrx_word' id='word_1_143' title='bbox 922 1421 976 1447; x_wconf 90' lang='lat' dir='ltr'>aut</span> <span class='ocrx_word' id='word_1_144' title='bbox 1003 1425 1079 1448; x_wconf 88' lang='lat' dir='ltr'>con-</span> 
     </span>
     <span class='ocr_line' id='line_1_29' title="bbox 331 1462 1079 1507; baseline -0.005 -7"><span class='ocrx_word' id='word_1_145' title='bbox 331 1474 484 1507; x_wconf 75' lang='lat' dir='ltr'>temnere,</span> <span class='ocrx_word' id='word_1_146' title='bbox 515 1465 594 1500; x_wconf 89' lang='lat' dir='ltr'>sciat</span> <span class='ocrx_word' id='word_1_147' title='bbox 613 1477 646 1500; x_wconf 90' lang='lat' dir='ltr'>se</span> <span class='ocrx_word' id='word_1_148' title='bbox 673 1465 857 1499; x_wconf 87' lang='lat' dir='ltr'>auctoritate</span> <span class='ocrx_word' id='word_1_149' title='bbox 886 1462 966 1497; x_wconf 88' lang='lat' dir='ltr'>beati</span> <span class='ocrx_word' id='word_1_150' title='bbox 996 1462 1079 1497; x_wconf 85' lang='lat' dir='ltr'>Petri</span> 
     </span>
     <span class='ocr_line' id='line_1_30' title="bbox 331 1511 1082 1560; baseline -0.004 -11"><span class='ocrx_word' id='word_1_151' title='bbox 331 1523 361 1549; x_wconf 87' lang='lat' dir='ltr'>et</span> <span class='ocrx_word' id='word_1_152' title='bbox 381 1513 472 1550; x_wconf 90' lang='lat' dir='ltr'>Pauli</span> <span class='ocrx_word' id='word_1_153' title='bbox 493 1513 707 1560; x_wconf 85' lang='lat' dir='ltr'>apostolorum</span> <span class='ocrx_word' id='word_1_154' title='bbox 744 1512 922 1560; x_wconf 86' lang='lat' dir='ltr'>principum</span> <span class='ocrx_word' id='word_1_155' title='bbox 957 1511 1082 1547; x_wconf 90' lang='lat' dir='ltr'>anathe-</span> 
     </span>
     <span class='ocr_line' id='line_1_31' title="bbox 331 1562 1081 1607; baseline -0.003 -10"><span class='ocrx_word' id='word_1_156' title='bbox 331 1565 425 1599; x_wconf 85' lang='lat' dir='ltr'>matis</span> <span class='ocrx_word' id='word_1_157' title='bbox 443 1563 569 1599; x_wconf 91' lang='lat' dir='ltr'>vinculo</span> <span class='ocrx_word' id='word_1_158' title='bbox 583 1575 654 1599; x_wconf 89' lang='lat' dir='ltr'>esse</span> <span class='ocrx_word' id='word_1_159' title='bbox 675 1562 873 1602; x_wconf 78' lang='lat' dir='ltr'>innodatum,</span> <span class='ocrx_word' id='word_1_160' title='bbox 895 1569 925 1596; x_wconf 91' lang='lat' dir='ltr'>et</span> <span class='ocrx_word' id='word_1_161' title='bbox 944 1573 960 1595; x_wconf 88' lang='lat' dir='ltr'>a</span> <span class='ocrx_word' id='word_1_162' title='bbox 984 1572 1081 1607; x_wconf 82' lang='lat' dir='ltr'>regno</span> 
     </span>
     <span class='ocr_line' id='line_1_32' title="bbox 331 1610 1082 1660; baseline -0.005 -12"><span class='ocrx_word' id='word_1_163' title='bbox 331 1612 390 1648; x_wconf 88' lang='lat' dir='ltr'>Dei</span> <span class='ocrx_word' id='word_1_164' title='bbox 420 1614 547 1660; x_wconf 86' lang='lat' dir='ltr'>penitus</span> <span class='ocrx_word' id='word_1_165' title='bbox 568 1620 778 1660; x_wconf 84' lang='lat' dir='ltr'>segregatum.</span> <span class='ocrx_word' id='word_1_166' title='bbox 807 1611 906 1646; x_wconf 90' lang='lat' dir='ltr'>Porro</span> <span class='ocrx_word' id='word_1_167' title='bbox 928 1611 981 1657; x_wconf 89' lang='lat' dir='ltr'>qui</span> <span class='ocrx_word' id='word_1_168' title='bbox 1022 1610 1082 1645; x_wconf 91' lang='lat' dir='ltr'>ob-</span> 
     </span>
     <span class='ocr_line' id='line_1_33' title="bbox 332 1659 1082 1702; baseline -0.004 -5"><span class='ocrx_word' id='word_1_169' title='bbox 332 1671 471 1698; x_wconf 86' lang='lat' dir='ltr'>servator</span> <span class='ocrx_word' id='word_1_170' title='bbox 498 1671 528 1698; x_wconf 87' lang='lat' dir='ltr'>et</span> <span class='ocrx_word' id='word_1_171' title='bbox 549 1670 656 1697; x_wconf 89' lang='lat' dir='ltr'>custos</span> <span class='ocrx_word' id='word_1_172' title='bbox 682 1661 829 1702; x_wconf 84' lang='lat' dir='ltr'>extiterit,</span> <span class='ocrx_word' id='word_1_173' title='bbox 854 1659 1082 1695; x_wconf 80' lang='lat' dir='ltr'>benedictionis</span> 
     </span>
     <span class='ocr_line' id='line_1_34' title="bbox 333 1708 1082 1758; baseline -0.005 -11"><span class='ocrx_word' id='word_1_174' title='bbox 333 1712 463 1758; x_wconf 81' lang='lat' dir='ltr'>gratiam</span> <span class='ocrx_word' id='word_1_175' title='bbox 489 1724 505 1746; x_wconf 91' lang='lat' dir='ltr'>a</span> <span class='ocrx_word' id='word_1_176' title='bbox 534 1711 830 1747; x_wconf 86' lang='lat' dir='ltr'>misericordissimo</span> <span class='ocrx_word' id='word_1_177' title='bbox 856 1708 924 1744; x_wconf 84' lang='lat' dir='ltr'>Deo</span> <span class='ocrx_word' id='word_1_178' title='bbox 963 1718 1082 1749; x_wconf 87' lang='lat' dir='ltr'>nostro,</span> 
     </span>
     <span class='ocr_line' id='line_1_35' title="bbox 334 1759 1082 1809; baseline -0.004 -14"><span class='ocrx_word' id='word_1_179' title='bbox 334 1769 364 1795; x_wconf 87' lang='lat' dir='ltr'>et</span> <span class='ocrx_word' id='word_1_180' title='bbox 390 1762 484 1797; x_wconf 85' lang='lat' dir='ltr'>vitam</span> <span class='ocrx_word' id='word_1_181' title='bbox 509 1769 689 1809; x_wconf 88' lang='lat' dir='ltr'>perpetuam</span> <span class='ocrx_word' id='word_1_182' title='bbox 710 1759 843 1795; x_wconf 83' lang='lat' dir='ltr'>fideliter</span> <span class='ocrx_word' id='word_1_183' title='bbox 859 1766 1082 1806; x_wconf 76' lang='lat' dir='ltr'>consequatur.</span> 
     </span>
     <span class='ocr_line' id='line_1_36' title="bbox 334 1807 1085 1858; baseline -0.004 -13"><span class='ocrx_word' id='word_1_184' title='bbox 334 1810 497 1858; x_wconf 84' lang='lat' dir='ltr'>Scriptum</span> <span class='ocrx_word' id='word_1_185' title='bbox 522 1823 575 1858; x_wconf 90' lang='lat' dir='ltr'>per</span> <span class='ocrx_word' id='word_1_186' title='bbox 597 1823 724 1845; x_wconf 81' lang='lat' dir='ltr'>manum</span> <span class='ocrx_word' id='word_1_187' title='bbox 747 1809 848 1855; x_wconf 81' lang='lat' dir='ltr'>Sergii</span> <span class='ocrx_word' id='word_1_188' title='bbox 863 1808 996 1843; x_wconf 80' lang='lat' dir='ltr'>Sanctae</span> <span class='ocrx_word' id='word_1_189' title='bbox 1018 1807 1085 1842; x_wconf 83' lang='lat' dir='ltr'>Ro-</span> 
     </span>
     <span class='ocr_line' id='line_1_37' title="bbox 336 1857 1086 1895; baseline -0.003 -1"><span class='ocrx_word' id='word_1_190' title='bbox 336 1872 445 1895; x_wconf 90' lang='lat' dir='ltr'>manae</span> <span class='ocrx_word' id='word_1_191' title='bbox 467 1859 629 1895; x_wconf 87' lang='lat' dir='ltr'>Ecclesiae</span> <span class='ocrx_word' id='word_1_192' title='bbox 663 1858 805 1895; x_wconf 90' lang='lat' dir='ltr'>scrinarii</span> <span class='ocrx_word' id='word_1_193' title='bbox 843 1858 872 1892; x_wconf 92' lang='lat' dir='ltr'>in</span> <span class='ocrx_word' id='word_1_194' title='bbox 897 1869 1005 1892; x_wconf 85' lang='lat' dir='ltr'>mense</span> <span class='ocrx_word' id='word_1_195' title='bbox 1042 1857 1086 1892; x_wconf 89' lang='lat' dir='ltr'>ia-</span> 
     </span>
     <span class='ocr_line' id='line_1_38' title="bbox 337 1906 1086 1954; baseline -0.004 -10"><span class='ocrx_word' id='word_1_196' title='bbox 337 1909 450 1949; x_wconf 83' lang='lat' dir='ltr'>nuarii,</span> <span class='ocrx_word' id='word_1_197' title='bbox 479 1909 652 1944; x_wconf 87' lang='lat' dir='ltr'>indictione</span> <span class='ocrx_word' id='word_1_198' title='bbox 674 1908 897 1954; x_wconf 83' lang='lat' dir='ltr'>suprascripta.</span> <span class='ocrx_word' id='word_1_199' title='bbox 922 1906 1008 1941; x_wconf 84' lang='lat' dir='ltr'>Bene</span> <span class='ocrx_word' id='word_1_200' title='bbox 1032 1918 1086 1941; x_wconf 80' lang='lat' dir='ltr'>va-</span> 
     </span>
     <span class='ocr_line' id='line_1_39' title="bbox 337 1956 1087 2005; baseline -0.004 -13"><span class='ocrx_word' id='word_1_201' title='bbox 337 1958 408 1994; x_wconf 88' lang='lat' dir='ltr'>lete.</span> <span class='ocrx_word' id='word_1_202' title='bbox 432 1958 500 2005; x_wconf 79' lang='lat' dir='ltr'>Ego</span> <span class='ocrx_word' id='word_1_203' title='bbox 523 1958 665 2005; x_wconf 82' lang='lat' dir='ltr'>Sergius.</span> <span class='ocrx_word' id='word_1_204' title='bbox 681 1957 751 1992; x_wconf 88' lang='lat' dir='ltr'>Dat.</span> <span class='ocrx_word' id='word_1_205' title='bbox 776 1956 1016 1992; x_wconf 87' lang='lat' dir='ltr'>idusianuarias</span> <span class='ocrx_word' id='word_1_206' title='bbox 1031 1967 1087 2003; x_wconf 88' lang='lat' dir='ltr'>per</span> 
     </span>
     <span class='ocr_line' id='line_1_40' title="bbox 337 2004 1087 2054; baseline -0.005 -11"><span class='ocrx_word' id='word_1_207' title='bbox 337 2019 465 2043; x_wconf 89' lang='lat' dir='ltr'>manum</span> <span class='ocrx_word' id='word_1_208' title='bbox 504 2008 660 2042; x_wconf 87' lang='lat' dir='ltr'>Anastasii</span> <span class='ocrx_word' id='word_1_209' title='bbox 704 2006 870 2054; x_wconf 84' lang='lat' dir='ltr'>primicerii</span> <span class='ocrx_word' id='word_1_210' title='bbox 911 2004 1087 2040; x_wconf 82' lang='lat' dir='ltr'>defensoris</span> 
     </span>
     <span class='ocr_line' id='line_1_41' title="bbox 339 2053 1087 2104; baseline -0.005 -12"><span class='ocrx_word' id='word_1_211' title='bbox 339 2056 372 2092; x_wconf 91' lang='lat' dir='ltr'>S.</span> <span class='ocrx_word' id='word_1_212' title='bbox 401 2056 493 2093; x_wconf 85' lang='lat' dir='ltr'>Sedis</span> <span class='ocrx_word' id='word_1_213' title='bbox 515 2057 728 2104; x_wconf 77' lang='lat' dir='ltr'>Apostolicae,</span> <span class='ocrx_word' id='word_1_214' title='bbox 756 2067 840 2090; x_wconf 92' lang='lat' dir='ltr'>anno</span> <span class='ocrx_word' id='word_1_215' title='bbox 861 2053 929 2089; x_wconf 90' lang='lat' dir='ltr'>Deo</span> <span class='ocrx_word' id='word_1_216' title='bbox 952 2055 1087 2101; x_wconf 88' lang='lat' dir='ltr'>propitio</span> 
     </span>
     <span class='ocr_line' id='line_1_42' title="bbox 341 2103 1088 2154; baseline -0.005 -13"><span class='ocrx_word' id='word_1_217' title='bbox 341 2106 543 2154; x_wconf 86' lang='lat' dir='ltr'>pontificatus</span> <span class='ocrx_word' id='word_1_218' title='bbox 558 2105 678 2141; x_wconf 89' lang='lat' dir='ltr'>domini</span> <span class='ocrx_word' id='word_1_219' title='bbox 695 2105 845 2140; x_wconf 88' lang='lat' dir='ltr'>Iohannis</span> <span class='ocrx_word' id='word_1_220' title='bbox 859 2103 984 2138; x_wconf 90' lang='lat' dir='ltr'>Summi</span> <span class='ocrx_word' id='word_1_221' title='bbox 1000 2103 1088 2138; x_wconf 89' lang='lat' dir='ltr'>Pon-</span> 
     </span>
     <span class='ocr_line' id='line_1_43' title="bbox 341 2153 1089 2200; baseline -0.004 -10"><span class='ocrx_word' id='word_1_222' title='bbox 341 2155 446 2197; x_wconf 80' lang='lat' dir='ltr'>tificis,</span> <span class='ocrx_word' id='word_1_223' title='bbox 468 2164 498 2190; x_wconf 93' lang='lat' dir='ltr'>et</span> <span class='ocrx_word' id='word_1_224' title='bbox 521 2155 705 2190; x_wconf 86' lang='lat' dir='ltr'>universalis</span> <span class='ocrx_word' id='word_1_225' title='bbox 740 2154 812 2189; x_wconf 91' lang='lat' dir='ltr'>noni</span> <span class='ocrx_word' id='word_1_226' title='bbox 848 2153 950 2200; x_wconf 85' lang='lat' dir='ltr'>Papae</span> <span class='ocrx_word' id='word_1_227' title='bbox 978 2153 1008 2187; x_wconf 91' lang='lat' dir='ltr'>in</span> <span class='ocrx_word' id='word_1_228' title='bbox 1032 2164 1089 2187; x_wconf 87' lang='lat' dir='ltr'>sa-</span> 
     </span>
     <span class='ocr_line' id='line_1_44' title="bbox 341 2202 1089 2250; baseline -0.005 -10"><span class='ocrx_word' id='word_1_229' title='bbox 341 2205 513 2240; x_wconf 86' lang='lat' dir='ltr'>cratissima</span> <span class='ocrx_word' id='word_1_230' title='bbox 536 2204 619 2240; x_wconf 89' lang='lat' dir='ltr'>Sede</span> <span class='ocrx_word' id='word_1_231' title='bbox 645 2204 733 2239; x_wconf 85' lang='lat' dir='ltr'>Beati</span> <span class='ocrx_word' id='word_1_232' title='bbox 755 2203 839 2238; x_wconf 91' lang='lat' dir='ltr'>Petri</span> <span class='ocrx_word' id='word_1_233' title='bbox 871 2202 1002 2250; x_wconf 86' lang='lat' dir='ltr'>apostoli</span> <span class='ocrx_word' id='word_1_234' title='bbox 1038 2214 1089 2237; x_wconf 88' lang='lat' dir='ltr'>se-</span> 
     </span>
     <span class='ocr_line' id='line_1_45' title="bbox 342 2252 826 2294; baseline -0.006 -5"><span class='ocrx_word' id='word_1_235' title='bbox 342 2254 459 2294; x_wconf 88' lang='lat' dir='ltr'>cundo,</span> <span class='ocrx_word' id='word_1_236' title='bbox 483 2254 654 2289; x_wconf 78' lang='lat' dir='ltr'>indictione</span> <span class='ocrx_word' id='word_1_237' title='bbox 675 2252 826 2288; x_wconf 88' lang='lat' dir='ltr'>secunda.</span> 
     </span>
    </p>

    <p class='ocr_par' dir='ltr' id='par_1_5' title="bbox 343 2303 1096 2645">
     <span class='ocr_line' id='line_1_46' title="bbox 392 2303 1090 2351; baseline -0.004 -13"><span class='ocrx_word' id='word_1_238' title='bbox 392 2303 533 2338; x_wconf 86' lang='lat' dir='ltr'>Marinus</span> <span class='ocrx_word' id='word_1_239' title='bbox 569 2304 740 2351; x_wconf 86' lang='lat' dir='ltr'>episcopus</span> <span class='ocrx_word' id='word_1_240' title='bbox 777 2313 887 2337; x_wconf 85' lang='lat' dir='ltr'>servus</span> <span class='ocrx_word' id='word_1_241' title='bbox 928 2312 1090 2335; x_wconf 83' lang='lat' dir='ltr'>servorum</span> 
     </span>
     <span class='ocr_line' id='line_1_47' title="bbox 343 2350 1092 2398; baseline -0.005 -10"><span class='ocrx_word' id='word_1_242' title='bbox 343 2352 415 2394; x_wconf 89' lang='lat' dir='ltr'>Dei,</span> <span class='ocrx_word' id='word_1_243' title='bbox 437 2352 636 2388; x_wconf 83' lang='lat' dir='ltr'>Tlieodorico</span> <span class='ocrx_word' id='word_1_244' title='bbox 665 2353 810 2398; x_wconf 82' lang='lat' dir='ltr'>religioso</span> <span class='ocrx_word' id='word_1_245' title='bbox 833 2350 936 2386; x_wconf 89' lang='lat' dir='ltr'>abbati</span> <span class='ocrx_word' id='word_1_246' title='bbox 962 2362 1092 2385; x_wconf 87' lang='lat' dir='ltr'>venera-</span> 
     </span>
     <span class='ocr_line' id='line_1_48' title="bbox 347 2400 1093 2438; baseline -0.004 -2"><span class='ocrx_word' id='word_1_247' title='bbox 347 2402 418 2437; x_wconf 88' lang='lat' dir='ltr'>bilis</span> <span class='ocrx_word' id='word_1_248' title='bbox 431 2403 612 2437; x_wconf 88' lang='lat' dir='ltr'>monasterii</span> <span class='ocrx_word' id='word_1_249' title='bbox 636 2402 742 2438; x_wconf 84' lang='lat' dir='ltr'>Sancti</span> <span class='ocrx_word' id='word_1_250' title='bbox 765 2400 906 2435; x_wconf 88' lang='lat' dir='ltr'>Silvestri</span> <span class='ocrx_word' id='word_1_251' title='bbox 934 2425 1006 2434; x_wconf 87' lang='grc'><strong><em>......</em></strong></span> <span class='ocrx_word' id='word_1_252' title='bbox 1034 2406 1093 2433; x_wconf 86' lang='lat' dir='ltr'>ter-</span> 
     </span>
     <span class='ocr_line' id='line_1_49' title="bbox 347 2448 1093 2491; baseline -0.003 -6"><span class='ocrx_word' id='word_1_253' title='bbox 347 2452 454 2486; x_wconf 88' lang='lat' dir='ltr'>ritorio</span> <span class='ocrx_word' id='word_1_254' title='bbox 469 2451 655 2491; x_wconf 84' lang='lat' dir='ltr'>Mutinensi,</span> <span class='ocrx_word' id='word_1_255' title='bbox 684 2462 805 2486; x_wconf 87' lang='lat' dir='ltr'>necnon</span> <span class='ocrx_word' id='word_1_256' title='bbox 833 2448 984 2485; x_wconf 91' lang='lat' dir='ltr'>omnibus</span> <span class='ocrx_word' id='word_1_257' title='bbox 1009 2448 1093 2484; x_wconf 89' lang='lat' dir='ltr'>sub-</span> 
     </span>
     <span class='ocr_line' id='line_1_50' title="bbox 350 2497 1093 2548; baseline 0 -16"><span class='ocrx_word' id='word_1_258' title='bbox 350 2500 534 2541; x_wconf 82' lang='lat' dir='ltr'>iacentibus,</span> <span class='ocrx_word' id='word_1_259' title='bbox 557 2510 587 2536; x_wconf 90' lang='lat' dir='ltr'>et</span> <span class='ocrx_word' id='word_1_260' title='bbox 609 2501 639 2535; x_wconf 91' lang='lat' dir='ltr'>in</span> <span class='ocrx_word' id='word_1_261' title='bbox 663 2508 851 2548; x_wconf 87' lang='lat' dir='ltr'>perpetuo...</span> <span class='ocrx_word' id='word_1_262' title='bbox 875 2510 1018 2545; x_wconf 85' lang='lat' dir='ltr'>quaeque</span> <span class='ocrx_word' id='word_1_263' title='bbox 1055 2497 1093 2532; x_wconf 89' lang='lat' dir='ltr'>ad</span> 
     </span>
     <span class='ocr_line' id='line_1_51' title="bbox 348 2547 1096 2595; baseline -0.003 -12"><span class='ocrx_word' id='word_1_264' title='bbox 348 2549 470 2584; x_wconf 90' lang='lat' dir='ltr'>laudem</span> <span class='ocrx_word' id='word_1_265' title='bbox 494 2549 716 2595; x_wconf 81' lang='lat' dir='ltr'>Redemptoris</span> <span class='ocrx_word' id='word_1_266' title='bbox 750 2548 807 2584; x_wconf 91' lang='lat' dir='ltr'>Dei</span> <span class='ocrx_word' id='word_1_267' title='bbox 830 2557 860 2583; x_wconf 88' lang='lat' dir='ltr'>et</span> <span class='ocrx_word' id='word_1_268' title='bbox 881 2547 1008 2582; x_wconf 87' lang='lat' dir='ltr'>Domini</span> <span class='ocrx_word' id='word_1_269' title='bbox 1024 2547 1096 2583; x_wconf 92' lang='lat' dir='ltr'>Sal-</span> 
     </span>
     <span class='ocr_line' id='line_1_52' title="bbox 349 2597 1096 2645; baseline 0 -13"><span class='ocrx_word' id='word_1_270' title='bbox 349 2600 465 2633; x_wconf 85' lang='lat' dir='ltr'>vatoris</span> <span class='ocrx_word' id='word_1_271' title='bbox 493 2599 588 2633; x_wconf 90' lang='lat' dir='ltr'>nostri</span> <span class='ocrx_word' id='word_1_272' title='bbox 620 2599 689 2634; x_wconf 89' lang='lat' dir='ltr'>Iesu</span> <span class='ocrx_word' id='word_1_273' title='bbox 718 2597 835 2633; x_wconf 82' lang='lat' dir='ltr'>Christi</span> <span class='ocrx_word' id='word_1_274' title='bbox 856 2598 1015 2645; x_wconf 86' lang='lat' dir='ltr'>pertinere</span> <span class='ocrx_word' id='word_1_275' title='bbox 1038 2609 1096 2632; x_wconf 90' lang='lat' dir='ltr'>no-</span> 
     </span>
    </p>
   </div>
   <div class='ocr_carea' id='block_1_5' title="bbox 905 219 1278 245">
    <p class='ocr_par' dir='ltr' id='par_1_6' title="bbox 905 219 1278 245">
     <span class='ocr_line' id='line_1_53' title="bbox 905 219 1278 245; baseline -0.008 0"><span class='ocrx_word' id='word_1_276' title='bbox 905 220 1093 245; x_wconf 70' lang='lat' dir='ltr'>BULLARIEM</span> <span class='ocrx_word' id='word_1_277' title='bbox 1115 219 1278 243; x_wconf 67' lang='lat' dir='ltr'>ROMAMJM</span> 
     </span>
    </p>
   </div>
   <div class='ocr_carea' id='block_1_6' title="bbox 1116 275 1883 2644">
    <p class='ocr_par' dir='ltr' id='par_1_7' title="bbox 1116 275 1883 2644">
     <span class='ocr_line' id='line_1_54' title="bbox 1116 275 1864 320; baseline 0.001 -10"><span class='ocrx_word' id='word_1_278' title='bbox 1116 286 1260 320; x_wconf 72' lang='lat' dir='ltr'>scuntur,</span> <span class='ocrx_word' id='word_1_279' title='bbox 1288 284 1317 310; x_wconf 88' lang='lat' dir='ltr'>et</span> <span class='ocrx_word' id='word_1_280' title='bbox 1344 276 1382 311; x_wconf 83' lang='lat' dir='ltr'>ad</span> <span class='ocrx_word' id='word_1_281' title='bbox 1410 275 1608 311; x_wconf 85' lang='lat' dir='ltr'>stabilitatem</span> <span class='ocrx_word' id='word_1_282' title='bbox 1638 275 1864 311; x_wconf 79' lang='lat' dir='ltr'>venerabilium</span> 
     </span>
     <span class='ocr_line' id='line_1_55' title="bbox 1117 325 1866 372; baseline 0.001 -12"><span class='ocrx_word' id='word_1_283' title='bbox 1117 325 1258 360; x_wconf 87' lang='lat' dir='ltr'>locorum</span> <span class='ocrx_word' id='word_1_284' title='bbox 1287 325 1470 372; x_wconf 87' lang='lat' dir='ltr'>respiciunt,</span> <span class='ocrx_word' id='word_1_285' title='bbox 1489 338 1560 360; x_wconf 91' lang='lat' dir='ltr'>cum</span> <span class='ocrx_word' id='word_1_286' title='bbox 1576 337 1689 372; x_wconf 83' lang='lat' dir='ltr'>magno</span> <span class='ocrx_word' id='word_1_287' title='bbox 1710 325 1866 361; x_wconf 88' lang='lat' dir='ltr'>sollicitu-</span> 
     </span>
     <span class='ocr_line' id='line_1_56' title="bbox 1117 374 1865 423; baseline 0.003 -15"><span class='ocrx_word' id='word_1_288' title='bbox 1117 375 1201 410; x_wconf 79' lang='lat' dir='ltr'>‹linis</span> <span class='ocrx_word' id='word_1_289' title='bbox 1239 375 1343 410; x_wconf 85' lang='lat' dir='ltr'>studio</span> <span class='ocrx_word' id='word_1_290' title='bbox 1370 387 1427 410; x_wconf 91' lang='lat' dir='ltr'>nos</span> <span class='ocrx_word' id='word_1_291' title='bbox 1460 375 1606 410; x_wconf 82' lang='lat' dir='ltr'>convenit</span> <span class='ocrx_word' id='word_1_292' title='bbox 1639 374 1808 423; x_wconf 87' lang='lat' dir='ltr'>apostolica</span> <span class='ocrx_word' id='word_1_293' title='bbox 1835 383 1865 410; x_wconf 84' lang='lat' dir='ltr'>et</span> 
     </span>
     <span class='ocr_line' id='line_1_57' title="bbox 1118 424 1866 472; baseline 0 -14"><span class='ocrx_word' id='word_1_294' title='bbox 1118 424 1294 459; x_wconf 83' lang='lat' dir='ltr'>rationabili</span> <span class='ocrx_word' id='word_1_295' title='bbox 1329 436 1462 459; x_wconf 87' lang='lat' dir='ltr'>censura</span> <span class='ocrx_word' id='word_1_296' title='bbox 1489 436 1675 472; x_wconf 82' lang='lat' dir='ltr'>procurare;</span> <span class='ocrx_word' id='word_1_297' title='bbox 1708 432 1866 472; x_wconf 87' lang='lat' dir='ltr'>quatenus</span> 
     </span>
     <span class='ocr_line' id='line_1_58' title="bbox 1117 473 1867 521; baseline 0.003 -14"><span class='ocrx_word' id='word_1_298' title='bbox 1117 487 1153 508; x_wconf 73' lang='lat' dir='ltr'>ex</span> <span class='ocrx_word' id='word_1_299' title='bbox 1178 474 1235 509; x_wconf 84' lang='lat' dir='ltr'>boc</span> <span class='ocrx_word' id='word_1_300' title='bbox 1272 475 1360 520; x_wconf 82' lang='lat' dir='ltr'>iuges</span> <span class='ocrx_word' id='word_1_301' title='bbox 1395 475 1497 508; x_wconf 87' lang='lat' dir='ltr'>eidem</span> <span class='ocrx_word' id='word_1_302' title='bbox 1535 473 1730 521; x_wconf 85' lang='lat' dir='ltr'>propitiatori</span> <span class='ocrx_word' id='word_1_303' title='bbox 1758 483 1867 509; x_wconf 89' lang='lat' dir='ltr'>nostro</span> 
     </span>
     <span class='ocr_line' id='line_1_59' title="bbox 1116 522 1866 570; baseline -0.001 -12"><span class='ocrx_word' id='word_1_304' title='bbox 1116 523 1256 558; x_wconf 87' lang='lat' dir='ltr'>Domino</span> <span class='ocrx_word' id='word_1_305' title='bbox 1282 523 1348 558; x_wconf 90' lang='lat' dir='ltr'>Deo</span> <span class='ocrx_word' id='word_1_306' title='bbox 1374 523 1534 558; x_wconf 85' lang='lat' dir='ltr'>efficacius</span> <span class='ocrx_word' id='word_1_307' title='bbox 1577 522 1710 569; x_wconf 86' lang='lat' dir='ltr'>persolvi</span> <span class='ocrx_word' id='word_1_308' title='bbox 1746 523 1866 570; x_wconf 86' lang='lat' dir='ltr'>possint</span> 
     </span>
     <span class='ocr_line' id='line_1_60' title="bbox 1117 571 1866 620; baseline 0.001 -14"><span class='ocrx_word' id='word_1_309' title='bbox 1117 572 1292 607; x_wconf 87' lang='lat' dir='ltr'>carminum</span> <span class='ocrx_word' id='word_1_310' title='bbox 1317 572 1438 613; x_wconf 79' lang='lat' dir='ltr'>laudes,</span> <span class='ocrx_word' id='word_1_311' title='bbox 1465 580 1494 606; x_wconf 86' lang='lat' dir='ltr'>et</span> <span class='ocrx_word' id='word_1_312' title='bbox 1518 572 1621 616; x_wconf 83' lang='lat' dir='ltr'>nobis,</span> <span class='ocrx_word' id='word_1_313' title='bbox 1643 572 1695 620; x_wconf 92' lang='lat' dir='ltr'>qui</span> <span class='ocrx_word' id='word_1_314' title='bbox 1724 571 1795 607; x_wconf 92' lang='lat' dir='ltr'>licet</span> <span class='ocrx_word' id='word_1_315' title='bbox 1818 573 1866 607; x_wconf 91' lang='lat' dir='ltr'>in-</span> 
     </span>
     <span class='ocr_line' id='line_1_61' title="bbox 1119 621 1866 668; baseline 0 -12"><span class='ocrx_word' id='word_1_316' title='bbox 1119 622 1232 663; x_wconf 89' lang='lat' dir='ltr'>meriti,</span> <span class='ocrx_word' id='word_1_317' title='bbox 1260 622 1363 657; x_wconf 85' lang='lat' dir='ltr'>divina</span> <span class='ocrx_word' id='word_1_318' title='bbox 1387 630 1490 656; x_wconf 78' lang='lat' dir='ltr'>tamen</span> <span class='ocrx_word' id='word_1_319' title='bbox 1514 621 1611 667; x_wconf 84' lang='lat' dir='ltr'>gratia</span> <span class='ocrx_word' id='word_1_320' title='bbox 1636 621 1866 668; x_wconf 85' lang='lat' dir='ltr'>praeveniente,</span> 
     </span>
     <span class='ocr_line' id='line_1_62' title="bbox 1119 671 1868 718; baseline 0 -12"><span class='ocrx_word' id='word_1_321' title='bbox 1119 672 1304 718; x_wconf 86' lang='lat' dir='ltr'>pastoralem</span> <span class='ocrx_word' id='word_1_322' title='bbox 1328 672 1489 718; x_wconf 81' lang='lat' dir='ltr'>regiminis</span> <span class='ocrx_word' id='word_1_323' title='bbox 1508 683 1615 706; x_wconf 89' lang='lat' dir='ltr'>curam</span> <span class='ocrx_word' id='word_1_324' title='bbox 1630 671 1783 717; x_wconf 83' lang='lat' dir='ltr'>gerimus,</span> <span class='ocrx_word' id='word_1_325' title='bbox 1797 672 1868 718; x_wconf 88' lang='lat' dir='ltr'>opi-</span> 
     </span>
     <span class='ocr_line' id='line_1_63' title="bbox 1119 720 1869 767; baseline 0.001 -13"><span class='ocrx_word' id='word_1_326' title='bbox 1119 733 1166 755; x_wconf 88' lang='lat' dir='ltr'>ma</span> <span class='ocrx_word' id='word_1_327' title='bbox 1184 721 1213 755; x_wconf 93' lang='lat' dir='ltr'>in</span> <span class='ocrx_word' id='word_1_328' title='bbox 1224 721 1354 756; x_wconf 85' lang='lat' dir='ltr'>sidereis</span> <span class='ocrx_word' id='word_1_329' title='bbox 1367 720 1492 756; x_wconf 87' lang='lat' dir='ltr'>arcibus</span> <span class='ocrx_word' id='word_1_330' title='bbox 1506 720 1768 755; x_wconf 84' lang='lat' dir='ltr'>remunerationis</span> <span class='ocrx_word' id='word_1_331' title='bbox 1784 733 1869 767; x_wconf 90' lang='lat' dir='ltr'>prae-</span> 
     </span>
     <span class='ocr_line' id='line_1_64' title="bbox 1118 769 1868 817; baseline 0 -13"><span class='ocrx_word' id='word_1_332' title='bbox 1118 770 1178 804; x_wconf 92' lang='lat' dir='ltr'>mia</span> <span class='ocrx_word' id='word_1_333' title='bbox 1195 770 1424 805; x_wconf 76' lang='lat' dir='ltr'>adscribantur.</span> <span class='ocrx_word' id='word_1_334' title='bbox 1444 769 1543 816; x_wconf 85' lang='lat' dir='ltr'>lgitur</span> <span class='ocrx_word' id='word_1_335' title='bbox 1564 769 1636 817; x_wconf 87' lang='lat' dir='ltr'>quia</span> <span class='ocrx_word' id='word_1_336' title='bbox 1653 777 1774 804; x_wconf 89' lang='lat' dir='ltr'>constat</span> <span class='ocrx_word' id='word_1_337' title='bbox 1788 770 1868 804; x_wconf 88' lang='lat' dir='ltr'>reli-</span> 
     </span>
     <span class='ocr_line' id='line_1_65' title="bbox 1118 819 1867 866; baseline -0.001 -12"><span class='ocrx_word' id='word_1_338' title='bbox 1118 820 1293 866; x_wconf 80' lang='lat' dir='ltr'>giositatem</span> <span class='ocrx_word' id='word_1_339' title='bbox 1304 829 1387 854; x_wconf 91' lang='lat' dir='ltr'>tuam</span> <span class='ocrx_word' id='word_1_340' title='bbox 1403 819 1494 854; x_wconf 89' lang='lat' dir='ltr'>nobis</span> <span class='ocrx_word' id='word_1_341' title='bbox 1506 819 1655 854; x_wconf 88' lang='lat' dir='ltr'>detulisse</span> <span class='ocrx_word' id='word_1_342' title='bbox 1665 827 1867 866; x_wconf 85' lang='lat' dir='ltr'>praeceptum</span> 
     </span>
     <span class='ocr_line' id='line_1_66' title="bbox 1120 867 1869 914; baseline 0 -12"><span class='ocrx_word' id='word_1_343' title='bbox 1120 868 1373 914; x_wconf 81' lang='lat' dir='ltr'>praedecessoris</span> <span class='ocrx_word' id='word_1_344' title='bbox 1402 869 1498 903; x_wconf 90' lang='lat' dir='ltr'>nostri</span> <span class='ocrx_word' id='word_1_345' title='bbox 1527 869 1644 903; x_wconf 88' lang='lat' dir='ltr'>domini</span> <span class='ocrx_word' id='word_1_346' title='bbox 1682 867 1813 902; x_wconf 82' lang='lat' dir='ltr'>Adriani</span> <span class='ocrx_word' id='word_1_347' title='bbox 1838 877 1869 903; x_wconf 89' lang='lat' dir='ltr'>et</span> 
     </span>
     <span class='ocr_line' id='line_1_67' title="bbox 1119 917 1866 953; baseline 0 -1"><span class='ocrx_word' id='word_1_348' title='bbox 1119 918 1269 953; x_wconf 83' lang='lat' dir='ltr'>lobannis</span> <span class='ocrx_word' id='word_1_349' title='bbox 1285 917 1474 953; x_wconf 87' lang='lat' dir='ltr'>reverendae</span> <span class='ocrx_word' id='word_1_350' title='bbox 1493 918 1663 953; x_wconf 87' lang='lat' dir='ltr'>memoriae</span> <span class='ocrx_word' id='word_1_351' title='bbox 1676 917 1866 952; x_wconf 83' lang='lat' dir='ltr'>Pontificum</span> 
     </span>
     <span class='ocr_line' id='line_1_68' title="bbox 1119 966 1866 1014; baseline -0.001 -12"><span class='ocrx_word' id='word_1_352' title='bbox 1119 968 1158 1002; x_wconf 83' lang='lat' dir='ltr'>de</span> <span class='ocrx_word' id='word_1_353' title='bbox 1185 967 1344 1014; x_wconf 86' lang='lat' dir='ltr'>praedicto</span> <span class='ocrx_word' id='word_1_354' title='bbox 1372 968 1573 1007; x_wconf 85' lang='lat' dir='ltr'>monasterio,</span> <span class='ocrx_word' id='word_1_355' title='bbox 1607 976 1637 1002; x_wconf 88' lang='lat' dir='ltr'>et</span> <span class='ocrx_word' id='word_1_356' title='bbox 1664 966 1814 1002; x_wconf 90' lang='lat' dir='ltr'>omnibus</span> <span class='ocrx_word' id='word_1_357' title='bbox 1840 967 1866 1002; x_wconf 86' lang='lat' dir='ltr'>ei</span> 
     </span>
     <span class='ocr_line' id='line_1_69' title="bbox 1121 1016 1864 1064; baseline 0.001 -14"><span class='ocrx_word' id='word_1_358' title='bbox 1121 1017 1352 1064; x_wconf 83' lang='lat' dir='ltr'>pertinentibus</span> <span class='ocrx_word' id='word_1_359' title='bbox 1394 1018 1481 1056; x_wconf 80' lang='lat' dir='ltr'>locis.</span> <span class='ocrx_word' id='word_1_360' title='bbox 1513 1029 1548 1052; x_wconf 82' lang='lat' dir='ltr'>ac</span> <span class='ocrx_word' id='word_1_361' title='bbox 1588 1016 1864 1064; x_wconf 84' lang='lat' dir='ltr'>possessionibus,</span> 
     </span>
     <span class='ocr_line' id='line_1_70' title="bbox 1119 1065 1868 1114; baseline 0 -14"><span class='ocrx_word' id='word_1_362' title='bbox 1119 1078 1199 1114; x_wconf 87' lang='lat' dir='ltr'>quae</span> <span class='ocrx_word' id='word_1_363' title='bbox 1227 1067 1360 1114; x_wconf 87' lang='lat' dir='ltr'>petistis,</span> <span class='ocrx_word' id='word_1_364' title='bbox 1383 1076 1416 1101; x_wconf 91' lang='lat' dir='ltr'>ut</span> <span class='ocrx_word' id='word_1_365' title='bbox 1441 1079 1495 1114; x_wconf 89' lang='lat' dir='ltr'>per</span> <span class='ocrx_word' id='word_1_366' title='bbox 1510 1066 1606 1101; x_wconf 90' lang='lat' dir='ltr'>nostri</span> <span class='ocrx_word' id='word_1_367' title='bbox 1626 1065 1790 1114; x_wconf 86' lang='lat' dir='ltr'>apostolici</span> <span class='ocrx_word' id='word_1_368' title='bbox 1808 1066 1868 1114; x_wconf 89' lang='lat' dir='ltr'>pri·</span> 
     </span>
     <span class='ocr_line' id='line_1_71' title="bbox 1120 1115 1869 1163; baseline 0 -13"><span class='ocrx_word' id='word_1_369' title='bbox 1120 1116 1223 1162; x_wconf 80' lang='lat' dir='ltr'>vilegii</span> <span class='ocrx_word' id='word_1_370' title='bbox 1247 1117 1390 1163; x_wconf 82' lang='lat' dir='ltr'>paginam</span> <span class='ocrx_word' id='word_1_371' title='bbox 1406 1116 1674 1151; x_wconf 81' lang='lat' dir='ltr'>confirmaremus.</span> <span class='ocrx_word' id='word_1_372' title='bbox 1696 1115 1788 1152; x_wconf 88' lang='lat' dir='ltr'>Unde</span> <span class='ocrx_word' id='word_1_373' title='bbox 1811 1128 1869 1151; x_wconf 92' lang='lat' dir='ltr'>nos</span> 
     </span>
     <span class='ocr_line' id='line_1_72' title="bbox 1121 1165 1868 1213; baseline 0 -13"><span class='ocrx_word' id='word_1_374' title='bbox 1121 1165 1267 1212; x_wconf 88' lang='lat' dir='ltr'>precibus</span> <span class='ocrx_word' id='word_1_375' title='bbox 1295 1166 1404 1200; x_wconf 82' lang='lat' dir='ltr'>vestris</span> <span class='ocrx_word' id='word_1_376' title='bbox 1431 1166 1582 1210; x_wconf 89' lang='lat' dir='ltr'>inclinati,</span> <span class='ocrx_word' id='word_1_377' title='bbox 1610 1174 1640 1200; x_wconf 92' lang='lat' dir='ltr'>et</span> <span class='ocrx_word' id='word_1_378' title='bbox 1666 1177 1681 1200; x_wconf 93' lang='lat' dir='ltr'>a</span> <span class='ocrx_word' id='word_1_379' title='bbox 1713 1165 1868 1213; x_wconf 88' lang='lat' dir='ltr'>praesenti</span> 
     </span>
     <span class='ocr_line' id='line_1_73' title="bbox 1123 1215 1870 1262; baseline 0.001 -14"><span class='ocrx_word' id='word_1_380' title='bbox 1123 1215 1219 1261; x_wconf 86' lang='lat' dir='ltr'>prima</span> <span class='ocrx_word' id='word_1_381' title='bbox 1250 1215 1421 1250; x_wconf 89' lang='lat' dir='ltr'>indictione</span> <span class='ocrx_word' id='word_1_382' title='bbox 1455 1216 1485 1249; x_wconf 94' lang='lat' dir='ltr'>in</span> <span class='ocrx_word' id='word_1_383' title='bbox 1522 1223 1722 1262; x_wconf 86' lang='lat' dir='ltr'>perpetuum,</span> <span class='ocrx_word' id='word_1_384' title='bbox 1756 1226 1870 1261; x_wconf 89' lang='lat' dir='ltr'>saepe-</span> 
     </span>
     <span class='ocr_line' id='line_1_74' title="bbox 1121 1265 1868 1300; baseline 0.001 -2"><span class='ocrx_word' id='word_1_385' title='bbox 1121 1265 1239 1299; x_wconf 88' lang='lat' dir='ltr'>dictum</span> <span class='ocrx_word' id='word_1_386' title='bbox 1265 1265 1489 1299; x_wconf 84' lang='lat' dir='ltr'>monasterium</span> <span class='ocrx_word' id='word_1_387' title='bbox 1506 1276 1725 1300; x_wconf 89' lang='lat' dir='ltr'>successorum</span> <span class='ocrx_word' id='word_1_388' title='bbox 1742 1271 1868 1300; x_wconf 82' lang='lat' dir='ltr'>tuorum</span> 
     </span>
     <span class='ocr_line' id='line_1_75' title="bbox 1121 1313 1870 1361; baseline 0 -13"><span class='ocrx_word' id='word_1_389' title='bbox 1121 1313 1268 1348; x_wconf 88' lang='lat' dir='ltr'>abbatum</span> <span class='ocrx_word' id='word_1_390' title='bbox 1297 1314 1417 1349; x_wconf 89' lang='lat' dir='ltr'>ditione</span> <span class='ocrx_word' id='word_1_391' title='bbox 1451 1322 1481 1348; x_wconf 90' lang='lat' dir='ltr'>et</span> <span class='ocrx_word' id='word_1_392' title='bbox 1507 1321 1659 1361; x_wconf 88' lang='lat' dir='ltr'>potestate</span> <span class='ocrx_word' id='word_1_393' title='bbox 1679 1325 1751 1348; x_wconf 90' lang='lat' dir='ltr'>cum</span> <span class='ocrx_word' id='word_1_394' title='bbox 1766 1314 1870 1349; x_wconf 91' lang='lat' dir='ltr'>omni-</span> 
     </span>
     <span class='ocr_line' id='line_1_76' title="bbox 1123 1363 1871 1410; baseline 0.001 -13"><span class='ocrx_word' id='word_1_395' title='bbox 1123 1363 1182 1397; x_wconf 87' lang='lat' dir='ltr'>bus</span> <span class='ocrx_word' id='word_1_396' title='bbox 1203 1363 1260 1398; x_wconf 85' lang='lat' dir='ltr'>sibi</span> <span class='ocrx_word' id='word_1_397' title='bbox 1290 1363 1521 1410; x_wconf 88' lang='lat' dir='ltr'>pertinentibus</span> <span class='ocrx_word' id='word_1_398' title='bbox 1548 1363 1775 1399; x_wconf 81' lang='lat' dir='ltr'>confirmantes</span> <span class='ocrx_word' id='word_1_399' title='bbox 1792 1363 1871 1399; x_wconf 89' lang='lat' dir='ltr'>irre-</span> 
     </span>
     <span class='ocr_line' id='line_1_77' title="bbox 1123 1412 1870 1459; baseline 0.003 -13"><span class='ocrx_word' id='word_1_400' title='bbox 1123 1412 1262 1458; x_wconf 82' lang='lat' dir='ltr'>fragabili</span> <span class='ocrx_word' id='word_1_401' title='bbox 1304 1414 1370 1447; x_wconf 89' lang='lat' dir='ltr'>iure</span> <span class='ocrx_word' id='word_1_402' title='bbox 1406 1413 1605 1448; x_wconf 89' lang='lat' dir='ltr'>decernimus</span> <span class='ocrx_word' id='word_1_403' title='bbox 1640 1412 1870 1459; x_wconf 85' lang='lat' dir='ltr'>permanenda,</span> 
     </span>
     <span class='ocr_line' id='line_1_78' title="bbox 1125 1461 1869 1509; baseline 0 -13"><span class='ocrx_word' id='word_1_404' title='bbox 1125 1462 1204 1496; x_wconf 86' lang='lat' dir='ltr'>idest</span> <span class='ocrx_word' id='word_1_405' title='bbox 1227 1462 1450 1498; x_wconf 87' lang='lat' dir='ltr'>monasterium</span> <span class='ocrx_word' id='word_1_406' title='bbox 1474 1461 1581 1497; x_wconf 89' lang='lat' dir='ltr'>Sancti</span> <span class='ocrx_word' id='word_1_407' title='bbox 1604 1461 1746 1497; x_wconf 89' lang='lat' dir='ltr'>Silvestri</span> <span class='ocrx_word' id='word_1_408' title='bbox 1769 1461 1869 1509; x_wconf 90' lang='lat' dir='ltr'>epi....</span> 
     </span>
     <span class='ocr_line' id='line_1_79' title="bbox 1123 1510 1871 1554; baseline 0.001 -8"><span class='ocrx_word' id='word_1_409' title='bbox 1123 1524 1137 1546; x_wconf 91' lang='lat' dir='ltr'>a</span> <span class='ocrx_word' id='word_1_410' title='bbox 1174 1510 1350 1546; x_wconf 86' lang='lat' dir='ltr'>Nonantula</span> <span class='ocrx_word' id='word_1_411' title='bbox 1385 1511 1541 1546; x_wconf 87' lang='lat' dir='ltr'>territorio</span> <span class='ocrx_word' id='word_1_412' title='bbox 1567 1511 1748 1547; x_wconf 83' lang='lat' dir='ltr'>Mutinensi.</span> <span class='ocrx_word' id='word_1_413' title='bbox 1783 1511 1871 1554; x_wconf 85' lang='lat' dir='ltr'>Qua-</span> 
     </span>
     <span class='ocr_line' id='line_1_80' title="bbox 1125 1560 1871 1608; baseline 0.001 -14"><span class='ocrx_word' id='word_1_414' title='bbox 1125 1569 1251 1608; x_wconf 88' lang='lat' dir='ltr'>propter</span> <span class='ocrx_word' id='word_1_415' title='bbox 1269 1561 1451 1596; x_wconf 86' lang='lat' dir='ltr'>auctoritate</span> <span class='ocrx_word' id='word_1_416' title='bbox 1468 1560 1546 1596; x_wconf 88' lang='lat' dir='ltr'>beati</span> <span class='ocrx_word' id='word_1_417' title='bbox 1562 1560 1646 1596; x_wconf 90' lang='lat' dir='ltr'>Petri</span> <span class='ocrx_word' id='word_1_418' title='bbox 1666 1560 1801 1608; x_wconf 87' lang='lat' dir='ltr'>apostoli</span> <span class='ocrx_word' id='word_1_419' title='bbox 1818 1561 1871 1596; x_wconf 89' lang='lat' dir='ltr'>cui</span> 
     </span>
     <span class='ocr_line' id='line_1_81' title="bbox 1123 1609 1871 1657; baseline 0 -13"><span class='ocrx_word' id='word_1_420' title='bbox 1123 1622 1138 1644; x_wconf 89' lang='lat' dir='ltr'>a</span> <span class='ocrx_word' id='word_1_421' title='bbox 1167 1609 1304 1645; x_wconf 92' lang='lat' dir='ltr'>Domino</span> <span class='ocrx_word' id='word_1_422' title='bbox 1341 1609 1407 1645; x_wconf 88' lang='lat' dir='ltr'>Deo</span> <span class='ocrx_word' id='word_1_423' title='bbox 1450 1618 1557 1645; x_wconf 90' lang='lat' dir='ltr'>nostro</span> <span class='ocrx_word' id='word_1_424' title='bbox 1592 1609 1754 1646; x_wconf 89' lang='lat' dir='ltr'>coelorum</span> <span class='ocrx_word' id='word_1_425' title='bbox 1785 1610 1871 1657; x_wconf 82' lang='lat' dir='ltr'>regni</span> 
     </span>
     <span class='ocr_line' id='line_1_82' title="bbox 1124 1658 1873 1706; baseline 0.001 -13"><span class='ocrx_word' id='word_1_426' title='bbox 1124 1659 1226 1694; x_wconf 84' lang='lat' dir='ltr'>claves</span> <span class='ocrx_word' id='word_1_427' title='bbox 1261 1658 1390 1694; x_wconf 84' lang='lat' dir='ltr'>traditae</span> <span class='ocrx_word' id='word_1_428' title='bbox 1418 1667 1501 1699; x_wconf 80' lang='lat' dir='ltr'>sunt,</span> <span class='ocrx_word' id='word_1_429' title='bbox 1529 1668 1559 1694; x_wconf 90' lang='lat' dir='ltr'>et</span> <span class='ocrx_word' id='word_1_430' title='bbox 1582 1667 1720 1706; x_wconf 85' lang='lat' dir='ltr'>potestas</span> <span class='ocrx_word' id='word_1_431' title='bbox 1754 1659 1873 1706; x_wconf 80' lang='lat' dir='ltr'>ligandi</span> 
     </span>
     <span class='ocr_line' id='line_1_83' title="bbox 1124 1708 1874 1756; baseline 0.001 -13"><span class='ocrx_word' id='word_1_432' title='bbox 1124 1717 1217 1754; x_wconf 81' lang='lat' dir='ltr'>atque</span> <span class='ocrx_word' id='word_1_433' title='bbox 1232 1708 1372 1743; x_wconf 86' lang='lat' dir='ltr'>solvendi</span> <span class='ocrx_word' id='word_1_434' title='bbox 1392 1709 1479 1743; x_wconf 89' lang='lat' dir='ltr'>coelo</span> <span class='ocrx_word' id='word_1_435' title='bbox 1494 1716 1637 1756; x_wconf 85' lang='lat' dir='ltr'>terraque</span> <span class='ocrx_word' id='word_1_436' title='bbox 1652 1721 1801 1744; x_wconf 85' lang='lat' dir='ltr'>concessa</span> <span class='ocrx_word' id='word_1_437' title='bbox 1815 1717 1874 1753; x_wconf 90' lang='lat' dir='ltr'>est,</span> 
     </span>
     <span class='ocr_line' id='line_1_84' title="bbox 1126 1757 1874 1804; baseline 0.001 -12"><span class='ocrx_word' id='word_1_438' title='bbox 1126 1758 1362 1804; x_wconf 82' lang='lat' dir='ltr'>promulgantes</span> <span class='ocrx_word' id='word_1_439' title='bbox 1389 1757 1599 1802; x_wconf 67' lang='lat' dir='ltr'>decernimus,</span> <span class='ocrx_word' id='word_1_440' title='bbox 1625 1766 1655 1793; x_wconf 89' lang='lat' dir='ltr'>et</span> <span class='ocrx_word' id='word_1_441' title='bbox 1682 1758 1770 1793; x_wconf 78' lang='lat' dir='ltr'>firma</span> <span class='ocrx_word' id='word_1_442' title='bbox 1803 1766 1874 1793; x_wconf 84' lang='lat' dir='ltr'>sta-</span> 
     </span>
     <span class='ocr_line' id='line_1_85' title="bbox 1128 1807 1875 1854; baseline 0.001 -13"><span class='ocrx_word' id='word_1_443' title='bbox 1128 1807 1258 1841; x_wconf 87' lang='lat' dir='ltr'>bilitatis</span> <span class='ocrx_word' id='word_1_444' title='bbox 1281 1819 1412 1842; x_wconf 87' lang='lat' dir='ltr'>censura</span> <span class='ocrx_word' id='word_1_445' title='bbox 1440 1807 1619 1846; x_wconf 87' lang='lat' dir='ltr'>statuimus,</span> <span class='ocrx_word' id='word_1_446' title='bbox 1646 1815 1681 1841; x_wconf 90' lang='lat' dir='ltr'>ut</span> <span class='ocrx_word' id='word_1_447' title='bbox 1703 1808 1806 1854; x_wconf 89' lang='lat' dir='ltr'>ipsum</span> <span class='ocrx_word' id='word_1_448' title='bbox 1822 1819 1875 1842; x_wconf 90' lang='lat' dir='ltr'>ve-</span> 
     </span>
     <span class='ocr_line' id='line_1_86' title="bbox 1128 1856 1874 1900; baseline 0.001 -9"><span class='ocrx_word' id='word_1_449' title='bbox 1128 1856 1264 1891; x_wconf 86' lang='lat' dir='ltr'>nerabile</span> <span class='ocrx_word' id='word_1_450' title='bbox 1279 1859 1505 1891; x_wconf 83' lang='lat' dir='ltr'>monasterium</span> <span class='ocrx_word' id='word_1_451' title='bbox 1527 1868 1599 1891; x_wconf 89' lang='lat' dir='ltr'>cum</span> <span class='ocrx_word' id='word_1_452' title='bbox 1616 1856 1764 1892; x_wconf 87' lang='lat' dir='ltr'>omnibus</span> <span class='ocrx_word' id='word_1_453' title='bbox 1785 1856 1874 1900; x_wconf 81' lang='lat' dir='ltr'>locis,</span> 
     </span>
     <span class='ocr_line' id='line_1_87' title="bbox 1129 1905 1875 1950; baseline 0.001 -10"><span class='ocrx_word' id='word_1_454' title='bbox 1129 1906 1256 1950; x_wconf 84' lang='lat' dir='ltr'>mansis,</span> <span class='ocrx_word' id='word_1_455' title='bbox 1280 1905 1398 1945; x_wconf 83' lang='lat' dir='ltr'>fundis,</span> <span class='ocrx_word' id='word_1_456' title='bbox 1421 1906 1514 1949; x_wconf 81' lang='lat' dir='ltr'>casis,</span> <span class='ocrx_word' id='word_1_457' title='bbox 1536 1905 1704 1947; x_wconf 82' lang='lat' dir='ltr'>casalibus,</span> <span class='ocrx_word' id='word_1_458' title='bbox 1716 1905 1875 1947; x_wconf 84' lang='lat' dir='ltr'>domibus,</span> 
     </span>
     <span class='ocr_line' id='line_1_88' title="bbox 1128 1955 1877 2003; baseline 0.001 -14"><span class='ocrx_word' id='word_1_459' title='bbox 1128 1955 1321 2002; x_wconf 87' lang='lat' dir='ltr'>aquismolis,</span> <span class='ocrx_word' id='word_1_460' title='bbox 1349 1955 1483 1996; x_wconf 86' lang='lat' dir='ltr'>olivetis,</span> <span class='ocrx_word' id='word_1_461' title='bbox 1506 1955 1553 1990; x_wconf 90' lang='lat' dir='ltr'>vel</span> <span class='ocrx_word' id='word_1_462' title='bbox 1579 1955 1731 2002; x_wconf 90' lang='lat' dir='ltr'>quicquid</span> <span class='ocrx_word' id='word_1_463' title='bbox 1755 1957 1786 1990; x_wconf 92' lang='lat' dir='ltr'>in</span> <span class='ocrx_word' id='word_1_464' title='bbox 1808 1955 1877 2003; x_wconf 87' lang='lat' dir='ltr'>qui-</span> 
     </span>
     <span class='ocr_line' id='line_1_89' title="bbox 1129 2003 1877 2053; baseline 0.001 -15"><span class='ocrx_word' id='word_1_465' title='bbox 1129 2004 1350 2051; x_wconf 81' lang='lat' dir='ltr'>buscunque...</span> <span class='ocrx_word' id='word_1_466' title='bbox 1379 2003 1516 2044; x_wconf 77' lang='lat' dir='ltr'>videtur,</span> <span class='ocrx_word' id='word_1_467' title='bbox 1539 2004 1584 2039; x_wconf 89' lang='lat' dir='ltr'>vel</span> <span class='ocrx_word' id='word_1_468' title='bbox 1614 2012 1766 2053; x_wconf 83' lang='lat' dir='ltr'>potestate</span> <span class='ocrx_word' id='word_1_469' title='bbox 1791 2004 1877 2052; x_wconf 56' lang='lat' dir='ltr'>lega⁶</span> 
     </span>
     <span class='ocr_line' id='line_1_90' title="bbox 1129 2053 1878 2100; baseline 0.003 -13"><span class='ocrx_word' id='word_1_470' title='bbox 1129 2053 1199 2088; x_wconf 91' lang='lat' dir='ltr'>liter</span> <span class='ocrx_word' id='word_1_471' title='bbox 1227 2053 1391 2093; x_wconf 86' lang='lat' dir='ltr'>donatum,</span> <span class='ocrx_word' id='word_1_472' title='bbox 1420 2053 1466 2088; x_wconf 77' lang='lat' dir='ltr'>vel</span> <span class='ocrx_word' id='word_1_473' title='bbox 1499 2054 1645 2100; x_wconf 83' lang='lat' dir='ltr'>largitum</span> <span class='ocrx_word' id='word_1_474' title='bbox 1672 2054 1790 2098; x_wconf 84' lang='lat' dir='ltr'>suerit,</span> <span class='ocrx_word' id='word_1_475' title='bbox 1823 2061 1878 2089; x_wconf 88' lang='lat' dir='ltr'>aut</span> 
     </span>
     <span class='ocr_line' id='line_1_91' title="bbox 1129 2102 1878 2149; baseline 0.003 -13"><span class='ocrx_word' id='word_1_476' title='bbox 1129 2102 1272 2149; x_wconf 85' lang='lat' dir='ltr'>quolibet</span> <span class='ocrx_word' id='word_1_477' title='bbox 1300 2102 1396 2138; x_wconf 91' lang='lat' dir='ltr'>modo</span> <span class='ocrx_word' id='word_1_478' title='bbox 1419 2102 1499 2138; x_wconf 90' lang='lat' dir='ltr'>iuste</span> <span class='ocrx_word' id='word_1_479' title='bbox 1533 2103 1683 2142; x_wconf 84' lang='lat' dir='ltr'>evenerit,</span> <span class='ocrx_word' id='word_1_480' title='bbox 1718 2111 1825 2138; x_wconf 88' lang='lat' dir='ltr'>tenere</span> <span class='ocrx_word' id='word_1_481' title='bbox 1847 2112 1878 2138; x_wconf 87' lang='lat' dir='ltr'>et</span> 
     </span>
     <span class='ocr_line' id='line_1_92' title="bbox 1132 2152 1878 2200; baseline 0.001 -14"><span class='ocrx_word' id='word_1_482' title='bbox 1132 2152 1294 2199; x_wconf 87' lang='lat' dir='ltr'>possidere</span> <span class='ocrx_word' id='word_1_483' title='bbox 1322 2153 1388 2186; x_wconf 89' lang='lat' dir='ltr'>sine</span> <span class='ocrx_word' id='word_1_484' title='bbox 1411 2152 1550 2199; x_wconf 88' lang='lat' dir='ltr'>qnalibet</span> <span class='ocrx_word' id='word_1_485' title='bbox 1577 2152 1789 2188; x_wconf 81' lang='lat' dir='ltr'>controversia</span> <span class='ocrx_word' id='word_1_486' title='bbox 1805 2164 1878 2200; x_wconf 89' lang='lat' dir='ltr'>per-</span> 
     </span>
     <span class='ocr_line' id='line_1_93' title="bbox 1132 2200 1878 2248; baseline 0.001 -13"><span class='ocrx_word' id='word_1_487' title='bbox 1132 2201 1236 2248; x_wconf 84' lang='lat' dir='ltr'>petuis</span> <span class='ocrx_word' id='word_1_488' title='bbox 1260 2201 1454 2248; x_wconf 87' lang='lat' dir='ltr'>temporibus</span> <span class='ocrx_word' id='word_1_489' title='bbox 1478 2201 1613 2237; x_wconf 86' lang='lat' dir='ltr'>valeatis.</span> <span class='ocrx_word' id='word_1_490' title='bbox 1636 2201 1676 2237; x_wconf 91' lang='lat' dir='ltr'>Et</span> <span class='ocrx_word' id='word_1_491' title='bbox 1711 2200 1788 2236; x_wconf 91' lang='lat' dir='ltr'>nulli</span> <span class='ocrx_word' id='word_1_492' title='bbox 1818 2213 1878 2236; x_wconf 91' lang='lat' dir='ltr'>un-</span> 
     </span>
     <span class='ocr_line' id='line_1_94' title="bbox 1131 2251 1877 2298; baseline 0.001 -14"><span class='ocrx_word' id='word_1_493' title='bbox 1131 2262 1225 2297; x_wconf 87' lang='lat' dir='ltr'>quam</span> <span class='ocrx_word' id='word_1_494' title='bbox 1255 2251 1342 2285; x_wconf 88' lang='lat' dir='ltr'>liceat</span> <span class='ocrx_word' id='word_1_495' title='bbox 1371 2263 1479 2297; x_wconf 82' lang='lat' dir='ltr'>regum</span> <span class='ocrx_word' id='word_1_496' title='bbox 1486 2277 1542 2285; x_wconf 90' lang='lat'>.....</span> <span class='ocrx_word' id='word_1_497' title='bbox 1571 2251 1790 2298; x_wconf 86' lang='lat' dir='ltr'>episcoporum</span> <span class='ocrx_word' id='word_1_498' title='bbox 1796 2277 1877 2285; x_wconf 87' lang='grc'><strong>.......</strong></span> 
     </span>
     <span class='ocr_line' id='line_1_95' title="bbox 1133 2299 1880 2347; baseline 0.003 -14"><span class='ocrx_word' id='word_1_499' title='bbox 1133 2300 1178 2334; x_wconf 85' lang='lat' dir='ltr'>vel</span> <span class='ocrx_word' id='word_1_500' title='bbox 1206 2308 1344 2334; x_wconf 90' lang='lat' dir='ltr'>actorum</span> <span class='ocrx_word' id='word_1_501' title='bbox 1369 2312 1481 2347; x_wconf 89' lang='lat' dir='ltr'>parvae</span> <span class='ocrx_word' id='word_1_502' title='bbox 1502 2299 1550 2335; x_wconf 91' lang='lat' dir='ltr'>vel</span> <span class='ocrx_word' id='word_1_503' title='bbox 1565 2312 1696 2346; x_wconf 83' lang='lat' dir='ltr'>magnae</span> <span class='ocrx_word' id='word_1_504' title='bbox 1727 2311 1880 2347; x_wconf 87' lang='lat' dir='ltr'>personae</span> 
     </span>
     <span class='ocr_line' id='line_1_96' title="bbox 1133 2349 1882 2395; baseline 0.003 -13"><span class='ocrx_word' id='word_1_505' title='bbox 1133 2349 1162 2382; x_wconf 92' lang='lat' dir='ltr'>in</span> <span class='ocrx_word' id='word_1_506' title='bbox 1204 2349 1364 2395; x_wconf 85' lang='lat' dir='ltr'>praedicto</span> <span class='ocrx_word' id='word_1_507' title='bbox 1395 2349 1564 2384; x_wconf 82' lang='lat' dir='ltr'>venerabili</span> <span class='ocrx_word' id='word_1_508' title='bbox 1596 2349 1804 2390; x_wconf 87' lang='lat' dir='ltr'>monasterio,</span> <span class='ocrx_word' id='word_1_509' title='bbox 1832 2349 1882 2384; x_wconf 89' lang='lat' dir='ltr'>vel</span> 
     </span>
     <span class='ocr_line' id='line_1_97' title="bbox 1134 2398 1881 2445; baseline 0.003 -14"><span class='ocrx_word' id='word_1_510' title='bbox 1134 2398 1162 2432; x_wconf 89' lang='lat' dir='ltr'>in</span> <span class='ocrx_word' id='word_1_511' title='bbox 1191 2399 1248 2437; x_wconf 79' lang='lat' dir='ltr'>eis,</span> <span class='ocrx_word' id='word_1_512' title='bbox 1272 2411 1353 2445; x_wconf 89' lang='lat' dir='ltr'>quae</span> <span class='ocrx_word' id='word_1_513' title='bbox 1374 2398 1477 2434; x_wconf 89' lang='lat' dir='ltr'>eidem</span> <span class='ocrx_word' id='word_1_514' title='bbox 1498 2398 1666 2434; x_wconf 85' lang='lat' dir='ltr'>venerabili</span> <span class='ocrx_word' id='word_1_515' title='bbox 1690 2399 1881 2435; x_wconf 81' lang='lat' dir='ltr'>monasterio</span> 
     </span>
     <span class='ocr_line' id='line_1_98' title="bbox 1135 2447 1882 2495; baseline 0.004 -14"><span class='ocrx_word' id='word_1_516' title='bbox 1135 2447 1290 2494; x_wconf 90' lang='lat' dir='ltr'>pertinere</span> <span class='ocrx_word' id='word_1_517' title='bbox 1314 2448 1458 2483; x_wconf 86' lang='lat' dir='ltr'>videntur</span> <span class='ocrx_word' id='word_1_518' title='bbox 1483 2459 1672 2495; x_wconf 85' lang='lat' dir='ltr'>quocunqne</span> <span class='ocrx_word' id='word_1_519' title='bbox 1703 2448 1796 2484; x_wconf 87' lang='lat' dir='ltr'>modo</span> <span class='ocrx_word' id='word_1_520' title='bbox 1831 2448 1882 2484; x_wconf 89' lang='lat' dir='ltr'>in-</span> 
     </span>
     <span class='ocr_line' id='line_1_99' title="bbox 1136 2496 1882 2541; baseline 0.001 -9"><span class='ocrx_word' id='word_1_521' title='bbox 1136 2496 1297 2541; x_wconf 84' lang='lat' dir='ltr'>cumbere,</span> <span class='ocrx_word' id='word_1_522' title='bbox 1324 2505 1374 2532; x_wconf 88' lang='lat' dir='ltr'>aut</span> <span class='ocrx_word' id='word_1_523' title='bbox 1391 2498 1597 2533; x_wconf 65' lang='lat' dir='ltr'>‘invasionem</span> <span class='ocrx_word' id='word_1_524' title='bbox 1620 2498 1722 2533; x_wconf 78' lang='lat' dir='ltr'>facere</span> <span class='ocrx_word' id='word_1_525' title='bbox 1727 2524 1813 2532; x_wconf 86' lang='lat'>.......</span> <span class='ocrx_word' id='word_1_526' title='bbox 1836 2509 1882 2534; x_wconf 90' lang='lat' dir='ltr'>ac-</span> 
     </span>
     <span class='ocr_line' id='line_1_100' title="bbox 1135 2545 1883 2589; baseline 0.003 -9"><span class='ocrx_word' id='word_1_527' title='bbox 1135 2546 1258 2589; x_wconf 83' lang='lat' dir='ltr'>cedere,</span> <span class='ocrx_word' id='word_1_528' title='bbox 1293 2546 1338 2580; x_wconf 81' lang='lat' dir='ltr'>vel</span> <span class='ocrx_word' id='word_1_529' title='bbox 1366 2547 1531 2581; x_wconf 87' lang='lat' dir='ltr'>missarum</span> <span class='ocrx_word' id='word_1_530' title='bbox 1567 2545 1722 2582; x_wconf 85' lang='lat' dir='ltr'>solemnia</span> <span class='ocrx_word' id='word_1_531' title='bbox 1749 2547 1811 2582; x_wconf 89' lang='lat' dir='ltr'>nisi</span> <span class='ocrx_word' id='word_1_532' title='bbox 1843 2547 1883 2583; x_wconf 91' lang='lat' dir='ltr'>ab</span> 
     </span>
     <span class='ocr_line' id='line_1_101' title="bbox 1136 2594 1883 2644; baseline 0.005 -15"><span class='ocrx_word' id='word_1_533' title='bbox 1136 2594 1246 2630; x_wconf 86' lang='lat' dir='ltr'>abbate</span> <span class='ocrx_word' id='word_1_534' title='bbox 1262 2595 1356 2630; x_wconf 82' lang='lat' dir='ltr'>suerit</span> <span class='ocrx_word' id='word_1_535' title='bbox 1371 2596 1535 2637; x_wconf 89' lang='lat' dir='ltr'>invitatus;</span> <span class='ocrx_word' id='word_1_536' title='bbox 1557 2596 1783 2643; x_wconf 79' lang='lat' dir='ltr'>quatenushoc</span> <span class='ocrx_word' id='word_1_537' title='bbox 1797 2596 1883 2644; x_wconf 88' lang='lat' dir='ltr'>quod</span> 
     </span>
    </p>
   </div>
   <div class='ocr_carea' id='block_1_7' title="bbox 1880 217 2062 248">
    <p class='ocr_par' dir='ltr' id='par_1_8' title="bbox 1880 217 2062 248">
     <span class='ocr_line' id='line_1_102' title="bbox 1880 217 2062 248; baseline 0.005 -2"><span class='ocrx_word' id='word_1_538' title='bbox 1880 218 1930 246; x_wconf 77' lang='lat' dir='ltr'>An.</span> <span class='ocrx_word' id='word_1_539' title='bbox 1947 217 1975 246; x_wconf 80' lang='lat' dir='ltr'>C.</span> <span class='ocrx_word' id='word_1_540' title='bbox 1996 219 2062 248; x_wconf 67' lang='lat'>¹243</span> 
     </span>
    </p>
   </div>
  </div>
 </body>
</html>
