2129 3223
51 242 104 270 Au.
117 241 144 270 C.
167 241 235 273 ¹205

49 1388 110 1410 Attae
119 1387 178 1414 teges
186 1393 224 1414 pro

41 1418 174 1446 impedienda
199 1423 226 1438 u-

41 1451 104 1472 nione
119 1450 179 1476 regui
189 1449 226 1470 hu-

41 1481 74 1502 iu·
89 1485 136 1502 cum
156 1481 226 1507 impe-

40 1511 80 1536 rio,
105 1510 139 1531 vel
163 1509 226 1531 Lom-

40 1541 119 1567 burdin,
127 1540 224 1565 Thuscta,

879 244 1023 268 CLEMENS
1045 246 1079 268 lv
1101 246 1149 269 PP.

248 305 310 333 tam
334 298 412 346 ipse,
434 310 527 346 quam
551 310 679 346 regnum
707 299 805 348 ipsius
828 300 858 335 in
886 309 994 336 custo-

247 347 297 382 dia
325 347 486 383 Romanae
514 348 674 384 Ecclesiae
696 357 866 391 remaneat,
893 350 994 389 donec

247 398 313 444 ipse
336 397 510 445 impleverit
528 398 738 445 supradictam
762 408 906 443 aetatem,
927 400 995 434 fru—

245 447 348 482 ctibus
375 455 405 481 et
426 446 668 482 obventionibus
686 449 787 492 regni,
815 460 850 483 ex
879 449 994 496 quibus

245 504 392 542 sumptus
413 497 581 531 necessarii
610 496 744 532 faciendi
763 510 819 544 pro
837 498 991 533 eiusmodi

246 545 332 592 regni
355 545 496 580 custodia
518 545 714 581 deducantur
741 548 840 592 regui,
858 560 992 582 conser-

244 594 354 630 vandis
380 595 422 636 ei,
444 603 474 629 et
497 594 584 630 lucro
605 594 736 630 alterius
762 596 882 631 ratione.
897 597 993 643 ipsius

244 643 407 679 custodiae
442 655 504 679 non
541 645 686 679 cessuris.
721 644 811 686 Quae
844 658 917 680 vero
953 646 991 680 de

243 692 308 728 filio
342 692 510 734 dicuntur,
546 702 579 728 ut
613 694 639 728 ei
671 694 819 729 videlicet
859 706 989 741 regnum

244 743 342 788 possit
360 742 420 777 sub
441 741 659 777 observatione
682 742 849 789 praemissa
869 755 884 777 a
905 753 989 790 putre

242 791 279 826 ad
304 791 471 838 imperium
501 799 683 826 transeunte
705 792 839 836 dimitti,
867 793 905 826 de
928 793 989 827 lilia

241 840 335 874 etiam
365 840 515 875 duximus
540 840 798 882 concedendum,
826 848 858 875 et
884 842 907 875 si
936 855 988 876 rex

242 901 304 923 non
328 888 449 924 liabens
462 889 562 923 lilium
580 889 610 923 in
634 890 854 936 imperatorem
871 890 989 925 electus

240 937 279 972 ad
300 938 469 985 imperium
492 939 625 973 transire
646 939 792 978 voluerit,
813 947 842 973 et
858 938 896 974 de
917 951 989 986 per-

240 987 327 1022 sonis
361 999 440 1034 quas
467 1000 560 1035 supra
594 986 748 1032 diximus,
784 987 892 1023 liberis
925 1001 987 1023 non

240 1035 431 1080 extantibus,
455 1037 486 1071 in
507 1048 601 1082 regno
617 1049 709 1084 posse
731 1037 913 1077 succedere,
936 1037 990 1072 ali·

239 1085 293 1168 pui
315 1085 502 1133 superstites
531 1085 663 1126 suerint,
692 1098 772 1132 quae
799 1085 838 1120 de
867 1086 930 1120 filio
959 1094 988 1121 et

251 1133 302 1169 ilia
324 1134 626 1181 praeordinavimus,
649 1133 854 1169 observentur
871 1135 900 1169 iu
916 1135 987 1179 illis,

238 1192 372 1231 excepto
394 1184 658 1229 emancipationis
683 1183 826 1223 articulo,
849 1196 930 1231 quae
957 1185 985 1218 iu

239 1232 314 1268 solis
341 1233 418 1279 ipsis
440 1233 611 1280 procedere
635 1233 758 1278 poterit,
780 1233 833 1279 qui
856 1245 988 1279 capaces

238 1282 500 1328 emancipationis
526 1282 659 1316 existant
685 1282 803 1316 ratione
827 1283 954 1329 patriae.

289 1332 322 1365 5.
344 1329 550 1366 Declaramus
579 1331 673 1365 etiam
700 1330 726 1365 si
755 1331 795 1365 illi
819 1331 883 1377 regi
911 1330 989 1366 Sici-

239 1379 298 1415 liae
319 1380 389 1415 sine
409 1380 471 1414 filio
498 1378 664 1414 decedenti
686 1388 845 1426 superstes
865 1380 905 1414 sit
927 1379 986 1414 lilia

241 1430 286 1463 vel
322 1429 437 1464 mulier
469 1428 545 1469 alia,
576 1440 657 1476 quae
685 1429 768 1463 iuxta
797 1428 986 1476 praedictam

240 1477 372 1512 formam
401 1477 514 1512 debeat
535 1479 572 1512 ad
602 1477 781 1512 huiusmodi
809 1478 986 1512 successio-

240 1539 312 1562 nem
337 1526 476 1571 admitti,
503 1538 583 1574 quae
610 1526 892 1573 imperatori,dum
921 1527 987 1573 ipse

238 1588 293 1612 rex
314 1576 448 1621 viveret,
470 1575 569 1610 fuerat
595 1575 784 1622 desponsata
812 1576 857 1610 vel
882 1584 987 1622 nupta,

239 1625 388 1660 succedat
410 1625 441 1660 in
464 1637 574 1670 regno,
592 1633 621 1659 et
634 1626 671 1668 si,
686 1636 782 1669 regno
796 1624 853 1659 sibi
873 1624 987 1668 delato,

239 1674 420 1722 imperatori
454 1674 612 1720 nupserit,
648 1673 739 1708 cadat
774 1674 917 1720 protinus
950 1674 988 1708 ab

238 1735 288 1764 eo,
311 1723 371 1758 nisi
393 1723 438 1757 vir
464 1723 534 1757 eius
560 1723 691 1769 imperio
714 1734 842 1767 prorsus
870 1734 989 1756 renun-

239 1772 332 1816 tians,
354 1783 450 1817 regno
472 1771 671 1806 solummodo
694 1772 734 1805 sit
756 1779 933 1806 contentus.
955 1771 988 1805 ln

240 1821 343 1869 primo
364 1829 470 1855 autem
493 1832 579 1864 casu,
612 1819 747 1866 repulsis
780 1819 841 1854 filia
868 1827 898 1854 et
932 1820 988 1854 alia

241 1869 412 1918 praedicta,
430 1868 469 1903 ad
493 1881 642 1916 personas
658 1870 751 1914 ipsas,
773 1869 902 1903 servatis
923 1880 990 1914 gra-

240 1918 345 1960 dibus,
365 1930 496 1965 regnum
521 1918 695 1964 perveniat,
724 1929 803 1963 quas
825 1927 990 1964 praenota-

240 1968 347 2003 vimus
373 1967 403 2002 in
433 1979 528 2013 regno
555 1966 849 2014 posse-succedere,
865 1968 903 2010 si,
920 1978 990 2012 rege

243 2025 456 2064 praemortuo,
471 2016 523 2050 lilii
536 2028 598 2050 non
614 2015 781 2062 supersint.
797 2014 830 2048 Iu
850 2017 990 2050 secundo

242 2074 346 2101 -stem
380 2077 453 2100 casu
490 2076 622 2110 regnum
652 2064 690 2098 ad
723 2063 899 2099 Romanam
927 2063 991 2098 Ec·-

249 2115 371 2151 ,tesiam
398 2113 597 2155 devolvatur;
620 2124 750 2159 regnum
777 2125 902 2160 quoque
933 2113 991 2148 Si-

243 2164 335 2200 ciliae
368 2171 399 2197 et
428 2171 506 2197 terra
543 2162 700 2209 praedicta
733 2163 870 2208 imperio
904 2162 991 2196 nullo

243 2213 340 2248 modo
362 2211 549 2251 subdentur,
572 2223 625 2245 seu
653 2210 711 2245 sibi
740 2210 824 2244 nullo
853 2223 989 2256 unquam

245 2270 386 2308 tempore
402 2261 432 2295 in
455 2260 564 2295 eadem
584 2271 714 2306 persona
737 2259 877 2306 quolibet
899 2259 992 2293 niodo

245 2311 385 2350 venient,
407 2318 438 2344 et
466 2309 605 2356 praecise
636 2320 732 2354 super
757 2309 907 2352 articulo,
931 2317 990 2342 tam

248 2371 304 2407 per
331 2371 448 2406 poenas
474 2356 668 2405 spirituales,
690 2369 783 2402 quam
812 2357 888 2392 alias
916 2370 993 2391 cau-

247 2410 367 2450 tiones,
395 2407 555 2442 cavebitur
578 2407 660 2440 iuxta
692 2405 852 2441 Ecclesiae
880 2406 992 2440 volun-

249 2465 355 2497 tatem,
377 2456 645 2504 quandocumque
667 2454 829 2489 Romanus
849 2454 993 2489 Pontifex

248 2505 371 2541 duxerit
398 2506 638 2552 requirendum,
661 2516 731 2538 cum
756 2503 937 2538 intentionis
955 2505 994 2538 sit

247 2554 411 2591 Romanae
437 2554 607 2597 Ecclesiae⁷
637 2562 669 2587 ut
697 2565 826 2597 regnum
855 2561 885 2587 et
913 2562 992 2587 terra

249 2603 405 2650 praedicta
429 2603 514 2637 nullo
537 2614 675 2648 uuquam
699 2611 840 2647 tempore
865 2602 995 2647 imperio

328 2659 403 2690 Ball.
423 2658 498 2688 Rom.
522 2658 575 2687 Vol.
598 2657 647 2687 ΙΙΙ.
840 2657 878 2686 95

1667 241 1736 273 755

1036 302 1178 346 uniatur,
1205 310 1239 336 ut
1266 303 1385 338 scilicet
1418 304 1580 341 Romanus
1615 307 1784 354 imperator

1035 359 1064 387 et
1086 350 1212 387 Siciliae
1233 364 1285 386 rex
1313 353 1433 389 existat.
1457 355 1549 397 Quod
1568 364 1672 391 autem
1699 358 1781 392 circa

1035 402 1185 436 unionem
1223 401 1360 448 ipsorum
1400 405 1484 449 regui
1513 413 1543 439 et
1579 413 1677 441 terrae
1707 418 1780 442 cum

1035 451 1169 498 imperio
1196 450 1341 491 dicimus,
1365 452 1423 487 lioc
1451 453 1552 500 ipsum
1580 455 1661 489 cirea
1689 456 1780 491 uuio-

1035 512 1105 535 nem
1128 500 1215 546 regni
1239 508 1267 534 et
1289 508 1388 536 terrac
1410 514 1481 537 cum
1514 515 1609 550 regno
1636 503 1780 540 Romano

1033 558 1085 584 aut
1108 562 1204 596 regno
1222 549 1428 591 Tbeutoniae,
1451 564 1505 586 seu
1532 565 1603 587 cum
1627 553 1780 589 Lombar-

1033 598 1082 633 dia
1118 611 1171 634 seu
1200 598 1326 642 Tuscia,
1360 612 1414 633 seu
1449 613 1520 635 cum
1557 603 1665 637 maiori
1694 611 1778 650 parte

1035 649 1171 694 ipsarum
1201 647 1407 683 Lombardiac
1439 650 1482 684 vel
1516 650 1650 687 Tusciae
1679 652 1779 688 intel-

1033 698 1158 744 ligimus
1179 705 1209 731 et
1236 697 1380 732 volumus
1405 710 1474 733 esse
1496 698 1624 734 dictum.

1081 747 1113 780 6.
1143 745 1205 781 Pro
1233 754 1298 781 toto
1327 758 1399 781 vero
1426 749 1564 793 generali
1587 761 1683 784 censu
1706 758 1778 785 octo
1805 761 1977 797 coususflnnim

1793 791 1976 850 testata?

1031 844 1117 890 regui
1151 844 1182 878 in
1216 843 1294 878 festo
1323 843 1431 879 Sancti
1464 845 1549 880 Petri
1586 847 1777 894 ubicumque
1793 854 1919 905 {flbniffiufl
1939 859 1976 874 ω-

1822 891 1855 905 c«
1895 900 1898 903 Α

1032 795 1161 829 millium
1185 796 1349 830 unciarum
1378 797 1442 830 auri
1465 796 1503 830 ad
1528 798 1651 843 pondus
1679 799 1778 844 ipsius

1031 892 1193 928 Romanus
1227 892 1370 928 Pontifex
1409 893 1501 928 suerit
1539 895 1596 939 ipsi
1634 895 1777 931 Romano

1030 941 1174 976 Pontifici
1219 950 1249 977 et
1285 941 1445 977 Romanae
1487 943 1647 979 Ecclesiae
1688 946 1778 980 anuis

1029 991 1165 1036 singulis
1197 991 1425 1038 persolventur.
1458 991 1490 1027 Si
1529 1004 1600 1027 vero
1627 1005 1694 1036 vos,
1732 996 1777 1029 vel

1031 1040 1121 1074 vestri
1146 1040 1175 1073 in
1204 1039 1290 1074 dicto
1324 1052 1420 1085 reguo
1443 1040 1595 1076 haeredes
1621 1055 1778 1089 quocum-

1029 1101 1091 1135 que
1113 1089 1248 1124 termino
1270 1100 1332 1123 non
1355 1089 1511 1124 solveritis
1530 1091 1651 1136 integre
1675 1092 1777 1138 ipsum

1028 1150 1173 1178 censum,
1196 1145 1226 1172 et
1260 1146 1423 1183 expectato
1459 1151 1514 1185 per
1545 1138 1627 1174 duos
1654 1153 1779 1176 menses

1029 1188 1197 1221 terminum
1237 1188 1341 1234 ipsum
1383 1187 1564 1223 immediate
1598 1198 1778 1235 sequentes,

1029 1236 1066 1269 de
1095 1236 1148 1270 illo
1174 1235 1212 1270 ad
1244 1238 1371 1283 plenum
1395 1248 1456 1269 non
1484 1236 1712 1279 satisfeceritis,
1740 1250 1778 1274 eo

1029 1284 1097 1331 ipso
1143 1285 1231 1319 eritis
1274 1285 1611 1320 excommunicationis
1654 1287 1778 1322 vinculo

1030 1333 1179 1368 innodati.
1215 1333 1309 1375 Quod
1342 1333 1367 1368 si
1401 1333 1431 1367 in
1468 1334 1609 1370 secundo
1642 1337 1778 1371 termino

1030 1382 1107 1416 infra
1142 1391 1312 1429 sequentes
1347 1382 1426 1416 duos
1466 1395 1590 1418 menses
1629 1386 1777 1420 cumdem

1028 1443 1158 1466 censum
1193 1433 1260 1466 sine
1297 1431 1507 1465 diminutione
1542 1433 1679 1479 qualibet
1716 1447 1777 1469 non

1030 1481 1252 1527 persolveritis,
1276 1488 1375 1514 toturn
1399 1492 1530 1526 reguum
1554 1481 1680 1516 Siciliae
1703 1495 1777 1518 cum

1030 1537 1091 1564 tota
1119 1537 1198 1564 terra
1223 1529 1380 1575 praedicta
1409 1539 1501 1564 erunt
1532 1532 1693 1577 supposita
1730 1533 1779 1567 in·-

1030 1578 1172 1613 terdicto.
1200 1578 1233 1613 Si
1262 1590 1335 1613 vero
1362 1591 1420 1613 nec
1455 1580 1484 1612 in
1514 1581 1605 1613 tertio
1632 1581 1778 1625 termino,

1030 1640 1088 1662 nec
1110 1627 1186 1661 infra
1210 1627 1290 1661 duos
1313 1639 1437 1661 menses
1457 1629 1616 1673 proximos
1641 1641 1696 1675 per
1718 1630 1778 1676 ple-

1030 1689 1101 1710 nam
1124 1676 1367 1711 satisfactionem
1396 1676 1478 1711 illius
1500 1678 1641 1712 eiusdem
1664 1690 1778 1713 census

1031 1726 1120 1759 vobis
1132 1725 1284 1759 duxeritis
1297 1725 1540 1765 consulendum,
1565 1726 1602 1761 ita
1615 1735 1661 1767 ut,
1682 1736 1779 1763 trans-

1030 1776 1106 1809 actis
1140 1774 1250 1808 eodem
1289 1774 1425 1808 termino
1460 1775 1568 1818 tertio,
1596 1783 1626 1810 et
1653 1775 1778 1811 duobus

1031 1824 1193 1857 mensibus
1207 1823 1346 1869 proxime
1359 1823 1575 1870 sequentibus,
1597 1836 1657 1859 non
1685 1826 1724 1860 sit
1740 1825 1778 1860 de

1031 1881 1101 1907 octo
1128 1872 1267 1906 millibus
1288 1872 1391 1905 unciis
1417 1873 1598 1907 huiusmodi
1628 1874 1777 1920 praedicti

1031 1921 1154 1955 termini
1178 1921 1235 1967 ipsi
1256 1920 1416 1955 Ecclesiae
1437 1921 1555 1967 integre
1573 1922 1778 1967 satisfactum,

1031 1970 1069 2004 ab
1097 1970 1174 2016 ipsis
1197 1981 1294 2016 regno
1321 1977 1350 2004 et
1374 1977 1465 2013 terra,
1489 1971 1694 2018 ipsorumque
1714 1973 1780 2007 iure

1032 2019 1149 2053 cadatis
1184 2031 1221 2053 ex
1258 2027 1339 2057 toto,
1374 2026 1404 2053 et
1444 2031 1575 2065 reguum
1609 2021 1712 2067 ipsum
1751 2029 1782 2055 et

1033 2081 1111 2107 terra
1139 2072 1175 2106 ad
1205 2071 1378 2106 Romanam
1401 2070 1574 2106 Ecclesiam
1603 2074 1723 2119 integre
1750 2083 1780 2108 et

1033 2125 1129 2160 libere
1152 2133 1336 2160 revertatur.
1357 2123 1391 2159 Si
1413 2134 1516 2159 autem
1538 2126 1576 2160 de
1594 2139 1690 2161 censu
1710 2136 1781 2162 octo

1033 2179 1164 2213 millium
1206 2179 1371 2213 unciarum
1407 2177 1586 2213 huiusmodi
1631 2179 1779 2225 praedicti

1034 2232 1156 2266 termini
1194 2232 1274 2265 inter
1314 2232 1414 2266 dictos
1444 2233 1569 2267 tertium
1610 2233 1779 2267 terminum

1033 2293 1061 2320 et
1084 2293 1252 2332 sequentes
1279 2285 1360 2320 duos
1383 2297 1508 2320 menses
1537 2285 1673 2331 plenarie
1695 2286 1781 2320 satis-

1035 2339 1181 2377 feceritis,
1205 2338 1409 2373 nihilominus
1431 2351 1555 2384 semper
1576 2351 1630 2385 pro
1648 2339 1781 2384 siugulis

1034 2402 1104 2427 octo
1127 2392 1265 2426 millibus
1298 2393 1459 2426 unciarum
1488 2393 1683 2437 singulorum
1718 2400 1781 2426 ter-

1036 2447 1205 2489 minorum,
1227 2446 1252 2479 si
1281 2445 1480 2479 solummodo
1503 2446 1532 2479 in
1555 2458 1663 2479 eorum
1687 2445 1781 2479 solu-

1036 2500 1118 2533 tione
1140 2498 1347 2541 cessaveritis,
1364 2498 1409 2531 vel
1434 2499 1516 2544 ipsas
1533 2510 1594 2532 non
1614 2498 1780 2542 solveritis,

1038 2565 1153 2598 poenas
1175 2552 1293 2585 similes
1313 2553 1489 2595 incurretis,
1511 2552 1604 2586 salvis
1619 2550 1688 2585 aliis
1711 2563 1782 2598 poe-

1037 2607 1084 2639 nis
1112 2613 1139 2638 et
1164 2604 1376 2651 processibus,
1398 2616 1478 2650 quae
1503 2604 1548 2638 vel
1577 2606 1629 2651 qui
1654 2604 1693 2638 de
1715 2606 1782 2639 iure

1803 253 1851 279 Αη,
1872 253 1899 279 C.
1914 252 1978 281 ¹265
