2129 3223
160 290 208 316 An.
227 287 255 315 c.
275 287 342 315 ¹1⁹9
409 278 476 310 162

951 281 1087 305 netum
1094 281 1137 303 ΕΜ
1167 281 1325 303 ROMANUM

1911 278 1960 304 Aa.
1976 277 2004 304 c.
2025 259 2118 320 ηπζ

395 341 530 371 I'rbanns
547 338 568 369 ll
582 338 693 369 Eccles.
712 337 742 368 S.
764 337 921 368 Salvatoris
940 338 1102 367 subiectam
1149 337 1215 383 pri0
1229 337 1319 371 titulo
1341 334 1502 371 exhibere:
1525 347 1606 383 quae
1624 334 1707 370 idem
1729 334 1896 369 cardinalis

395 384 545 415 Ecclesiae
564 383 592 413 S.
611 382 766 421 Grisogoni
786 382 953 412 declaravit.
971 399 1010 404 —
1027 380 1104 410 Haec

396 429 539 458 sententia
557 438 570 457 a
587 426 812 457 successoribus
827 425 1020 456 Pontificibus
1034 434 1105 453 con-

395 473 518 503 firmata.
549 488 589 495 -
615 472 761 502 Adrianus
793 470 926 501 Pontifex
957 469 1104 499 Bernardo

395 517 534 556 episcopo
566 515 720 546 Portuensi
743 515 864 544 eandem
898 523 1018 544 causam
1051 522 1103 543 co-

394 561 593 599 gnoscendam
625 560 783 589 commisit.
809 574 849 580 —
875 557 1037 587 Alexander
1067 555 1104 585 lll

395 605 521 635 rebelles
549 604 674 634 clericos
706 602 838 633 nolentes
867 601 1028 631 sententiae
1058 609 1105 629 ac·

395 650 548 688 quiescere
567 649 595 678 in
615 657 698 677 suam
723 646 920 686 praesentiam
943 643 1102 674 advocavit.

393 708 433 715 ·—-
457 692 605 722 Validatur
631 691 667 721 ab
690 690 870 720 Innocentio.
898 705 936 711 —
968 687 1044 717 Bona
1077 692 1105 717 et

394 738 457 767 iura
487 737 582 767 eidem
601 735 752 765 Ecclesiae
779 733 949 762 confirmat:
971 748 1009 753 —
1037 730 1104 761 Om-

394 781 482 811 nibus
517 781 696 811 interdicens
725 777 937 808 ecclcsiasticis
969 777 1104 814 personis

394 825 491 865 aliqua
515 826 578 855 iura
603 825 751 854 vindicare
768 820 956 861 parochialia:
970 837 1009 842 --
1024 820 1103 855 Quae

393 870 491 899 omnia
509 868 627 899 decreto
646 866 840 897 immunitatis
857 864 1041 894 roborantur.

353 949 528 978 innocentius
546 948 687 984 episcopus
705 954 802 977 servus
820 952 962 976 sorvorum
977 944 1033 978 Dei.
1051 945 1103 973 cte-

398 998 464 1026 ricis
483 998 576 1026 Sancti
592 998 733 1033 Grisogoni
742 997 802 1025 tam
814 995 1006 1031 praesentibus
1024 1000 1105 1030 quam

399 1047 507 1076 tuturis
519 1048 646 1076 canonice
662 1045 875 1077 substituendis,
888 1045 916 1072 in
931 1045 1104 1079 perpetuum.

406 1120 463 1159 Ea,
497 1131 578 1167 quaa
610 1131 627 1154 a
660 1115 955 1165 praedecessoribus
989 1115 1106 1150 nostris

189 1176 306 1198 F-xofflm
353 1169 506 1205 Romanis
532 1168 740 1204 Pontificibus
765 1167 886 1201 ratione
909 1165 1032 1211 praevia
1047 1172 1106 1198 sta-

354 1227 497 1258 tuuntur,
519 1226 604 1253 tauto
622 1217 768 1252 volumus
791 1215 912 1249 firmius
934 1213 1105 1253 observari,

355 1277 473 1317 quanto
488 1267 527 1303 de
543 1267 703 1302 maturiori
727 1265 871 1299 videntur
888 1262 1021 1297 consilio
1038 1274 1107 1309 pro-

355 1318 501 1353 cessisse:
529 1324 559 1351 et
585 1328 625 1351 ne
646 1315 854 1361 imposterum
881 1311 1017 1346 alicuius
1044 1323 1105 1345 va-

355 1366 440 1401 leant
463 1365 636 1400 temeritate
668 1363 799 1405 turbari,
831 1360 1005 1408 apostolico
1032 1367 1106 1394 sunt

355 1415 532 1450 munimine
565 1413 734 1449 fulcienda.
776 1411 859 1446 Sane
894 1421 966 1444 cum
1005 1408 1106 1444 bonae

159 1475 341 1509 ,nonnam-iam
357 1463 527 1500 memoriae
557 1462 692 1498 Ioannes
725 1460 840 1496 Crema
865 1457 1026 1493 Ecclesiae
1053 1470 1107 1493 ve-

157 1506 342 1562 ’ξιῗήςοὲξζίξζῖ
357 1522 437 1548 strae
471 1512 632 1560 presbyter
663 1509 833 1546 cardinalis
866 1507 896 1541 in
931 1507 1106 1554 praesentia

158 1566 179 1618 ξ·
190 1566 341 1588 ⁵³¹V⁵¹0¹¹⁵d²
356 1562 456 1597 felicis
482 1560 708 1596 recordationis
733 1558 845 1594 Calixti
878 1556 982 1603 Papae
1018 1568 1107 1602 prae-

175 1601 227 1617 m*
356 1611 534 1646 decessoris
556 1610 653 1645 nostri
676 1609 826 1644 adversus
847 1605 978 1640 clericos
998 1606 1106 1640 Sancti

356 1659 527 1695 Salvatoris
565 1659 604 1694 de
643 1658 741 1693 Curte
784 1668 872 1691 suam
907 1655 1106 1700 deposuisset

356 1709 529 1757 querelam,
552 1719 610 1755 pro
636 1719 673 1743 eo
696 1706 854 1747 videlicet,
875 1703 959 1750 quod
988 1712 1048 1737 tam
1066 1703 1107 1746 ei,

356 1770 450 1805 quam
472 1756 633 1792 Ecclesiae
654 1765 774 1791 vestrae
800 1753 936 1788 debitam
961 1752 1107 1787 obedien-

356 1808 430 1841 tiam
453 1807 692 1845 subtraxissent,
715 1812 745 1838 et
768 1804 833 1838 iura
851 1801 1042 1849 parochialia
1057 1801 1109 1835 de-

357 1864 521 1901 negarent,
548 1854 632 1889 idem
654 1853 878 1901 praedecessor
899 1858 1007 1884 noster
1029 1859 1109 1884 utra-

358 1917 419 1951 que
448 1912 534 1951 parte
560 1903 598 1937 ad
620 1915 708 1937 suam
734 1899 940 1948 praesentiam
969 1907 1108 1936 evocata.

358 1963 388 1988 et
410 1952 584 1988 rationibus
606 1952 771 1998 utriusque
791 1950 958 1995 diligenter
993 1948 1110 1982 auditis

359 2010 389 2036 et
425 2002 577 2048 cognitis,
612 2000 763 2047 inspectis
804 1998 896 2032 etiam
939 1997 1110 2043 privilegiis

359 2051 460 2086 honae
484 2049 653 2085 memoriae
676 2057 736 2083 tam
765 2047 894 2081 Ioannis
914 2045 972 2079 XV
993 2045 1110 2092 Papae,

360 2103 444 2151 quod
466 2103 680 2151 supradictam
708 2100 881 2136 Ecclesiam
909 2099 1015 2134 Sancti
1037 2099 1110 2134 Sal-

361 2157 475 2192 vatoris
496 2158 535 2192 de
556 2156 654 2191 Curte
679 2156 711 2189 in
737 2154 835 2189 fundo
861 2153 1023 2188 Ecclesiae
1050 2165 1110 2188 ve·-

360 2219 442 2244 strae
469 2210 528 2244 sub
549 2222 646 2245 censu
669 2220 774 2243 annuo
801 2208 1001 2242 constitutam
1027 2218 1112 2241 mon-

361 2263 489 2302 strabat,
516 2271 612 2309 quam
633 2261 754 2296 Urbani
776 2259 821 2305 ll,
848 2261 877 2294 iu
906 2272 968 2306 quo
989 2261 1114 2295 eviden-

179 2322 349 2375 lt-*rbtgussssfft-
364 2326 410 2351 ter
430 2316 608 2351 deffinitum
630 2315 769 2360 agnovit,
797 2322 830 2349 ut
857 2313 961 2348 clerici
987 2314 1114 2361 praedi-

166 2360 219 2406 inii}
234 2360 349 2418 sindili}
364 2378 431 2403 ctae
452 2369 615 2405 Ecclesiae
636 2368 744 2404 Sancti
767 2367 938 2403 Salvatoris
959 2375 1065 2402 essent
1084 2368 1114 2402 in

167 2414 351 2471 fggssssssf'gcffiss
366 2424 516 2457 canonica
558 2422 770 2461 subiectione,
806 2430 835 2456 et
866 2422 1003 2457 facerent
1029 2421 1117 2457 vobis

168 2480 204 2495 Ἀ
367 2484 396 2509 ot
422 2475 584 2511 Ecclesiae
611 2485 730 2510 vestrae
752 2475 975 2517 obedientiam,
1003 2484 1032 2511 et
1059 2475 1117 2511 de-

369 2529 477 2563 berent
504 2529 706 2573 scrutinium,
728 2529 903 2576 baptisma,
925 2529 1117 2577 capitulum,

369 2583 606 2627 processiones,
632 2591 663 2617 et
684 2582 869 2617 clericorum
905 2583 1119 2620 ordinationes

370 2633 476 2675 vobis,
507 2644 537 2671 et
571 2635 733 2672 Ecclesiae
762 2644 901 2676 vestrae.
930 2637 1010 2672 sicut
1043 2650 1119 2684 pro-

1145 385 1183 420 ad
1224 385 1388 420 tuitionem
1424 396 1500 421 suae
1538 396 1651 419 causae
1688 383 1719 418 in
1755 382 1894 418 medium

1147 433 1351 481 producebat,
1378 434 1505 469 fratrum
1535 445 1664 468 suorum
1686 432 1794 467 habito
1815 444 1896 467 con-

1146 485 1228 527 silio,
1251 496 1306 531 per
1327 484 1514 518 sententiam
1542 481 1703 525 deffinivit,
1723 481 1893 528 praefatam

1146 533 1320 568 Ecclesiam
1335 532 1442 568 Sancti
1453 531 1624 567 Salvatoris
1639 530 1794 566 deberein
1810 542 1895 577 prae-

1146 582 1239 617 dictis
1261 582 1409 617 omnibus
1431 589 1551 617 vestrae
1578 579 1738 616 Ecclesiae
1766 591 1895 626 respou-

1145 633 1235 667 dere.
1269 643 1362 679 quam
1399 630 1543 665 videlicet
1578 625 1764 664 sententiam
1793 628 1894 663 bonae
1918 631 1977 667 ,ΒΜ
2002 637 2092 654 ww*-

1146 681 1317 716 memoriae
1347 680 1570 717 Innocentius,
1605 686 1635 713 et
1658 678 1774 713 Lucius
1807 677 1893 725 Papa
1907 667 2091 715 {liussissffiissij

1145 730 1304 766 secundus
1330 729 1530 777 postmodum
1553 727 1792 766 confirmarunt,
1813 726 1896 761 sicut
1906 725 1945 745 ¹³³⁵
1961 725 2091 746 ‘⁰¹¹⁰‘'¹²²⁴⁸·

1147 780 1175 814 in
1203 792 1312 815 eorum
1348 778 1484 813 vidimus
1523 777 1692 824 privilegiis
1726 775 1894 810 contineri.
2114 770 2118 774 ⁴

1145 828 1291 876 Cumque
1306 828 1507 876 postmodum
1533 825 1683 874 praedicti
1706 824 1810 860 clerici
1826 836 1895 859 ean-

1145 879 1216 914 dem
1240 878 1359 913 nollent
1380 876 1567 912 sententiam
1595 874 1773 917 observare,
1795 873 1896 908 bonae

1146 927 1315 963 memoriae
1341 926 1445 961 Guido
1466 925 1628 960 Ecclesiae
1648 933 1768 958 vestrae
1787 922 1894 958 Sancti

1145 976 1314 1023 Grisogoni
1350 975 1512 1022 presbyter
1550 973 1717 1008 cardinalis
1744 973 1775 1007 in
1803 982 1896 1019 prae-

1146 1026 1244 1061 seutia
1286 1025 1386 1060 felicis
1420 1023 1592 1059 memoriae
1630 1021 1759 1057 Adriani
1791 1021 1895 1067 Papae

1146 1086 1228 1109 anno
1250 1075 1320 1109 eius
1342 1075 1444 1121 primo
1462 1084 1551 1107 snam
1571 1071 1719 1118 deposuit
1739 1069 1897 1118 quaestio-

1148 1136 1234 1159 nem:
1258 1124 1312 1170 qui
1339 1122 1464 1161 auditis,
1492 1130 1523 1156 et
1544 1120 1692 1167 cognitis,
1714 1131 1794 1168 quae
1821 1129 1895 1166 pro-

1148 1172 1346 1219 ponebantur
1367 1172 1441 1206 hinc
1462 1171 1550 1211 inde,
1573 1178 1603 1204 et
1624 1169 1777 1217 inspectis
1799 1169 1895 1215 privi-

1147 1222 1235 1268 legiis
1261 1221 1361 1256 bonae
1396 1220 1624 1255 recordationis
1657 1227 1718 1254 tam
1754 1218 1894 1264 Urbani,

1147 1284 1241 1318 quam
1264 1270 1376 1306 Calixti
1398 1269 1614 1304 Romanorum
1635 1268 1843 1304 Pontificum:
1865 1276 1897 1303 et

1147 1320 1281 1367 qualiter
1296 1319 1377 1354 hanc
1391 1319 1520 1354 eandem
1543 1321 1801 1367 controversiam,
1822 1334 1895 1358 cum

1148 1370 1178 1403 in
1206 1369 1272 1403 suis
1297 1367 1493 1414 temporibus
1517 1368 1598 1403 inter
1627 1369 1710 1416 ipsas
1735 1369 1897 1407 Ecclesias

1147 1418 1347 1461 emersisset,
1372 1417 1559 1457 deffinierit‚
1586 1419 1818 1455 controversiae
1837 1420 1896 1467 ipsi

1148 1466 1290 1501 debitum
1321 1466 1414 1501 finem
1439 1467 1604 1512 imposuit:
1632 1475 1663 1501 et
1689 1480 1797 1503 eorum
1820 1481 1897 1504 sen-

1149 1516 1261 1550 tentias
1284 1515 1434 1562 privilegii
1466 1516 1515 1550 sui
1544 1516 1656 1562 pagina
1683 1517 1895 1558 confirmavit;

1149 1573 1179 1598 et
1200 1564 1332 1598 clericos
1354 1564 1437 1598 illius
1458 1564 1619 1599 Ecclesiae
1642 1565 1742 1606 vobis,
1771 1567 1897 1601 vestris-

1149 1625 1209 1659 que
1235 1613 1487 1653 successoribus,
1520 1623 1550 1648 et
1585 1613 1748 1650 Ecclesiae
1780 1624 1898 1650 vestrae

1148 1662 1236 1696 Beati
1278 1661 1444 1708 Grisogoni
1483 1662 1673 1709 parochialia
1700 1664 1784 1703 iura,
1818 1665 1898 1699 sicut

1151 1710 1276 1757 proprio
1298 1711 1388 1746 titulo
1410 1711 1556 1746 exhibere
1579 1711 1727 1747 decrevit.
1758 1713 1899 1748 Postmo-

1150 1759 1225 1793 dum
1249 1767 1352 1794 autem
1375 1761 1485 1806 quinto
1502 1772 1585 1794 anno
1601 1761 1804 1807 pontificatus
1821 1762 1899 1796 eius—

1151 1808 1222 1842 dem
1249 1807 1408 1843 Bonadies
1443 1809 1604 1856 presbyter
1638 1810 1805 1844 cardinalis
1835 1809 1900 1845 Ec-

1151 1857 1264 1891 clesiae
1280 1866 1411 1900 restrae,
1433 1858 1483 1892 cui
1502 1857 1652 1904 praedicti
1667 1859 1773 1893 clerici
1791 1858 1899 1894 Sancti

1151 1905 1322 1940 Salvatoris
1347 1914 1495 1952 tanquam
1522 1915 1724 1941 contumaces
1744 1916 1774 1942 et
1795 1907 1900 1943 rebel-

1153 1955 1211 1997 les,
1240 1954 1471 1989 subiectionem
1500 1964 1529 1989 et
1556 1956 1765 1991 obedientiam
1797 1956 1900 1992 facere

1153 2002 1340 2037 noluerunt:
1369 2004 1501 2039 accessit
1537 2004 1574 2039 ad
1606 2004 1740 2039 eundem
1767 2004 1901 2041 Pontifi-

1152 2064 1220 2086 cem
1249 2051 1526 2098 praedecessorem
1549 2061 1692 2088 nostrum
1713 2053 1899 2094 Adrianum,

1153 2109 1182 2135 ct
1209 2112 1313 2135 coram
1338 2114 1375 2136 eo
1401 2101 1440 2136 de
1462 2102 1524 2136 illis
1542 2114 1629 2136 suam
1653 2102 1901 2150 deposuitquae-

1155 2149 1299 2183 stionem.
1336 2149 1398 2191 Qui
1434 2163 1504 2185 cum
1533 2151 1664 2186 eandem
1699 2163 1824 2186 causam
1847 2164 1901 2187 co-

1154 2198 1365 2242 gnoscendam
1401 2199 1499 2234 bonae
1537 2201 1705 2235 memoriae
1738 2199 1901 2235 Bernardo

1157 2247 1305 2281 l’ortucn.
1325 2248 1473 2295 episcopo
1492 2249 1718 2284 commisisset:
1741 2249 1824 2284 idem
1839 2250 1900 2296 epi-

1155 2307 1272 2342 scopus
1294 2296 1545 2342 praedecessoris
1567 2299 1663 2332 nostri
1689 2296 1802 2332 calixti
1833 2310 1902 2333 sen-

1156 2345 1252 2378 tentia
1286 2345 1453 2391 diligenter
1488 2347 1646 2393 inspecta,
1679 2346 1720 2380 de
1754 2346 1901 2381 mandato

1157 2392 1298 2427 eiusdem
1316 2395 1546 2439 pronunciavit,
1569 2394 1699 2429 eandem
1713 2396 1901 2430 sententiam

1159 2453 1173 2475 a
1196 2441 1289 2476 dictis
1315 2442 1438 2478 clericis
1463 2443 1570 2478 Sancti
1596 2443 1766 2479 Salvatoris
1787 2443 1901 2479 debere

1160 2490 1374 2526 inviolabiliter
1395 2492 1571 2528 observari:
1594 2493 1780 2527 sententiam
1802 2493 1900 2541 ipsam

1160 2539 1332 2586 proferenS,
1355 2541 1437 2576 sicut
1458 2542 1488 2576 in
1511 2541 1690 2576 authentico
1710 2543 1828 2589 scripto
1847 2554 1902 2589 per

1161 2600 1288 2623 manum
1313 2590 1468 2625 scriniarii
1490 2589 1604 2625 exinde
1625 2589 1706 2626 facto
1726 2591 1903 2627 continetur

1161 2649 1323 2685 expresse:
1352 2651 1411 2685 qua
1439 2639 1476 2673 ad
1504 2638 1726 2676 exhibitionem
1754 2639 1832 2676 iuris
1844 2652 1903 2690 pa-
