2129 3223
1627 263 1700 298 605

1005 330 1064 364 iam
1099 329 1217 374 sopita,
1253 329 1359 364 volens
1394 329 1434 365 de
1472 329 1576 365 medio
1611 339 1746 365 vestrum

1003 380 1231 414 controversiae
1249 380 1435 414 submovere
1457 381 1618 414 materiam
1640 389 1669 413 et
1693 391 1748 426 pa-

1003 428 1090 463 cifice
1105 427 1271 463 reformare
1285 439 1409 463 mutuae
1423 430 1581 465 cliaritatis
1592 429 1747 474 affectum,

1004 479 1088 525 ipsos
1126 478 1234 514 fratres
1265 478 1302 513 ad
1345 488 1479 514 vesti-um
1512 480 1678 526 collegium
1718 488 1747 515 et

1002 529 1197 564 consortium
1232 529 1368 564 restituit
1400 529 1439 562 de
1472 529 1568 576 gratia
1601 528 1745 576 speciali,

1005 578 1268 623 prohibitionem,
1310 590 1364 611 seu
1407 579 1586 612 mandatum
1632 579 1746 614 facium

1003 627 1197 662 scholaribus
1211 626 1407 662 auditoribus
1426 626 1606 662 eorumdem
1625 629 1747 674 penitus

1004 676 1191 718 revocando,
1208 689 1244 711 ac.
1265 677 1368 711 claudo
1385 676 1472 712 vobis
1487 677 1596 712 litteris
1612 678 1640 711 in
1658 690 1747 712 man-

25 274 75 305 ῐι,
90 274 119 302 c.
138 275 205 303 ¹25⁵
810 273 1003 298 attexas-nnn
1027 273 1062 296 lv
1093 274 1141 298 re.
1762 274 1813 301 An,
1827 274 1856 301 c,
1877 275 1942 302 ¹253

218 329 404 377 quibusdam
416 328 610 364 scholaribus
617 329 838 365 Uniterstians
847 338 963 364 vestrae

218 378 349 434 collegis
375 379 507 413 fuissent
532 390 548 413 a
573 379 717 425 vigilibus
742 380 874 414 civitatis
903 379 964 414 Pi·

217 428 325 463 risien.
352 437 472 464 atroces
499 428 630 463 iniuriae
657 429 820 484 iriogatae
838 440 902 464 uno
926 428 963 463 il-

216 477 318 513 lorum
340 478 456 516 occiso
479 477 606 526 reliquis
628 479 762 524 graviter
783 479 962 516 mmet-,atis

217 535 247 563 et
261 527 290 562 in
303 539 458 563 carcerem
473 535 503 562 et
515 527 638 562 vincula
653 528 816 568 coniectis,
835 527 961 562 demum

216 587 284 622 vos,
309 576 437 625 quibus,
465 585 499 612 ut
530 576 658 617 dicitur,
687 576 784 612 felicis
817 577 964 612 recorda-

35 629 94 666 ,Ωιι-θ
120 627 176 656 ⁶1²⁸
179 633 204 650 ϋ-
218 626 311 661 tionis
332 625 505 674 Gregorius
519 625 601 673 Pipa
620 626 841 673 praedecessor
859 636 963 661 noster

3 673 6 675 Δ
21 661 66 682 riu·
78 657 106 680 tx
119 659 140 680 in
155 664 205 685 gn-

22 691 71 713 um
94 675 362 717 universi-indulsit,
384 684 418 711 ut
451 677 475 710 si
505 675 592 711 vobis
617 675 663 711 vel
698 676 791 711 alicui
828 686 961 711 v-estium

23 722 72 743 ..m

22 750 94 774 nteit.

105 725 181 742 ΙΙΠΙΟΙ·

0 1032 14 1120 ΟΜ

32 1767 114 1790 fraires
134 1768 200 1790 Prae-

19 1800 82 1821 dieat.
97 1803 117 1820 ct
133 1798 201 1821 Mino-

18 1830 71 1851 ritae
85 1830 110 1851 ab
124 1835 150 1851 ea
163 1836 201 1852 re-

19 1860 72 1887 pulsi
90 1861 115 1881 ad
140 1859 201 1881 sum-

19 1890 200 1913 mumPontiticem

19 1922 132 1949 apponunt.

19 2459 203 2483 innocentia-lv
217 2459 278 2495 hoc

22 2491 136 2514 &neemias
150 2490 203 2513 Unt-
281 2487 290 2502 ’

21 2522 202 2544 miii-tineam.
218 2510 348 2557 gissent,
373 2509 425 2544 fet.
449 2522 510 2545 rec.
537 2509 738 2545 Innocentius
763 2509 847 2557 Papa
873 2522 962 2558 prae-

217 724 327 760 niuria
374 726 419 761 vel
453 737 602 761 excessus
635 725 784 760 infeiatur
813 727 962 766 enoimis,

218 783 328 822 utpote
362 776 470 810 mortis
504 776 548 810 vel
586 775 793 810 mutilationis
828 775 959 811 membri

216 836 414 873 cuiusquam,
430 824 501 865 nisi,
523 836 660 870 congrua
684 825 855 860 monitione
878 838 962 872 prae-

216 875 323 919 missa,
349 874 427 910 infra
448 873 627 922 quindecim
648 875 714 910 dies
733 874 825 910 suerit
845 874 961 910 satisfa-

215 932 313 966 ctum,
335 924 452 959 licitum
475 924 515 959 sit
540 924 628 959 vobis
655 936 753 972 nsque
779 924 817 969 ad
840 925 962 959 satissa-

215 974 353 1009 ctionem
371 973 560 1020 condignam
583 974 774 1022 suspendere
793 974 961 1015 lectiones;

215 1023 427 1064 attendentes,
453 1023 538 1072 quod
566 1022 638 1059 licet
670 1023 763 1058 iidem
791 1024 960 1065 scholares,

215 1084 297 1121 quos
317 1074 465 1121 sacrilega
484 1074 653 1108 carceravit
671 1073 794 1117 iniuria,
817 1082 849 1109 ut
876 1085 962 1108 asse-

214 1123 312 1164 ritur,
338 1123 428 1158 vobis
458 1123 589 1159 fuissent
618 1123 650 1158 in
680 1124 815 1158 crastino
847 1123 960 1158 redditi

215 1171 367 1215 semivivi,
384 1173 518 1208 iustitiae
540 1180 641 1207 tamen
657 1174 801 1208 executio
824 1172 853 1207 in
878 1173 961 1207 iniu-

214 1221 290 1257 riam
314 1221 494 1257 huiusmodi
521 1231 777 1269 praesumptores
799 1222 962 1257 videbatur

215 1270 295 1307 ultra
318 1271 458 1307 debitum
482 1273 653 1318 prorogari,
671 1271 794 1306 scholas
814 1284 829 1306 a
853 1272 961 1307 lectio-

215 1320 310 1355 nibus
335 1321 562 1369 suspeiidistis;
590 1333 697 1356 verum
724 1334 796 1356 cum
827 1334 886 1356 nec
916 1322 960 1356 sic

215 1371 351 1405 iustitiae
383 1371 524 1406 debitum
552 1371 748 1418 proveniret,
773 1383 828 1406 vos
860 1379 960 1406 tantae

214 1420 410 1456 enormitatis
431 1420 563 1456 articulo
589 1428 787 1467 suggerente,
813 1420 852 1455 de
872 1432 960 1455 com-

214 1470 302 1504 muni
328 1470 460 1505 consilio
485 1470 522 1505 ad
551 1469 650 1504 dictas
674 1470 806 1504 iniurias
838 1481 960 1504 secun—

214 1518 288 1554 dum
315 1518 416 1554 Deum
445 1527 476 1554 et
503 1519 664 1560 iustitiam,
692 1528 844 1566 qnantum
872 1519 960 1554 vobis

214 1568 294 1603 foret
326 1569 461 1609 licitum,
491 1570 518 1604 si
545 1569 661 1604 iudicis
687 1576 858 1616 tepesceret
889 1569 960 1604 offi-

214 1618 316 1663 cium,
339 1619 572 1666 prosequendas
593 1627 624 1654 et
646 1618 682 1653 ad
706 1618 858 1665 quasdam
881 1619 959 1653 ordi-

216 1668 359 1703 nationes
373 1668 449 1704 alias
465 1681 521 1704 vos
544 1681 599 1716 per
619 1667 841 1715 obligationem
866 1668 960 1703 robo-

215 1725 312 1753 ratam
334 1717 517 1754 iuramentis
538 1717 684 1753 adhibitis
702 1718 896 1753 astrinxistis,
921 1717 959 1752 Et

214 1767 285 1816 quia
312 1779 407 1814 super
434 1768 480 1803 liis
518 1767 622 1803 dilecti
661 1767 716 1802 filii
755 1767 960 1802 Bonusliomo

215 1826 246 1853 et
276 1816 362 1852 Elias
395 1816 649 1852 Praedicatorum
685 1817 803 1852 ordinis
836 1816 959 1856 fratres,

215 1867 338 1901 scholas
375 1875 520 1913 regentes
557 1866 687 1902 Parisiis
719 1866 749 1900 in
788 1865 959 1911 theologica

215 1915 378 1955 facultate,
407 1929 446 1950 ex
484 1917 578 1951 certis
611 1916 713 1950 causis
753 1915 960 1950 ordinationi-

215 1965 275 2001 bus
295 1972 326 2000 et
347 1965 527 2011 obligationi
550 1964 729 1999 huiusmodi
752 1977 785 1999 se
807 1965 960 2000 subiicere

216 2015 387 2050 noluerunt
407 2014 446 2050 ad
473 2014 588 2049 Sedem
611 2014 824 2070 Apostolicam
851 2016 960 2061 appel—

215 2064 320 2103 lando,
345 2075 401 2099 cos
429 2063 582 2099 beneficio
609 2063 773 2099 Societatis
804 2064 835 2098 in
869 2064 961 2110 Migi-

215 2112 363 2149 stralibus
382 2114 566 2162 privavistis,
583 2113 730 2160 ipsosque
748 2114 882 2160 privatos
903 2127 960 2160 pu—

215 2163 297 2199 blice
323 2164 524 2204 nunciantes,
552 2163 732 2197 iniunxistis
753 2163 904 2205 districte,
925 2171 961 2198 ut

215 2212 377 2249 scholares
392 2213 544 2248 lectiones
564 2224 672 2247 eorum
695 2212 733 2247 de
754 2221 876 2247 caetero
897 2225 959 2247 nou

215 2263 374 2303 audirent,
400 2274 439 2297 ne
466 2263 607 2309 ipsorum
630 2261 788 2297 auditores
809 2274 825 2297 a
850 2274 959 2308 poena

215 2324 310 2360 quam
325 2311 520 2348 Universitas
537 2311 678 2357 infligere
700 2311 812 2347 talibus
829 2324 962 2347 consue-

216 2362 272 2406 vit,
292 2373 326 2397 se
347 2369 476 2409 possent.
498 2373 552 2408 per
573 2361 777 2407 ignorantiam
800 2373 959 2397 excusare.

264 2411 286 2459 g
306 2413 339 2445 2.
361 2409 495 2446 Demum
519 2422 590 2445 cum
618 2410 713 2445 iidem
737 2411 846 2446 fratres
867 2423 962 2458 super

315 2459 353 2496 ad
378 2460 478 2496 dictae
509 2459 601 2495 Sedis
627 2460 816 2507 praesidium
850 2461 961 2495 contu-

218 2559 367 2595 decessor
392 2568 509 2601 noster,
535 2558 660 2614 audito,¹
687 2559 770 2614 quod
799 2559 879 2594 iuter
906 2572 960 2594 vos

217 2616 247 2644 et
268 2608 362 2653 cives,
383 2609 437 2656 qui
461 2609 660 2656 praedictas'
654 2609 782 2644 iuiuiias
804 2609 962 2656 irrogave-

217 2665 297 2700 rant,
330 2657 484 2694 discordia
510 2670 566 2707 per
592 2658 834 2694 satisfactionem
862 2658 962 2694 suerat

1002 726 1094 765 datis,
1123 734 1157 761 ut
1183 726 1358 773 praedictos
1380 725 1488 760 fratres
1509 727 1577 761 sine
1603 726 1747 761 dillicul—

1003 784 1062 811 tate
1085 788 1139 810 seu
1167 776 1315 810 dilatione
1339 786 1546 820 resumentes,
1568 775 1604 810 ad
1632 784 1745 811 statum

1003 826 1181 873 pristinum,
1205 834 1232 860 et
1255 825 1292 860 ad
1320 825 1487 872 collegium
1511 826 1746 870 magistu-orum,

1001 887 1037 910 ac
1063 874 1281 910 Universitatis
1312 876 1505 910 consortium
1533 875 1747 920 admittentes,

1001 937 1056 960 eos
1088 925 1255 960 occasione
1288 925 1531 972 praemissorum
1570 926 1748 961 nullatenus

1001 975 1170 1016 vexaretis3
1193 974 1423 1009 venerabilibus
1445 974 1593 1010 fratribus
1622 976 1746 1015 nostris,

1002 1023 1211 1059 Silvanecten.
1234 1032 1264 1060 et
1286 1024 1452 1059 Ebroicen.
1475 1025 1633 1072 episcopis
1654 1037 1747 1069 super

1001 1073 1061 1109 hoc
1086 1074 1224 1109 mandati
1252 1074 1414 1121 apostolici
1436 1074 1658 1110 executoribus
1683 1074 1746 1110 de—

1003 1124 1124 1169 putatis.
1149 1123 1189 1158 At
1212 1123 1282 1158 licet
1309 1123 1345 1158 ad
1369 1135 1424 1158 vos
1450 1123 1631 1159 mandatum
1656 1125 1746 1158 resti-

1002 1173 1133 1208 tutionis
1165 1181 1195 1207 et
1227 1173 1434 1208 revocationis
1465 1173 1642 1208 huiusmodi
1674 1186 1747 1221 per-

1000 1223 1124 1257 venisse
1143 1223 1276 1262 dicatur,
1300 1223 1357 1266 ipsi
1381 1231 1483 1258 tamen
1512 1223 1621 1257 fratres
1648 1236 1747 1271 iisque

1001 1284 1085 1306 nunc
1119 1271 1248 1319 adipisci
1282 1271 1390 1307 efficax
1428 1284 1503 1306 suae
1543 1273 1746 1308 restitutionis

1000 1321 1214 1362 commodum,
1238 1320 1326 1356 vobis
1347 1322 1499 1368 quaedam
1513 1321 1745 1366 obiicientibus,

1001 1380 1219 1417 nequiverunt·

1047 1420 1067 1468 S
1099 1423 1131 1455 5.
1166 1418 1331 1455 Caeterum
1366 1432 1418 1455 vos
1451 1420 1503 1454 filii
1540 1421 1676 1467 magistri
1713 1421 1742 1456 in

999 1469 1168 1516 Tlieologia
1207 1468 1336 1504 Parisiis
1373 1478 1447 1504 tunc
1486 1479 1641 1517 regentes,
1668 1471 1744 1507 liacc

1000 1527 1113 1554 statuta
1145 1519 1369 1554 deliberatione
1398 1519 1500 1554 liabita
1527 1520 1681 1564 edidistis,
1709 1529 1744 1556 ut

1001 1569 1142 1604 videlicet
1157 1569 1195 1603 de
1217 1578 1340 1604 caeteio
1363 1569 1449 1614 reli‹
1431 1582 1529 1605 iosus
1550 1570 1663 1618 aliquis
1682 1583 1743 1606 non

1001 1618 1118 1653 liabens
1145 1618 1312 1666 collegium
1341 1618 1484 1662 Parisiis,
1511 1627 1541 1654 et
1570 1633 1622 1667 qui
1651 1629 1699 1655 est
1729 1633 1745 1656 a

1001 1669 1067 1703 iure
1087 1669 1210 1714 publice
1232 1668 1344 1703 doceie
1364 1669 1566 1714 prohibitum,
1584 1670 1621 1703 ad
1635 1667 1744 1705 Socie-

1001 1726 1092 1752 tatem
1112 1718 1332 1764 Μψίηιονυιη
1352 1718 1532 1753 nullatenus
1553 1719 1744 1761 admittatur,

1002 1776 1096 1814 utque
1135 1769 1255 1822 singula
1291 1768 1506 1814 religiosoiuin
1529 1769 1657 1817 collegia
1680 1771 1746 1804 sin-

999 1818 1081 1863 gulis
1102 1817 1259 1863 manistiis
1282 1825 1353 1852 actu
1381 1818 1571 1864 regentibus,
1594 1828 1624 1853 et
1651 1820 1744 1855 unica

1000 1867 1103 1901 scliola
1126 1867 1165 1901 de
1185 1875 1307 1901 caetero
1334 1867 1396 1901 sint
1422 1876 1577 1903 contenta.
1600 1867 1647 1904 Ne
1668 1881 1746 1916 quo-

1001 1928 1063 1962 que
1098 1915 1211 1963 aliquis
1237 1916 1460 1951 baccalaureus
1497 1918 1527 1951 in
1569 1918 1744 1966 theologica

1001 1964 1144 2000 facultate
1168 1975 1386 2021 promoveatur
1399 1966 1435 2001 ad
1457 1967 1654 2022 cathedram,
1684 1969 1743 2004 nisi

1002 2015 1087 2061 ptius
1119 2017 1341 2051 examinaverit
1373 2017 1595 2064 semetipsum,
1634 2017 1742 2053 saltem

1000 2064 1122 2112 aliquos
1165 2065 1261 2100 libros
1303 2065 1477 2113 theologiae
1519 2067 1673 2113 glossatos
1713 2077 1745 2104 et

1000 2115 1169 2149 sententias
1208 2115 1238 2149 in
1276 2115 1394 2150 scholis
1432 2116 1566 2151 alicuius
1605 2117 1743 2163 maoisti·i

1000 2172 1069 2198 actu
1093 2163 1225 2211 legentis
1246 2164 1413 2211 diligenter
1439 2165 1582 2212 legendo.
1605 2165 1697 2209 Quod
1716 2168 1742 2202 si

1000 2213 1112 2267 aliquis
1133 2222 1239 2248 contra
1267 2213 1368 2249 dictas
1388 2215 1601 2250 ordinationes
1627 2224 1743 2251 vestras

1001 2275 1107 2297 venite
1133 2264 1390 2318 praesumpserit,
1421 2264 1450 2299 ei
1477 2265 1610 2299 societas
1632 2273 1743 2310 mestia,

1001 2321 1060 2346 tam
1078 2312 1109 2346 in
1133 2313 1306 2358 principiis,
1323 2325 1416 2359 quam
1439 2314 1469 2348 in
1492 2313 1561 2348 aliis
1579 2314 1743 2349 subtrabe-

1000 2371 1086 2397 retur
1106 2361 1246 2396 omnino.
1269 2361 1470 2409 Quicumque
1493 2375 1563 2397 vero
1583 2363 1744 2399 baccalau-

1002 2423 1072 2446 reus
1095 2410 1271 2446 licentiatus
1294 2410 1395 2452 fuerit,
1414 2420 1444 2446 et
1461 2412 1536 2447 huic
1554 2413 1744 2449 ordinationi

1001 2472 1188 2495 consensum
1218 2468 1375 2516 praestare
1404 2461 1537 2496 noluerit
1563 2463 1742 2519 requisitus,

1001 2522 1072 2545 eum
1095 2511 1246 2545 statuistis
1266 2510 1390 2545 excludi
1416 2522 1433 2545 a
1459 2512 1615 2547 consortio
1642 2513 1743 2559 magi-

1000 2569 1149 2603 strorum,
1164 2568 1194 2594 et
1215 2559 1316 2595 eidem
1333 2567 1394 2595 tam
1411 2560 1440 2594 in
1463 2561 1633 2609 principiis,
1649 2574 1742 2617 quam

1002 2610 1031 2643 in
1066 2610 1133 2644 aliis
1157 2609 1344 2645 Societatem
1375 2610 1584 2657 magistralem
1617 2613 1743 2659 penitus

1000 2658 1161 2706 denegari:
1186 2659 1364 2706 praemissis
1376 2661 1498 2695 statutis
1516 2659 1740 2704 Universitatis,

1770 1434 1943 1457 Statutaaqul-

1756 1469 1858 1487 versitate
1886 1468 1941 1488 adua

1757 1500 1831 1518 conii-i
1859 1496 1941 1519 Mendi-

1759 1530 1838 1549 cantes.
