2129 3223
159 268 211 296 An.
228 267 257 296 C.
274 269 341 296 ¹215

185 818 294 840 clausula·

182 2461 298 2482 Exordium.

404 260 474 294 266

354 326 516 369 boramus‚
551 334 581 361 et
610 333 672 361 tam
700 325 766 367 tibi,
792 339 884 375 quam
908 327 1010 363 eidem
1033 326 1096 362 Ec-

353 376 465 410 clesiae
502 375 591 415 firma
630 383 660 415 et
693 376 807 412 illibata
834 389 962 412 manere
992 376 1097 412 sanci-

354 436 433 459 mus.
455 424 615 465 Cimiteria
638 437 765 473 quoque
791 425 1015 465 Ecclesiarum
1044 437 1095 460 ea-

353 486 487 521 rumque
518 474 667 510 beneficia
695 483 747 509 etc.
753 488 866 521 ,usque
885 488 1018 511 censura
1043 487 1096 510 ca-

353 524 465 558 nonica
489 533 718 571 compescatur.
747 524 958 561 Proliibemus
989 533 1093 559 autem

352 584 391 608 ne
403 572 588 621 presbyteri,
602 574 755 622 capellani
768 582 834 615 etc
855 588 949 620 usque
973 575 1094 610 irritum

350 621 514 657 habeatur.
538 622 747 659 Prohibemus
775 624 905 672 insuper
933 636 971 658 ne
995 624 1094 658 inter—

350 672 451 707 dictos
494 673 540 708 vel
579 674 868 714 excommunicatos
900 682 953 708 etc
965 701 974 717 ,
1002 686 1095 718 usque

350 728 492 768 oporteat
516 722 646 769 ligatum
667 723 797 758 absolvi.

399 770 607 808 Decernimus
628 785 702 820 ergo
724 781 758 807 ut
780 773 856 807 nulli
877 772 1006 807 omnino
1029 771 1094 807 ho-

349 821 469 856 minum
483 829 549 866 eta,
570 835 664 868 usque
685 822 794 857 usibus
815 822 1006 857 omnimodis
1021 834 1093 869 pro-

349 869 464 905 futura.
478 871 568 907 Salva
584 872 676 906 Sedis
686 872 884 918 Apostolicae
899 872 1091 906 auctoritate:

348 921 374 954 si
397 932 458 968 qua
481 921 575 968 igitur
602 922 631 956 in
667 921 804 956 futurum
827 929 892 966 etc.7
919 934 1011 966 usque
1044 921 1093 955 di-

348 970 454 1006 stricta
487 970 643 1006 subiaceat
675 970 795 1005 ultioni.
829 971 961 1005 Cunctis
987 979 1091 1005 autem

348 1019 448 1054 eidem
481 1020 550 1055 loco
571 1028 637 1061 etc„
665 1033 756 1066 usque
790 1020 925 1068 praemia
947 1028 1092 1055 aeternae

349 1069 434 1116 pacis
455 1069 625 1105 inveniant.
647 1070 761 1104 Amen.

397 1118 509 1154 Datum
540 1119 685 1157 Laterani
708 1131 763 1166 per
791 1131 917 1153 manum
945 1118 1092 1154 lobannis

347 1167 479 1204 Sanctae
497 1168 612 1204 Mariae
634 1169 665 1203 in
688 1167 861 1204 Cosmedin
885 1169 1008 1203 diaconi
1028 1180 1091 1203 car-

346 1217 471 1262 dinalis,
491 1218 624 1254 Sanctae
645 1218 806 1254 Romanae
828 1218 989 1253 Ecclesiae
1010 1230 1091 1252 can-

346 1267 473 1309 cellarii,
495 1281 528 1303 xr
549 1268 698 1306 kalendas
730 1269 822 1313 iunii,
845 1267 1016 1303 indictione
1038 1280 1090 1312 xV‚

346 1317 570 1357 incarnationis
605 1318 782 1353 dominicae
820 1330 903 1353 anno
942 1329 1090 1357 mccxlii,

346 1366 545 1413 pontificatus
560 1380 632 1403 vero
645 1367 764 1402 domini
784 1367 962 1403 Innocentii
987 1367 1091 1414 Papae

345 1416 426 1455 tertii
448 1428 532 1454 auno
552 1417 799 1465 decimoquinto.

384 1477 442 1513 Dat.
462 1478 509 1512 die
530 1478 568 1510 Ὦ
584 1478 654 1512 maii
673 1479 758 1515 1213,
781 1479 883 1518 pontis.
908 1488 984 1508 anno
1007 1486 1049 1508 xv.

628 1607 815 1672 Lxxxvn.⁴

348 1711 491 1746 Castrum.
509 1711 663 1756 Nimphae
677 1712 719 1745 ad
734 1711 907 1745 Romanam
923 1709 1090 1744 Ecclesiam

391 1762 542 1806 pertinens
580 1762 691 1795 Iacobo
733 1761 840 1805 Papae
876 1759 1090 1797 consobrino,

392 1812 515 1857 ejusque
546 1811 730 1847 marescalco
763 1811 794 1843 in
826 1810 951 1853 seudum
986 1820 1091 1842 conce-

392 1861 477 1898 ditur
506 1863 566 1904 (A).

611 1932 824 1963 SUMMARtUM

345 2001 512 2030 Exordium.
546 2016 584 2021 -
621 1998 743 2028 lacobus
772 1997 892 2027 militiae
926 1997 1091 2035 pontificiae

384 2046 559 2085 praefectus,
577 2060 616 2065 —-
633 2042 671 2072 De
692 2044 789 2081 Apost.
808 2041 882 2071 Sede
905 2042 1013 2079 optime
1032 2050 1091 2070 me-

384 2089 465 2119 ritus.
487 2105 526 2111 —-
555 2087 686 2117 Castrum
713 2085 856 2125 Nimpliae
877 2094 936 2123 quo
964 2086 1029 2114 iure
1055 2085 1091 2114 ad

383 2134 482 2172 Apost.
506 2132 609 2162 Sedem
642 2130 794 2170 pertineat.
824 2145 863 2151 —
894 2128 954 2158 Sub
983 2128 1090 2167 quibus

383 2177 602 2208 conditionibus
624 2174 727 2205 Iacobo
745 2183 929 2204 concessum.
952 2190 990 2195 —-
1007 2173 1090 2203 Clau-

384 2223 474 2253 sulae.

342 2294 512 2325 innocentius
530 2293 670 2329 episcopus
679 2298 774 2321 servus
788 2297 926 2319 servorum
941 2289 996 2323 Dei,
1009 2289 1092 2318 nobili

387 2345 447 2373 viro
462 2343 554 2372 Iacobo
573 2341 744 2374 consobrino,
755 2342 790 2378 ,et
808 2339 974 2369 marescalco
985 2339 1091 2367 nostro.

393 2407 473 2442 Cum
497 2407 565 2442 eius
584 2406 667 2441 vices
684 2416 830 2451 geramus
853 2404 883 2437 in
913 2403 1017 2447 terris,
1036 2402 1089 2449 qui

347 2458 517 2504 unicuique
550 2455 724 2490 secundum
757 2466 812 2488 sua
842 2453 951 2488 merita
980 2452 1092 2498 legitur

347 2507 535 2547 redditurus,
556 2505 606 2539 his
626 2505 679 2552 qui
699 2503 897 2550 Apostolicae
919 2479 1027 2537 SedisU
1039 2501 1092 2536 ol)-

347 2556 466 2602 sequio
487 2563 517 2590 et
545 2567 601 2602 pro
623 2566 658 2589 ea
679 2553 772 2589 etiarn
796 2552 942 2599 periculis
971 2564 1004 2585 se
1030 2563 1091 2584 ex·-

347 2613 478 2652 ponunt
515 2603 679 2650 magnifice
713 2602 864 2637 debemus
890 2609 919 2635 et
949 2601 1092 2636 volumus

382 2672 420 2704 tt)
442 2670 477 2696 Ex
500 2670 597 2701 Baluz.
621 2669 733 2703 Epistola
752 2668 810 2694 illi

935 271 1123 295 BULLARmM
1150 271 1311 294 ROMANUM

1139 326 1341 374 respondere,
1373 335 1530 374 quatenus
1562 327 1606 363 sic
1627 327 1750 363 labores
1770 339 1879 363 eorum

1139 389 1378 411 remuneremus
1394 377 1423 413 in
1439 377 1516 425 ipsis
1530 384 1566 412 ut
1586 377 1664 413 alios
1678 376 1716 411 ad
1740 385 1879 413 nostrum

1137 427 1300 461 servitium
1318 426 1516 462 inducamus.
1534 426 1619 462 Olim
1635 425 1793 482 siquidem
1807 438 1878 462 cum

1137 475 1336 511 Marcualdus
1357 474 1414 510 Dei
1437 484 1467 510 et
1489 476 1648 511 Ecclesiae
1671 475 1818 510 inimicus
1848 476 1878 510 in

1136 525 1266 560 devotos
1288 525 1487 572 Apostolicae
1518 525 1623 566 Sedis,
1651 533 1682 560 et
1702 525 1877 560 charissimi

1137 575 1165 609 in
1195 574 1322 609 Christo
1358 574 1412 609 filii
1447 575 1543 609 nostri
1579 574 1720 610 Federici
1752 574 1879 610 Siciliae

1136 624 1216 670 regis
1238 624 1366 659 illustris
1392 623 1500 659 fideles
1516 624 1604 671 quasi
1626 623 1798 659 desaeviret
1819 624 1878 659 im—

1136 686 1231 721 pune,
1253 686 1289 708 ac
1315 673 1453 708 Siciliam
1482 686 1519 708 ex
1545 673 1642 708 multa
1677 681 1763 720 parte
1797 673 1878 709 ferro

1135 723 1322 771 flammaque
1337 731 1481 767 vastaret⁷
1496 735 1627 769 regnum
1646 723 1704 757 sibi
1728 735 1878 770 usurpare

1135 773 1320 820 disponens,
1342 780 1375 806 ut
1396 772 1496 808 eidem
1533 773 1609 819 regi,
1631 784 1725 820 quem
1753 772 1877 808 inclitae

1136 822 1361 857 recordationis
1373 821 1556 857 Constantia
1569 821 1753 869 imperatrix
1764 822 1878 857 tutelae

1135 882 1259 907 nostrae
1282 872 1452 914 commisit,
1475 880 1506 906 et
1527 884 1625 918 regno
1646 871 1737 906 cuius
1760 871 1875 906 balium

1134 921 1225 956 nobis
1262 929 1449 956 testamento
1481 921 1628 969 reliquit,
1664 922 1875 956 necessarium

1133 980 1163 1005 et
1189 979 1388 1018 expectatum
1416 971 1534 1006 diutius
1569 970 1747 1006 subsidium
1786 982 1877 1018 prae-

1133 1029 1289 1056 staremus
1316 1020 1480 1061 militibus,
1507 1032 1587 1068 quos
1612 1020 1747 1068 pecunia
1773 1029 1877 1056 nostra

1133 1070 1355 1108 conduximus,
1383 1078 1412 1105 te
1447 1070 1594 1105 duximus
1629 1069 1877 1116 praeferendum,

1132 1128 1163 1154 et
1189 1121 1218 1154 in
1253 1119 1390 1155 Siciliam
1430 1120 1610 1154 curavimus
1640 1118 1816 1161 destinare;
1845 1127 1876 1154 tu

1132 1182 1207 1215 ergo
1219 1170 1257 1205 de
1273 1169 1421 1204 mandato
1436 1176 1543 1204 nostro
1559 1180 1688 1215 regnum
1703 1169 1875 1215 ingressus,

1133 1227 1203 1265 post
1229 1220 1342 1254 multas
1369 1219 1552 1262 anxietates,
1579 1217 1820 1258 sollicitudines,
1847 1227 1876 1253 et

1133 1268 1265 1309 labores,
1293 1270 1331 1303 de
1347 1267 1515 1303 Frederico
1530 1268 1561 1303 in
1576 1267 1730 1309 Calabria,
1749 1275 1779 1302 et
1800 1267 1875 1303 Mar-

1132 1318 1243 1352 cualdo
1270 1319 1300 1353 in
1316 1317 1436 1357 Sicilia,
1464 1317 1595 1352 faciente
1609 1317 1759 1362 Domino⁷
1782 1317 1876 1352 mira-

1131 1367 1233 1402 biliter
1259 1367 1471 1415 triumphasti,
1490 1366 1672 1402 memoriale
1691 1379 1876 1413 comparans

1133 1429 1245 1452 nomen
1273 1418 1343 1461 tibi,
1369 1424 1400 1452 et
1418 1417 1530 1451 famam
1558 1416 1755 1463 Apostolicae
1783 1415 1875 1451 Sedis

1131 1467 1295 1512 extollens⁷
1321 1479 1415 1513 quam
1439 1466 1620 1513 praedictus
1648 1465 1776 1512 iniquus
1795 1466 1876 1500 nite-

1132 1515 1222 1550 batur
1249 1517 1278 1550 in
1302 1516 1363 1550 illis
1398 1515 1537 1562 partibus
1564 1514 1699 1549 abolere.
1727 1513 1874 1562 Cumque

1132 1577 1187 1612 per
1214 1566 1331 1600 viarum
1367 1564 1548 1599 discrimina
1582 1563 1641 1598 sub
1676 1564 1873 1599 inclementia

1132 1615 1282 1661 temporis
1322 1622 1352 1648 et
1385 1614 1466 1649 aeris
1497 1613 1684 1660 intemperie
1711 1613 1810 1648 victor
1835 1613 1873 1648 ad

1132 1672 1270 1699 nostram
1295 1664 1500 1711 praesentiam
1517 1662 1694 1701 redivisses,
1709 1674 1776 1698 eam
1801 1675 1874 1710 gra-

1133 1714 1202 1747 tiam
1219 1714 1248 1747 in
1265 1713 1393 1747 fratrum
1410 1721 1586 1747 nostrorum
1602 1712 1702 1747 oculis
1715 1712 1873 1756 invenisti,

1134 1771 1165 1797 ut
1199 1763 1381 1808 diligentins
1403 1762 1611 1802 attendente&
1638 1770 1788 1808 quantum
1817 1774 1874 1809 pro

1133 1821 1162 1846 te
1188 1812 1388 1859 Apostolicae
1413 1811 1488 1846 Sedi
1527 1813 1709 1846 accessisset
1734 1811 1874 1855 lionoris,

1132 1861 1292 1896 laboribus
1326 1862 1388 1896 tuis
1421 1861 1584 1908 magnifice
1620 1860 1872 1908 respondendum

1132 1919 1320 1951 assererent,
1334 1919 1364 1945 et
1387 1923 1447 1945 non
1470 1910 1570 1945 solum
1594 1910 1805 1954 consulerent,
1819 1910 1872 1944 sed

1133 1974 1204 1995 cuin
1230 1961 1372 1994 instantia
1393 1960 1524 2006 plurima
1548 1959 1751 2006 postularent,
1771 1967 1803 1993 ut
1816 1958 1870 1994 tibi

1133 2022 1317 2045 curaremus
1333 2010 1498 2055 magnifice
1514 2008 1715 2056 respondere.
1726 2008 1791 2043 Nos
1800 2020 1873 2055 ergo

1134 2061 1194 2093 tuis
1218 2059 1406 2106 respondere
1441 2057 1612 2102 laboribus,
1633 2066 1663 2092 et
1687 2058 1873 2093 utilitatibus

1134 2108 1297 2155 providere.
1337 2108 1494 2148 volentes,
1525 2115 1661 2142 castrum
1702 2106 1872 2154 Nimphae,

1133 2158 1214 2205 quod
1230 2158 1388 2204 quondam
1412 2158 1534 2192 inclitae
1550 2156 1774 2191 recordationis
1794 2155 1874 2190 Cen-

1133 2209 1180 2241 cio
1207 2206 1384 2254 Fraiapani
1406 2216 1436 2242 et
1458 2206 1496 2241 Ο.
1519 2215 1550 2240 et
1571 2206 1605 2240 E.
1625 2205 1791 2252 nepotibus
1806 2206 1873 2239 eius

1133 2256 1232 2291 bonae
1271 2257 1439 2291 memoriae
1471 2255 1634 2302 Eugenius
1666 2255 1748 2301 Papa
1783 2267 1873 2300 prae-

1133 2307 1279 2340 decessor
1300 2314 1405 2340 noster
1427 2317 1483 2353 pro
1501 2305 1690 2350 octingentis
1713 2297 1802 2338 libris
1818 2303 1873 2338 de—

1134 2356 1291 2390 nariorum
1314 2355 1505 2390 Lucensium
1528 2354 1689 2400 obligarat,
1711 2361 1740 2387 et
1763 2365 1821 2387 nos
1835 2353 1874 2387 ab

1133 2417 1240 2439 eorum
1265 2404 1452 2440 haeredibus
1475 2405 1534 2438 iam
1563 2403 1682 2450 pridem
1710 2401 1874 2448 recollegi-

1135 2466 1204 2489 mus
1227 2456 1357 2501 pecunia
1385 2454 1576 2500 consignata,
1594 2460 1624 2487 et
1638 2451 1720 2498 apud
1737 2451 1872 2486 nobilem

1134 2505 1231 2538 tirum
1255 2503 1417 2539 Bouonem
1440 2503 1479 2538 de
1500 2501 1643 2536 mandato
1665 2510 1802 2542 senatus,
1826 2502 1875 2536 iu—

1133 2553 1261 2588 diciaria
1273 2554 1457 2588 auctoritate
1468 2551 1621 2599 deposita,
1637 2563 1693 2597 pro
1706 2563 1764 2597 qua
1775 2550 1873 2585 fuerat

1133 2603 1317 2649 obligatum,
1353 2611 1429 2637 cum?
1447 2600 1593 2636 omnibus
1621 2600 1818 2646 pertinentiis
1845 2608 1876 2635 et

1135 2653 1319 2687 utilitatibus
1343 2652 1395 2686 tibi
1412 2663 1468 2698 pro
1482 2661 1603 2685 sumina
1620 2649 1705 2684 mille
1727 2649 1873 2684 librarum

1895 271 1946 298 An.
1966 271 1996 298 C.
2009 272 2076 303 1213

1905 777 1993 800 lacobus
2018 778 2074 799 rnili-

1892 811 1934 830 tiae
1952 810 2072 837 pontini-tae

1892 841 2019 868 praefectus.

1904 1422 1931 1442 De
1948 1420 2072 1448 Apostolum

1889 1452 1942 1473 Sede
1993 1455 2070 1478 opium

1889 1484 1984 1504 meritur.

1901 2070 1994 2091 Castrum
2010 2070 2070 2091 him-

1888 2102 1941 2128 phae
1962 2107 2002 2129 quo
2023 2103 2068 2122 lure

1887 2133 1912 2153 ad
1926 2132 2070 2160 Apostolicutn

1887 2163 1961 2184 Seitem
2001 2165 2064 2190 perti·

1888 2198 1943 2214 ”031-
