2129 3223
64 301 115 330 An.
137 301 164 329 C.
181 301 246 328 12¹3

259 360 427 389 Innocentius
443 359 583 395 episcopus
601 365 695 388 servus
714 365 853 388 servorum
863 358 924 392 Dei.
942 360 1002 388 Sar·
1021 359 1024 426 J

303 409 389 438 dicon.
408 409 438 437 et
456 407 589 436 sidonien.
608 407 749 444 episcopis.
771 409 800 436 et
818 408 1003 437 archidiacono

302 457 437 487 navalien-

305 524 355 559 Ad
383 532 519 559 nostram
543 524 692 559 noveritis
715 523 903 559 audientiam
936 537 1003 571 per·

74 578 130 605 Ωιι-Θ
180 577 242 600 ‘¹¹⁰‘ss
257 574 389 617 venisse,
407 574 491 621 quod
510 574 715 609 charissimus
730 575 761 608 in
777 573 902 609 Christo
918 575 1002 610 filius

63 608 145 661 :iiiiiic¹
161 611 241 629 ‘'⁰¹¹⁵sp
256 631 380 663 noster.
422 622 581 658 Henricus
629 622 1002 670 Constantinopolitanus

256 673 424 719 imperator
458 673 606 713 illustris,
644 672 899 707 constitutionem
928 685 998 708 cum

254 723 320 757 suis
342 722 512 758 baronibus
533 721 647 764 edidit,
670 734 751 769 quae
775 722 874 768 vergit
896 722 926 757 in
951 735 1001 769 pe-

254 771 390 806 riculum
411 772 599 813 animarum,
622 779 715 806 etesi
737 772 892 806 contraria
915 784 1000 819 pror-

253 833 307 855 sus
339 821 570 856 ecclesiasticae
597 820 744 865 libertati,
773 821 928 865 videlicet,
968 830 1000 856 ut

254 869 359 906 nullus
390 871 488 917 possit
519 870 558 904 de
583 870 651 905 suis
684 870 936 917 possessionibus
967 872 998 905 in

255 920 326 961 vita,
348 919 395 954 vel
417 919 528 954 ultimo
554 927 754 960 testamento,
789 920 906 967 aliquid
929 920 998 954 Ec-

251 969 354 1004 clesiis
379 968 513 1015 elargiri.

299 1017 383 1053 Cum
405 1018 499 1064 igitur
522 1017 704 1053 constitutio
726 1018 907 1053 huiusmodi
935 1026 996 1053 tam

57 1063 236 1117 „fflfflfflffionss‘
251 1066 377 1111 divinis,
410 1079 503 1115 quam
531 1067 677 1102 humanis
705 1069 744 1102 sit
777 1068 898 1114 legibus
930 1069 998 1102 ini—

228 1112 344 1158 'mica,
372 1116 556 1152 discretioni
583 1126 703 1152 vestrae
738 1129 793 1164 per
827 1117 997 1164 apostolica

250 1167 366 1214 scripta
388 1167 585 1210 mandamus,
603 1174 758 1214 quatenus
776 1167 874 1213 ipsam
895 1174 998 1202 aucto-

251 1217 342 1251 ritate
360 1226 464 1251 nostra
500 1215 676 1250 decernatis
710 1216 850 1251 frivolam
873 1225 902 1250 et
929 1217 997 1250 ina-

248 1277 334 1306 nem,
355 1275 386 1300 et
413 1265 499 1300 nullo
521 1264 616 1299 modo
637 1266 834 1300 servandam.

297 1313 411 1350 Datum
437 1314 603 1356 Laterani,
634 1316 677 1348 10
711 1315 770 1349 kal.
794 1315 885 1360 iunii,
912 1327 996 1349 anuo

246 1362 491 1411 decimoquinto.

295 1422 357 1455 Dat.
375 1424 422 1453 die
438 1423 476 1453 23
495 1425 562 1455 maii
583 1425 669 1462 1213,
688 1425 789 1464 pontis.
809 1434 884 1454 :inno
904 1434 946 1454 xv.

531 1584 706 1619 LXXXVI.

275 1662 475 1707 Confirmatio
501 1663 649 1695 bonorum
676 1675 712 1696 ac
739 1663 968 1706 privileqiorum

304 1712 453 1744 concessio
481 1712 632 1745 Ecclesiae
654 1713 858 1745 Corinthiensi
879 1714 934 1755 (l).

511 1789 723 1820 SUMMARIUM

246 1854 412 1885 Exordium.
436 1872 476 1878 —
501 1854 734 1885 Corinthiensem
757 1854 918 1886 Ecclesiam
938 1857 993 1886 sub

286 1904 379 1938 apost.
401 1899 524 1938 suscipit
542 1900 731 1938 protectione.
748 1916 788 1921 —
806 1900 896 1939 Eique
918 1901 992 1930 bona

285 1944 382 1974 omnia
401 1944 562 1974 confirmat.
581 1960 618 1965 —
634 1943 788 1982 Privilegia
805 1945 832 1974 ei
850 1946 992 1975 concedit.

285 2005 324 2011 —
344 1986 511 2018 clausulae.

246 2059 418 2088 innocentius
434 2058 576 2095 episcopus
591 2065 684 2088 servus
694 2066 834 2089 servorum
844 2060 898 2093 Dei.
916 2060 994 2089 Gnat—

291 2110 352 2138 toro
367 2108 547 2138 corinthiensi
565 2109 773 2146 archiepiscopo,
793 2110 904 2147 eiusque
935 2118 992 2140 suc·

292 2158 446 2188 caesoribus
464 2159 589 2187 canonice
608 2158 814 2193 substituendis,
853 2160 880 2189 in
898 2168 994 2197 perpe·

293 2209 379 2237 tuum.

297 2274 424 2317 Quanto
444 2275 628 2322 diligentius
653 2283 683 2310 et
711 2275 815 2311 utilius
843 2289 894 2311 vas
922 2277 992 2311 ele-

86 2326 203 2351 ⁸¹⁰¹⁰tffl¹¹=
249 2326 374 2366 ctionis,
400 2333 430 2360 et
447 2324 564 2360 Doctor
584 2326 725 2371 gentium
755 2325 991 2362 Corinthiorum

250 2375 396 2410 instruxit
421 2374 610 2415 Ecclesiam,
637 2375 717 2409 sicut
752 2376 818 2409 eius
851 2376 888 2411 ad
925 2377 993 2411 illos

250 2424 410 2472 Epistolae
432 2425 544 2459 missae
567 2423 736 2464 declarant,
764 2432 850 2459 tanto
871 2425 993 2460 studio-

249 2475 315 2509 sius
340 2482 371 2508 et
398 2474 520 2508 cautius
542 2486 599 2509 nos
624 2482 745 2520 oportet
781 2474 933 2515 insistere,
961 2484 993 2509 ut

250 2535 318 2558 eam
341 2523 371 2558 in
401 2524 499 2570 ipsius
521 2523 616 2558 forma
643 2523 802 2557 doctrinae
824 2523 882 2558 sub
903 2525 993 2571 Apo—

250 2573 376 2608 stolicae
417 2571 508 2608 Sedis
544 2573 724 2619 magisterio
757 2584 991 2615 conservemus,

250 2631 330 2666 qnae
357 2634 458 2670 nuper
482 2622 615 2658 eandem
647 2623 684 2657 ad
709 2622 807 2669 ipsius
841 2622 992 2658 obedien-

286 2687 324 2721 (i)
340 2687 378 2713 Ex
395 2688 495 2719 Baluz.,
513 2688 556 2714 lib.
579 2695 625 2720 xv,
645 2687 726 2722 Epist*
750 2687 792 2713 58.

328 2731 400 2761 Ball.
418 2730 493 2760 Rom.
518 2731 569 2760 Vol.
589 2732 638 2761 III.

797 2731 832 2760 34

854 300 1065 323 tNNOCEN‘rttsss
1093 301 1129 323 111
1154 302 1191 324 FP

1669 296 1738 329 ⁹265}

1043 356 1116 389 tiam
1137 363 1340 391 revertentem
1364 358 1500 393 attinenti
1525 359 1716 407 benignitate
1737 374 1788 395 su-

1043 404 1151 451 scepit.
1190 404 1261 446 Quo
1284 407 1377 451 circa,
1412 409 1598 444 venerabilis
1630 409 1722 445 frater
1756 411 1785 445 in

1043 454 1180 495 Christo,
1205 462 1332 501 propter
1353 458 1516 502 specialem
1546 459 1643 505 ipsius
1665 458 1786 495 Corin-

1043 504 1173 538 thiensis
1211 503 1369 540 Ecclesiae
1400 507 1593 552 charitatem,
1615 516 1698 543 tuam
1733 522 1787 544 vo-

1043 553 1140 587 lentes
1192 565 1356 600 personam
1406 558 1592 603 propensius
1617 559 1784 597 bonorare,

1043 602 1177 650 propriis
1199 603 1343 639 manibus
1364 607 1619 641 consecravimus
1648 608 1677 642 in
1714 622 1787 655 pon-

1043 652 1168 693 tificem,
1190 661 1219 687 et
1237 653 1336 699 palleo
1354 654 1581 701 insignivimus,
1602 658 1786 703 pontificalis

1043 701 1184 736 videlicet
1206 702 1297 737 officii
1326 703 1532 750 plenitudine,
1562 714 1594 740 ut
1616 707 1691 741 nibil
1728 709 1782 742 tibi

1041 763 1076 785 ex
1099 751 1203 799 aliqua
1225 752 1311 799 parte
1338 753 1435 794 desit,
1463 755 1546 801 quod
1570 755 1606 789 ad
1631 766 1785 804 metropo-

1042 800 1154 835 liticam
1185 802 1320 848 pertinet
1356 802 1553 850 dignitatem.
1594 805 1675 846 Quia
1712 819 1784 841 vero

1041 862 1097 884 nos
1123 850 1307 898 suppliciter
1333 853 1481 893 exorasti,
1508 863 1538 888 ut
1565 855 1696 889 eaiidem
1720 856 1784 891 Co-

1040 899 1242 935 rinthiensem
1270 901 1443 936 Ecclesiam
1478 903 1527 938 cui
1564 903 1630 938 Deo
1658 914 1784 941 auctore

1040 961 1172 995 praeesse
1210 950 1416 996 dignosceris,
1463 952 1666 999 dignaremur
1709 967 1785 1003 apo-

1039 999 1138 1034 stolici
1170 1000 1323 1046 privilegii
1352 1001 1525 1036 munimine
1548 1003 1704 1049 roborare,
1728 1017 1784 1039 nos

1039 1048 1100 1083 tuis
1116 1049 1204 1083 iustis
1228 1050 1492 1095 postulationibus
1506 1061 1692 1094 annuentes,
1715 1066 1782 1088 eam

1038 1097 1097 1131 sub
1124 1098 1203 1133 beati
1226 1099 1309 1133 Petri
1331 1108 1361 1134 et
1384 1109 1488 1135 nostra
1517 1103 1711 1149 protectione
1730 1117 1784 1138 su-

1037 1147 1209 1194 scipimus,
1239 1158 1269 1184 et
1292 1150 1466 1195 praesentis
1487 1152 1592 1198 scripti
1623 1153 1784 1199 privilegio

1038 1197 1282 1237 communimus,
1310 1207 1496 1244 statuentes,
1522 1209 1554 1235 ut
1580 1213 1783 1250 quascunque

1039 1247 1255 1292 possessiones
1289 1256 1354 1292 ela,
1391 1262 1484 1294 usque
1511 1249 1623 1285 illibata
1654 1264 1783 1298 perma—

1038 1302 1143 1330 neant.
1171 1296 1347 1343 Iu‘quibus
1378 1298 1455 1333 baec
1476 1307 1540 1344 etc,
1566 1313 1660 1346 usque
1692 1313 1783 1337 voca-

1038 1344 1120 1379 bulis
1141 1345 1246 1381 locum
1270 1346 1372 1393 ipsum
1399 1356 1465 1386 etc„
1497 1361 1589 1394 usque
1623 1351 1783 1397 pertinen-

1037 1394 1086 1428 tiis
1108 1395 1185 1439 suis,
1208 1396 1310 1430 casale
1331 1397 1413 1443 quod
1438 1397 1554 1432 dicitur
1571 1398 1703 1441 Enoria,
1730 1413 1783 1435 ca-

1036 1443 1099 1477 sale
1121 1444 1206 1491 quod
1233 1444 1348 1479 dicitur
1375 1445 1526 1488 Petu-icta,
1563 1449 1665 1484 casale
1698 1451 1782 1497 quod

1036 1492 1150 1528 dicitur
1176 1493 1313 1540 Palagia,
1340 1495 1443 1530 casale
1469 1496 1553 1543 quod
1583 1498 1698 1533 ‹licitur
1727 1498 1785 1534 Ca-

1038 1542 1176 1588 tos‘mata,
1204 1544 1305 1578 casale
1328 1545 1410 1591 quod
1434 1545 1548 1580 dicitur
1570 1546 1703 1595 Cyrilla‚
1731 1561 1783 1584 ca-

1036 1592 1099 1626 sale
1125 1592 1209 1639 quod
1237 1593 1351 1628 dicitur
1371 1594 1555 1642 Succhyna,
1577 1597 1678 1632 casale
1699 1600 1781 1645 quod

1035 1641 1151 1676 dicitur
1173 1642 1322 1685 sorados,
1356 1645 1457 1679 casale
1479 1646 1562 1691 quod
1586 1646 1701 1682 dicitur
1723 1648 1783 1682 La-

1037 1692 1167 1731 venicia,
1191 1693 1292 1727 casale
1319 1693 1403 1740 quod
1431 1694 1546 1729 dicitur
1568 1694 1705 1741 Clenna,
1736 1710 1783 1733 ca-

1035 1741 1097 1775 sale
1130 1742 1215 1788 quod
1250 1742 1367 1777 dicitur
1393 1743 1543 1786 Sarman,
1570 1746 1671 1781 casale
1697 1749 1780 1793 quod

1035 1790 1151 1825 (licitur
1173 1790 1280 1831 Grata,
1308 1793 1408 1827 casale
1430 1794 1513 1840 quod
1537 1794 1651 1829 dicitur
1671 1795 1779 1838 Quar—

1036 1848 1116 1884 rata,
1151 1849 1180 1874 et
1215 1842 1315 1876 casale
1348 1842 1432 1889 quod
1472 1843 1588 1878 dicitur
1621 1845 1780 1893 Sandyca,

1035 1902 1106 1923 curn
1150 1890 1298 1925 omnibus
1346 1892 1544 1938 pertinentiis
1587 1895 1780 1939 eorundem,

1034 1938 1235 1986 episcopatus
1267 1953 1392 1988 quoque
1422 1941 1550 1977 inferius
1588 1945 1781 1980 annotandos

1034 1987 1193 2024 Ecclesiae
1238 1997 1308 2024 tuae
1352 1992 1582 2038 metropolitico
1611 1993 1677 2028 iure
1699 1995 1780 2029 sub—

1035 2038 1132 2073 iectos
1160 2038 1225 2081 tibi,
1248 2039 1371 2086 tuisque
1405 2042 1639 2077 successoribus
1667 2043 1781 2078 nibilo-

1035 2087 1139 2122 miuus
1177 2089 1419 2127 confirmamus,
1464 2091 1605 2126 videlicet
1652 2091 1780 2139 Cepha—

1036 2137 1214 2178 louensem,
1254 2138 1379 2179 lacint.,
1414 2139 1608 2184 Demetrion,
1649 2141 1780 2176 Malase-

1036 2187 1098 2225 via,
1135 2186 1253 2234 Argos,
1287 2187 1389 2232 Gitas,
1416 2198 1443 2222 et
1479 2188 1638 2224 Gimenes.
1674 2190 1779 2225 Palleo

1036 2248 1106 2270 vero
1133 2236 1217 2282 quod
1243 2236 1295 2270 tibi
1318 2250 1354 2271 ex
1383 2239 1583 2284 Apostolicae
1605 2239 1696 2274 Sedis
1724 2239 1779 2274 be-

1034 2286 1185 2330 nignitate
1211 2286 1414 2325 contutimus,
1451 2287 1527 2321 infra
1562 2296 1644 2322 tuam
1673 2288 1778 2323 Eccle-

1034 2335 1111 2368 siam
1127 2343 1192 2373 etc„
1217 2349 1311 2381 usque
1332 2336 1583 2371 solemnitatibus
1616 2337 1776 2373 beatorum

1033 2383 1187 2418 Theodori
1231 2393 1261 2418 et
1302 2384 1466 2420 Stratilatis
1506 2388 1697 2433 martyrum,
1747 2397 1777 2422 et

1034 2434 1275 2468 consecrationis
1313 2442 1382 2468 tuae
1416 2435 1626 2470 anniversario
1659 2436 1711 2471 die
1737 2438 1774 2472 ad

1034 2482 1109 2516 haec
1144 2483 1200 2529 ipsi
1238 2482 1448 2517 Corintliiensi
1487 2486 1650 2532 metropoli
1688 2499 1774 2521 suam

1035 2532 1225 2578 provinciam
1263 2532 1494 2567 confirmamus.
1535 2533 1603 2569 lura
1638 2547 1774 2583 quoque,

1033 2594 1067 2615 ac
1096 2581 1174 2615 bona
1197 2581 1275 2621 eius,
1302 2582 1471 2628 dignitates
1494 2591 1522 2616 et
1545 2583 1703 2619 libertates
1727 2586 1774 2633 ip-

1033 2632 1117 2674 sius,
1157 2642 1277 2665 necnon
1319 2633 1461 2678 antiquas
1510 2640 1539 2666 et
1575 2634 1773 2670 rationabiles

1033 2680 1278 2715 consuetudines
1312 2682 1492 2716 auctoritate
1527 2683 1693 2729 apostolica
1721 2697 1772 2720 ro-

1805 306 1853 331 An.
1874 305 1901 331 C.
1918 306 1983 332 19¹3

1811 817 1980 838 Coi-lntliii’nfetn

1799 847 1913 869 Ecclesium
1943 849 1978 868 suh

1799 882 1865 905 apost.
1893 883 1979 904 stt—‹wivit

1799 912 1939 935 litote-ctione:

1805 1208 1867 1235 Eique
1876 1208 1928 1229 bont·
1937 1214 1982 1228 om-

1798 1241 1831 1260 nia
1847 1239 1963 1260 coniti-mat.

1802 2542 1913 2569 Privitegia
1951 2545 1972 2566 el

1788 2577 1893 2597 concedit.
