2129 3223
136 292 187 318 An.
206 290 236 318 C.
252 290 317 317 1-25'i

149 400 267 422 Mulier-esa
276 407 320 422 ser-

136 432 188 451 vii‘io
201 431 273 451 altaris
288 436 320 452 re-

137 463 259 484 nior-udae.

145 550 173 570 nr
185 551 262 570 ieiunio
272 555 320 575 qua-

137 580 268 606 *ragrsimati

149 850 237 871 parochi
266 856 320 870 eon-

135 881 241 901 lirsioncs
281 886 320 900 au-

136 914 204 932 diant·
227 913 320 932 caeteris

136 949 186 963 vero
206 943 274 962 danda
294 943 319 963 ab

137 975 238 1000 episcopo
279 973 320 994 loci

136 1004 228 1024 lzeentia.

147 1878 321 1906 Fornicatiopec·

137 1913 205 1930 catum
223 1910 319 1931 mortale.

145 2167 228 2192 Septem
234 2171 319 2189 omines

138 2198 267 2220 conterendi.

384 281 453 314 582

384 348 399 388 §
428 346 482 378 Η.
505 342 654 378 Mulieres
675 351 778 378 autem
793 342 909 377 servii-e
932 340 969 376 ad
988 340 1084 375 altare
1102 347 1106 358 ¹

336 405 397 428 non
419 392 569 436 audeant,
591 391 644 426 sed
673 390 711 426 ab
734 390 817 428 illius
845 391 1021 426 ministerio
1040 401 1085 424 re·

337 442 492 489 pellantur
513 441 653 476 omnino.

382 495 398 534 ς’
430 493 483 525 ¹2.
505 489 550 525 De
571 489 690 524 ieiunio
704 501 777 524 vero
794 488 857 524 diei
873 487 994 523 sabbati
1010 498 1085 534 qua-

334 538 532 586 dragesimali
567 546 710 586 tempore
749 541 955 585 (quamquam
984 536 1084 570 lione-

334 589 413 624 stius
439 596 470 624 et
491 587 649 625 salubrius
669 586 781 622 Graeci
803 594 950 632 agerent,
983 586 1008 619 si
1037 585 1084 619 sic

336 646 399 673 toto
414 637 467 672 illo
482 645 623 684 tempore
638 636 842 675 abstinerem,
863 644 894 670 iit
913 647 972 669 nec
989 634 1083 669 unico

334 687 385 721 ‹lie
424 687 601 722 institutum
639 685 792 721 ieiunium
834 684 1001 727 violarent)
1037 691 1083 717 te-

336 744 427 771 neant
449 745 479 770 et
501 743 626 770 servent
645 747 700 782 pro
722 734 810 769 libito
833 745 952 767 morem
976 745 1080 766 suuni.

383 789 398 829 ξ
425 788 477 821 15.
497 784 685 820 Sacerdotes
710 794 836 831 quoque
862 782 1021 827 coniugati
1053 789 1083 815 et

335 834 402 874 alii,
437 834 553 881 quibus
576 832 794 881 parochiarum
821 843 908 872 cura,
944 831 990 865 vel
1017 830 1082 864 Ec-

334 883 500 921 clesiarum
525 882 748 930 parochialium
777 881 916 926 regimen
941 891 995 926 per
1014 880 1083 926 epi-

334 943 449 980 scopos
475 944 550 967 suos
581 931 800 974 committitur,
823 929 908 963 licite
931 940 967 963 ac
986 927 1083 963 libere

336 982 458 1028 possint
494 980 757 1028 parochianorum
789 990 918 1013 suorum
952 977 1083 1012 confes—

335 1030 440 1066 siones
469 1030 588 1074 audire,
611 1029 750 1076 ipsisque
779 1027 1004 1075 poenitentiam
1033 1028 1082 1060 iii-

335 1079 464 1125 iungere
487 1091 542 1126 pro
565 1079 713 1126 peccatis.
741 1076 822 1119 Quia
850 1076 899 1111 cui
925 1076 1007 1119 licet,
1037 1075 1082 1110 tel

334 1128 519 1163 conceditur
545 1126 630 1175 quod
653 1135 700 1161 est
722 1126 834 1166 maius,
863 1125 1013 1172 competit
1036 1125 1083 1159 ni-

334 1177 470 1216 mirum,
506 1189 565 1212 nec
598 1176 703 1222 negari
732 1174 890 1214 convenit,
918 1174 1003 1221 quod
1036 1182 1083 1208 et

334 1227 450 1261 minus.
478 1226 626 1261 Liberum
651 1233 754 1260 tamen
783 1224 824 1260 sit
851 1224 928 1270 ipsis
958 1223 1083 1270 episco-

335 1276 402 1322 pis,
430 1275 513 1311 viros
538 1274 616 1310 alios
650 1273 783 1309 idoneos
820 1272 1019 1307 coadiutores
1054 1281 1105 1310 et,

335 1333 553 1371 cooperatores
580 1323 716 1368 habere,
749 1323 781 1357 in
811 1321 977 1357 audiendis
1005 1322 1107 1371 con-fl

335 1373 524 1409 sessionibus
541 1381 572 1407 et
594 1372 797 1420 poenitentiis
820 1370 1034 1417 iniungendis,
1049 1382 1085 1404 ac

910 286 1098 310 BULLARtrm

1124 285 1286 309 nonai-<cu
1885 287 1935 313 Αη.
1954 285 1983 313 C.
1998 283 2065 312 ¹25⁸

1125 339 1244 380 soluta,
1268 347 1301 374 ut
1326 339 1466 375 nubendi
1489 339 1539 374 cui
1574 340 1638 374 vult
1668 340 1699 375 in
1720 340 2066 398 ‘Dominooesfgg'dgzpng

1125 388 1254 424 liberam
1289 388 1402 423 habeat
1424 388 1618 429 facultatem,
1652 388 1808 424 secundas
1839 396 1870 423 et
1883 408 1924 423 „on
1947 402 2066 430 rapi—oban-

1125 438 1243 479 tertias,
1265 449 1301 472 ac
1323 437 1487 472 ulteriores
1506 438 1598 473 etiam
1619 439 1744 485 nuptias
1756 435 1870 473 Graeci
1884 435 1930 455 ⁶⁸⁰·

1126 498 1187 522 non
1206 486 1455 533 repraehendant
1470 486 1684 533 aliquatenus,
1708 498 1765 522 nec
1787 498 1871 522 eon-

1124 536 1285 577 demnent,
1307 536 1362 571 sed
1382 536 1485 583 potius
1508 535 1577 570 illas
1598 535 1773 584 approbent
1789 535 1870 571 inter

1125 597 1292 632 personas,
1328 597 1408 632 quae
1434 585 1510 620 alias
1542 584 1628 620 licite
1664 584 1702 620 ad
1736 585 1869 621 invicem

1124 634 1326 669 matrimonio
1357 633 1444 680 iungi
1477 641 1619 680 possunt.
1649 633 1798 670 Secundo
1824 641 1870 668 ta-

1125 695 1195 718 meu
1218 682 1388 724 nubentes,
1418 682 1588 730 presbyteri
1610 682 1791 718 nullatenus
1813 683 1869 718 be—

1125 732 1281 766 nedicant.

1171 786 1186 824 g·
1216 783 1269 815 17.
1293 780 1332 815 Et
1354 780 1502 827 quoniam
1528 779 1612 827 apud
1644 792 1699 815 eos
1733 792 1869 816 consue·
1896 793 2026 815 Matrimonia
2041 794 2066 845 ἐι,
2118 774 2123 782 ’

1884 827 1958 852 quai-to
2001 830 2038 852 gra
2055 830 2067 845 n
2115 831 2117 833 ·

1124 838 1235 864 verunt
1264 830 1406 864 conti-alii
1436 829 1632 864 matrimonia
1654 829 1735 865 inter
1761 842 1869 877 perso·
1889 855 2062 881 confflgninm,

1124 891 1180 914 nas
1212 880 1431 925 contingentes
1456 890 1500 918 se,
1529 879 1612 913 iuxta
1638 890 1748 914 eorum
1776 887 2067 914 com-›tisnonwntn-
2114 894 2120 902 ’-

1125 928 1331 975 putationem,
1355 935 1464 962 octavo
1485 927 1595 974 gradu,
1621 928 1674 975 qui
1696 928 1871 964 Secundum
1885 917 1960 938 henan.

1123 977 1391 1025 computationem
1406 985 1436 1011 et
1453 976 1687 1012 distinctionem
1704 977 1871 1024 graduum,

1123 1038 1216 1073 quam
1250 1038 1307 1060 iios
1347 1025 1499 1064 facimus.
1538 1026 1620 1072 apud
1650 1039 1707 1062 nos
1741 1036 1872 1073 quartus

1125 1075 1269 1115 liabetur,
1293 1087 1331 1109 ne
1347 1075 1377 1109 id
1401 1082 1618 1122 praesumatur
1638 1075 1800 1123 deinceps,
1824 1076 1872 1111 fir-

1125 1126 1217 1159 miter
1239 1124 1456 1172 prohibemus.
1473 1123 1620 1159 Districte
1632 1125 1871 1172 praecipientes,

1125 1182 1157 1208 ut
1189 1185 1261 1208 cum
1292 1174 1321 1207 iii
1361 1173 1565 1207 ulterioribus
1598 1173 1749 1219 gradibus
1788 1174 1872 1210 licite

1126 1223 1322 1257 matrimonia
1356 1221 1600 1262 contrahantur,
1643 1223 1673 1256 in
1714 1223 1873 1270 praedicto

1124 1280 1255 1318 quarto,
1307 1271 1588 1316 consanguinitatis
1635 1271 1682 1306 vel
1715 1272 1873 1308 affinitatis

1124 1320 1238 1366 gradu,
1260 1319 1400 1367 copulari
1425 1320 1556 1354 ulterius
1575 1331 1635 1355 non
1659 1330 1873 1367 praesumant,

1124 1378 1274 1404 statutum
1299 1370 1329 1403 in
1353 1368 1412 1403 boc
1433 1369 1590 1416 generalis
1611 1369 1736 1405 concilii
1763 1370 1874 1407 obser-

334 1423 561 1469 caeterisquae
581 1421 618 1456 ad
644 1422 776 1456 salutem
793 1419 1085 1467 pertinentaiiinia-
1126 1428 1243 1453 rantes.
1284 1417 1357 1452 ltlos
1393 1426 1497 1453 tamen
1531 1418 1586 1464 qui
1614 1419 1673 1453 iam
1709 1419 1741 1454 in
1774 1419 1872 1466 gradu

336 1483 415 1506 rum.
445 1471 588 1518 Ipsisque
616 1471 648 1504 in
673 1470 721 1504 liis
743 1480 799 1516 per
826 1480 935 1504 eorum
958 1468 1084 1503 dioece-
1125 1468 1304 1502 huiusmodi
1323 1475 1559 1510 contraxerunt,
1581 1467 1792 1514 dispensative
1805 1480 1874 1516 per-

335 1531 403 1564 ses,
436 1520 555 1567 absque
592 1519 792 1554 sacerdotum
821 1519 961 1565 ipsorum
993 1522 1105 1581 prae-f
1126 1517 1278 1551 mittimus
1301 1518 1331 1550 in
1355 1516 1400 1551 sic
1427 1524 1586 1551 contracto
1608 1517 1807 1553 matrimonio
1828 1530 1874 1552 re-

336 1568 455 1604 iudicio
482 1578 512 1604 et
537 1569 735 1615 gravamine,
768 1567 967 1602 committere
1002 1566 1084 1601 vices
1125 1578 1265 1600 manere.

335 1630 419 1658 suae,
440 1630 513 1653 cum
543 1627 669 1665 propter
691 1616 916 1664 occupationes
937 1614 1105 1669 multipli-k
1172 1620 1187 1658 ,ξ
1216 1616 1271 1648 18.
1300 1614 1446 1660 Denique
1472 1626 1543 1648 cum
1573 1613 1694 1649 Veritas
1716 1615 1745 1649 in
1770 1615 1874 1650 Evan-

335 1679 388 1702 ces
408 1675 440 1701 et
470 1666 654 1702 occasiones
676 1666 776 1700 varias
802 1665 898 1712 possit
920 1664 1084 1710 continge·
1103 1674 1105 1694 t
1124 1664 1206 1709 gelio
1228 1671 1362 1703 asserat,
1401 1662 1487 1709 quod
1508 1662 1534 1698 si
1566 1663 1638 1710 quis
1665 1664 1694 1698 in
1718 1663 1871 1711 Spiritum

337 1728 385 1760 re,
411 1716 495 1763 quod
515 1723 674 1763 nequeant
697 1727 752 1762 per
773 1713 900 1748 easdem
923 1713 1084 1748 dioeceses
1103 1698 1106 1744 l
1124 1714 1276 1747 Sanctum
1311 1710 1540 1758 blasphemiam
1561 1713 1687 1758 dixerit,
1709 1725 1812 1760 neque
1841 1714 1871 1749 in

1895 1633 1924 1654 De
1936 1632 2068 1660 Purgazoriez

335 1765 474 1800 officium
492 1778 594 1800 suum
617 1776 728 1811 exequi
755 1775 810 1810 per
836 1775 870 1797 se
892 1763 988 1809 ipsos.

383 1818 399 1858 g
428 1816 482 1848 14.
515 1814 562 1850 De
598 1813 803 1849 fornicatione
837 1819 964 1855 auten),
990 1824 1082 1859 quain

335 1865 458 1899 solutus
479 1876 552 1899 cum
587 1863 689 1898 soluta
716 1861 906 1902 committit,
933 1861 1010 1908 quin
1044 1862 1085 1896 sit

334 1913 466 1948 mortale
503 1921 684 1961 peccatum,
719 1923 780 1945 non
808 1918 856 1945 est
886 1910 1085 1956 aliquatenus

334 1962 572 2008 ambigendum,
599 1974 672 1996 cum
695 1968 757 1994 tam
772 1959 966 2000 fornicarios,
988 1972 1082 2006 quam

334 2011 496 2048 adulteros
523 2024 538 2046 a
562 2023 659 2058 reguo
685 2008 741 2045 Dei
767 2008 940 2056 Apostolus
966 2017 1085 2043 asserat

333 2061 463 2096 alienos.

382 2113 398 2153 ς
427 2111 481 2146 15.
505 2109 553 2143 Ad
584 2108 678 2145 haec,
708 2106 854 2141 volumus
882 2114 911 2140 et
937 2103 1105 2154 expresse

334 2159 565 2207 praecipimus,
597 2156 680 2204 quod
715 2155 856 2203 episcopi
893 2156 996 2201 graeci
1030 2168 1085 2190 se—

334 2217 418 2254 ptem
437 2208 565 2243 ordines
586 2205 761 2242 secundum
784 2216 904 2239 morem
923 2204 1085 2242 Ecctesiae
1104 2218 1106 2251 ς

333 2257 495 2293 Romanae
517 2257 555 2291 de
581 2264 704 2291 caetero
727 2253 899 2298 conferant,
916 2266 988 2289 cuin
1011 2254 1086 2289 huc·
1104 2270 1106 2294 ¹:

335 2318 437 2354 usque
470 2315 533 2341 tres
564 2306 603 2340 de
625 2303 801 2340 minoribus
824 2304 907 2338 circa
929 2303 1085 2338 ordinan-
1105 2308 1106 2334 l

335 2357 391 2390 dos
405 2357 592 2403 neglexisse,
608 2354 653 2388 vel
669 2352 917 2401 praetermisisse
928 2352 1083 2387 dicantur.
1104 2373 1106 2393 i,

334 2404 380 2438 11Ιί
403 2413 507 2440 tamen
543 2405 596 2452 qui
628 2404 688 2438 iam
715 2410 787 2436 sunt
824 2402 925 2436 taliter
952 2395 1106 2436 ordinati³

335 2465 390 2500 per
410 2466 482 2495 eos,
506 2461 634 2501 propter
655 2452 783 2486 nimiam
807 2451 947 2498 ipsorum
970 2450 1085 2485 multi-

335 2502 490 2548 tudinem,
518 2503 549 2537 in
571 2502 616 2537 sic
633 2501 792 2548 susceptis
815 2500 982 2535 ordinibus
999 2499 1086 2534 tole-

335 2560 454 2587 rentur.

382 2604 398 2644 5
421 2602 477 2635 to.
495 2600 576 2643 Quia
599 2612 682 2640 vern,
697 2599 872 2635 secundum
886 2597 1085 2646 Apostolum,

335 2650 448 2684 mulier
475 2657 599 2684 mortuo
633 2650 698 2683 viro
733 2648 772 2682 ab
806 2648 904 2695 ipsius
938 2654 986 2683 est
1017 2647 1109 2693 lege]

1102 1749 1184 1799 llioc
1211 1761 1354 1805 saeculo,
1378 1772 1481 1807 neque
1509 1763 1540 1795 in
1568 1761 1672 1796 futuro
1698 1762 1873 1797 dimittetur

1125 1811 1167 1845 ei:
1193 1823 1247 1858 per
1265 1810 1350 1858 qnod
1372 1809 1464 1845 datur
1486 1811 1616 1857 intelligi
1640 1811 1794 1859 quasdam
1810 1812 1872 1846 cul·

1126 1873 1180 1906 pas
1201 1861 1231 1894 in
1261 1859 1428 1906 praesenti,
1450 1859 1600 1906 quasdam
1621 1872 1693 1896 vero
1711 1861 1742 1895 in
1766 1860 1872 1896 futuro

1125 1910 1249 1944 saeculo
1273 1909 1414 1952 relaxari,
1435 1918 1464 1942 et
1482 1909 1655 1956 Apostolus
1671 1910 1765 1949 dicat,
1786 1909 1871 1957 quod

1126 1959 1375 2004 uniuscuiusque
1397 1970 1488 2005 opus,
1509 1958 1601 2005 quale
1622 1959 1673 1998 sit,
1698 1959 1780 2006 ignis
1797 1971 1873 2006 pro-

1126 2008 1230 2048 babit,
1258 2017 1286 2041 et
1309 2008 1399 2041 cuius
1426 2019 1507 2054 opus
1539 2008 1666 2047 arserit,
1692 2009 1872 2044 detrimen-

1126 2066 1191 2092 tum
1215 2057 1360 2103 patietui·,
1387 2056 1455 2104 ipse
1477 2064 1580 2091 autem
1607 2058 1714 2093 salvus
1734 2057 1804 2098 erit,
1826 2058 1871 2093 sic

1126 2115 1229 2140 tamen
1264 2118 1351 2152 quasi
1386 2117 1441 2152 per
1477 2106 1580 2152 ignem
1611 2114 1642 2140 et
1668 2107 1726 2154 ipsi
1758 2106 1871 2141 Graeci

1127 2167 1213 2195 vere,
1240 2167 1276 2189 ac
1312 2154 1525 2189 indubitanter
1555 2156 1695 2197 credere,
1726 2168 1762 2191 ac
1787 2155 1872 2190 affir-

1127 2216 1211 2239 niare
1237 2204 1396 2243 dicantur,
1431 2204 1552 2239 animas
1577 2204 1715 2246 illorum,
1740 2206 1794 2253 qui
1815 2217 1871 2240 su-

1126 2262 1229 2300 scepta
1258 2254 1465 2301 poenitentia,
1500 2265 1535 2287 ea
1572 2266 1632 2288 nou
1656 2262 1797 2302 peracta,
1824 2253 1870 2287 vel

1126 2304 1177 2349 qui
1205 2303 1273 2337 sine
1296 2303 1414 2338 mortali
1443 2311 1581 2349 peccam,
1604 2315 1676 2338 cum
1699 2302 1871 2339 venialibus

1127 2360 1242 2396 tamen,
1269 2359 1299 2387 et
1320 2352 1449 2387 minutis
1470 2351 1638 2391 decedunt,
1661 2352 1785 2398 purgari
1800 2359 1869 2398 post

1127 2409 1272 2441 mortem,
1299 2409 1329 2435 et
1347 2412 1439 2448 posse
1459 2401 1617 2447 suffragiis
1637 2400 1798 2436 Ecclesiae
1821 2401 1872 2436 ad-

1129 2451 1240 2484 iuvari.
1266 2449 1343 2493 Nos,
1369 2451 1443 2496 quia
1470 2449 1571 2484 locum
1594 2449 1789 2496 purgationis
1810 2449 1872 2484 hu-

1127 2499 1277 2540 iusmodi,
1300 2500 1410 2533 dicunt
1427 2511 1487 2532 non
1507 2498 1601 2533 tuisse
1622 2498 1683 2533 sibi
1704 2498 1743 2532 ab
1761 2510 1870 2533 eorum

1126 2548 1308 2584 doctoribus
1331 2556 1416 2582 certo
1437 2556 1467 2582 et
1490 2547 1618 2594 proprio
1639 2549 1768 2583 nomine
1790 2547 1872 2582 indi·-

1126 2607 1243 2642 catum‚
1287 2597 1373 2632 illum
1409 2597 1535 2644 quidem
1571 2596 1656 2631 iuxta
1690 2597 1871 2631 traditiones

1127 2654 1154 2680 et
1183 2655 1382 2682 auctoritates
1409 2653 1587 2681 sanctorum
1614 2644 1743 2680 Patrum
1788 2644 1872 2680 Pur·-
