2129 3223
47 256 100 286 ΑΙ».
116 257 148 285 C.
162 256 230 284 ¹260

54 2078 171 2101 Exordium.

850 257 1045 281 ALEXANDER
1068 258 1101 280 tv
1123 259 1173 283 PP.

243 311 374 352 dantes,
396 321 551 360 quatenus
572 324 626 347 vos
661 312 796 347 universi
819 321 848 347 ct
875 312 988 359 singuli

242 361 327 396 dicto
361 361 444 397 fratri
477 361 613 396 Andreae
648 371 677 396 et
710 362 804 397 sociis
838 363 918 406 eius,
950 362 989 396 de

241 422 352 445 securo
373 411 544 455 conductu,
567 411 826 457 quotiescumque
855 423 908 445 vos
934 424 989 444 su-

239 471 297 506 per
317 459 377 494 hoc
399 459 543 494 duxerint
579 460 797 507 requirendos,
820 460 988 495 liberaliter

239 519 275 544 ac
296 509 364 543 sine
385 508 535 544 dilatione
574 508 613 544 de
636 509 704 543 loco
727 509 763 543 ad
787 510 889 543 locum
915 521 988 555 pro-

238 557 345 592 videre
376 558 509 592 curetis:
546 570 656 604 preces
690 567 810 593 nostras
837 567 866 593 et
894 571 987 605 prae-

237 615 363 652 ceptum
398 607 498 642 taliter
533 607 704 654 impleturi,
734 615 765 642 ut
798 615 900 654 pateat
932 620 986 654 per

236 655 384 691 effectum
422 656 537 703 operis,
571 657 654 703 quod
687 657 754 691 sitis
793 656 985 692 orthodoxae

234 702 322 740 Fidei
356 705 518 746 zelatores,
554 718 675 753 nosque
700 705 900 741 devotionem
937 718 985 740 ve-

233 762 329 789 stram
358 755 517 802 possimus
543 755 656 790 exinde
684 756 796 790 merito
818 767 984 790 commen-

233 802 319 838 dare.

282 851 396 888 Datum
419 853 580 899 Anagniae
608 853 713 888 idibus
735 852 849 897 martii,
878 854 982 901 ponti-

231 900 344 937 ficatus
370 903 468 937 nostri
497 914 580 937 anno
605 911 704 938 sexto.

269 962 330 994 Dat.
349 963 396 994 die
413 964 449 993 15
465 964 561 993 martii
589 964 671 998 1-260,
689 963 790 1003 pontis.
810 973 884 994 anno
901 973 938 993 Vt.

564 1139 643 1173 LlV.

226 1217 404 1252 Declaracio
434 1219 570 1256 illorum,
606 1230 684 1263 quae
717 1231 737 1252 α
771 1220 850 1252 clero
889 1220 977 1253 Urbis

274 1269 392 1301 servari
417 1269 522 1301 debent
546 1269 580 1300 in
602 1269 805 1312 processione,
834 1281 911 1313 quac
942 1270 976 1313 fit

274 1317 318 1350 ad
348 1317 505 1350 basilicam
547 1317 656 1350 Sancti
697 1318 783 1350 Petri
817 1319 865 1350 die
901 1318 976 1361 festo

273 1366 385 1400 Sancti
405 1366 510 1399 Marci
529 1368 584 1408 (1).

487 1442 705 1473 SUMMARIUM

222 1508 389 1540 Exordium.
416 1525 456 1531 —
487 1508 564 1538 lnter
592 1508 752 1547 capitulum
783 1508 813 1538 S.
841 1508 919 1539 Petri
946 1515 974 1540 et

261 1552 344 1583 Rom.
357 1552 582 1582 Frater-nitatem
605 1561 695 1591 super
726 1553 876 1582 nonnullis
904 1554 973 1583 suh-

260 1602 323 1628 orta
354 1597 496 1636 quaestio.
520 1613 559 1618 —
589 1595 628 1626 De
659 1597 789 1631 vexillis,
822 1598 972 1635 crucibus,

261 1641 388 1681 aliisque
406 1640 555 1678 insigniis.
570 1657 609 1662 —
623 1639 662 1669 De
680 1641 810 1670 denariis
828 1643 974 1681 recipien-

259 1685 316 1716 dis.
333 1701 373 1707 —
390 1683 429 1714 De
447 1684 589 1714 crucibus
608 1693 659 1723 per
681 1685 799 1715 ordines
821 1687 972 1724 regulares

261 1729 400 1760 ferendis.

220 1804 369 1833 Alexander
386 1803 527 1839 episcopus
539 1810 633 1832 servus
645 1810 784 1833 sorvorum
794 1804 849 1838 Dei,
863 1805 973 1833 dilectis
992 1819 993 1827 κ

265 1852 331 1881 filiis
355 1852 510 1881 rectoribus
544 1852 675 1881 Romanae
709 1853 907 1882 fraternitatis
942 1856 973 1883 et

235 1940 238 1943 Δ
265 1902 339 1931 clero
357 1901 445 1935 Urbis.
462 1902 583 1930 satutem
599 1903 630 1930 et
663 1902 844 1937 apostolicam
863 1903 972 1932 benedi-

264 1951 392 1980 ctionem.

270 2023 374 2070 Iurgia
394 2023 508 2064 litium,
530 2023 646 2070 quibus
669 2023 812 2058 turbatur
834 2024 864 2058 in
887 2024 971 2059 clero
990 2049 991 2055 η

220 2085 462 2120 nonnumquam
508 2073 697 2108 unanimitas
740 2073 971 2108 ecclesiasticae

220 2122 362 2167 unitatis,
398 2122 530 2156 libenter
551 2122 749 2168 Apostolicae
774 2121 866 2157 Sedis
897 2135 970 2157 cura

221 2172 362 2208 studiosa
385 2171 540 2211 dissolvit,
562 2183 662 2218 eaque
689 2172 783 2206 veluti
806 2171 970 2218 pestiferos

221 2221 382 2256 cliaritatis
400 2220 552 2255 fraternae
573 2221 751 2267 languores,
769 2233 863 2255 sanae
886 2222 970 2267 pacis

223 2270 357 2306 consilio
381 2270 564 2309 medicatur,
589 2278 621 2303 ut
647 2270 677 2303 in
705 2270 864 2316 obsequiis
896 2283 970 2303 mu-

222 2331 335 2356 nerum
363 2319 554 2357 divinorum,
581 2331 662 2365 qnae
693 2327 815 2365 oportet
843 2319 991 2353 ordina-⁴

222 2367 326 2403 biliter
367 2369 567 2415 suaviterque
597 2368 735 2414 disponi,
762 2368 969 2402 contentionis

223 2418 308 2452 zelus
331 2417 541 2452 sinceritatem
568 2429 629 2451 non
654 2417 770 2451 inliciat
809 2416 991 2451 ministro-l

223 2479 306 2507 rum,
332 2475 364 2501 et
389 2467 554 2501 ministerii
585 2466 728 2501 ordinem
764 2466 970 2501 dissensionis

224 2514 425 2551 tumultuatio
446 2528 508 2551 non
532 2523 723 2562 corrumpat.
752 2514 876 2562 Ubique
895 2528 970 2550 sane

1659 248 1723 282 671

1031 312 1125 348 debet
1159 312 1301 352 attentio,
1324 320 1364 353 et,
1387 321 1539 359 quantum
1575 325 1667 361 posse
1702 314 1776 349 sinit

1031 361 1167 396 bumana
1195 361 1361 408 fragilitas,
1377 374 1560 408 procurare,
1583 370 1616 397 ut
1637 363 1668 398 in
1690 371 1777 398 tran-

1029 411 1181 457 quillitate
1217 411 1403 446 concordiae
1434 411 1517 446 Patri
1546 412 1701 447 luminum
1723 412 1775 447 de-

1029 468 1097 494 vota
1125 460 1327 495 sacerdotalis
1358 460 1486 495 militiae
1511 462 1634 507 agmina
1666 462 1774 496 famu-

1029 509 1140 544 lentur.
1164 509 1268 556 Super
1291 522 1344 544 vos
1365 518 1470 544 autem
1492 517 1578 545 tanto
1605 510 1774 546 instantius

1028 558 1105 593 baec
1130 558 1308 594 sollicitudo
1340 570 1396 593 nos
1423 567 1523 606 urget,
1550 569 1667 606 quanto
1699 572 1773 607 pro—

1027 608 1175 655 pinquius
1201 619 1255 642 vos
1281 607 1437 642 affectioni
1460 617 1595 652 nostrae,
1613 621 1772 656 curaeque

1025 656 1184 692 subnectit
1206 657 1380 692 iniunctum
1406 657 1497 692 nobis
1530 657 1666 693 officium
1694 670 1771 705 apo·

1025 706 1150 741 stolicae
1177 707 1346 747 servitutis,
1373 714 1555 753 quantoque
1581 707 1771 753 singularius

1024 755 1307 790 ecclesiasticorum
1335 755 1417 790 oculi
1445 768 1482 790 ex
1502 756 1651 790 omnibus
1673 757 1771 803 parti-

1024 803 1082 839 bus
1108 805 1173 839 suis
1206 804 1357 839 deberent
1384 817 1488 839 mores
1522 814 1652 849 vestros,
1688 806 1770 840 velut

1023 854 1177 900 quaedam
1194 854 1338 889 salutaris
1356 854 1545 889 conditionis
1569 854 1769 901 exemplaria,

1023 902 1148 938 intueri.
1172 902 1254 938 Sane
1280 903 1399 937 dudum
1429 903 1511 938 inter
1536 915 1591 938 vos
1618 915 1655 938 ex
1684 912 1768 949 parte

1022 964 1095 993 una,
1117 962 1147 987 et
1167 952 1301 987 dilectos
1321 952 1401 986 filios
1422 952 1593 999 capitulum
1621 952 1767 988 basilicae

1021 1000 1177 1048 Principis
1198 1001 1422 1046 Apostolorum
1446 1001 1484 1035 de
1502 1000 1587 1036 Urbe
1609 1014 1647 1036 ex
1661 1002 1766 1047 altera,

1019 1062 1115 1097 super
1142 1050 1301 1094 crucibus,
1329 1050 1474 1096 insigniis
1495 1058 1525 1084 et
1547 1050 1668 1085 vexillis
1692 1064 1766 1098 por-

1020 1099 1121 1134 tandis
1147 1099 1184 1134 ad
1214 1099 1356 1134 eamdem
1387 1099 1545 1134 basilicam
1575 1100 1604 1134 in
1637 1112 1767 1147 proces-

1018 1148 1119 1192 sione,
1154 1160 1234 1195 quae
1262 1149 1291 1183 in
1320 1148 1398 1183 festo
1433 1149 1539 1183 Sancti
1570 1149 1665 1184 Marci
1700 1150 1765 1184 lieri

1018 1199 1191 1238 consuevit,
1220 1206 1249 1232 et
1276 1198 1425 1237 denariis,
1454 1198 1507 1245 qui
1529 1198 1680 1238 ecclesiis,
1704 1211 1768 1234 mo-

1019 1247 1161 1282 nasteriis
1188 1254 1217 1281 et
1243 1246 1394 1293 cappellis
1420 1247 1533 1281 vestris
1562 1259 1617 1294 pro
1639 1248 1764 1288 salario,

1017 1295 1100 1341 quod
1144 1296 1373 1343 presbyterium
1416 1295 1532 1331 dicitur
1578 1296 1763 1342 vulgariter,

1016 1344 1215 1388 exhibentur,
1245 1345 1429 1391 quaestione
1450 1345 1590 1389 suborta,
1617 1353 1647 1380 et
1668 1357 1765 1393 super

1016 1393 1074 1427 hoc
1095 1393 1255 1428 nonnullis
1282 1393 1415 1428 testibus
1457 1394 1530 1428 hinc
1558 1394 1630 1429 inde
1657 1406 1761 1430 coram

1015 1442 1164 1488 deputato
1192 1455 1207 1476 a
1230 1443 1322 1477 nobis
1346 1442 1489 1478 auditore
1511 1442 1684 1489 productis,
1707 1456 1762 1491 per

1015 1491 1230 1537 depositiones
1252 1492 1435 1527 eorumdem
1458 1492 1597 1532 testium,
1626 1504 1687 1527 non
1711 1505 1762 1540 po-

1014 1541 1072 1574 tuit
1097 1540 1189 1587 plene
1211 1541 1250 1576 de
1274 1542 1407 1588 partium
1433 1541 1605 1576 intentione
1627 1541 1760 1589 liquere.

1014 1589 1129 1623 Verum
1148 1591 1218 1637 quia
1238 1590 1419 1625 huiusmodi
1439 1591 1664 1635 controversia,
1682 1603 1762 1639 quae

1013 1639 1083 1673 aliis
1114 1652 1228 1685 ponere
1252 1640 1434 1674 scandalum
1463 1648 1493 1674 et
1519 1640 1759 1686 disceptantium

1013 1688 1137 1723 laedere
1169 1697 1288 1735 poterat
1325 1689 1519 1729 charitatem,
1558 1697 1604 1724 est
1643 1690 1759 1736 potius.

1015 1745 1107 1783 prout
1121 1737 1213 1772 nobis
1231 1737 1366 1778 videtur,
1383 1738 1600 1785 providentiae
1615 1739 1760 1779 consilio,

991 1798 1106 1832 :quam
1127 1786 1242 1820 iudicio
1267 1786 1461 1828 dirimenda;
1493 1787 1622 1832 dignum
1649 1787 1705 1821 fuit
1730 1795 1760 1822 et

1013 1847 1200 1881 congruum,
1212 1844 1245 1870 nt
1259 1835 1297 1870 de
1309 1835 1392 1870 Sede
1404 1836 1584 1882 Apostolica
1600 1849 1655 1883 pro
1667 1848 1759 1871 causa

1012 1896 1092 1931 quae
1111 1884 1345 1931 quodammodo
1364 1885 1492 1931 respicit
1510 1885 1658 1932 praedicti
1680 1898 1761 1932 apo-

1012 1933 1164 1968 stolorum
1188 1933 1346 1981 Principis
1367 1934 1455 1980 regni
1491 1934 1638 1969 coelestis
1664 1935 1760 1969 clavi-

1011 1983 1076 2028 geri
1102 1983 1263 2022 interesse,
1286 1984 1494 2030 potestativus
1521 1983 1759 2019 reconciliatio-

1012 2033 1060 2066 nis
1073 2044 1176 2066 sermo
1200 2033 1229 2066 in
1254 2032 1373 2067 medias
1396 2041 1498 2080 part&
1523 2033 1614 2068 vestri
1637 2033 1758 2068 dissidii

1013 2082 1182 2128 prosiliret,
1197 2090 1227 2116 et
1251 2093 1305 2128 per
1322 2094 1392 2116 eum
1412 2082 1623 2117 contentionis
1638 2090 1759 2117 vestrae

1013 2143 1172 2165 murmura
1201 2140 1371 2178 perpetuae
1403 2132 1491 2178 pacis
1523 2131 1649 2166 silentio
1686 2143 1758 2178 pre-

1012 2188 1180 2214 merentur.
1223 2180 1355 2214 Provida
1399 2181 1494 2226 igitur
1534 2180 1758 2215 deliberatione

1012 2229 1212 2263 decernimus
1247 2237 1274 2263 et
1302 2229 1505 2274 irrefragabili
1537 2230 1757 2264 constitutione

1011 2279 1180 2317 sancimus,
1210 2285 1242 2312 nt
1277 2278 1438 2322 canonici,
1470 2287 1530 2312 tarn
1570 2277 1756 2316 saeculares,

1011 2339 1102 2373 quam
1148 2327 1319 2372 regulares,
1366 2335 1395 2362 et
1428 2327 1573 2362 monachi
1615 2328 1756 2362 omnium

1011 2376 1236 2422 parochialium
1265 2377 1481 2415 ecclesiarum,
1509 2388 1581 2411 cum
1611 2377 1758 2411 crucibus

1011 2432 1039 2459 et
1067 2425 1135 2459 aliis
1163 2426 1308 2472 insigniis
1335 2426 1513 2465 consuetis,
1554 2425 1757 2460 ecclesiarum

1010 2486 1084 2508 vero
1109 2474 1362 2521 presbyterorum
1401 2482 1431 2508 et
1457 2473 1659 2509 diaconorum
1689 2486 1759 2509 car-

1011 2523 1162 2557 dinalium
1194 2532 1222 2558 et
1250 2524 1510 2558 monasteriorum
1524 2535 1596 2558 cum
1612 2523 1759 2559 crucibus

222 2576 319 2611 ‘uper
352 2565 411 2600 hOC
444 2566 622 2611 vigilantiae
657 2572 779 2598 ”OSU'fle
816 2564 970 2599 deSUdase
1011 2573 1144 2619 propriis
1185 2580 1215 2607 et
1241 2573 1373 2617 vexillis,
1408 2572 1756 2622 archipresbyteralinm

257 2633 298 2669 (Ι)
313 2633 353 2661 Ex
369 2634 474 2671 Regest.
493 2635 577 2662 Vatic.

1011 2630 1114 2657 autem
1142 2622 1359 2667 eeclesiarum,
1395 2622 1588 2669 prioratuum
1616 2629 1646 2657 et
1680 2634 1758 2671 cap·

1793 260 1845 286 An.
1863 260 1892 286 C.
1909 260 1977 287 ¹200

1796 910 1853 932 luter
1882 913 1966 938 eapitu-

1782 941 1823 962 lum
1838 942 1851 962 S
1871 941 1926 963 Pati-i
1944 946 1965 963 et.

1782 972 1839 992 Rom.
1857 971 1965 993 fraterni-

1782 1006 1845 1023 tatem
1901 1009 1964 1030 nuper

1780 1033 1887 1054 nonnullis
1913 1035 1964 1054 sub-

1781 1067 1828 1084 orta
1842 1066 1946 1090 quaestio.

1794 2186 1821 2206 De
1838 2187 1933 2208 veritus.

1772 2217 1876 2241 cruclbus,
1896 2218 1954 2236 aiii:-

1772 2253 1811 2274 que
1828 2248 1932 2273 insigtiis.
