2129 3223
132 278 186 306 An.
205 276 235 305 C.
249 277 316 306 ¹267

137 484 308 505 Distrtbattones.

140 877 262 900 Putationes
291 883 311 900 ει

127 916 176 930 ενι-ει
218 910 311 932 clerico-

126 947 177 961 l'ltm.

137 1319 212 1341 clertct
221 1325 263 1341 non
273 1320 309 1341 be-

124 1350 216 1370 neficiati
226 1354 309 1376 portun-

123 1385 155 1401 te=
179 1381 309 1409 superpetlt-

125 1418 177 1431 Clssffl

136 1869 250 1889 hienitates
285 1871 305 1888 et

121 1905 154 1924 pri
161 1901 247 1918 sanatus

140 2591 230 2610 »Ιηῑςιιί
257 2589 308 2609 hos-

124 2623 202 2648 [wis.
214 2622 261 2647 qnid
272 2626 308 2647 pro
1040 2643 1045 2648 .

125 2654 220 2673 emenda
238 2652 310 2672 reddi·
325 2645 354 2677 in
379 2653 539 2689 posterum
561 2657 617 2679 oro
637 2653 778 2680 temnore
801 2643 895 2678 fucrit
918 2644 1009 2688 ultra,
1039 2641 1069 2677 td

383 269 451 302 778

330 332 468 367 minatus
490 331 576 378 prius
599 330 629 365 in
653 329 756 365 officio
778 329 937 365 Ecclesiae
964 330 1003 365 sit
1030 330 1078 365 in-

329 391 451 416 ventus.

382 433 435 464 11.
466 429 564 469 ltem,
598 428 681 476 quod
716 428 754 464 ad
780 429 1019 464 distributiones
1047 428 1077 463 il-

329 479 366 513 lis
388 479 537 513 omnibus
569 478 765 525 portantibus
797 478 828 513 in
858 479 940 513 dicta
968 477 1078 512 Eccle—

328 529 370 562 sia
395 527 666 575 superpellicium,
681 528 734 574 qui
752 528 837 562 boris
863 528 1024 562 canonicis
1046 528 1076 562 in

329 577 466 624 praefato
484 577 581 612 choro
603 577 781 616 intererint,
811 576 970 611 faciendas
997 577 1078 611 assi-

325 635 399 670 gnet
421 628 592 674 episcopus
620 627 719 672 ipsius
754 626 918 661 Ecclesiae
947 634 1075 661 centum

325 677 421 710 libras
447 676 647 710 Viennenses
680 676 855 715 censuales,
896 676 941 710 vel
978 675 1075 710 semel

324 734 451 760 centnm
482 725 575 760 libras
597 724 796 760 Viennenses
819 737 873 772 pro
895 736 929 760 se
946 734 976 760 et
1003 737 1076 759 suc-

325 775 505 809 cessoribus
527 774 648 810 solvere
671 783 821 809 teneatur.

377 825 432 858 12.
458 823 548 867 Item,
590 823 674 872 qnod
711 825 886 870 potationes
917 831 947 858 et
983 823 1074 857 arcba

326 873 511 908 clericorum
524 873 609 907 ebori
627 873 757 908 servitio
771 873 973 920 deputentur.
985 880 1075 918 prout

326 922 402 956 alias
420 935 491 957 cum
510 923 623 957 [iebant
639 922 875 956 distributiones
890 921 1074 956 huiusmodi

325 971 442 1006 sactum
470 971 541 1006 fuit:
566 973 606 1006 ita
642 972 727 1019 quod
764 971 938 1017 capitulum
976 971 1075 1017 ipsius

324 1020 486 1056 Ecclesiae
510 1021 599 1055 saciat
626 1022 729 1056 valere
760 1021 859 1055 dictas
900 1021 1075 1067 potationes

323 1083 378 1105 seu
404 1070 563 1105 bevendas
592 1071 821 1118 quinquaginta
845 1069 941 1104 libras
975 1069 1076 1103 Vien-

324 1132 447 1154 nenses:
486 1120 590 1155 clerici
627 1131 700 1154 vero
735 1119 811 1154 alias
843 1119 1073 1166 quinquaginta

322 1168 417 1203 libras
429 1168 627 1204 Viennenses
642 1169 766 1203 arebam
788 1168 979 1215 praedictam
999 1180 1075 1214 sup-

322 1217 555 1265 plendosiquid
565 1218 699 1253 defuerit
714 1217 753 1252 de
767 1217 901 1253 summis
917 1217 1072 1264 praefatis.

373 1269 429 1302 45.
457 1267 548 1311 Item,
570 1267 653 1315 quod
675 1267 805 1314 quilibet
833 1266 966 1301 clericus
1002 1279 1075 1314 por-

323 1325 393 1351 tans
417 1329 500 1351 nunc
539 1325 570 1351 et
592 1318 684 1352 etiam
719 1317 749 1351 in
786 1316 923 1350 futurum
960 1328 1074 1363 super-

325 1366 484 1411 pellicium
508 1366 537 1400 in
562 1366 701 1401 Ecclesia
733 1373 904 1400 memorata
931 1377 993 1400 non
1017 1366 1074 1399 ba-

323 1415 400 1449 lwns
426 1415 510 1450 atiud
539 1411 675 1450 officium
699 1415 745 1449 vel
779 1414 971 1449 beneficium
1006 1414 1072 1449 ibi-

322 1464 394 1498 dem
423 1473 545 1511 praeter
566 1463 838 1511 superpellicium,
860 1471 1002 1498 teneatur
1021 1476 1074 1498 as-

321 1514 445 1560 signare
482 1512 558 1548 inl'ra
593 1525 646 1548 sex
679 1525 779 1548 annos
810 1513 918 1547 decem
954 1512 1072 1547 solidos

321 1563 463 1609 podiales
481 1563 647 1606 debitales,
669 1562 716 1597 vel
741 1561 862 1597 solvere
889 1561 1000 1597 decem
1033 1562 1073 1596 li-

320 1612 391 1647 bras
421 1613 588 1659 podienses
616 1624 671 1659 pro
711 1611 854 1646 emendis
898 1610 1072 1646 redditibus

320 1662 356 1696 ad
380 1663 541 1696 servitium
565 1661 636 1695 dicti
651 1661 750 1701 chori,
765 1669 794 1695 et
813 1660 949 1700 interim,
971 1660 1072 1695 donec

319 1711 537 1756 assignaverit,
559 1710 658 1745 solvat
679 1710 861 1757 quindecim
880 1708 998 1744 solidos
1020 1721 1072 1756 po-

320 1760 447 1795 dienses
472 1760 646 1795 annuatim.

371 1809 539 1849 t4.11em,
574 1808 656 1855 quod
695 1816 755 1842 tam
796 1807 827 1842 in
864 1807 1071 1853 dignitatibus

320 1871 373 1893 seu
403 1858 624 1905 personatibus
645 1857 820 1895 constituti,
847 1869 940 1904 quam
981 1868 1072 1891 cano·

321 1908 380 1942 uici
403 1916 433 1942 et
455 1908 506 1942 alii
529 1907 647 1949 clerici,
670 1906 742 1953 qui,
766 1906 843 1940 ultra
881 1905 1071 1952 superpelli—
1090 1929 1092 1939 ,

321 1958 418 1996 cium,
440 1956 569 2003 aliquod
592 1956 727 1990 officium
747 1967 801 1990 seu
826 1955 1016 1990 beneficium
1040 1955 1069 1988 in
1090 1971 1091 1991 i

320 2008 386 2053 ipsa
414 2005 530 2040 babent
552 2005 706 2048 Ecclesia,
730 2005 837 2050 viginti
868 2003 986 2039 solidos
1014 2017 1071 2050 po-

320 2055 446 2090 dienses
461 2056 539 2090 iutra
555 2066 610 2089 sex
623 2054 845 2099 annossinguli
861 2062 1026 2088 teneantur
1038 2053 1068 2087 in

320 2104 495 2139 redditibus
507 2106 679 2150 assignare,
699 2103 745 2137 vel
760 2102 880 2137 solvere
894 2102 1001 2148 viginti
1029 2101 1071 2136 li-

320 2154 391 2188 bras
405 2154 574 2201 podienses
590 2165 646 2200 pro
669 2151 844 2187 redditibus
862 2152 1006 2187 emendis
1021 2163 1070 2186 ex-

320 2203 404 2246 inde,
419 2213 447 2238 et
465 2203 588 2238 interim
602 2202 702 2236 donec
714 2201 941 2247 assignaverint
956 2201 1001 2235 vet
1012 2200 1072 2235 sol-

320 2252 431 2293 verint,
458 2252 558 2287 dictos
598 2251 706 2298 viginti
749 2250 867 2285 solidos
908 2250 1069 2286 annuatim

321 2302 511 2348 persolvant.
541 2300 630 2343 Quae
652 2300 755 2335 omnia
773 2308 833 2334 tam
857 2299 895 2334 de
918 2300 980 2343 liis,
1015 2299 1068 2346 qui

320 2363 404 2385 nunc
426 2359 511 2388 sunt,
534 2362 626 2397 quam
650 2350 689 2385 de
710 2349 771 2388 bis,
787 2349 839 2396 qui
860 2349 890 2383 in
907 2357 1069 2396 posterum

322 2400 435 2434 fuerint
457 2399 600 2434 canonici
629 2400 674 2434 vel
697 2398 802 2433 clerici
841 2398 870 2432 in
901 2399 966 2445 ipsa
1001 2397 1069 2432 Ec-

322 2449 427 2488 clesia,
452 2450 498 2483 vel
522 2449 616 2483 etiam
639 2448 805 2494 dignitates
828 2446 901 2481 inibi
925 2459 979 2481 scu
1006 2459 1072 2494 per-

322 2506 450 2532 ¹sonatus
474 2498 638 2536 babentes,
662 2497 808 2531 volumus
834 2495 1004 2530 observari.

374 2549 428 2581 15.
445 2546 521 2581 Item
545 2547 629 2594 quod
647 2547 795 2592 magister
815 2545 977 2592 hospitalis
990 2545 1078 2579 eius*

325 2595 394 2629 ‹tem
417 2595 488 2637 loci,
511 2597 562 2643 qui
586 2607 671 2630 nunc
697 2603 755 2637 est,
789 2602 820 2630 et
852 2594 984 2641 quilibet
1015 2594 1068 2641 qui

906 276 1094 300 Butuntum
1120 275 1283 299 ROMANUM

1101 1216 1152 1251 -ad
1182 1216 1284 1264 ipsius
1310 1215 1396 1251 chori
1424 1217 1585 1251 servitium
1612 1217 1760 1264 deputata
1793 1217 1919 1254 sin-tes.

1888 274 1939 302 An.
1960 272 1989 301 C,
2005 271 2071 300 120⁷

1119 329 1203 377 quod
1240 337 1275 363 ut
1297 328 1429 376 simplex
1456 329 1590 364 clericus
1626 329 1700 364 dare
1733 336 1869 371 tenetur,
1883 337 1939 359 nim,
1984 337 2069 359 solvere

1120 379 1240 413 ratione
1263 379 1430 424 magisterii
1453 378 1562 414 decem
1584 378 1704 414 solidos
1737 378 1870 425 podien·
1883 370 1988 395 ⁶²¹¹⁰⁸¹¹¹³

1118 440 1168 462 ses
1194 428 1248 463 det
1274 428 1311 462 ad
1339 427 1420 463 idem
1454 429 1615 463 servitium
1646 428 1818 463 annuatim.

1170 478 1226 511 16.
1254 476 1344 518 Item,
1371 477 1455 524 quod
1487 477 1619 524 quilibet
1657 477 1790 513 clericus
1812 489 1867 512 seu
1896 480 1962 532 ¹⁵3⁰ff³1
1981 483 2014 509 *1¹¹1
2029 481 2070 532 bf-

1117 525 1298 570 clericulus,
1320 526 1374 573 qui
1397 539 1433 561 ex
1457 534 1543 568 tunc,
1571 539 1626 562 seu
1659 527 1690 561 in
1729 527 1868 562 futurum
1883 513 2067 570 Jioimmconssiss

1117 575 1374 623 superpellicium
1396 575 1434 611 de
1456 588 1536 611 novo
1558 576 1708 624 portabit,
1740 584 1771 611 et
1795 576 1870 623 qui-
1883 575 1980 600 quum·

1118 624 1204 669 libet,
1231 625 1284 672 qui
1309 625 1340 659 in
1367 625 1556 660 canonicum
1588 625 1729 660 eiusdem
1763 624 1870 661 Eccle-

1117 675 1182 708 siae
1204 674 1297 709 fuerit
1324 682 1491 720 receptus,
1516 675 1563 710 vel
1599 674 1786 722 dignitatem
1822 675 1868 709 vel

1118 732 1319 770 personatum
1351 723 1494 770 adeptus,
1538 723 1614 758 nibil
1642 724 1794 771 percipiat
1829 724 1868 758 de

1118 772 1356 807 liberationibus
1381 772 1594 820 superpellicii
1623 773 1668 808 vel
1712 772 1869 821 praeben-

1116 822 1186 863 dae,
1214 822 1314 868 prima
1337 821 1520 857 liberatione
1541 822 1702 858 dumtaxat
1724 830 1867 869 excepta,

1117 871 1218 905 donec
1240 871 1277 906 ad
1302 870 1385 906 idem
1408 871 1571 907 servitium
1594 879 1721 906 centum
1750 871 1869 906 solidos

1117 919 1314 955 Viennenses
1340 920 1488 965 ctericus,
1509 921 1681 956 canonicus
1702 933 1786 960 vero,
1803 921 1868 956 sive

1117 969 1210 1004 suerit
1239 969 1424 1015 dignitatem
1459 982 1515 1004 seu
1552 978 1755 1017 personatum
1791 970 1868 1005 ade-

1118 1027 1200 1066 ptus,
1227 1019 1355 1054 solverit
1381 1018 1492 1054 decem
1515 1019 1633 1054 libras:
1660 1032 1739 1067 quas
1776 1032 1868 1054 sum-

1117 1080 1184 1102 mas
1219 1067 1451 1115 praedictorum
1489 1068 1621 1116 quilibet
1662 1068 1784 1104 solvere
1825 1069 1865 1104 sit

1116 1117 1295 1152 adstrictus.

1167 1169 1222 1201 17.
1250 1166 1340 1207 Item,
1363 1167 1447 1213 quod
1483 1166 1523 1202 de
1562 1167 1696 1214 praefata
1733 1166 1864 1214 pecunia
1891 1169 2054 1192 ⁰i⁸t¹¹b⁰¹¹⁰⁰2⁵

1879 1202 1936 1223 inter
1958 1205 2064 1228 praeuen-

1115 1265 1198 1312 gulis
1224 1266 1398 1305 canonicis,
1441 1265 1588 1307 clericis,
1621 1266 1779 1301 clericulis
1829 1278 1865 1300 ac

1116 1315 1146 1349 in
1169 1316 1321 1361 dignitate
1348 1326 1404 1349 seu
1428 1324 1596 1361 personatu
1615 1315 1755 1362 quolibet
1786 1326 1866 1350 con-

1114 1364 1243 1406 stitutis,
1265 1365 1319 1411 qui
1343 1365 1374 1398 in
1397 1364 1466 1410 ipso
1493 1364 1590 1399 choro
1616 1364 1752 1410 singulis
1774 1365 1865 1399 inter-

1114 1414 1193 1449 erint
1215 1412 1324 1449 officiis
1346 1414 1519 1458 matutinis,
1537 1414 1650 1449 dentur
1668 1413 1732 1449 duo
1747 1413 1864 1449 denarii

1115 1462 1296 1510 podienses,
1319 1471 1349 1498 et
1372 1463 1556 1498 tantundem
1585 1463 1645 1508 bis,
1676 1464 1729 1510 qui
1766 1463 1866 1498 inter-

1113 1512 1194 1546 erint
1216 1513 1331 1547 missae
1358 1512 1481 1553 maiori;
1504 1512 1564 1547 illis
1585 1513 1691 1553 etiam,
1721 1512 1774 1560 qui
1810 1524 1865 1547 ve·-

1113 1561 1235 1608 speris,
1257 1561 1462 1596 distribuatur
1489 1562 1685 1596 tantundem.

1164 1613 1220 1644 18.
1242 1610 1425 1657 Item,quod
1443 1611 1617 1653 annuatim,
1640 1619 1781 1657 tempore
1799 1621 1863 1657 quo
1890 1613 2063 1655 Distrtbutio-nvum

1112 1668 1256 1693 creantur
1283 1659 1377 1694 baiuli
1404 1659 1606 1703 clericorum,
1633 1659 1805 1707 recipiendi
1833 1668 1863 1694 et
1878 1646 2063 1702 §afflam-

1113 1708 1323 1743 distribuendi
1363 1708 1466 1743 dictos
1487 1708 1633 1744 denarios
1653 1718 1681 1744 et
1712 1709 1863 1743 rationem

1113 1757 1262 1792 reddendi
1298 1769 1372 1792 cura
1411 1757 1536 1792 duobus
1575 1758 1648 1792 viris
1690 1757 1812 1792 idoneis
1847 1770 1862 1792 a

1091 1800 1250 1854 *capituto
1277 1815 1308 1841 et
1351 1806 1427 1853 ipsis
1464 1807 1587 1841 clericis
1625 1808 1862 1848 committatur,

1113 1856 1260 1903 praestito
1278 1855 1317 1890 ab
1355 1856 1400 1890 eis
1434 1855 1637 1901 personaliter
1675 1857 1863 1896 iuramento,

1114 1905 1256 1953 proutab
1277 1905 1346 1940 aliis
1364 1905 1549 1940 clericorum
1571 1905 1684 1940 baiulis
1706 1906 1771 1940 fieri
1793 1918 1862 1940 con·

1111 1954 1213 1989 suevit
1235 1954 1275 1988 de
1297 1954 1463 2001 praedictis
1485 1953 1617 1989 fideliter
1641 1954 1861 2001 adimplendis.

1162 2005 1217 2038 19.
1241 2003 1333 2045 Quod
1361 2003 1400 2037 ad
1427 2003 1666 2039 distributiones
1694 2005 1771 2039 solis
1809 2003 2062 2055 ca-sfflffgpfjf‘ss·

1112 2052 1236 2087 uonicis
1275 2060 1305 2087 et
1342 2053 1521 2088 constitutis
1554 2053 1584 2087 in
1621 2053 1773 2100 dignitate
1806 2040 2062 2088 seussss'ssndsssrdtil?

1113 2109 1278 2148 personatu
1302 2101 1393 2136 etiam
1420 2101 1587 2145 faciendas,
1617 2101 1756 2149 ipsorum
1791 2102 1863 2150 qui·
1876 2099 1909 2118 ‘¹¹'
1924 2095 2047 2123 ¹⁸⁰⁵⁸¹¹⁶⁸⁰³

1112 2151 1198 2191 libet,
1220 2150 1274 2197 qui
1310 2163 1394 2186 nunc
1433 2159 1506 2185 sunt
1539 2151 1586 2186 vel
1625 2164 1682 2198 pro
1719 2161 1862 2199 tempore

1111 2200 1238 2241 fuerint,
1274 2200 1393 2235 ratione
1430 2200 1641 2247 praebendae,
1676 2213 1798 2236 necnon
1831 2209 1862 2236 et

1111 2249 1287 2283 succentori
1316 2249 1457 2284 eiusdem
1481 2249 1643 2285 Ecclesiae
1666 2249 1743 2285 infra
1769 2250 1863 2298 quin-

1111 2310 1174 2345 que
1196 2310 1296 2333 annos
1317 2300 1489 2345 assignent,
1521 2299 1627 2346 viginti
1662 2299 1782 2334 solidos
1805 2311 1862 2346 po-

1112 2349 1238 2382 dienses
1262 2359 1317 2394 pro
1346 2348 1521 2382 redditibus
1555 2348 1699 2383 emendis
1733 2347 1862 2396 persol-

1113 2404 1195 2436 vant,
1218 2396 1343 2431 iuterim
1371 2397 1576 2432 nihilominus
1603 2397 1704 2433 donec
1725 2397 1861 2444 assigna-

1112 2446 1210 2480 verint
1233 2445 1279 2480 vel
1301 2446 1461 2489 solverint,
1484 2446 1570 2493 ipsos
1602 2447 1708 2493 viginti
1743 2447 1861 2481 solidos

1111 2495 1202 2529 annis
1229 2495 1364 2541 singulis
1384 2495 1530 2531 soluturi.
1963 2518 1966 2520 -

1160 2545 1217 2578 20.
1256 2543 1359 2588 Itein,
1399 2544 1482 2592 quod
1522 2544 1610 2579 tertia
1644 2556 1713 2590 pars
1748 2556 1858 2579 eorum
1887 2547 1996 2576 *ssa-1⁶⁸⁶
2019 2548 2058 2569 ab·

1111 2593 1265 2637 omnium,
1287 2593 1445 2636 absentes,
1467 2601 1498 2628 et
1516 2593 1714 2629 residentiam
1730 2594 1859 2628 minime
1874 2582 1953 2600 ἐωξὶ

1112 2642 1273 2681 facientes,
1303 2642 1342 2677 de
1373 2642 1513 2678 Ecclesia
1541 2654 1597 2677 seu
1632 2641 1724 2677 bonis
1761 2643 1859 2689 ipsius
