2129 3223
166 267 202 294 An
231 266 258 294 C.
280 267 345 294 ¹199

175 421 226 448 Quid
238 422 277 443 Leo
289 423 326 444 PF.

163 1267 215 1293 ‘guid
249 1267 331 1293 Grego-

150 1304 192 1318 uzu!
208 1297 246 1318 PF.
260 1297 302 1318 Vll.

414 255 478 289 148

357 321 531 362 subiacere,
553 328 581 353 ct
610 319 648 354 ab
671 318 755 354 otnni
797 317 1009 353 ecclesiastico
1044 316 1099 351 be-

358 370 467 405 neficio
489 382 556 404 esse
580 380 762 415 suspensos.
785 367 887 409 Quem
912 367 978 414 piae
1002 377 1100 401 recor·

355 419 491 454 dationis
532 418 596 453 Leo
637 417 719 465 Papa
781 429 944 452 successor
1002 415 1099 462 ipsius

356 468 556 515 postmodum
582 468 733 508 imitatus,
756 479 789 502 se
817 467 846 501 in
885 466 1014 513 scriptis
1044 476 1097 499 ve-

354 526 454 553 terum
478 518 631 565 reperisse
658 517 789 552 asseruit
810 527 920 551 omnes
934 515 1099 563 episcopos

354 567 534 602 Britanniae
555 565 716 602 Turonen.
752 565 989 613 archiepiscopo
1022 562 1099 598 sub-

354 618 465 652 iacere.
490 616 653 651 Adliciens
674 615 758 663 quod
780 627 851 650 cnm
885 614 922 649 ad
957 626 1029 648 eum
1067 613 1096 647 in

353 666 486 702 Remen.
514 665 647 706 concilio
678 677 775 713 super
799 670 856 700 hoc
877 664 1020 711 quaestio
1042 661 1098 696 de-

353 716 410 750 lata
434 716 553 756 fuisset,
576 723 738 758 statuerat,
765 723 796 748 ut
830 713 942 749 Dolen.
959 712 1098 759 pseudo-

351 765 608 813 archiepiscopus
628 776 699 800 cum
715 763 781 798 suis
792 763 941 798 subiectis
953 762 1098 797 Romano

351 815 486 850 concilio
526 815 712 851 interesset.
758 825 819 847 non
854 812 956 847 solum
1002 823 1097 859 super

350 863 421 904 hoc,
443 864 497 899 sed
521 864 612 898 etiam
636 863 673 897 de
697 863 828 898 simonia
849 862 940 896 etiam
966 873 1096 908 respou-

350 926 452 948 surus.
490 913 582 955 Quod
614 913 684 959 quia
720 912 849 958 implere
884 912 1095 957 contempsit,

349 970 434 1006 eum,
456 971 486 997 et
509 974 620 997 omnes
642 962 819 1009 episcopos.
846 961 899 1007 qui
923 961 949 994 ei
979 961 1095 995 adhae-

348 1020 463 1056 serant⁷
491 1011 828 1047 excommunicationis
855 1010 1009 1044 sententia
1047 1010 1095 1043 in-

349 1062 485 1096 nodavit:
514 1062 556 1096 sic
573 1061 703 1103 scilicet,
723 1068 752 1094 ut
774 1071 829 1094 nec
848 1066 1031 1105 peragerent
1048 1058 1093 1092 di-

347 1112 453 1146 vinum
476 1110 624 1149 officium,
656 1121 713 1143 nec
735 1107 891 1148 audirent,
917 1121 973 1142 nec
1004 1109 1094 1142 etiarn

347 1160 533 1195 benedicere
555 1166 752 1194 attentarent.
770 1157 910 1193 Tandem
935 1170 1006 1192 vero
1023 1170 1094 1191 cum

347 1219 477 1257 utraque
512 1210 646 1257 partium
688 1220 783 1254 super
822 1207 881 1241 hoc
903 1219 1007 1242 coram
1044 1206 1093 1240 fel.

347 1272 408 1295 rec.
467 1258 621 1305 Gregorio
673 1257 756 1304 Papa
803 1256 858 1290 vlt
906 1256 1094 1303 praedeces—

345 1321 415 1344 sore
439 1317 545 1343 nostro
572 1308 692 1342 diutius
716 1307 880 1352 litigasset,
897 1305 977 1340 idem
1006 1305 1095 1340 Gre-

344 1359 452 1403 gorius
500 1365 566 1404 post
606 1357 730 1402 longam
783 1355 1014 1390 discussionem
1065 1356 1093 1389 in

344 1407 486 1443 Romana
509 1406 641 1454 synodo.
667 1414 795 1452 utraque
811 1412 896 1451 parte
919 1413 1094 1451 praesente,

344 1465 374 1491 et
402 1468 493 1492 causa
517 1467 577 1490 non
606 1456 676 1489 sine
694 1455 794 1489 multo
822 1453 927 1488 labore
941 1453 1093 1489 discussa.

345 1513 451 1541 contra
474 1505 588 1541 Dolen.
617 1504 789 1539 Ecclesiam
813 1503 997 1538 seutentiam
1027 1516 1094 1550 pro-

345 1555 510 1603 mulgavit:
543 1562 574 1590 ut
604 1555 660 1588 nisi
689 1553 765 1588 sorte
801 1553 944 1587 Britanni
973 1565 988 1587 a
1018 1553 1094 1587 sub-

346 1606 479 1640 iectione
520 1604 660 1638 eiusdem
698 1603 858 1637 Ecclesiae
897 1615 930 1637 se
967 1611 1092 1649 possent

344 1654 524 1689 authentica
547 1653 640 1688 Sedis
674 1652 874 1699 Apostolicae
909 1652 1093 1687 auctoritate

346 1704 436 1748 tueri,
454 1704 615 1738 Turonen.
645 1702 818 1737 Ecclesiam
836 1709 963 1735 matrem
992 1714 1092 1739 snam,

345 1761 374 1787 et
414 1752 612 1799 metropolim
653 1759 914 1797 recognosceret,
954 1758 983 1785 et
1025 1763 1091 1785 eam

345 1815 440 1849 qnam
459 1802 549 1837 decet
572 1801 846 1848 metropolitanum
863 1800 1091 1834 subiectionem

346 1860 375 1886 et
402 1852 611 1886 obedientiam
655 1851 815 1885 Turonen.
855 1850 1094 1896 archiepiscopo

346 1901 519 1936 exhiberet:
546 1913 602 1935 usu
627 1899 716 1946 pallei
745 1907 819 1933 tunc
846 1899 956 1933 Dolen.
994 1899 1113 1942 electo]

348 1958 515 1991 reservato,
538 1950 583 1985 sic
598 1957 713 1987 tamen,
737 1956 767 1982 ut
797 1948 903 1982 nullus
929 1946 1115 1998 successor}

348 2001 418 2035 eius
443 2000 482 2035 ad
505 1999 688 2046 dignitatem
725 1997 904 2032 huiusmodi
927 1998 1093 2044 aspiraret,

347 2050 401 2084 sed
439 2057 500 2084 tam
538 2050 610 2096 ipsi.
662 2059 756 2094 quam
796 2047 908 2081 caeteri
953 2048 1091 2094 episcopi

348 2099 530 2135 Britanniae
562 2099 622 2133 sub
664 2097 825 2132 Turonen.
865 2096 1092 2143 archiepiscopi

348 2149 531 2195 magisterio
575 2155 727 2194 perpetuo
770 2154 1000 2193 permanerent.
1046 2146 1091 2180 Ad

348 2198 431 2245 quod
461 2198 575 2233 melius
609 2196 861 2243 cognoscendum
896 2195 978 2229 idem
1012 2195 1094 2229 Gre-

347 2249 452 2294 gorius
479 2248 597 2292 legatos
618 2245 713 2281 Sedis
736 2246 932 2292 Apostolicae
956 2246 985 2278 in
1022 2257 1094 2291 pro-

349 2298 482 2332 vinciam
510 2296 684 2332 destinavit:
709 2296 760 2342 qni
788 2302 978 2341 congregato
1016 2306 1092 2329 con-

348 2347 421 2381 cilio
455 2346 637 2382 Xanctonis.
664 2345 779 2380 auditis
807 2344 987 2391 propositis.
1020 2355 1092 2378 cnm

350 2396 460 2431 Dolen.
488 2395 628 2430 Ecclesia
652 2395 770 2429 nullum
803 2394 839 2428 ad
875 2405 948 2428 suae
982 2393 1094 2427 desen-

348 2445 445 2480 sionis
469 2444 659 2491 praesidium
688 2443 886 2490 Apostolicae
913 2442 1004 2477 Sedis
1030 2442 1094 2490 pri-

351 2495 496 2541 vilegium
521 2493 708 2533 induxisset,
730 2492 783 2527 sed
807 2492 956 2538 quasdam
980 2492 1095 2526 litteras

352 2545 452 2589 potius
473 2543 532 2577 suh
554 2544 680 2578 nomine
705 2542 832 2577 Adriani
876 2541 979 2588 Papae
1019 2553 1096 2576 con-

352 2592 457 2632 fectas,
476 2605 552 2639 quas
575 2593 607 2626 P.
637 2593 769 2627 clericus
796 2590 905 2626 Dolen.
948 2590 1096 2626 antistitis

934 262 1119 285 BFtJARttiit
1149 261 1306 283 ttmuxcat

1141 327 1250 350 manae
1298 315 1458 350 Ecclesiae
1505 327 1538 349 se
1591 314 1742 350 mentitus
1789 313 1889 349 fuerat

1141 364 1304 412 reperisse,
1323 372 1351 399 et
1373 376 1451 411 quas
1486 363 1568 399 idem
1604 364 1733 399 antistes
1768 358 1890 399 falsatas

1139 426 1208 449 esse
1241 414 1270 448 in
1308 414 1476 454 versiculo,
1516 414 1546 448 in
1586 426 1649 461 quo
1683 413 1723 448 de
1763 412 1890 459 datione

1141 463 1231 510 pallei
1272 463 1365 498 tiebat
1403 462 1540 507 mentio,
1575 463 1767 511 recognovit,
1801 461 1887 510 quod

1138 512 1312 560 Gregorius
1335 512 1393 547 suh
1420 512 1602 548 conditione
1628 520 1789 550 statuerat,
1809 525 1888 560 pure

1138 572 1328 598 curaverunt
1365 570 1396 597 et
1417 562 1603 609 simpliciter
1638 562 1784 597 diffinire:
1825 562 1888 597 sci-

1140 612 1220 656 licet,
1245 621 1274 647 ut
1305 622 1365 648 tam
1389 612 1471 646 idem
1500 611 1615 646 Dolen.
1643 623 1736 659 quam
1769 612 1885 657 caeteri

1139 661 1319 697 Britanniae
1341 660 1492 709 episcopi,
1519 670 1701 708 perpetuam
1736 661 1886 708 deinceps

1138 711 1364 746 subiectionem
1393 719 1422 745 et
1450 710 1660 745 obedientiam
1702 710 1886 745 exhiberent

1138 761 1378 808 archiepiscopo
1399 759 1574 799 Turonen.,
1597 759 1681 806 quod
1706 759 1885 807 praedictus

1137 810 1249 845 Dolen.
1284 811 1314 845 in
1347 822 1440 845 manu
1479 809 1551 844 dicti
1599 809 1742 856 Gregorii
1780 808 1885 857 Papae

1138 867 1207 906 post
1229 859 1336 894 datum
1362 859 1512 895 iudicium
1542 860 1727 906 promiserat
1752 870 1786 894 se
1817 859 1884 895 fac-

1137 918 1261 944 turum:
1311 909 1454 956 quamvis
1509 917 1612 943 autem
1654 908 1883 956 praedictorum

1137 959 1272 1001 loannis,
1297 959 1423 998 Leonis,
1456 958 1614 1005 Gregorii,
1649 966 1677 992 et
1710 958 1883 1004 legatorum

1136 1009 1204 1043 eius
1227 1020 1299 1055 pars
1325 1008 1434 1043 eadem
1457 1007 1634 1042 authentica
1659 1020 1721 1042 nou
1745 1007 1884 1051 haberet,

1136 1070 1169 1092 ea
1199 1065 1300 1092 tamen
1329 1057 1505 1093 authentica
1518 1069 1588 1092 esse
1613 1069 1667 1104 per
1690 1057 1789 1092 bonae
1821 1069 1885 1092 me-

1138 1108 1254 1142 moriae
1283 1107 1444 1142 Urhanum
1472 1105 1499 1140 11
1521 1107 1735 1141 authenticum
1755 1107 1886 1142 demon—

1136 1156 1252 1191 stravit.
1276 1156 1421 1204 Cumque
1456 1156 1658 1204 postmodum
1699 1156 1736 1190 R.
1769 1156 1881 1191 Dolen.

1136 1206 1304 1253 episcopus
1342 1205 1504 1242 memorati
1540 1204 1657 1240 Urbani
1703 1205 1806 1253 Papae
1849 1218 1882 1241 se

1136 1256 1317 1302 conspectui
1348 1262 1587 1304 praesentasset,
1620 1255 1795 1290 iuramento
1827 1255 1882 1289 fir-

1137 1306 1240 1345 mavit,
1269 1306 1351 1352 quod
1376 1304 1553 1352 praedictus
1585 1303 1759 1350 Gregorius
1791 1317 1882 1352 prae-

1135 1354 1282 1389 decessor
1309 1355 1388 1399 eins,
1401 1354 1484 1390 salva
1499 1353 1696 1400 querimonia
1718 1353 1880 1390 Turonen.

1135 1403 1309 1447 Ecclesiae,
1339 1404 1428 1452 pallei
1468 1415 1557 1438 usum
1594 1411 1807 1438 concesserat:
1835 1404 1882 1439 sic

1136 1461 1252 1493 tamen,
1281 1462 1311 1488 ut
1340 1455 1364 1487 si
1393 1454 1485 1488 etiam
1517 1452 1626 1487 Dolen.
1667 1452 1807 1488 Ecclesia
1848 1453 1879 1488 iu

1135 1514 1227 1537 causa
1247 1503 1477 1545 succumberet,
1517 1514 1607 1536 usum
1644 1501 1734 1549 pallei
1769 1502 1881 1537 nihilo-

1136 1552 1240 1586 minus
1263 1553 1418 1587 retineret:
1442 1552 1525 1599 quod
1551 1563 1604 1598 per
1642 1551 1794 1598 quasdam
1830 1553 1880 1587 lit-

1135 1610 1214 1636 teras
1245 1601 1385 1636 eiusdem
1420 1601 1562 1647 Gregorii
1602 1600 1765 1636 ostendere
1798 1602 1880 1636 nite-

1135 1650 1235 1687 batur.
1260 1658 1385 1698 propter
1407 1650 1490 1697 quod
1523 1650 1669 1685 Urbanus
1695 1650 1722 1685 ei
1751 1650 1879 1697 pallium

1136 1700 1273 1735 indulsit.
1317 1700 1486 1735 Caeterum
1525 1712 1597 1734 cnm
1633 1699 1669 1733 R.
1717 1700 1877 1735 Turonen.

1135 1750 1393 1797 archiepiscopus
1415 1749 1452 1784 ad
1475 1749 1543 1784 eius
1581 1750 1789 1795 praesentiam
1826 1763 1878 1785 ac-

1134 1800 1292 1837 cessisset,
1319 1808 1346 1833 et
1367 1798 1450 1845 qnod
1470 1811 1523 1845 per
1539 1798 1675 1833 eundem
1691 1798 1877 1845 Gregorium

1134 1857 1163 1882 et
1186 1849 1304 1895 legatos
1330 1850 1397 1883 eius
1424 1848 1590 1882 diffinitum
1619 1847 1728 1889 suerat,
1751 1849 1880 1884 demon-

1134 1906 1271 1942 strasset,
1317 1897 1397 1932 idem
1446 1897 1593 1932 Urbanus
1633 1897 1672 1932 de
1722 1910 1879 1933 consensu

1135 1949 1267 1995 partium
1295 1955 1414 1981 certum
1445 1947 1613 1982 terminum
1638 1947 1779 1993 partibus
1800 1948 1880 1983 assi—

1134 1997 1248 2044 gnavit:
1284 1997 1322 2031 ad
1359 2009 1452 2043 quem
1489 1998 1601 2044 siqua
1640 1998 1774 2043 partium
1816 2010 1877 2033 uon

1135 2048 1265 2089 reniret,
1288 2058 1399 2081 causae
1416 2059 1490 2081 suae
1505 2047 1680 2094 periculum
1700 2048 1878 2083 sustineret.

1134 2096 1224 2131 Unde
1250 2096 1410 2131 Turonen.
1438 2096 1475 2130 ad
1515 2095 1683 2130 terminum
1722 2097 1878 2138 veniente,

1136 2145 1244 2180 Dolen.
1270 2157 1325 2192 per
1346 2145 1497 2180 nuncium
1526 2158 1598 2180 vero
1625 2158 1718 2180 suum
1747 2158 1879 2181 excusa-

1135 2196 1236 2229 tiones
1276 2194 1478 2229 solummodo
1522 2195 1745 2242 praetendente
1775 2196 1878 2232 miuus

1135 2244 1306 2291 legitimas,
1353 2256 1445 2279 causa
1498 2245 1632 2291 cognita,
1666 2244 1705 2279 de
1746 2246 1878 2281 consilio

1135 2294 1261 2328 fratrum
1289 2305 1418 2329 suorum
1441 2295 1584 2338 sancivit,
1607 2302 1639 2329 ut
1662 2302 1723 2328 tam
1763 2294 1875 2330 Dolen.

1133 2356 1226 2391 quam
1255 2343 1368 2378 caeteri
1391 2344 1529 2391 episcopi
1562 2343 1737 2379 Britan‘niae
1775 2344 1879 2380 Turo-

1135 2405 1206 2428 nen.
1248 2392 1420 2428 Ecclesiam
1450 2405 1538 2428 suam
1578 2405 1646 2428 esse
1680 2394 1878 2440 metropolim

1136 2451 1406 2488 recognoscerent,
1424 2451 1454 2477 et
1468 2442 1604 2477 debitam
1623 2443 1650 2477 ei
1675 2444 1878 2478 reverentiam

1135 2492 1331 2535 exhiberent,
1371 2503 1429 2527 nec
1469 2492 1532 2526 ullo
1566 2491 1698 2526 ulterius
1737 2499 1879 2540 tempore

1135 2552 1205 2589 post
1228 2540 1308 2575 Rott.
1332 2541 1452 2576 obitum
1479 2539 1516 2576 ad
1545 2552 1634 2576 usum
1659 2541 1747 2588 pallei
1764 2541 1880 2580 Dolen..

1135 2603 1305 2639 episcopus
1337 2598 1498 2637 aspiraret,
1534 2599 1615 2626 Sicut
1649 2592 1678 2625 in
1714 2591 1782 2626 eius
1820 2604 1881 2626 au-

353 2642 421 2690 ipso
443 2641 600 2686 audiente,
623 2654 658 2676 ac
685 2648 806 2677 tacente
834 2641 863 2675 in
886 2649 1008 2687 regesto
1030 2641 1096 2675 Ro·
1113 2626 1118 2680 l
1135 2641 1274 2675 thentico
1326 2640 1542 2687 perspeximus
1586 2641 1752 2676 contineri.
1794 2640 1879 2677 {dem

1907 259 1955 287 An.
1974 260 2002 287 C.
2019 259 2086 289 {¹99

1910 1162 1964 1190 Quid
1983 1161 2078 1185 Urbanus

1897 1193 1936 1214 PP.
1952 1193 1978 1215 n.
