2129 3223
165 283 214 308 Au.
237 283 266 308 C.
282 283 347 310 1¹95

193 1493 201 1506 1
212 1494 227 1507 'I'
245 1494 285 1507 tatu}

170 1952 187 1962 ,μ
206 1944 210 1963 i
256 1948 289 1963 ser

140 1978 264 1999 exponitur:

171 2290 218 2303 irre
231 2291 262 2304 itui
271 2283 312 2304 Pon

293 1944 323 1963 ies

417 274 481 306 106

949 284 1137 306 ΒΠΙ.Ι,ΑΒΙ[ῚΜ
1164 284 1326 307 ROMANUM

360 337 527 372 tribuimus
548 336 731 372 auctoritate
759 338 971 385 praesentium
1007 338 1108 374 facul·
1150 339 1330 384 promittere
1353 341 1571 387 praesumatis,
1593 342 1640 377 vel
1667 342 1706 378 de
1728 343 1806 392 ipsis
1835 345 1892 380 ali-

360 395 463 421 tatetn.
487 386 570 421 Nulli
599 399 672 433 ergo
694 395 745 421 etc.

1147 399 1242 434 quem
1267 390 1424 425 investire.
1447 390 1529 425 Nulli
1559 404 1633 438 ergo
1672 394 1802 428 omnino
1837 394 1894 430 ho-

408 436 519 470 Datum
543 435 686 471 Laterani
715 436 818 471 idibus
845 437 985 481 ianuarii,
1005 437 1106 484 ponti·
1148 439 1268 472 minum
1296 439 1386 474 liceat
1412 439 1493 475 hanc
1519 442 1662 488 paginam
1684 452 1809 478 nostrae
1842 445 1894 479 ab·

357 485 468 520 ficatus
495 486 590 520 nostri
613 498 697 520 anno
718 487 838 533 quinto.

395 543 455 573 Dat.
474 543 521 573 die
544 542 580 572 13
598 543 725 573 ianuarii
743 553 819 573 anno
840 543 955 575 Domini
979 545 1064 580 1195,

605 588 707 628 pontis.
731 598 807 618 anno
826 598 850 618 v.

683 737 781 772 XXII.

352 805 459 839 Priori
490 812 516 839 et
542 806 697 839 monachis
722 806 832 840 Sancti
864 805 1028 838 Pancratit'
1064 805 1101 838 de

399 856 509 899 Lewes,
538 856 575 888 de
614 867 675 888 non
710 855 922 900 promittendis
957 855 1099 888 Ecclesit's

397 913 560 950 antequam
577 911 694 946 vacent,
712 916 771 950 pro
792 905 888 948 iisque
903 905 1098 948 pensionibus

396 966 458 988 non
479 955 630 988 solvendis
656 956 712 997 (l).

601 1026 817 1058 SUMMARIUM

343 1093 508 1124 Exordium.
531 1110 569 1116 —
586 1092 666 1123 Facti
686 1093 780 1122 series
800 1092 970 1132 exponitur,
987 1109 1026 1114 —
1041 1091 1095 1123 De-

384 1142 495 1167 cretum
514 1136 674 1167 Pontificis.
693 1153 731 1158 —
749 1136 906 1167 Clausulae
924 1141 1094 1167 consuetae.

344 1214 513 1243 coelestinus
532 1214 673 1250 episcopus
693 1220 787 1242 servus
805 1219 945 1242 servorum
963 1212 1020 1246 Dei,
1054 1213 1093 1241 di-

387 1264 469 1293 tectis
483 1263 549 1292 tuiis
567 1263 664 1300 priori,
695 1264 723 1291 et
746 1263 885 1291 monachis
903 1263 994 1291 Sancti
1028 1262 1091 1290 Pan·

387 1314 472 1343 oratii
489 1314 521 1342 de
539 1313 646 1346 Lewos.
672 1313 792 1342 salutem
803 1315 833 1341 ot
849 1312 1028 1347 apostoticam
1047 1313 1093 1342 he-

387 1364 575 1393 nediotiouom.

389 1431 478 1474 Quae
532 1431 562 1465 in
612 1429 839 1478 praeiudicium
878 1428 1090 1464 Ecclesiarum

341 1492 466 1529 praeter
488 1481 564 1516 iuris
585 1480 741 1521 ordinem,
776 1490 939 1527 perperam
978 1485 1091 1513 attem-

340 1539 477 1577 ptantur,
495 1531 679 1566 auctoritate
700 1537 775 1565 suut
796 1527 966 1576 apostolica
996 1529 1091 1563 corri-

338 1582 452 1627 genda,
474 1589 505 1615 et
531 1593 602 1615 cum
630 1580 722 1615 nobis
763 1578 927 1613 immineat
961 1589 998 1611 ex
1038 1578 1090 1612 in-

339 1631 462 1666 iunctae
483 1630 642 1666 servitutis
664 1629 766 1664 officio
784 1628 822 1663 de
850 1626 986 1674 singulis
1026 1627 1089 1663 Ec-

337 1681 442 1716 clesiis
480 1690 535 1728 per
581 1680 764 1714 universum
809 1677 920 1713 orbem
950 1675 1088 1730 ‘diffusis

337 1739 464 1776 paterna
497 1729 711 1766 sollicitudine
751 1728 909 1774 cogitare,
949 1738 1086 1773 ipsarum

337 1781 490 1816 debemus
530 1779 651 1815 utilitati
687 1778 865 1821 consulere⁷
911 1785 941 1810 et
993 1788 1087 1811 onera

336 1831 500 1866 sublevare
523 1839 675 1865 tenemur.

387 1881 577 1928 Accepimus
598 1878 754 1927 siquidem
778 1875 862 1924 quod
896 1876 932 1910 ad
967 1876 1088 1910 instan-

339 1930 411 1965 tiam
440 1930 649 1976 quorumdam
689 1927 861 1965 nobilium,
884 1926 1001 1973 quibus
1040 1924 1087 1958 sa-

339 1992 442 2015 vorem
470 1988 607 2015 vestrum
653 1990 714 2012 non
750 1977 897 2024 poteratis
932 1976 971 2011 de
1005 1974 1085 2009 sacili

337 2030 505 2076 denegare,
552 2029 680 2077 primas,
726 2027 880 2061 secundas
905 2035 935 2060 et
983 2024 1087 2060 tertias

338 2088 482 2114 vacantes
517 2078 688 2123 Ecclesias,
734 2076 921 2123 quibusdam
965 2074 1087 2110 clericis

338 2130 537 2176 promisistis,
558 2128 675 2176 quibus
704 2127 827 2161 interim
850 2133 951 2161 certas
965 2123 1087 2160 solvitis

338 2179 518 2223 pensiones,
541 2191 577 2213 ex
604 2190 735 2225 quarum
759 2176 914 2211 solutione
945 2174 1084 2209 Ecclesia

338 2237 437 2264 restra
466 2241 526 2263 non
550 2228 709 2263 modicum
733 2233 932 2272 aggravatur,
974 2236 1086 2271 eapro-

316 2288 405 2326 -pter
428 2279 538 2313 vestris
559 2276 821 2325 postulationibus
848 2275 984 2309 favorem
1008 2285 1085 2320 apo-

337 2328 481 2363 stolieum
506 2328 736 2375 impendentes,
759 2337 812 2359 vos
843 2333 872 2358 et
913 2323 1084 2358 Ecclesiam

338 2387 469 2413 vestram
512 2377 551 2412 ab
598 2375 780 2412 huiusmodi
824 2373 1086 2421 promissionibus

336 2427 535 2474 Apostolicae
561 2426 653 2462 Sedis
673 2426 855 2461 auctoritate
880 2423 1084 2464 absolvimus,

337 2485 366 2510 et
387 2477 424 2511 ad
448 2478 555 2511 talium
580 2477 767 2524 pensionum
801 2473 989 2509 solutionem
1026 2472 1085 2507 de-

337 2527 495 2561 cernimus
517 2539 578 2560 uon
594 2526 704 2565 teneri,
723 2523 893 2559 districtius
906 2522 1086 2558 inhibentes

338 2587 377 2609 ne
418 2575 590 2619 Ecclesias,
629 2585 794 2621 antequam
836 2581 956 2613 vacent,
989 2571 1085 2607 alicui

339 2681 373 2707 9-
387 2642 413 2676 l)
429 2641 517 2667 Edidit
532 2642 643 2676 Rymer,
660 2640 768 2668 Archiv.
781 2639 892 2674 Anghc„
911 2644 974 2666 tom.
992 2647 1011 2672 1,
1026 2646 1082 2674 pag.

359 2690 384 2707 o.

1145 488 1311 523 solutionis
1332 497 1363 524 et
1396 490 1593 525 inhibitionis
1630 492 1811 539 infringere,
1845 495 1892 529 vel

1144 538 1171 571 ei
1194 549 1273 572 ausu
1296 541 1461 574 temerario
1482 541 1647 576 contraire.
1674 541 1707 577 Si
1734 543 1804 589 quis
1839 555 1893 579 an-

1144 594 1206 621 tem
1235 588 1294 622 boc
1331 597 1482 624 attentare
1509 592 1765 638 praesumpserit,
1806 593 1890 628 iudi-

1143 637 1324 682 gnationem
1348 639 1574 685 omnipotentis
1595 639 1665 685 Dei,
1686 650 1716 676 et
1728 641 1890 678 beatorum

1143 685 1226 721 Petri
1248 695 1278 722 et
1304 687 1393 722 Pauli
1420 689 1634 735 apostolorum
1661 691 1730 725 eius
1763 703 1798 726 se
1831 704 1890 728 no-

1142 744 1220 771 verit
1242 749 1453 772 incursurum.

1190 784 1305 822 Datum
1328 786 1474 822 Laterani
1497 789 1609 834 quinto
1636 788 1785 825 kalendas
1803 791 1888 836 maii,

1141 835 1343 882 pontificatus
1364 837 1459 872 nostri
1487 849 1570 872 anno
1588 846 1687 873 sexto.

1194 892 1254 922 Dat.
1274 894 1321 924 die
1339 893 1375 923 27
1399 895 1500 934 aprilis
1523 904 1600 925 anno
1615 895 1730 926 Domini
1749 897 1835 934 1195,

1385 939 1485 979 pontif.
1509 949 1585 970 anno
1604 948 1639 969 vr.

1449 1116 1561 1152 XXIII.

1135 1192 1230 1226 Prior
1279 1201 1304 1226 et
1349 1194 1461 1237 fratres
1502 1194 1635 1228 Sanctae
1681 1195 1805 1229 Mariae
1849 1197 1885 1230 de

1184 1243 1289 1276 Rheno
1310 1244 1341 1276 in
1364 1245 1548 1277 monasterio
1569 1245 1702 1278 Sanctae
1726 1246 1884 1279 Praxedt's

1182 1293 1219 1325 de
1250 1292 1329 1326 Urbe
1368 1293 1504 1337 deyentes
1543 1295 1580 1326 ob
1609 1295 1882 1329 inobservationem

1183 1343 1305 1386 regulae
1328 1349 1354 1375 et
1375 1343 1612 1377 inobedientiam
1625 1345 1729 1377 eadem
1743 1345 1881 1378 Ecclesia

1178 1393 1348 1436 privantur
1369 1393 1425 1435 (1).

1401 1469 1615 1501 SUMMARIUM

1132 1536 1364 1567 Prooemium.—
1374 1536 1487 1567 incuria
1499 1537 1546 1568 dd.
1558 1537 1680 1568 fratrum
1691 1539 1721 1568 in
1732 1538 1880 1569 Ecclesiae

1171 1582 1260 1611 huius
1286 1582 1552 1612 administratione:
1567 1599 1606 1604 —
1624 1581 1742 1612 Eisdem
1765 1582 1880 1613 subtr&

1170 1626 1257 1660 hitur,
1273 1643 1312 1648 -
1329 1625 1363 1655 Et
1387 1626 1529 1656 cardinali
1560 1627 1670 1657 titulari
1699 1627 1879 1656 conceditur.

1167 1687 1206 1693 —
1223 1671 1378 1701 Clausulae
1396 1671 1534 1711 poenales
1553 1676 1721 1701 consuetae.

1129 1746 1297 1775 coetestinus
1315 1747 1456 1783 episcopus
1474 1754 1568 1776 servus
1603 1754 1742 1777 sorvorum
1760 1746 1815 1781 nei.
1836 1748 1876 1777 di·

1173 1796 1244 1825 tecto
1254 1796 1311 1825 filio
1323 1795 1429 1825 sifredo
1438 1796 1518 1825 tituli
1530 1797 1644 1826 sanotae
1658 1796 1788 1826 Praxedis
1800 1804 1876 1833 pres·

1172 1846 1269 1881 nytera
1280 1846 1422 1878 cardinali.
1444 1845 1561 1874 satutem
1577 1847 1605 1875 et
1620 1846 1801 1882 apostoticam
1832 1847 1875 1876 be·

1171 1895 1361 1924 nedictionem.

1177 1963 1260 1997 Cum
1288 1975 1325 1997 ex
1349 1963 1501 2007 iniuncto,
1522 1963 1607 2010 quod
1645 1963 1716 1998 licet
1754 1963 1874 2011 indigni

1128 2014 1279 2058 gerimus,
1301 2013 1494 2059 apostolatus
1520 2012 1622 2048 officio
1655 2013 1746 2048 nobis
1768 2014 1875 2049 immi-

1129 2070 1200 2097 neat
1226 2062 1367 2096 omnium
1395 2061 1608 2097 Ecclesiarum
1631 2062 1874 2098 sollicitudinem

1127 2123 1246 2158 gerere,
1273 2111 1310 2145 ad
1333 2123 1386 2146 eas
1412 2119 1555 2147 tenemur
1573 2112 1681 2147 ocutos
1697 2112 1874 2160 specialiter

1129 2169 1274 2208 paternae
1297 2161 1484 2207 provisionis
1511 2161 1692 2201 extendere,
1719 2173 1797 2208 quae
1842 2163 1871 2196 in

1129 2211 1204 2245 urbe
1227 2210 1346 2257 positae
1372 2210 1409 2245 ad
1430 2223 1487 2246 nos
1513 2220 1655 2258 spectare
1686 2220 1872 2252 noscuntur,

1127 2269 1155 2294 et
1182 2259 1219 2294 ad
1244 2259 1364 2294 nullum
1392 2261 1500 2301 alium,
1526 2262 1606 2295 sicut
1636 2261 1872 2301 condecet,ha-

1129 2309 1237 2344 bentes
1273 2317 1450 2357 respectum
1486 2310 1699 2357 providentiae
1737 2320 1870 2351 nostrae,

1127 2366 1157 2393 et
1178 2370 1284 2393 curam
1312 2359 1438 2406 speciali
1481 2360 1613 2407 quadam
1659 2361 1871 2407 praerogativa

1127 2417 1385 2455 expectaverunt,
1428 2417 1459 2444 et
1492 2417 1658 2458 expectant
1694 2408 1870 2445 favorabilis

1126 2458 1342 2492 subventionis
1367 2460 1529 2494 auxilium.
1564 2458 1645 2494 Cum
1681 2459 1774 2506 igitur
1806 2459 1871 2494 Ec-

1127 2508 1219 2542 clesia
1245 2507 1361 2543 Beatae
1382 2508 1530 2544 I‘raxedis
1552 2508 1647 2555 priori
1671 2517 1700 2543 et
1721 2508 1869 2544 fratribus

1127 2556 1258 2592 Sanctae
1304 2557 1420 2593 Mariae
1457 2558 1495 2593 de
1528 2557 1640 2593 Rheno
1674 2570 1728 2604 per
1770 2558 1870 2594 bonae

1127 2607 1295 2642 memoriae
1321 2607 1521 2642 Anastasium
1548 2615 1776 2643 antecessorem
1811 2620 1871 2643 no-

1161 2678 1199 2713 (l)
1216 2677 1253 2704 Ex
1271 2678 1377 2705 Archiv.
1398 2677 1474 2705 Vatic

1911 290 1962 318 An.
1979 290 2008 318 C.
2022 292 2091 319 {¹96

1921 394 2031 417 clausulae
2042 403 2091 419 con-

1908 429 1981 446 suane

1914 1970 2045 1993 Prooemium.
