2129 3223
890 224 987 249 mnnx
1012 223 1132 248 numm
1669 215 1733 248 811

240 283 358 318 Daniae
380 294 434 317 rex
462 281 516 316 filii
541 282 622 327 regis
645 280 769 316 Sretiae
793 279 932 315 defuncti
962 279 1090 315 nomine
1117 280 1154 315 ad
1175 279 1206 315 S.
1244 279 1360 314 Sedem
1398 279 1544 327 appellat.
1591 281 1627 313 V.
1668 278 1793 315 Svetiae

339 344 372 367 re
396 343 484 367 num.

240 343 434 419 Decretaffes.
450 401 499 408 ·--
513 380 594 416 Mala
616 392 654 416 ex
677 379 838 416 dubietate
854 388 884 415 et
901 380 1099 427 dispersione
1121 378 1328 414 decretalium
1351 387 1429 423 orta,
1451 381 1523 414 485
1546 381 1575 415 b.
1601 379 1627 414 A
1649 378 1683 414 S.
1708 379 1794 427 Ray-

338 431 459 468 mundo
477 432 509 466 in
527 430 675 466 volumen
701 430 886 476 rediguntur
909 431 999 465 iussu
1022 429 1166 477 Gregorii
1189 429 1234 464 lx
1257 429 1340 474 PR,
1357 429 1410 476 qui
1430 429 1522 464 aliam
1552 428 1698 477 prohibet
1721 428 1791 463 fieri

339 480 608 528 compilationem,
635 481 711 514 ibid.

239 531 387 567 Dolensis
407 531 549 567 Ecclesia
567 530 806 566 Turonensibus
827 529 1074 576 archiepiscopis
1106 528 1247 564 subiecta
1269 528 1458 568 declaratur,
1489 531 1556 563 143
1579 541 1599 562 α
1621 537 1650 563 et
1676 541 1737 573 seq.

239 581 474 617 Dominicatura
498 580 573 629 quid
601 580 651 620 sit,
680 582 724 615 57
748 593 778 615 α.
807 582 843 614 V.
870 588 974 614 notam
998 580 1035 614 ad
1059 579 1177 614 calcem
1202 578 1319 613 colum.
1345 578 1501 613 eiusdem.

239 631 398 667 Dominici
424 631 485 675 (Β.)
509 630 661 676 elogium,
689 632 759 665 484
782 643 813 665 α.
841 629 1003 670 miracuta,
1026 630 1100 664 ibid.
1131 631 1158 664 b.
1182 627 1233 663 Ss.
1261 628 1427 674 cathalogo
1443 627 1623 674 adscriptio,
1649 628 1725 661 ibid.

240 680 398 717 Dominici
427 681 487 725 (B.)
513 681 590 716 ortlo
616 679 675 715 sub
697 680 805 727 regula
828 679 861 714 S.
891 679 1059 726 Augustini
1085 678 1291 726 approbatur,
1320 679 1391 713 509
1419 691 1449 712 α.

239 730 465 767 Dunelmensis
487 731 666 778 episcopus.
685 729 848 766 Sententia
871 729 902 764 in
925 741 998 765 eum
1018 728 1057 764 ab
1078 728 1275 764 Eboracensi
1299 729 1437 774 archiep.
1463 727 1643 762 inconsulto
1667 726 1787 774 prolata

339 782 489 819 irritatur.
517 782 557 816 81
590 793 610 815 α
636 788 667 815 et
687 782 716 815 b.

240 831 409 867 Durandus
436 831 475 866 de
501 830 583 866 Osca
610 829 793 866 Waldensis
815 829 907 866 fidem
931 830 1117 866 catholicam
1141 829 1320 877 profitetur,
1343 829 1415 864 246
1438 829 1466 862 b.

990 977 1028 1017 E

239 1076 418 1114 Eadmundi
442 1076 502 1121 (Β.)
523 1076 660 1123 archiep.
683 1074 923 1111 Cantuariensis
946 1075 1083 1114 virtutes,
1109 1075 1180 1109 525
1202 1086 1231 1107 α.
1256 1073 1420 1113 Miracula,
1444 1075 1512 1107 524
1536 1085 1565 1107 a.
1595 1071 1785 1108 Sanctorum

338 1126 409 1162 albo
431 1127 499 1161 eius
522 1125 695 1172 inscriptio,
724 1128 793 1160 525
815 1137 845 1159 α.

240 1177 451 1213 Eboracensis
471 1177 610 1222 archiep.
633 1176 786 1210 sententia
810 1175 841 1209 in
864 1173 1113 1209 Dunelmensem
1146 1172 1330 1220 episcopum
1359 1171 1537 1206 inconsulto
1566 1170 1684 1219 prolata
1715 1171 1789 1205 irri-

338 1234 432 1270 tatur,
455 1228 494 1261 81
523 1239 543 1260 a
564 1234 593 1260 et
610 1227 638 1260 b.
661 1224 853 1260 Eboracens.
876 1223 1136 1271 archiepiscopus
1158 1222 1366 1268 suspenditur
1388 1221 1426 1255 ab
1449 1219 1551 1255 officio
1573 1221 1787 1268 episcopatus.

343 1278 410 1311 100
437 1289 467 1310 α.
490 1274 682 1310 Commissio
706 1274 918 1322 inquisitionis
950 1285 1048 1320 super
1084 1273 1152 1307 eius
1179 1271 1361 1306 excessibus
1393 1271 1496 1315 datur,
1518 1272 1592 1305 ibid.
1616 1271 1633 1303 b
1656 1279 1687 1306 et
1708 1281 1790 1315 seq.‚

342 1327 410 1361 103
432 1327 461 1360 b.
486 1324 648 1360 Sententia
675 1324 897 1371 suspensionis
925 1323 954 1357 in
978 1335 1050 1358 eum
1073 1322 1146 1366 lata,
1171 1324 1241 1357 104
1268 1323 1284 1356 b
1324 1329 1355 1356 et
1376 1334 1437 1367 seq.

240 1376 451 1412 Eboracensis
472 1375 612 1410 Ecclesia
644 1374 703 1409 suh
733 1374 928 1421 protectione
955 1372 1047 1407 Sedis
1068 1372 1268 1419 Apostolicae
1300 1371 1487 1418 suscipitur,
1510 1372 1556 1405 97
1584 1371 1613 1405 b.
1635 1368 1723 1405 Bona
1760 1369 1788 1404 ei

339 1425 577 1465 confirmantur,
592 1427 665 1459 ibid.
683 1424 721 1458 Et
737 1423 898 1471 privilegia
918 1422 1069 1457 nonnulla
1085 1422 1153 1456 eius
1171 1422 1310 1468 capitulo
1328 1420 1560 1460 conceduntur,
1579 1421 1626 1455 98
1648 1432 1668 1454 a
1683 1428 1713 1455 et
1726 1431 1785 1465 seq.

239 1475 408 1511 Ehrandus
430 1475 568 1522 archiep.
591 1473 843 1521 Salisburgensis
864 1472 974 1508 fundat
996 1472 1169 1508 Ecclesiam
1194 1470 1453 1515 Sechaviensem,
1478 1471 1542 1505 561
1570 1483 1601 1505 a.

238 1525 379 1561 Ebrinus
401 1524 604 1569 (Waldensis)
627 1524 720 1558 fidem
748 1523 934 1558 catholicam
959 1524 1136 1570 profitetur,
1164 1523 1236 1557 246
1263 1523 1291 1556 b.

239 1575 401 1611 Ecclesiae
432 1583 601 1621 antequam
636 1582 743 1609 vacent
781 1586 843 1608 non
877 1581 952 1608 sunt
979 1572 1223 1620 promittendae,
1258 1584 1316 1607 nec
1349 1571 1517 1618 pensiones
1551 1582 1608 1618 pro
1641 1570 1680 1605 iis
1714 1569 1786 1605 sol-

338 1624 470 1664 vendae,
495 1626 564 1660 106
592 1637 622 1659 α.

238 1675 400 1711 Ecclesiae
429 1674 567 1722 pollutae
588 1673 749 1721 quomodo
771 1673 834 1708 sint
856 1672 1090 1711 emundandae,
1116 1676 1159 1707 76
1186 1684 1216 1707 a.

238 1724 402 1761 Ecclesiae
426 1725 559 1771 primum
583 1724 824 1758 fundamentum
847 1721 1006 1761 Christus,
1028 1723 1099 1757 469
1114 1723 1142 1757 b.
1162 1721 1304 1769 Apostoli
1327 1720 1464 1756 secunda
1480 1721 1547 1755 eius
1570 1719 1784 1759 fundamenta,

339 1785 474 1821 quorum
499 1774 619 1820 primus
640 1772 678 1808 B.
703 1772 826 1813 Petrus,
848 1774 923 1807 ibid.
951 1780 982 1806 et
1007 1785 1066 1818 seq.
1089 1771 1167 1807 Eius
1190 1772 1304 1811 unitas,
1332 1773 1402 1805 475
1425 1771 1452 1804 b.

240 1823 456 1860 Ecclesiarum
480 1824 545 1859 iura
571 1822 788 1870 perturbantes
816 1822 1146 1862 excommunicantur,
1169 1824 1233 1857 591
1263 1822 1290 1856 b.

240 1873 451 1910 Ecclesiastici
480 1874 509 1907 in
539 1873 691 1909 haeresim
716 1872 857 1907 labentes
884 1871 1076 1920 degradandi
1105 1881 1191 1911 sunt,
1214 1874 1256 1907 21
1288 1883 1318 1906 α.
1342 1871 1442 1917 Leges
1470 1871 1500 1905 in
1522 1882 1588 1911 εοε,
1614 1878 1722 1905 contra
1736 1882 1785 1905 ca-

340 1936 438 1958 nones
465 1923 562 1965 latae,
586 1922 752 1962 invalidae,
775 1924 859 1965 205,
881 1924 908 1958 b.
938 1922 1013 1957 Item
1035 1923 1059 1956 si
1084 1930 1190 1957 contra
1214 1923 1277 1957 sint
1299 1933 1406 1956 eorum
1435 1920 1610 1964 libertateS,
1645 1922 1715 1955 575
1750 1933 1783 1954 a.

339 1973 498 2009 Collectae
523 1973 648 2021 aliaque
675 1985 768 2007 onera
796 1973 843 2008 eis
865 1985 926 2008 non
953 1972 1143 2019 imponenda
1159 2000 1167 2013 ,
1193 1974 1269 2007 ibid.
1293 1973 1319 2006 b.
1344 1970 1391 2006 Ad
1416 1970 1585 2006 saecularia
1614 1970 1782 2005 tribunalia

345 2035 408 2058 non
437 2022 598 2060 trahendi.
627 2025 698 2058 575
721 2024 749 2063 b,
768 2024 839 2058 696
861 2035 892 2064 α,
922 2024 984 2057 701
1018 2035 1049 2056 α.

240 2073 414 2110 Edmundo
435 2072 564 2108 Henrici
583 2072 622 2107 II.
650 2072 783 2120 Angliae
806 2073 889 2118 regis
911 2072 975 2107 lilio
1001 2071 1130 2107 Siciliae
1152 2084 1283 2119 regnum
1306 2070 1490 2106 conceditur
1510 2082 1546 2104 ac
1568 2069 1783 2109 confirmatum

338 2122 394 2158 sed
414 2135 476 2157 non
499 2123 680 2169 adimpletis
707 2122 746 2157 ab
773 2123 825 2158 illo
848 2122 1096 2165 conditionibus,
1118 2121 1267 2157 Clemens
1295 2120 1348 2165 IV,
1363 2120 1500 2156 declarat
1527 2131 1688 2166 nunquam
1710 2131 1782 2153 eum

339 2172 437 2208 fuisse
466 2185 574 2208 verum
602 2172 731 2208 Siciliae
760 2185 865 2220 regem
891 2175 973 2214 722,
996 2174 1013 2207 b
1039 2180 1071 2207 et
1091 2184 1152 2218 seq.

239 2222 425 2259 Elborensis
446 2224 650 2270 episcopatus
672 2222 930 2270 Compostellano
957 2222 1194 2269 archiepiscopo
1216 2221 1393 2263 subiicitur,
1417 2223 1485 2255 152
1509 2221 1526 2254 b
1553 2226 1582 2253 et
1607 2231 1667 2264 seq.

240 2271 399 2308 Elisabeth
415 2272 480 2316 (B.)
496 2272 621 2312 viduae,
646 2272 781 2308 Antlreae
801 2274 883 2320 regis
898 2272 1122 2319 Huugarorum
1148 2271 1229 2306 filiae
1251 2273 1311 2306 vita
1335 2278 1364 2305 et
1384 2270 1528 2314 virtutes,
1548 2269 1618 2303 489
1642 2269 1669 2302 b.

338 2322 417 2358 Eius
445 2322 606 2363 miracula,
635 2324 705 2358 490
727 2324 755 2357 b.
779 2322 968 2357 Sanctorum
991 2322 1061 2357 albo
1083 2322 1321 2365 adnumeratur,
1344 2322 1417 2355 ibid.

239 2372 419 2407 Emeritana
441 2372 548 2406 civitas
570 2371 662 2407 sedes
683 2372 873 2419 episcopalis
895 2372 1083 2415 declaratur,
1108 2374 1176 2406 156
1204 2383 1234 2405 α..

240 2421 471 2470 Episcoporum
512 2421 647 2456 officium
683 2422 806 2457 afflictis
851 2430 880 2457 et
916 2422 1133 2456 laborantibus
1171 2420 1354 2457 subvenire.
1388 2421 1431 2454 49
1459 2421 1487 2453 b.
1523 2418 1641 2453 Eorum
1671 2416 1781 2451 electio

339 2471 370 2506 in
406 2483 504 2515 regno
530 2471 658 2506 Siciliae
689 2471 850 2518 quomodo
886 2471 1037 2512 facienda,
1067 2473 1135 2506 2150
1163 2483 1193 2504 α.
1222 2470 1293 2505 1)υο
1329 2469 1358 2503 in
1391 2468 1500 2503 eadem
1538 2467 1673 2501 dioecesi
1712 2478 1781 2501 esse

339 2533 401 2557 non
426 2521 553 2565 debent,
583 2522 653 2556 582
680 2523 708 2556 b.
736 2521 817 2556 Inl'ra
840 2534 894 2556 sex
917 2534 1042 2556 menses
1060 2520 1098 2556 ab
1121 2519 1275 2555 electione
1297 2518 1512 2559 consecrandi,
1536 2519 1606 2553 600
1637 2518 1664 2551 b.
1696 2515 1781 2550 Visi-

340 2578 404 2607 tare
431 2579 579 2606 tenentur
606 2570 712 2605 limina
729 2571 964 2619 Apostolorum,
990 2573 1059 2606 652
1082 2583 1110 2605 a.

242 2620 392 2669 Episcopi
415 2620 620 2663 collaterales,
645 2622 713 2656 526
736 2623 763 2656 b.
