2129 3223
58 213 104 242 An.
124 214 151 241 C.
171 214 237 241 ¹218

249 267 350 303 decim
373 268 516 303 tribubus
552 268 779 314 conspexisset,
822 268 897 302 vidit
930 276 995 302 tur-

249 317 318 352 bam
347 329 502 363 magnam,
524 328 604 363 quae
632 316 823 352 dinumerari
849 329 910 352 non
944 328 995 364 po-

248 375 335 407 terat,
357 367 500 401 amictam
529 366 616 401 stolis
641 366 794 409 candidis,
822 375 850 401 et
884 375 994 401 tenen-

246 425 307 452 tem
330 415 464 464 palmam
493 416 523 450 in
552 414 697 450 manibus
718 427 821 449 coram
846 415 990 449 Domino.

245 466 342 501 Porro
364 465 465 500 iustus
486 473 515 500 et
548 465 728 499 misericors
764 464 918 499 Dominus
954 464 991 498 Γι-

243 515 330 550 deles
347 527 433 558 suos,
460 527 540 561 quos
563 513 803 562 praedestinavit
831 513 991 557 advitam,

243 576 353 599 omnes
374 563 502 611 quidem
530 575 686 598 coronans
708 563 738 597 in
763 563 878 610 patria,
901 575 989 609 quos·

241 613 312 649 dam
339 625 448 648 eorum
475 613 650 648 secundum
674 612 870 647 altitudinem
909 611 990 645 divi-

241 663 352 698 tiarum
379 663 562 710 sapientiae,
584 670 613 696 et
638 661 869 696 misericordiae
902 672 989 704 suae,

239 712 391 759 glorificat
424 720 455 746 et
480 712 511 746 in
534 712 601 749 via,
625 720 658 746 ut
681 711 899 758 frigescentem
928 710 987 744 iam

240 763 271 796 in
299 760 443 808 pluribus
459 760 617 796 charitatis
639 760 809 806 igniculum
825 759 987 803 accendat,

239 810 427 845 mirabilium
463 811 599 845 novitate
621 810 802 855 signorum,
824 818 855 843 et
885 809 987 855 pravi-

237 868 331 895 tatem
358 859 530 894 confundat
555 859 755 898 haereticam,
778 858 851 892 dnm
876 857 914 892 ad
933 870 986 892 ca-

236 909 425 944 tholicorum
449 909 587 943 tumulos
616 908 732 942 faciens
755 907 902 941 miracula
920 907 987 953 pul-

236 958 526 999 lulare,manifeste
547 958 739 992 demonstrat
756 969 809 991 eos
824 956 984 995 habuisse,

109 1040 117 1049 ,
235 1007 312 1042 dum
338 1007 489 1050 viverent,
518 1007 609 1042 fidem
639 1014 768 1041 rectam.
792 1006 864 1052 lpso
888 1005 984 1051 igitur

53 1059 66 1097 ¹.
97 1060 221 1097 vanum-1·
236 1057 305 1104 piae
331 1056 554 1092 recordationis
581 1056 778 1090 willelmum
808 1055 983 1089 Bituricen-

39 1093 146 1145 'ss'lfffl''
175 1093 221 1114 ⁰¹²*
234 1117 301 1141 sem
323 1106 607 1154 archiepiscopum,
630 1117 722 1152 quem
754 1105 784 1138 in
829 1104 887 1137 vita
920 1115 981 1137 non

234 1155 337 1191 solum
376 1155 555 1195 virtutibus,
593 1155 647 1189 sed
687 1154 779 1188 etiam
817 1154 980 1200 signorum

234 1204 471 1240 ostensionibus
511 1204 724 1250 insigniverat,
755 1202 886 1237 faciente
913 1210 983 1249 post

233 1253 355 1289 obitum
377 1253 590 1288 crebrioribus
624 1251 781 1287 miraculis
803 1263 981 1290 coruscare,

233 1301 419 1338 venerabilis
461 1302 553 1336 frater
580 1310 684 1336 noster
711 1300 980 1347 archiepiscopus,

233 1361 261 1387 et
285 1351 388 1387 dilecti
405 1351 456 1385 filii
479 1351 620 1386 canonici
643 1350 862 1385 Bituricenses
878 1349 978 1395 ipsum

233 1414 288 1448 per
314 1400 525 1448 Apostolicam
553 1399 668 1439 Sedem
703 1398 837 1433 adscribi
860 1405 981 1432 sancto-

233 1462 302 1485 rum
329 1449 468 1496 catalogo
491 1449 617 1483 instanti
653 1448 821 1483 devotione
849 1460 884 1481 ac
924 1447 980 1481 de-

233 1506 301 1534 vota
330 1499 475 1533 instantia
499 1497 657 1532 multoties
684 1498 851 1545 petierunt.

280 1548 362 1583 Cum
384 1556 488 1583 autem
512 1546 686 1582 necessaria
723 1546 897 1580 maturitate
925 1545 978 1579 diu

231 1609 386 1646 suspensa
421 1597 529 1632 fuisset
565 1596 672 1642 petitio
710 1596 906 1633 eorumdem,
942 1606 979 1629 eo

231 1646 329 1694 quod,
355 1658 427 1682 curn
455 1645 636 1681 huiusmodi
665 1645 817 1679 iudicium
837 1643 977 1678 divinum

231 1697 271 1731 sit
298 1696 414 1744 potius,
435 1707 530 1743 quam
553 1695 740 1738 humanum,
775 1692 900 1727 difficile
933 1701 980 1727 est

232 1744 395 1780 mortalem
422 1745 582 1780 hominem
611 1743 749 1778 iudicare
771 1742 810 1776 de
838 1742 909 1786 illis,
924 1743 977 1789 qui

231 1802 317 1830 veste
338 1793 534 1829 mortalitatis
556 1793 653 1831 exuti,
681 1804 751 1826 cum
775 1790 905 1825 Christo
917 1803 978 1825 cre-

231 1843 350 1878 duntur
377 1843 479 1878 vivere
500 1854 537 1877 ac
558 1852 700 1887 regnare;
738 1840 865 1874 demum
902 1841 979 1886 ipsis

233 1900 361 1940 propter
394 1891 617 1926 miraculorum
653 1890 856 1937 frequentiam
898 1890 979 1936 peti-

232 1942 348 1977 tionem
365 1941 555 1988 praedictam
570 1939 727 1974 humiliter
743 1938 978 1985 replicantibus,

233 2003 290 2026 nos
312 2003 351 2025 ne
382 1989 593 2025 ministerium
616 1995 755 2023 nostrum
779 1987 901 2022 divinae
928 1988 978 2030 dj-

233 2040 385 2088 gnationi,
408 2038 585 2074 mirificanti
612 2049 736 2072 servum
764 2050 868 2077 snum,
900 2037 979 2072 sub-

235 2089 356 2125 trahere
370 2089 560 2129 videremur,
585 2087 748 2122 venerabili
768 2086 851 2121 fratri
873 2095 979 2122 nostro

234 2137 503 2176 Autissiodorensi
524 2137 686 2184 episcopo,
714 2143 742 2170 et
770 2135 891 2170 dilectis
908 2136 979 2170 liliis

233 2187 394 2224 Boniradii
421 2195 451 2221 et
469 2186 656 2221 Calloviensi
683 2185 847 2219 abbatibus
866 2184 979 2219 Cister-

234 2238 351 2273 ciensis
377 2236 497 2270 ordinis
523 2234 667 2270 dedimus
689 2235 719 2268 in
743 2234 896 2268 mandatis
912 2262 919 2273 ,
947 2244 979 2268 ut

235 2299 308 2322 cum
335 2297 427 2332 opera
451 2284 574 2332 pietatis
596 2284 626 2317 iu
651 2283 729 2325 vita,
763 2292 792 2318 et
811 2283 979 2318 miraculo-

236 2348 307 2372 rum
334 2336 394 2370 vita
433 2342 503 2382 post
542 2340 672 2367 mortem
724 2332 761 2366 ad
796 2331 855 2367 hoc
894 2333 977 2380 quod

235 2385 306 2433 quis
328 2390 489 2432 reputetur
517 2389 644 2418 sanctus
666 2382 697 2416 in
736 2381 881 2415 militanti
917 2382 979 2416 Ec—

235 2433 330 2469 clesia
348 2433 566 2481 requirantur,
594 2431 665 2466 licet
704 2430 741 2465 ad
785 2431 978 2465 sanctitatem

235 2483 358 2518 animae
384 2493 478 2530 opera
505 2481 569 2516 sola
591 2480 745 2515 sufficiant
769 2479 800 2514 in
835 2479 979 2515 Ecclesia

236 2531 451 2578 triumphanti,
473 2529 712 2577 diligentissimo
735 2529 929 2576 inquirerent
941 2529 979 2564 de

236 2587 381 2628 utroque,
402 2588 432 2616 et
452 2592 531 2628 quae
549 2579 724 2615 invenirent
745 2577 876 2613 fideliter
896 2578 980 2614 redi-

50 2036 174 2060 summissu·
197 2039 218 2058 in

38 2069 129 2096 partibus
168 2075 220 2096 pro-

37 2103 117 2122 cessus.

862 213 1025 236 ttosotttts
1047 212 1084 234 ῙΙΙ
1109 212 1158 234 ΡΡ.

1664 201 1727 233 Mt

1035 274 1144 313 gentes
1167 267 1196 301 iu
1220 268 1350 314 scripta,
1366 280 1399 302 ea
1425 268 1515 303 nohis
1537 267 1783 302 transmitterent

1035 315 1094 351 suh
1112 328 1240 351 suorum
1277 317 1452 352 munimine
1482 316 1669 363 sigillorum
1703 328 1781 364 qna-

1035 373 1126 400 tenus
1149 377 1203 412 per
1229 378 1337 400 eorum
1367 366 1548 400 relationem
1572 366 1728 405 instructi,
1751 374 1782 400 et

1035 414 1064 448 in
1088 415 1215 461 negotio
1243 416 1308 460 ipso
1335 416 1489 458 securius,
1512 415 1647 450 Domino
1680 415 1780 462 inspi-

1034 473 1131 503 rante,
1155 464 1325 511 procedere
1364 465 1550 504 valeremus;
1589 465 1642 511 qui
1679 465 1779 512 primo

1034 513 1116 547 iuxta
1141 512 1276 548 mandati
1301 514 1398 547 nostri
1421 522 1561 548 tenorem
1577 541 1585 557 ,
1614 513 1654 549 de
1694 513 1779 548 illius

1032 563 1280 606 conversatione,
1307 574 1342 597 ac
1365 563 1435 601 vita,
1457 574 1493 597 ac
1514 562 1629 598 deinde
1657 563 1695 597 de
1719 564 1778 597 mi-

1032 612 1147 646 raculis
1169 611 1403 658 inquisitionem
1428 612 1577 646 facientes
1612 625 1666 660 per
1699 612 1777 658 legi-

1032 661 1124 695 timos
1146 669 1251 699 testes,
1267 668 1297 695 ct
1318 661 1403 695 omni
1423 661 1608 707 exceptione
1632 663 1776 699 maiores,

1029 709 1195 745 adstrictos
1218 710 1338 744 iurandi
1367 709 1491 745 vinculo
1513 709 1696 756 diligenter,
1726 711 1776 744 in-

1030 767 1193 798 venerunt,
1223 760 1326 806 ipsum
1360 768 1486 794 sanctae
1527 760 1776 794 conversationis

1028 807 1157 843 odorem
1180 808 1248 843 aliis
1276 808 1372 843 fuisse
1394 808 1469 843 dum
1499 808 1625 853 viveret,
1647 817 1677 843 et
1699 809 1774 843 insi-

1027 857 1134 903 gnium
1163 858 1386 892 miraculorum
1410 857 1613 892 multitudine
1629 865 1698 904 post
1713 858 1774 892 obi·

1028 915 1092 939 tum
1113 907 1276 950 claruisse,
1299 919 1378 954 quae
1400 915 1464 941 tum
1489 907 1561 954 quia
1585 907 1671 941 vobis
1702 915 1773 942 nota

1026 964 1109 994 sunt,
1133 964 1198 990 tum
1227 957 1298 1002 quia
1322 968 1377 1003 pro
1405 956 1452 990 sui
1481 955 1682 991 multitudine
1711 968 1772 991 non

1027 1014 1153 1050 possent
1181 1005 1239 1039 sub
1276 1005 1422 1040 brevitate
1454 1005 1584 1043 narrari.
1619 1006 1773 1052 praesenti

1026 1054 1155 1099 paginae
1177 1066 1237 1088 non
1274 1054 1422 1088 duximus
1445 1054 1625 1098 inserenda,
1659 1055 1774 1089 melius

1025 1103 1227 1138 aestimantes
1249 1104 1405 1150 scripturo
1426 1103 1592 1149 gloriosam
1616 1104 1686 1138 eius
1723 1104 1773 1138 hi-

1024 1152 1149 1186 storiam
1174 1153 1318 1187 universa
1341 1152 1530 1199 relinquere,
1554 1164 1648 1199 quam
1664 1154 1772 1200 paucis

1023 1202 1240 1237 auctoritatem
1277 1201 1380 1236 bullae
1418 1211 1542 1236 nostrae
1575 1202 1772 1249 appositione

1025 1250 1211 1296 praestando
1237 1262 1305 1285 eam
1342 1250 1472 1297 reliquis
1511 1250 1647 1297 quodam
1675 1250 1771 1285 modo

1022 1298 1182 1345 derogare.
1206 1299 1310 1346 {psius
1344 1308 1447 1334 autem
1482 1299 1652 1342 miraculis,
1691 1312 1771 1347 quae

1024 1348 1227 1394 inquisitores
1247 1348 1395 1395 praedicti
1424 1347 1517 1382 nobis
1543 1348 1602 1382 sub
1634 1349 1699 1382 suis
1728 1349 1770 1382 si-

1021 1397 1104 1442 gillis
1126 1397 1258 1436 inclusa,
1280 1406 1372 1444 prout
1399 1397 1429 1431 in
1454 1397 1610 1432 mandatis
1642 1409 1770 1444 recepe-

1022 1454 1100 1489 rant,
1123 1454 1363 1481 transmiserunt
1385 1446 1573 1481 exanimatis
1596 1459 1649 1492 per
1691 1460 1771 1495 quos

1021 1495 1059 1529 (le
1081 1495 1229 1530 fratribus
1249 1496 1364 1530 nostris
1387 1496 1514 1542 penitus
1542 1504 1571 1530 et
1588 1495 1770 1542 diligentem

1021 1556 1055 1579 ea
1078 1544 1205 1579 demum
1236 1545 1265 1578 in
1296 1544 1387 1592 pleno
1418 1545 1605 1580 consistorio
1637 1545 1770 1580 fecimus

1020 1594 1205 1629 solemniter
1227 1594 1362 1634 recitari,
1389 1602 1420 1628 ct
1459 1606 1532 1628 cum
1570 1594 1767 1629 sanctitatem

1021 1654 1144 1677 morum
1167 1650 1195 1677 et
1223 1643 1384 1689 signorum
1401 1643 1547 1678 virtutem
1570 1644 1608 1677 ad
1632 1643 1768 1678 favorem

1022 1692 1192 1738 petitionis,
1212 1704 1267 1738 pro
1289 1704 1349 1738 qua
1384 1692 1533 1738 praedicti
1560 1691 1770 1739 archiepisco-

1022 1752 1080 1786 pus
1118 1749 1147 1774 et
1170 1741 1311 1775 canonici
1347 1752 1407 1775 una
1441 1753 1513 1775 cum
1549 1741 1707 1788 episeopis
1739 1749 1770 1776 et

1022 1790 1167 1835 praelatis
1188 1790 1399 1824 Bituricensis
1435 1790 1612 1837 provinciae
1638 1790 1769 1838 aliisque

1020 1838 1262 1886 quamplurimis
1284 1839 1486 1874 veliementer
1508 1839 1665 1874 instabant
1696 1852 1769 1875 con-

1020 1899 1148 1922 currere
1169 1888 1360 1928 videremus,
1383 1888 1522 1923 divinum
1541 1896 1572 1922 et
1595 1889 1767 1924 humanum

1020 1938 1144 1984 sequuti
1169 1937 1333 1979 iudicium,
1356 1937 1395 1972 de
1423 1937 1551 1972 fratrum
1590 1946 1767 1973 nostrorum

1020 1986 1151 2022 consilio
1175 1994 1242 2034 post
1265 1987 1395 2021 multam
1417 1986 1674 2022 deliberationem
1713 1988 1769 2022 ha-

1021 2035 1115 2070 bitam
1132 2049 1203 2071 cum
1226 2036 1360 2075 eisdem,
1380 2043 1501 2071 necnon
1524 2036 1769 2084 archiepiscopis

1020 2093 1050 2119 et
1076 2085 1233 2132 episcopis
1255 2093 1329 2119 tunc
1355 2085 1561 2120 existentibus
1594 2086 1675 2132 apud
1708 2086 1768 2120 Se-

1020 2134 1091 2169 dem
1121 2134 1344 2182 Apostolicam,
1363 2146 1443 2181 quos
1464 2134 1502 2168 ad
1525 2134 1693 2169 consilium
1716 2147 1768 2169 no-

1020 2192 1120 2218 strum
1142 2184 1337 2223 admisimus,
1353 2183 1391 2218 de
1413 2183 1516 2217 divina
1539 2183 1766 2226 misericordia,

1020 2242 1049 2267 et
1090 2233 1232 2268 eiusdem
1263 2232 1368 2266 Sancti
1403 2232 1521 2267 meritis
1562 2232 1766 2273 confidentes,

1021 2283 1125 2329 ipsum
1161 2289 1340 2316 sanctorum
1367 2282 1507 2326 catalogo
1529 2281 1678 2315 duximus
1710 2281 1767 2316 ad·—
1795 2293 1817 2308 'es

1020 2331 1233 2369 scribendum,
1255 2337 1444 2374 statuenteS,
1472 2338 1506 2365 ut
1526 2330 1558 2364 in
1585 2330 1635 2364 die
1667 2330 1767 2377 depo-

1021 2380 1146 2415 sitionis
1172 2380 1271 2426 ipsius
1298 2379 1438 2413 eiusdem
1475 2378 1625 2414 festivitas
1655 2378 1767 2414 devote

1020 2441 1036 2463 a
1059 2429 1145 2463 vobis
1167 2437 1196 2463 et
1218 2429 1285 2463 aliis
1309 2427 1568 2463 christifidelibus
1589 2428 1680 2462 annis
1706 2429 1769 2464 sin-

1020 2479 1102 2525 gulis
1124 2477 1162 2512 de
1184 2485 1307 2512 caetero
1328 2477 1514 2512 celebretur.

1069 2527 1223 2569 Quocirca
1258 2526 1456 2561 devotionem
1496 2534 1629 2561 vestram
1659 2538 1769 2562 mone-

1020 2589 1091 2612 mus
1114 2578 1143 2610 in
1167 2575 1302 2611 Domino
1337 2584 1368 2610 et
1398 2575 1572 2615 hortamur,
1596 2587 1651 2622 per
1688 2588 1768 2623 apo-

1798 210 1846 236 Αη.
1863 210 1890 236 C.
1911 210 1979 236 ¹2¹8

1869 2291 1963 2313 *etatae*-

1781 2319 1915 2340 adscribitur>
