2129 3223
132 268 182 294 An.
197 267 226 295 C.
247 268 317 295 118ss

147 382 274 401 intinctum
285 381 318 401 tlr-

135 417 188 430 niaii
197 418 249 431 annu
259 412 308 431 11⁸2

149 569 223 588 istie-in
233 569 316 588 tlnvnatiu

136 601 234 619 »stim-tin
271 605 316 618 runi

135 631 202 650 tullii.-
229 636 317 656 expres-

382 260 427 293 to

331 334 437 357 sorum
464 330 557 367 atque
591 319 755 365 Virginum
783 327 812 354 et
839 319 980 354 omnium
1009 318 1078 353 ele—

331 380 464 406 ctorum.
493 370 606 404 Amen.
643 368 727 404 Haec
762 369 866 403 omnia
893 377 967 402 sunt
993 366 1081 402 ordi-

332 427 400 454 nata
423 428 453 454 ct
475 419 596 453 firmata
618 429 700 452 anno
721 416 888 452 millesimo
906 417 1081 452 centesimo

332 467 546 514 octuagesimo
567 466 718 502 secundo.

381 517 589 551 Decernimus
614 528 700 562 ergo,
724 523 757 549 ut
780 514 856 549 nulli
884 514 1013 549 omnino
1030 514 1082 548 lio-

332 567 454 601 niinuin
478 566 567 600 liceat
595 565 675 600 lianc
699 565 843 611 paginam
868 572 992 598 nostrae
1010 574 1082 597 con-

333 615 516 649 tii-mationis
542 614 731 659 infringere,
764 613 808 648 vel
832 614 858 647 ei
882 625 960 647 ausu
982 620 1081 646 teme-

333 664 413 699 rario
440 664 605 698 contraire.
639 663 672 696 Si
701 662 772 709 quis
802 670 905 696 autem
941 661 1001 696 lioc
1034 668 1082 696 at-

332 721 451 747 tentare
468 711 722 759 praesumpserit,
745 710 995 757 indignationem
1018 721 1083 744 om-

332 762 505 809 nipotentis
519 762 590 804 Dei,
612 769 641 796 et
661 761 821 795 beatorum
838 759 921 794 Petri
945 767 974 794 et
990 758 1080 793 Pauli

332 810 544 857 apostolorum
569 811 639 845 eius
666 823 699 844 se
722 809 841 844 noverit
869 809 1080 843 incursurum.

380 859 494 894 Datum
518 859 644 894 Velletri
673 857 814 893 secundo
851 857 1000 892 kalendas
1033 858 1082 891 iu-

331 909 364 944 lii
387 911 442 951 (t).

398 965 458 995 Dat.
482 965 529 995 die
547 965 586 995 30
607 965 681 994 iunii
699 973 776 994 anno
794 964 908 994 Domini
933 963 1018 1000 1182,

540 1009 644 1049 pontif.
665 1009 746 1038 Lucii
772 1018 847 1038 anno
867 1017 884 1037 i.

685 1122 737 1156 111.

385 1187 504 1220 Erectio
531 1186 672 1220 abbatiae
709 1186 976 1229 itlontereqalensis
1004 1187 1033 1218 in

517 1236 809 1279 archiepiscopatum
838 1236 899 1276 (2).

602 1298 817 1329 SUMMARIUM

333 1353 499 1383 Exordium.
525 1369 564 1375 —
590 1352 618 1382 S.
642 1351 674 1381 R.
701 1352 851 1382 Ecclesiae
874 1353 1031 1391 primatum
1056 1354 1084 1383 in

374 1406 476 1427 omnes
493 1397 621 1426 universi
640 1395 721 1426 orbis
738 1396 884 1426 Ecclesias
905 1397 1017 1436 liquido
1036 1397 1086 1427 de-

375 1445 564 1470 monstratur.
586 1456 624 1461 —
646 1439 725 1469 Mons
752 1439 870 1477 Regalis
895 1441 1087 1471 constituitur

376 1485 460 1514 sedes
472 1483 694 1522 metropolitica:
703 1499 738 1506 —
752 1484 776 1512 l.
788 1482 892 1514 Montis
904 1484 1021 1523 Regalis
1035 1485 1086 1515 ab-

376 1529 451 1558 batia
464 1537 478 1556 a
492 1527 649 1557 Gnillelmo
660 1526 683 1556 ll
700 1527 818 1558 Siciliae
830 1536 897 1566 rege
910 1534 1085 1559 constructa.

375 1571 487 1602 —Eam
500 1572 662 1601 Alexander
672 1570 726 1601 PP.
739 1570 775 1600 lll
786 1572 822 1601 ab
836 1574 915 1603 omni
926 1573 1085 1612 episcopali

378 1616 562 1645 subiectione
588 1616 697 1645 eximit.
724 1632 763 1638 —
785 1615 924 1647 Eiusdem
948 1617 1086 1648 Guilelmi

377 1661 454 1698 regis
475 1669 577 1699 preces
607 1661 641 1690 ad
670 1660 890 1699 metropolicam
916 1661 1085 1699 dignitatem

379 1705 404 1733 ei
422 1705 646 1743 impetrandam.
660 1721 698 1727 —
710 1704 736 1734 2.
749 1704 860 1734 Causae
871 1706 1086 1735 concessionis.

376 1765 415 1770 -—
435 1747 491 1776 iles
518 1748 647 1784 insolita,
667 1753 696 1777 nt
716 1749 790 1778 duae
812 1749 943 1778 civitates
963 1749 1039 1779 inter
1056 1759 1087 1779 sc

379 1793 490 1821 vicinae
515 1791 690 1829 metropoles
715 1797 900 1821 crearentur:
925 1809 964 1814 —
980 1792 1037 1822 Cur
1060 1795 1088 1823 in

379 1835 524 1874 praesenti
540 1844 611 1864 casu
630 1836 664 1864 sit
683 1836 853 1873 derogatum
868 1837 936 1866 huic
950 1837 1086 1876 discipli-

379 1889 442 1909 nae.
462 1896 500 1901 —
516 1879 543 1908 3.
560 1878 690 1909 Ecclesia
708 1879 932 1917 Montercgalen.
946 1881 1001 1910 sub
1019 1890 1087 1921 pro—

379 1923 505 1952 tectione
529 1922 614 1952 Sedis
630 1923 813 1961 :ipostolicae
833 1925 984 1963 recipitur:
1002 1942 1041 1948 —-
1061 1927 1089 1956 4.

379 1965 518 2005 Bonaque
534 1967 630 1996 omnia
643 1967 738 1997 cidem
753 1968 972 1999 confirmantur.
991 1970 1090 2000 —Ca-

381 2011 510 2040 tanensis
533 2010 663 2040 Ecclesia
685 2011 711 2040 ei
730 2011 896 2042 subiicitur.
918 2029 957 2036 —
974 2014 1000 2043 Ξ).
1015 2013 1087 2054 Ερί-

380 2054 497 2092 scopate
530 2056 576 2084 ius
607 2055 787 2085 conceditur.
828 2073 867 2078 —
902 2056 1089 2087 Enumeratio

380 2098 586 2136 parochiarum
619 2104 646 2128 et
680 2099 873 2129 ecclesiarum
906 2101 941 2130 ad
979 2102 1089 2131 ricinos

380 2143 567 2181 episcopatus
583 2148 666 2172 antea
684 2144 904 2182 pertinentium,
920 2155 994 2184 quae
1011 2145 1090 2175 Mon-

381 2186 556 2224 teregalensi
575 2188 797 2223 confirmantur,
816 2188 860 2217 vel
879 2189 914 2218 dc
930 2199 1003 2219 novo
1022 2198 1091 2219 con-

382 2230 535 2260 ceduntur.
553 2247 592 2253 -
614 2231 651 2260 Ex
675 2233 867 2263 concessione
889 2233 1089 2264 Messanensis

377 2291 416 2324 (t)
434 2290 533 2318 Adesse
547 2291 660 2326 sigillum
677 2291 830 2326 plumbeum
848 2294 975 2327 pendens,
995 2302 1026 2321 ex
1040 2302 1090 2321 una

344 2330 418 2359 parte
434 2327 589 2362 inscriptum
601 2326 715 2354 habens:
732 2329 843 2353 Sanctus
856 2329 963 2359 ΡιιιιΙυς,
980 2330 1091 2355 Sam—tus

344 2362 452 2392 Petrus‚·
473 2370 504 2387 ex
527 2363 623 2388 altera:
647 2365 742 2388 Lucius
761 2363 834 2395 Ραριι
855 2367 967 2396 teritus,
997 2365 1089 2391 asserit

343 2396 550 2428 Montfoconius,
568 2398 613 2431 qui
631 2398 798 2431 priritegium
815 2401 900 2424 totum
926 2400 1091 2434 transcripsit

343 2438 375 2454 cv.
395 2432 546 2468 apographo
571 2432 680 2458 archivii
707 2433 804 2459 Montis
823 2432 919 2460 Casini.
959 2434 996 2468 (2)
1020 2434 1091 2461 Hanc

344 2463 474 2491 abbatiam
494 2475 506 2491 a
524 2467 654 2501 cuiusque
672 2467 863 2502 archiepiscopi
875 2472 900 2495 et
911 2469 1025 2503 episcopi
1044 2477 1090 2502 po-

345 2502 439 2525 testate
455 2502 549 2539 exemit
569 2502 719 2528 Alexander
736 2503 784 2528 ΡΙ).
804 2503 848 2533 ill,
866 2511 935 2530 anno
950 2505 1025 2536 tti'lt,
1044 2505 1090 2530 tJo-

346 2540 432 2567 naque
447 2543 533 2561 oninia
553 2538 636 2563 videm
653 2537 821 2564 coritirinaxit
841 2538 930 2564 Consi.
945 2540 1088 2571 Erttebim,

345 2568 450 2595 Collect.
470 2569 558 2601 liuius,
579 2577 642 2598 toni.
665 2580 693 2603 ιι,
712 2580 769 2606 pag.
788 2573 847 2599 775.
870 2573 1002 2599 -Edidit
1019 2574 1088 2601 Roc-

345 2610 391 2629 cus
410 2604 508 2635 Pii-rus,
527 2605 595 2631 Sti-it.
615 2607 663 2632 Sat·
679 2627 685 2639 2
697 2612 759 2634 toni.
773 2615 791 2638 i,
805 2607 847 2634 ubi
858 2607 890 2634 de
903 2608 949 2635 liac
965 2609 1088 2636 Ecclesia.

903 265 1089 290 nummulum
1112 264 1272 288 ROMANUM

1161 316 1390 355 archiepiscopi:
1418 332 1457 338 —
1480 314 1519 345 Ex
1547 314 1740 345 concessione
1771 313 1868 343 aretii·

1161 356 1291 395 episcopi
1317 355 1487 394 Riiegytani,
1505 354 1706 384 consentiente
1721 353 1867 392 capitulo:

1159 395 1244 425 —Ex
1255 395 1446 424 concessione
1459 393 1671 424 Bartholomaei
1687 392 1868 431 Agrigentini

1162 435 1302 474 episcopi.
1320 451 1359 456 —
1382 434 1419 463 Ex
1447 433 1583 463 Matthaei
1613 433 1745 472 episcopi
1772 431 1868 461 Maza-

1162 474 1276 506 riensis,
1294 490 1332 496 —-
1348 474 1482 512 Episcopi
1499 473 1707 511 Anglonensis,
1722 488 1761 494 -
1774 470 1808 500 Et
1823 471 1870 501 Bi-

1162 514 1303 543 siniensis
1320 522 1386 542 cum
1406 513 1526 552 capituli
1545 513 1592 542 sui
1616 521 1753 542 assensu.
1780 527 1820 533 -
1840 513 1868 540 ϋ.

1163 553 1244 582 Pallii
1266 562 1335 582 usus
1357 554 1485 592 archiep.
1502 552 1682 582 conceditur.
1705 550 1874 585 —Adtiorff

1164 593 1232 622 tatio
1266 593 1300 621 ad
1320 591 1512 622 Guillelmum
1541 592 1717 629 archiepisc.
1744 598 1777 619 ex
1807 591 1868 628 ipsa

1162 632 1242 671 pallii
1263 633 1454 661 concessione
1479 631 1577 671 petita.
1595 648 1634 653 —
1650 632 1676 665 7.
1696 629 1796 659 Futuri
1819 638 1869 658 ar-

1162 671 1343 710 chiepiscopi
1360 680 1411 709 per
1434 670 1594 700 monachos
1613 670 1762 700 Ecclesiae
1781 668 1870 698 huius

1161 715 1331 741 statuuntur
1343 711 1480 748 eligendi.
1491 727 1530 733 —
1541 711 1567 740 8.
1580 710 1732 750 Decretum
1749 716 1801 746 pro
1812 708 1870 737 im-

1163 751 1304 780 munitate
1328 750 1476 780 Ecclesiae
1496 751 1594 780 liuius.
1616 766 1656 772 —
1676 749 1788 778 Census
1815 757 1870 777 an—

1162 799 1240 820 nuus
1255 789 1323 819 Scdi
1333 790 1432 828 Apost.
1445 789 1667 828 persolvendus.
1678 788 1750 817 —9.
1762 785 1871 817 Solitae

1161 829 1381 859 conclusiones.
1409 845 1447 852 —·
1467 829 1547 858 Lucii
1570 828 1623 858 PP.
1642 832 1669 858 et
1688 828 1716 856 S.
1735 825 1769 856 R.
1792 825 1870 856 Eccl.

1162 869 1356 899 cardinalium
1377 868 1624 908 subscriptiones.

1122 939 1216 968 Lucius
1235 939 1376 975 episeopus
1403 945 1498 967 servus
1523 944 1665 966 servorum
1681 937 1738 970 Dei.
1763 942 1876 965 venera-

1166 984 1215 1012 biti
1240 983 1326 1012 fratri
1350 981 1490 1012 Guillelmo
1513 982 1714 1018 archiepiscopo
1739 981 1876 1010 montore-

1167 1028 1251 1064 galis,
1271 1028 1382 1063 eiusque
1412 1027 1613 1056 successoribus
1642 1027 1768 1055 canonice
1795 1025 1876 1055 insti·

1166 1073 1285 1106 tuendis,
1306 1072 1335 1101 in
1349 1073 1524 1108 perpetuum.

1173 1139 1260 1174 Licet
1290 1138 1448 1173 Dominus
1475 1138 1563 1173 lesus
1588 1137 1736 1173 Christus
1764 1136 1876 1172 Eccle-

1124 1188 1202 1222 siam
1225 1199 1313 1222 suam
1338 1187 1506 1222 instituens
1527 1186 1693 1234 discipulis
1711 1186 1778 1222 suis
1794 1198 1877 1220 eam-

1125 1237 1196 1271 dem
1219 1247 1315 1283 super
1336 1235 1500 1271 credentes
1537 1235 1652 1282 ligandi
1677 1247 1714 1270 ac
1735 1235 1875 1270 solvendi

1125 1285 1246 1320 dederit
1275 1292 1475 1332 potestatem.
1499 1296 1592 1319 unam
1607 1287 1650 1328 (1)
1665 1292 1768 1319 tamen
1784 1284 1813 1318 in
1829 1295 1876 1323 ea,

1127 1335 1252 1369 beatum
1279 1333 1399 1368 scilicet
1426 1334 1554 1369 Petrum
1589 1333 1787 1380 apostolum,
1821 1344 1877 1367 vo-

1128 1384 1184 1418 luit
1211 1383 1425 1430 przeeminere,
1453 1383 1576 1417 dicens:
1612 1381 1660 1416 Tu
1687 1395 1722 1417 cs
1753 1381 1876 1421 Petrus,

1127 1441 1153 1466 ct
1178 1444 1273 1479 snper
1304 1432 1384 1466 lianc
1411 1440 1530 1478 petram
1558 1431 1732 1473 aedificabo
1759 1430 1878 1465 Eccle-

1127 1482 1205 1516 siam
1241 1492 1361 1520 nmam,
1396 1488 1428 1515 et
1465 1481 1690 1527 quodcumque
1734 1480 1878 1526 ligaveris

1128 1542 1223 1577 super
1250 1538 1375 1568 terram,
1403 1529 1459 1564 erit
1488 1530 1615 1575 ligatum
1648 1537 1679 1564 et
1711 1530 1741 1564 in
1764 1528 1877 1571 coelis,

1128 1587 1157 1614 ct
1191 1578 1416 1626 quodcumque
1455 1578 1584 1613 solveris
1618 1590 1713 1625 snper
1744 1586 1878 1620 terram,

1129 1628 1186 1662 crit
1212 1628 1351 1662 solutum
1378 1636 1409 1662 et
1431 1628 1459 1662 in
1484 1627 1581 1662 coelis
1603 1629 1659 1670 (9.).
1697 1626 1879 1672 intelligen-

1129 1677 1203 1711 dum
1227 1688 1263 1711 ex
1286 1677 1346 1711 lioc
1373 1676 1515 1711 tribuens
1543 1675 1690 1711 fidelibus
1712 1676 1878 1715 universis,

1129 1725 1213 1771 quod
1247 1726 1328 1760 sicut
1355 1737 1437 1760 unus
1469 1732 1535 1760 crat
1564 1724 1718 1760 mediator
1752 1724 1809 1759 Dei
1848 1732 1879 1758 et

1131 1774 1293 1808 hominum
1318 1774 1411 1809 homo
1433 1774 1582 1808 Christus
1607 1773 1695 1809 lesus
1710 1773 1878 1821 pacificans

1130 1835 1211 1870 qnae
1238 1823 1267 1857 in
1295 1822 1394 1857 coelis
1426 1831 1514 1857 erant
1536 1831 1567 1857 et
1588 1834 1668 1869 quae
1698 1834 1794 1869 super
1815 1830 1878 1857 ter-

1131 1884 1207 1911 ram,
1234 1880 1263 1906 et
1285 1871 1461 1906 dissolvens
1489 1872 1693 1907 maceriarum
1717 1872 1877 1918 parietem,

1131 1930 1157 1955 et
1187 1921 1306 1955 faciens
1328 1929 1459 1967 utraque
1491 1932 1600 1961 unum,
1626 1920 1671 1955 sic
1700 1928 1730 1955 et
1757 1921 1787 1955 in
1811 1919 1879 1954 Ee-

1131 1970 1222 2004 clesia
1248 1981 1344 2003 unum
1369 1981 1406 2003 ex
1434 1971 1514 2016 ipsc,
1549 1976 1577 2003 et
1602 1980 1657 2015 per
1679 1970 1782 2016 ipsum
1810 1981 1879 2003 om-

1132 2019 1217 2053 nium
1241 2027 1333 2064 caput
1355 2026 1454 2058 esset,
1483 2029 1538 2052 nec
1561 2018 1591 2052 in
1620 2017 1770 2052 memhris
1792 2018 1879 2052 lieret

1134 2067 1193 2102 ulla
1216 2067 1391 2105 diversitas,
1413 2078 1492 2113 quae
1515 2078 1570 2113 per
1597 2067 1690 2101 unius
1711 2068 1879 2101 auctorita-

1134 2125 1193 2150 tem
1217 2123 1247 2149 et
1270 2115 1496 2162 providentiam
1525 2115 1635 2162 capitis
1662 2115 1700 2149 ad
1725 2127 1818 2150 unani
1842 2117 1880 2148 ti-

1133 2165 1180 2199 ‹lei
1211 2165 1386 2204 veritatem,
1414 2164 1556 2198 eamdem
1573 2164 1734 2210 religionis
1746 2164 1879 2198 reduce-

1132 2221 1251 2256 rentur,
1261 2221 1290 2247 et
1302 2212 1420 2247 cultum
1437 2215 1492 2255 (Β).
1505 2212 1597 2254 Quod
1610 2213 1703 2248 etiam
1717 2213 1747 2247 in
1761 2224 1798 2247 eo
1809 2213 1879 2247 loco

1133 2269 1341 2305 monstratur,
1381 2262 1411 2295 in
1439 2274 1502 2309 quo
1528 2269 1559 2296 et
1587 2261 1626 2296 de
1655 2261 1879 2297 contii-mandis

1133 2310 1281 2345 fratribus
1306 2318 1335 2344 et
1358 2309 1399 2345 de
1421 2311 1586 2357 pascendis
1614 2310 1783 2346 dominicis
1810 2311 1878 2344 ori-

1134 2359 1191 2393 bus
1213 2366 1413 2406 praeceptum
1439 2371 1455 2394 a
1477 2359 1614 2395 Domino
1635 2366 1743 2394 nostro
1765 2358 1879 2405 legitur

1132 2408 1159 2442 ei
1182 2407 1305 2442 datum:
1340 2419 1377 2442 ex
1401 2407 1458 2443 hac
1480 2411 1583 2455 itaque
1613 2415 1777 2455 potestate,
1799 2419 1879 2454 quae

1132 2456 1169 2490 ad
1198 2455 1233 2490 B.
1257 2456 1385 2491 Petrum
1400 2468 1436 2492 es
1456 2456 1619 2493 Dominica
1633 2457 1797 2492 traditione
1813 2468 1879 2503 per-

1167 2531 1206 2564 (t)
1222 2529 1340 2557 Forsitan
1358 2531 1405 2565 teg.
1426 2540 1510 2564 upum
1526 2532 1563 2566 (n.
1581 2530 1620 2566 τ.)
1657 2532 1696 2566 (2)
1710 2532 1803 2558 Mattti.
1819 2539 1877 2563 xvi,

1136 2570 1165 2596 18
1185 2575 1210 2596 et
1231 2571 1260 2596 19
1282 2573 1318 2605 (a.
1345 2572 1384 2604 T.)
1421 2572 1460 2607 ἄρ’)
1480 2571 1596 2598 Forsitan
1615 2572 1777 2597 euin‹te7n....
1798 2572 1879 2597 redu·

1133 2614 1238 2636 (victur
1258 2614 1280 2636 et
1297 2612 1406 2637 cultum.
1425 2615 1462 2645 (n.
1480 2618 1495 2636 T
1510 2617 1518 2644 )

1882 262 1932 288 Αη.
1945 259 1974 286 C.
1994 259 2064 291 1185

1922 1152 2040 1174 moratum.

1906 1689 1920 1709 S
1937 1688 1958 1709 ll.
1967 1688 2075 1709 Ecclesiae

1893 1721 2003 1747 primatum
2055 1720 2075 1740 in

1893 1755 1966 1771 omnes
1982 1752 2076 1771 universi

1893 1781 1950 1802 orbis
1968 1780 2076 1802 an-tesius

1893 1811 1972 1839 liquido
1987 1811 2075 1832 ‹temnu-

1893 1845 1979 1863 stratur.
