2129 3223
67 237 120 266 Au.
136 237 167 265 C.
182 237 249 265 ¹26⁷

80 342 186 364 Taberna·

66 372 203 400 nequientem
212 382 215 385 ·

77 633 120 655 Nec
135 635 231 657 choreas.

68 932 97 953 Dc
104 935 246 960 campanario.

70 1424 100 1446 De
115 1425 242 1452 applicatio-

56 1461 84 1476 ne
120 1456 243 1476 innovatio-

56 1491 112 1506 nnm.

897 239 1040 263 CLEMBNS
1067 240 1101 263 lv
1123 240 1171 263 PP.

315 293 372 326 55.
400 291 492 331 Item,
521 291 606 339 quod
629 292 744 328 amodo
770 293 941 328 canonicus
965 293 1009 329 vel

264 341 398 376 clericus
419 341 533 389 aliquis
558 341 658 389 ipsius
679 341 842 378 Ecclesiae
860 343 1011 378 Anicien-

264 391 309 425 sis
336 390 480 426 tabernas
507 402 568 426 non
604 391 709 432 intret,
737 403 795 426 nec
822 391 934 427 domos
966 392 1011 427 eis

264 439 439 486 contiguas,
461 451 553 475 causa
581 440 611 474 in
644 440 690 475 eis
718 440 844 488 potandi
867 453 921 475 seu
949 453 1010 476 co-

263 487 422 533 medendi,
457 489 593 524 maxime
626 501 735 535 mense
772 491 895 537 augusti
925 491 1009 525 iuxta

262 536 395 572 abusum
423 538 600 586 antiquum.

311 588 369 621 54.
396 586 486 626 Item,
513 587 620 633 caligis
642 586 758 631 rubeis,
775 588 907 622 maxime
930 596 1010 622 tem-

262 647 338 682 pore
366 636 514 683 paschali,
541 637 654 684 pannis
681 636 720 671 de
741 637 842 671 serico
864 645 1010 683 transgu-

262 685 331 719 latis
351 697 406 720 seu
437 686 530 720 reatis
557 685 670 721 amodo
692 697 755 720 non
784 694 924 725 utantur,
951 698 1009 721 nec

261 733 373 770 anulos
413 734 538 782 publice
577 735 735 776 deferant,
773 746 831 770 nec
877 735 1008 770 choreas

260 795 330 818 cum
358 783 444 819 laicis
477 792 531 819 aut
557 784 743 819 mulieribus
773 784 888 819 intrare
916 797 1007 832 prae-

260 840 397 867 sumant.

309 883 366 917 55.
391 881 480 927 Item,
507 881 590 929 quod
614 881 665 916 ille
687 882 740 929 qui
772 882 934 917 institutus
960 890 1007 917 est

260 930 297 965 ad
321 930 490 977 pulsandas
516 943 684 978 campanas
706 931 892 978 campanilis
913 932 1005 966 maio-

260 979 302 1014 ris
338 979 500 1015 Ecclesiae
534 989 737 1021 memoratae,
775 992 871 1015 noras
909 981 1003 1015 etiam

259 1037 401 1064 teneatur
428 1029 552 1076 pulsare
579 1041 747 1076 campanas
777 1030 862 1064 lioris
892 1029 1005 1064 debitis

257 1086 287 1112 et
317 1077 442 1122 diebus,
474 1079 557 1114 iuxta
582 1079 681 1125 ipsius
714 1078 874 1113 Ecclesiae
901 1079 1006 1113 obser-

257 1127 391 1162 vantiam
419 1135 450 1162 et
480 1128 646 1163 arbitrium
680 1127 816 1162 duorum
851 1128 1002 1163 honesto—

257 1188 324 1210 rum
347 1177 499 1220 virorum,
525 1189 605 1223 quos
633 1176 671 1211 ad
694 1176 754 1211 lioc
780 1176 898 1211 dictum
922 1178 1004 1224 capi—

257 1225 354 1260 tulum
382 1226 506 1261 duxerit
537 1225 745 1273 deputandos,
780 1226 921 1272 ipsorum
951 1226 1002 1260 ni-

257 1273 428 1310 bilominus
448 1275 590 1319 arbitrio,
612 1275 636 1309 si
660 1275 738 1309 circa
758 1275 818 1309 lioc
839 1275 1003 1322 negligens

256 1332 309 1358 aut
337 1324 462 1359 rebellis
487 1324 633 1362 extiterit,
662 1323 852 1370 puniendus.

306 1375 364 1407 56.
391 1373 481 1412 Item.
509 1373 593 1420 quod
617 1372 817 1408 liberationes
843 1372 1001 1419 superpel-

257 1422 319 1457 licii
346 1423 446 1470 ipsius
477 1422 638 1457 Ecclesiae
671 1419 750 1468 quas
779 1422 924 1456 amittent
950 1434 1002 1456 ca-

257 1471 360 1506 nonici
396 1472 442 1506 vel
477 1472 579 1506 clerici
619 1471 751 1518 quilibet
777 1471 931 1511 eiusdem,
955 1470 1000 1504 vel

255 1520 305 1555 alii
320 1520 350 1554 in
364 1520 569 1567 dignitatibus
585 1521 745 1555 constituti
766 1519 940 1554 incidentes
971 1521 1000 1553 in

256 1581 389 1615 poenam
415 1570 498 1604 iuxta
525 1569 754 1605 ordinationem
783 1570 1000 1616 praemissam,

254 1618 341 1654 chori
365 1619 494 1654 servitio
512 1618 702 1665 deputentur
724 1618 924 1664 recipiendae
948 1630 1002 1664 per

255 1667 336 1712 illos,
373 1668 491 1715 quibus
525 1680 597 1702 cura
639 1667 811 1714 recipiendi
854 1667 1002 1702 denarios

253 1716 347 1752 dictis
367 1717 526 1764 deputatis
548 1716 821 1751 distributionibus
852 1716 1001 1750 commit-

255 1773 351 1800 tetur.
390 1765 607 1800 Liberationes
648 1777 720 1799 vero
756 1765 882 1800 claustri
923 1776 1002 1810 quas

254 1814 396 1850 amittent
429 1815 587 1858 canonici,
628 1814 674 1849 vel
715 1814 746 1848 in
783 1814 1001 1860 personatibus

253 1863 426 1908 constituti,
458 1865 599 1910 ipsorum
628 1862 818 1910 specialibus
850 1862 1001 1897 distribu-

253 1912 394 1948 tionibus
412 1914 621 1960 applicentur.

302 1963 358 1996 57.
395 1962 485 2007 ltem,
519 1961 603 2009 quod
626 1961 832 2008 quicumque,
857 1962 920 1995 sive
949 1973 1001 1996 ca-

252 2016 399 2060 nonicus,
433 2016 498 2050 sive
525 2015 669 2056 clericus,
703 2015 751 2055 vel
783 2015 814 2048 in
848 2014 999 2060 dignitate

251 2081 307 2104 seu
348 2078 516 2117 personatu
556 2068 698 2115 quolibet
737 2069 927 2103 constitutus
968 2068 997 2102 in

253 2135 385 2170 poenam
429 2123 608 2158 amissionis
646 2121 838 2156 liberationis
873 2121 999 2157 claustri

253 2176 300 2212 vel
324 2176 539 2224 super-pellicii
559 2176 591 2210 in
619 2183 685 2210 toto
708 2175 753 2210 rel
782 2175 812 2209 in
833 2183 918 2222 parte
945 2176 1000 2209 in·—

251 2230 362 2265 cidens
401 2230 484 2264 iuxta
522 2229 750 2264 ordinationem
789 2236 998 2275 praesentem,

251 2296 318 2319 eam
341 2295 379 2319 ex
409 2291 492 2318 certa
525 2283 655 2317 scientia
689 2283 841 2330 receperit
864 2295 920 2317 seu
950 2294 999 2317 re-

250 2336 312 2384 cipi
335 2337 451 2378 fecerit,
474 2336 522 2371 vel
550 2344 676 2383 recepto
699 2347 754 2382 pro
770 2336 838 2382 ipso
860 2336 898 2370 ab
925 2335 998 2376 alio,

250 2390 469 2426 liberatoribus
504 2402 565 2424 non
602 2389 786 2429 restituerit,
815 2401 908 2436 quam
932 2389 999 2436 pri-

251 2457 337 2479 murn
360 2443 486 2479 habebit
507 2443 698 2479 certificatus
724 2454 819 2490 super
851 2443 912 2477 hoc
946 2442 998 2476 fa—

251 2498 412 2539 cultatem,
439 2509 477 2532 ex
499 2504 573 2532 tunc
606 2508 662 2544 per
696 2507 836 2530 mensem
872 2495 911 2530 ab
949 2495 999 2529 in-

251 2564 360 2597 gressu
388 2551 548 2586 Ecclesiae
583 2559 613 2585 et
648 2549 851 2597 perceptione
885 2549 998 2583 libera-

251 2605 345 2640 tionis
359 2604 572 2652 superpellicii
586 2604 624 2638 sit
637 2604 704 2651 ipso
720 2603 800 2638 facto
815 2614 998 2649 suspensus‚

1682 231 1751 264 783

1051 303 1081 329 et
1105 295 1161 329 nisi
1181 294 1320 341 legitime
1351 296 1491 332 monitus
1510 296 1689 337 restituerit,
1713 297 1797 331 omni

1051 343 1204 378 beneficio
1232 344 1331 391 ipsius
1354 344 1512 380 Ecclesiae
1533 346 1697 392 spolietur.

1099 394 1156 427 58.
1183 392 1346 428 Praeterea
1370 395 1539 429 statuimus
1560 403 1590 429 et
1612 395 1795 430 auctoritate
1824 406 1919 427 iit-canu·
1955 408 1993 427 eu<

1049 441 1221 487 apostolica
1243 442 1480 484 confirmamus,
1506 444 1589 491 quod
1611 444 1716 479 nullus
1736 444 1794 478 nisi
1810 439 1890 490 5:2¹2?
1919 439 1945 458 ⁸¹⁸
1974 439 1993 459 ¹⁰

1050 491 1239 526 constitutus
1266 492 1296 526 in
1328 493 1425 527 sacris
1456 493 1486 527 in
1513 493 1667 528 decanum
1696 493 1796 528 dictae

1050 538 1211 575 Ecclesiae
1237 541 1335 588 possit
1357 542 1469 576 amodo
1492 542 1562 588 eligi
1585 555 1640 577 seu
1664 543 1795 583 assumi,

1049 600 1107 623 nec
1137 589 1226 625 aliter
1246 590 1340 624 alicui
1367 590 1406 625 dc
1428 591 1496 637 ipso
1529 591 1681 626 decanatu
1712 604 1796 638 apo-

1048 638 1154 673 stolica
1177 651 1232 674 seu
1261 640 1372 686 quavis
1394 640 1577 675 auctoritate
1609 640 1667 675 alia
1698 641 1796 676 valeat

1050 688 1215 732 provideri,
1238 688 1460 734 decernentes,
1477 689 1560 736 quod
1584 701 1676 725 secus
1690 698 1793 724 actum

1048 736 1142 771 fuerit
1164 749 1225 772 non
1249 737 1362 772 valere.

1097 788 1154 820 59.
1176 786 1266 826 Item.
1285 787 1370 834 quod
1394 795 1455 822 tam
1476 786 1573 831 idem,
1591 799 1684 834 quam
1709 799 1794 834 prae·
1818 795 1937 832 *Dignum
1953 796 1993 816 ob-

1047 835 1167 881 positus
1191 835 1332 870 eiusdem
1355 836 1516 871 Ecclesiae
1545 836 1576 870 in
1603 836 1792 880 sacerdotes,
1808 829 1993 879 {Toifflfflussssjssss

1045 883 1173 920 abbates
1196 897 1266 920 vero
1288 885 1465 920 saeculares
1488 885 1518 919 in
1545 885 1713 926 diaconos;
1737 885 1793 919 ha·
1807 893 1979 917 promovemur·

1045 932 1155 968 bentes
1177 934 1289 974 officia,
1317 935 1435 969 scilicet
1462 943 1650 981 praecentor
1671 943 1700 968 et
1723 934 1793 969 tlie-

1045 984 1219 1024 saurarius,
1247 983 1322 1018 soris
1356 983 1466 1019 decani
1496 984 1526 1017 iu
1567 983 1791 1024 subdiaconos,

1045 1031 1098 1077 qui
1134 1045 1216 1067 nunc
1251 1040 1325 1066 sunt
1356 1041 1385 1067 et
1417 1044 1471 1079 pro
1498 1040 1641 1079 tempore
1664 1032 1791 1073 suerint,

1044 1081 1110 1115 sine
1132 1081 1290 1116 dilationis
1317 1082 1420 1116 medio
1441 1082 1566 1116 statutis
1596 1081 1792 1128 temporibus

1045 1128 1157 1164 faciant
1180 1131 1366 1176 promoveri,
1385 1130 1523 1177 alioquin
1547 1142 1714 1178 quousque
1732 1130 1792 1165 ad·

1045 1178 1255 1224 impleverint,
1287 1179 1506 1225 dignitatibus,
1540 1179 1650 1214 officiis
1677 1187 1707 1214 et
1734 1179 1791 1214 he-

1044 1228 1164 1262 ueficiis
1187 1228 1376 1271 huiusmodi,
1408 1240 1446 1263 eo
1479 1229 1549 1275 ipso
1581 1228 1644 1263 sint
1667 1229 1792 1275 penitus

1043 1277 1202 1323 suspensi.
1226 1277 1318 1319 Quod
1347 1277 1372 1312 si
1403 1278 1644 1325 suspensionem
1679 1278 1791 1312 buius-

1044 1326 1126 1360 modi
1163 1338 1220 1372 per
1245 1338 1299 1361 sex
1334 1338 1459 1361 menses
1482 1326 1701 1367 sustinuerint,
1732 1327 1790 1373 ipsi

1043 1386 1098 1409 eos
1124 1387 1193 1410 esse
1229 1376 1368 1422 privatos
1393 1376 1550 1418 volumus,
1586 1387 1621 1410 ea
1651 1387 1688 1410 ex
1717 1384 1790 1409 tunc

1044 1435 1151 1458 vacare
1183 1424 1390 1459 decernentes
1421 1425 1550 1459 omnino
1576 1436 1631 1471 per
1657 1436 1723 1464 eos,
1751 1425 1788 1459 ad

1042 1484 1122 1519 quos
1148 1481 1270 1519 spectat
1293 1473 1417 1508 illorum
1445 1472 1602 1508 ordinatio
1634 1485 1690 1508 seu
1724 1473 1791 1508 col-

1043 1522 1126 1565 latio,
1149 1522 1246 1558 libere
1275 1522 1460 1568 ordinanda,
1483 1530 1534 1557 aut
1562 1523 1655 1557 etiam
1675 1522 1790 1558 conse—

1043 1571 1148 1605 reuda.

1091 1621 1147 1654 60.
1171 1620 1261 1664 Item,
1276 1620 1359 1667 quod
1377 1621 1482 1655 nullus
1498 1620 1672 1655 canonicus
1689 1620 1789 1655 maior
1815 1628 1837 1649 ln
1857 1630 1924 1664 ξεστῇς
1944 1635 1986 1649 non

1042 1669 1148 1713 viginti
1168 1670 1307 1716 quinque
1325 1671 1416 1704 aunis
1434 1677 1600 1716 postquam
1616 1681 1672 1716 per
1693 1670 1787 1716 quin·
1801 1661 1987 1717 ῗέςῖζζζζζᾛῖρῖἶ

1041 1719 1214 1764 quennium
1247 1718 1418 1753 canonicus
1452 1719 1588 1752 extiterit
1626 1717 1786 1754 Ecclesiae
1801 1722 1861 1772 ¹⁰⁰1ss
1880 1726 1921 1740 ¹¹⁰⁰
1947 1726 1981 1740 '⁰'

1041 1767 1251 1813 supradictae,
1283 1766 1367 1802 Sede
1399 1767 1558 1802 Aniciensi
1581 1775 1721 1811 vacante,
1748 1757 1840 1802 abun
1857 1759 1869 1772 ¹'

1042 1816 1109 1861 ipso
1130 1816 1267 1863 capitulo
1289 1815 1484 1863 ubicumque
1506 1816 1611 1858 fuerit,
1643 1816 1681 1851 ad
1715 1817 1786 1851 ele-

1041 1865 1177 1900 ctionem
1201 1873 1328 1899 vocetur
1348 1865 1500 1912 episcopi,
1529 1865 1588 1900 nisi
1622 1865 1659 1900 ad
1682 1877 1787 1900 sacros

1041 1914 1168 1949 ordines
1191 1922 1364 1961 promotus,
1388 1926 1443 1948 nec
1467 1926 1504 1948 ex
1534 1914 1594 1949 lioc
1617 1915 1716 1961 possit
1738 1914 1787 1948 di·

1041 1975 1111 1998 cere
1133 1976 1166 1999 se
1188 1971 1416 2010 contemptum.
1445 1963 1493 1997 Ad
1513 1975 1582 1998 eam
1601 1971 1705 1998 tamen
1734 1975 1787 1998 ve—

1041 2013 1131 2047 niens
1153 2012 1342 2048 admittatur.

1090 2066 1147 2096 6¹.
1176 2062 1267 2101 ltem,
1301 2073 1376 2096 sane
1404 2073 1475 2096 cum
1503 2073 1600 2108 super
1631 2073 1705 2096 cura
1732 2073 1785 2096 ca·
1813 2066 1866 2108 ⁸2th
1894 2069 1985 2118 campis

1041 2112 1227 2146 nonicorurn
1250 2111 1401 2157 ipsorum,
1423 2123 1459 2144 ac
1485 2111 1726 2145 constitutorum
1754 2111 1783 2144 in
1799 2103 1942 2148 ξὲᾟῑςςῗω
1963 2104 1982 2117 ¹'

1042 2160 1260 2206 personatibus
1281 2172 1336 2194 seu
1359 2159 1561 2205 dignitatibus
1583 2160 1785 2206 quibuscum-

1040 2222 1113 2256 que,
1142 2221 1263 2244 necnon
1292 2208 1477 2243 clericorum
1516 2208 1737 2255 quorumlibet
1755 2216 1783 2241 et

1040 2258 1226 2293 familiarum
1257 2260 1396 2304 ipsorum
1419 2265 1484 2291 orta
1507 2257 1606 2292 suerat
1631 2257 1785 2291 dubitatio

1041 2308 1140 2353 longis
1163 2306 1362 2353 temporibus
1383 2307 1557 2346 retroactis,
1585 2306 1663 2340 adeo
1688 2313 1720 2340 ut
1746 2317 1785 2340 ex

1040 2356 1098 2390 boc
1121 2368 1207 2390 error
1227 2356 1357 2402 quidam
1382 2367 1442 2389 non
1466 2355 1584 2401 absque
1609 2355 1783 2389 animarum

1040 2406 1179 2452 ipsorum
1220 2404 1361 2451 periculo
1402 2404 1574 2450 procedere
1619 2404 1784 2446 videretur,

1039 2455 1216 2494 statuimus,
1253 2460 1285 2487 ut
1311 2452 1452 2487 decanus
1488 2453 1587 2499 ipsius
1612 2452 1783 2491 Ecclesiae,

1038 2504 1091 2550 qui
1116 2514 1200 2537 nunc
1223 2509 1282 2542 est,
1305 2509 1335 2535 et
1357 2513 1414 2548 pro
1438 2510 1578 2548 tempore
1600 2501 1706 2545 fuerit,
1727 2514 1785 2535 cu-

1039 2564 1102 2586 ram
1131 2552 1272 2598 ipsorum
1300 2551 1455 2594 omnium,
1490 2562 1612 2584 necnon
1640 2551 1784 2594 aliorum,

1038 2613 1117 2647 quae
1134 2600 1170 2635 ad
1194 2599 1349 2646 hospitale
1367 2599 1482 2635 Beatae
1504 2599 1620 2634 Mariae
1641 2599 1783 2634 eiusdem

1815 241 1865 268 An.
1885 239 1913 267 C.
1929 241 1995 268 ¹267
