2129 3223
141 251 192 277 An.
209 250 238 277 C.
256 249 322 276 tio'i

389 238 457 270 708

930 240 1030 265 BULLA
1036 239 1117 263 num
1139 237 1302 262 nonnum!

338 302 506 341 orationes
533 306 564 334 et
600 297 658 333 alia
692 296 870 332 devotionis
901 304 930 330 et
964 295 1085 343 pietatis
1125 297 1247 328 urbanus
1261 296 1402 334 episeopus
1420 303 1517 326 servus
1534 303 1674 326 servorum
1688 296 1744 330 Dei,
1764 297 1874 327 dilectis

339 368 458 405 opera,
493 353 596 389 taliter
625 364 659 387 se
694 350 843 386 studeant
877 361 1085 398 praeparare,

338 402 421 459 quod
446 408 540 443 huius
562 405 778 465 pretiosissimi
806 404 1000 440 Sacratuenti
1024 415 1086 437 mc-

338 471 467 499 reamur
489 461 553 497 fieri
582 459 753 508 participes
774 458 825 494 illa
847 458 910 500 die,
947 458 1086 516 possint-

338 529 400 565 que
427 517 529 564 ipsum
557 514 721 561 suscipere
743 520 930 552 reverenter,
953 524 987 546 ac
1018 510 1085 545 eius

339 572 451 606 virtute
473 576 703 616 augumentum
725 566 877 614 consequi
904 566 1084 614 gratiarffum

386 625 460 674 54.
493 623 559 660 Nos
593 623 678 658 enim
712 620 932 657 christifideles
959 619 995 654 ad
1032 630 1086 653 co-

158 682 242 708 ¹‘¹¹¹”¹¹¹‘
233 687 275 703 ⁰¹¹
279 687 304 703 ⁸
339 679 467 714 lendum
495 686 615 713 tantum
637 676 752 712 festum
787 683 817 710 et
851 673 1085 711 celebrandum,

139 720 184 734 0³1ss

139 749 201 766 tsbis,

210 714 280 734 cetetr
284 719 323 734 a-tt

337 733 431 768 donis
454 731 594 767 volentes
620 728 838 778 spiritualibus
859 728 1010 768 animare,
1022 739 1088 761 om-

338 786 432 822 nibus
453 797 524 821 vere
544 783 780 834 poenitentibus
800 790 829 818 et
850 782 1015 825 confessis,
1032 781 1085 829 qui

337 839 515 875 matutinali
550 838 653 874 officio
676 837 745 872 festi
773 836 927 876 eiusdem,
962 836 994 870 in
1033 846 1088 870 ec—

336 893 430 929 clesia
459 893 490 928 in
524 904 585 940 qua
623 891 709 927 idem
743 890 953 926 celebrabitur
991 889 1087 924 inter-

337 947 463 991 fuerint,
499 954 640 987 centum;
675 945 728 993 qui
769 956 840 980 vero
879 944 1010 984 missae,
1039 951 1088 978 to-

337 1002 456 1043 tidem,
497 1000 549 1048 qui
576 1008 679 1035 autem
713 1000 743 1033 in
768 998 877 1045 primis
907 998 991 1045 ipius
1020 996 1086 1032 sesti

337 1055 475 1102 vesperis
493 1053 702 1093 interfuerint,
716 1052 861 1088 similiter
879 1059 1019 1092 centum3
1034 1051 1086 1098 qui

338 1121 410 1144 vero
433 1109 464 1143 in
486 1107 648 1151 secundis,
676 1105 819 1144 totidenn
847 1105 908 1140 illis
935 1104 1087 1152 vero,qui

336 1163 468 1211 primae,
496 1162 617 1205 tertiae,
639 1169 755 1201 sextae,
773 1171 873 1195 nonae
894 1171 931 1194 ac
953 1159 1090 1205 comple-

336 1216 408 1251 torii
442 1215 552 1250 officiis
596 1213 814 1257 interfuerint,
858 1225 913 1260 pro
951 1211 1089 1259 qualibet

339 1270 486 1304 horarum
515 1269 667 1316 ipsarum,
690 1267 906 1315 quadraginta,
935 1266 995 1301 illis
1032 1278 1089 1301 au·

339 1331 413 1368 tem,
436 1324 487 1370 qui
514 1334 567 1369 per
594 1330 718 1357 octavas
740 1321 823 1355 illius
847 1321 927 1361 festi,
962 1321 1089 1356 matuti-

337 1375 476 1420 nalibus,
514 1376 714 1423 vespertinis,
757 1375 868 1409 missae
897 1386 932 1409 ac
966 1374 1089 1421 praedi-

338 1438 458 1467 ctarum
479 1430 626 1465 horarum
650 1429 761 1464 officiis
789 1427 998 1468 interfuerint,
1019 1440 1090 1463 cen-

339 1493 404 1520 tum
440 1484 520 1524 dies,
564 1482 697 1529 singulis
731 1490 909 1517 octavarum
951 1482 1087 1528 ipsarum

339 1538 462 1579 diebus,
491 1538 520 1572 in
543 1536 766 1582 omnipotentis
787 1534 846 1571 Dei
875 1535 1090 1571 misericordia

339 1603 374 1627 ac
396 1591 559 1626 beatorum
591 1589 805 1637 apostolorum
843 1589 910 1624 eius
943 1589 1026 1624 Petri
1060 1597 1090 1624 et

337 1644 429 1680 Pauli
463 1645 647 1680 auctoritate
687 1643 823 1686 confisi,
864 1643 902 1678 de
942 1643 1091 1678 iniunctis

339 1699 397 1733 sibi
423 1697 624 1745 poenitentiis
648 1696 832 1732 relaxamus.

389 1751 504 1788 Datum
527 1759 581 1787 etc.
605 1754 661 1795 (1).

560 1813 661 1843 Datum
686 1821 762 1842 anno
789 1811 873 1842 1264.

678 1995 749 2031 XX.

344 2081 547 2126 Pricz'leqium
569 2079 687 2113 abbatis
714 2077 957 2123 congregacionis
983 2088 1094 2110 ιηοηα-

393 2135 518 2170 chorum
544 2133 662 2167 Montis
694 2132 843 2176 Virginis,
867 2131 985 2164 ordinis
1008 2131 1095 2164 San-

394 2190 433 2223 cti
454 2187 635 2227 Benedicti,
668 2186 772 2221 utendi
804 2186 896 2218 mi'tra
917 2211 924 2222 ,
961 2184 1093 2223 baculo,

395 2243 596 2277 benedictione
616 2241 753 2277 solemni,
776 2246 801 2272 ee
823 2239 893 2272 aliis
924 2238 1095 2283 pontifica-

396 2299 473 2331 libus
495 2297 548 2339 (2).

617 2370 829 2403 SUMMARIUM

349 2436 515 2468 Exordium.
532 2452 570 2459 —-
596 2437 621 2465 1.
640 2433 752 2464 Causae
771 2434 859 2464 dandi
879 2432 1032 2473 privilegii.
1059 2446 1097 2452 —

389 2481 416 2512 Ξ.
439 2479 637 2519 Privilegium.
655 2495 694 2502 —
710 2477 874 2508 Clausulae.

386 2543 425 2578 (l)
446 2542 510 2569 Vide
530 2541 696 2578 Raynaldum
721 2540 752 2568 ed
770 2540 839 2567 hunc
858 2546 968 2571 annum,
994 2541 1019 2564 et
1045 2538 1096 2564 Pa-

351 2587 422 2622 gium
438 2587 463 2613 in
483 2587 541 2614 Vita
558 2586 666 2614 Urbani.
706 2585 745 2621 (2)
766 2585 830 2612 Vide
849 2591 918 2619 quae
938 2581 1096 2618 praeposui-

354 2638 412 2659 mus
429 2630 538 2659 Constit.
567 2630 645 2658 huius
664 2628 798 2657 pontificis
818 2628 887 2659 vtlt.
905 2635 962 2664 pag.
982 2626 1043 2654 otiu.

1169 346 1235 376 filiis
1252 346 1346 376 abbati
1375 347 1404 375 et
1421 345 1565 375 conventui
1583 343 1742 376 monasterii
1776 346 1874 376 montis

1170 395 1289 432 virginis
1307 396 1342 425 ad
1359 395 1432 424 Ram.
1451 394 1520 424 Eeel.
1535 395 1610 424 nullo
1629 395 1716 424 medio
1740 395 1873 432 pertinen.

1171 445 1275 475 ordinis
1292 445 1317 474 s.
1336 444 1471 474 Benedicti
1484 444 1626 474 Aveuanae
1644 444 1783 479 dioecesis.
1800 443 1875 474 salu·

1169 495 1227 524 tem
1244 495 1275 524 et
1292 494 1469 531 apostoticam
1482 494 1707 523 benedictionem.

1176 566 1316 602 Ecclesia
1350 566 1492 601 Romana
1532 565 1615 601 velut
1647 565 1871 612 circumspecta

1127 624 1226 651 mater
1259 624 1290 651 et
1327 615 1466 661 provida,
1500 614 1668 650 nonnullas
1714 614 1875 651 Ecclesias

1129 673 1287 712 tamquam
1311 665 1390 700 filias
1413 664 1618 712 praedilectas
1645 663 1816 699 maioribus
1835 664 1875 699 ef·

1128 713 1185 749 fert
1211 714 1395 754 honoribus,
1418 725 1548 749 munere
1575 713 1734 761 praevenit
1759 714 1876 759 gratiae

1129 763 1272 810 potioris,
1294 772 1324 798 et
1350 762 1538 811 gratioribus
1559 762 1689 809 insignit
1707 762 1802 797 titulis
1827 763 1876 798 di-

1128 813 1293 859 gnitatum,
1317 821 1349 847 ut
1370 813 1451 847 sicut
1472 813 1644 848 venustatis
1680 819 1712 846 et
1747 812 1876 860 sapien-

1130 862 1190 897 tiae
1216 862 1308 902 filiae,
1336 862 1368 896 in
1390 863 1497 897 matris
1518 860 1729 896 obedientiam
1756 868 1786 896 et
1826 872 1877 897 re-

1130 912 1298 946 verentiam
1338 923 1464 958 semper
1505 919 1666 958 promptae
1703 909 1877 946 habeantur

1129 959 1283 996 ferventes
1316 968 1347 996 et
1367 960 1526 995 studiosae
1547 958 1586 994 ad
1609 959 1711 1006 ipsius
1740 960 1875 1001 servitia,

1129 1009 1326 1056 beneplacita
1348 1017 1378 1044 et
1406 1008 1560 1044 mandata.

1178 1058 1198 1106 g
1225 1063 1252 1093 1.
1275 1058 1356 1094 Cum
1373 1058 1468 1105 igitur
1482 1058 1709 1093 monasterium
1727 1064 1876 1102 vestrum,

1130 1115 1249 1154 utpote,
1276 1109 1357 1143 sicut
1377 1120 1394 1143 a
1418 1107 1477 1142 fide
1491 1107 1594 1154 dignis
1616 1107 1808 1152 accepimus,
1826 1107 1876 1155 pia

1130 1157 1279 1204 religione
1305 1157 1526 1205 conspicuum,
1548 1163 1578 1191 ct
1599 1168 1615 1192 a
1650 1156 1796 1192 fidelibus
1818 1168 1877 1204 po-

1131 1207 1213 1253 pulis
1239 1206 1361 1241 illarum
1389 1206 1525 1254 partium
1554 1205 1773 1241 venerabiliter
1807 1205 1877 1241 fre-

1129 1264 1313 1303 quentatum
1330 1268 1364 1291 ac
1387 1263 1598 1303 perspectum,
1611 1255 1728 1302 ipsum,
1740 1267 1778 1290 ex
1791 1266 1878 1302 prae-

1130 1305 1267 1360 rogativa
1299 1305 1443 1352 specialis
1469 1304 1647 1340 dilectionis
1678 1312 1709 1340 et
1745 1304 1877 1350 gratiae,

1130 1354 1319 1391 sinceritatis
1342 1354 1475 1389 brachiis
1496 1353 1723 1401 amplexamur.
1757 1353 1878 1388 Vestris

1131 1411 1258 1451 propter
1284 1403 1344 1438 hoc
1370 1403 1544 1438 honoribus
1571 1410 1601 1437 et
1622 1402 1821 1438 utilitatibus·
1838 1403 1878 1437 li-

1129 1453 1242 1488 benter
1269 1452 1476 1496 intendimus,
1503 1461 1666 1499 sperantes
1687 1464 1742 1487 vos
1771 1450 1877 1487 haberi

1131 1502 1281 1549 deinceps
1309 1503 1339 1536 in
1361 1502 1564 1548 Apostolicae
1585 1500 1678 1536 Sedis
1705 1500 1835 1548 obsequ
1830 1500 1877 1541 iis,

1131 1563 1169 1586 ex
1202 1551 1354 1598 impensis
1397 1550 1484 1585 vobis
1520 1550 1751 1597 acceptioribus
1782 1550 1821 1585 ab
1842 1562 1878 1585 ea

1131 1600 1307 1644 beneficiis,
1323 1600 1453 1634 lionoris
1470 1607 1500 1633 et
1518 1599 1636 1646 gratiae
1655 1599 1876 1647 promptiores.

1180 1649 1255 1696 §2-
1288 1649 1353 1684 Nos
1391 1649 1495 1695 itaque
1529 1648 1569 1683 ob
1603 1648 1803 1683 devotionem
1839 1649 1876 1684 B.

1132 1698 1247 1732 Mariae
1273 1697 1412 1744 Virginis
1438 1697 1603 1743 gloriosae,
1630 1698 1662 1732 iu
1696 1697 1787 1732 cuius
1818 1697 1877 1732 ho-

1133 1759 1209 1782 nore
1236 1746 1353 1781 dictum
1378 1747 1605 1782 monasterium
1626 1755 1674 1782 est
1700 1746 1878 1786 fundatum

1135 1796 1246 1831 vestris
1272 1795 1558 1843 supplicationibus
1595 1796 1759 1840 inclinati,
1788 1808 1879 1831 usuni

1134 1846 1257 1889 mitrae,
1280 1845 1395 1889 baculi,
1426 1845 1524 1886 anuli,
1567 1845 1755 1886 sandalium,
1777 1845 1881 1881 chiro-

1133 1895 1308 1934 thecarum,
1336 1895 1479 1938 tunicae,
1514 1894 1718 1936 dalmaticae;
1749 1894 1881 1930 benedi—

1134 1945 1237 1980 ctione
1259 1944 1392 1979 solemni
1422 1943 1460 1979 ad
1484 1943 1648 1991 populum,
1684 1943 1880 1980 ordinatione

1134 1994 1294 2029 minorum
1329 1993 1488 2034 ordinum,
1523 1993 1716 2040 indulgentia
1749 1993 1882 2040 quadra-

1133 2043 1217 2089 ginta
1240 2043 1374 2084 dierum3
1402 2042 1588 2078 benedicere
1608 2043 1699 2077 etiam
1721 2043 1836 2079 calices
1852 2051 1883 2078 et

1135 2092 1239 2127 omnia
1262 2092 1319 2127 alia
1342 2100 1524 2128 ornamenta
1546 2092 1767 2132 ecclesiastica,
1784 2101 1815 2127 et
1835 2104 1882 2127 co·

1135 2153 1288 2189 gnoscere
1315 2141 1355 2178 de
1383 2141 1580 2177 matrimonio
1610 2141 1692 2177 inter
1723 2141 1881 2182 vassallos,

1138 2193 1168 2226 in
1210 2191 1324 2238 quibus
1359 2190 1481 2226 habetis
1513 2190 1711 2238 spiritualia,
1747 2190 1814 2231 tibi,
1841 2190 1881 2225 titi

1136 2239 1244 2282 abbas,
1263 2249 1294 2276 et
1307 2239 1545 2276 successoribus
1563 2248 1625 2274 tuis
1639 2251 1670 2274 m
1696 2247 1882 2287 perpetuum

1137 2293 1229 2337 (quos
1251 2290 1354 2337 potius
1375 2290 1500 2337 signitis
1524 2288 1688 2325 intendere
1723 2288 1883 2335 cupimus,

1137 2339 1310 2375 dummodo
1351 2339 1407 2374 tibi
1433 2346 1465 2374 et
1487 2338 1607 2374 eisdem
1644 2337 1883 2374 successoribus

1137 2392 1188 2433 sit,
1217 2405 1303 2428 more
1324 2405 1359 2428 ac
1388 2392 1482 2428 modo
1508 2391 1624 2432 debito,
1647 2402 1764 2425 munus
1786 2390 1885 2426 bene-

1138 2447 1283 2483 dictionis
1321 2448 1510 2495 impensum,
1537 2453 1567 2481 et
1589 2452 1618 2480 te
1649 2457 1686 2480 ac
1719 2456 1773 2480 eos
1806 2457 1884 2480 con-

1138 2508 1197 2536 stet
1219 2502 1351 2537 existere
1379 2500 1567 2542 sacerdotes)
1589 2498 1773 2534 auctoritate
1800 2511 1885 2545 prae-

1139 2555 1277 2590 sentium
1300 2554 1502 2591 concedimus
1528 2553 1566 2588 de
1589 2552 1686 2599 gratia
1708 2551 1847 2599 speciali.

1188 2613 1203 2652 ἕ
1225 2611 1257 2644 5.
1281 2607 1364 2644 Nulli
1391 2619 1464 2655 ergo
1497 2606 1625 2642 omnino
1658 2605 1822 2641 homiuum
1843 2605 1883 2642 li-

1886 238 1935 265 An.
1952 237 1982 265 C.
2002 237 2068 265 1263

1920 575 1972 597 axo:
1980 577 2037 596 lium-

1903 1066 1955 1088 Caus
1963 1072 1983 1088 «ο
2011 1067 2073 1088 dandi

1889 1097 2001 1126 privilegii.

1914 1657 2056 1683 privilegium.

1930 2613 2049 2637 mantnt-0.
