2129 3223
2 1479 9 1507 m„
0 1364 9 1469 ·>-v·‹v-.
0 1342 3 1349 -

0 2307 15 2334 Ψ
0 2237 18 2297 ..Ὗ-Ἀ
0 2069 18 2237 'W’J-vtje
7 2052 12 2058 ψ
0 1918 22 2037 ’,ν-ομ,
0 1780 13 1915 ovs-un..
0 1760 13 1769 >A
5 1728 9 1729 ,

9 2570 15 2576 .
0 2471 21 2525 ‚³31⁴
0 2436 14 2455 .’.

82 233 133 263 An.
150 234 182 262 C.
196 235 261 263 ΗΜ

884 233 1091 258 ῙΝΝΟΕΕΝΪΙΕΕ
1112 233 1145 257 tv
1167 233 1215 256 Pr.

275 302 357 325 mus.
381 289 507 327 Grande
527 302 544 324 a
570 289 694 324 caelesti
717 289 866 336 collegio,
893 289 931 324 de
952 288 1019 324 col-

276 338 363 386 legae
385 339 458 374 novi
483 339 653 380 consortio,
667 338 715 384 agi
731 338 844 374 festum
869 338 1018 374 exultanti

273 389 379 425 animo
412 388 610 424 nunciamus.
638 387 763 423 Gaudet
797 387 923 436 quidem
959 388 1019 423 Ec-

273 438 380 483 clesia,
413 449 447 473 se
474 437 584 478 talem,
611 450 646 472 ac
679 446 798 473 tantum
834 437 1019 485 produxisse

273 487 392 528 filium,
426 489 480 535 qui
515 487 593 522 alios
633 499 738 522 sacrae
773 487 1019 522 conversationis

272 536 416 584 exemplo
435 536 559 584 dirigat,
586 544 616 572 et
635 545 783 584 percepto
801 537 860 572 iam
884 537 1020 571 beatitu-

272 586 354 621 dinis
380 586 530 633 praemio,
557 585 676 621 firmam
711 598 801 633 spem
824 587 870 621 eis
903 586 1019 621 tribuat

273 636 312 670 de
332 635 443 671 salute.
471 635 619 671 Laetatur
635 636 784 670 nimirum
807 648 841 671 se
861 643 923 670 tam
937 636 1018 670 clara

273 684 382 720 sobole
403 684 567 730 illustrata,
594 697 674 741 quae
696 684 791 732 digno
812 685 851 720 ab
873 686 1019 721 omnibus

241 724 443 770 attollenda
465 737 652 782 praeconio,
687 744 717 769 et
749 735 858 770 devota
886 747 1017 770 veneta-

273 785 358 820 tione
376 784 518 829 colenda,
540 783 705 820 manifeste
727 784 874 827 declarat,
896 784 932 819 ad
949 785 1019 820 hae-

273 833 410 869 reditatis
435 842 581 869 aeternae
615 834 816 881 participium
844 833 1018 869 admitten-

272 883 345 924 dos,
371 884 426 932 qui
454 884 555 931 ipsam
589 892 719 919 matrem
752 884 928 919 Ecclesiam
958 884 1018 919 fide

270 945 307 969 ac
328 945 423 981 opere
444 933 646 981 profitentur,
673 942 703 968 et
730 933 861 968 nullos'
855 946 886 968 in
909 946 1018 981 supet-

270 995 343 1019 nam
366 995 458 1031 posse
479 983 630 1030 gloriam,
658 982 716 1018 nisi
742 995 797 1030 per
823 995 908 1024 eam,
937 991 1018 1018 tam-

316 1044 365 1068 am
379 1032 468 1079 regni
490 1033 648 1068 coelorum
662 1032 859 1079 clavigeram,
876 1033 1015 1067 introire

301 1081 394 1118 audet
418 1082 562 1118 coelestis
597 1081 700 1117 Patria
740 1081 854 1117 nobilis
895 1082 1017 1117 liabita-

269 1131 347 1167 toris
371 1131 518 1176 adventu,
540 1139 768 1180 expertumque
799 1132 945 1167 colonum
981 1132 1017 1166 fi-

270 1181 321 1217 dei
343 1181 409 1217 suis
430 1181 544 1217 incolis
559 1181 680 1216 noviter
696 1180 837 1215 adunari.
865 1180 1017 1216 Exultant

270 1230 354 1267 cives
380 1230 532 1266 coelestes
565 1230 604 1265 dc
636 1230 768 1266 celebris
798 1231 1016 1277 aggregatione

269 1280 420 1321 concivis,
442 1280 481 1316 de
503 1279 660 1326 condigno
687 1280 764 1315 coeli
793 1288 936 1315 consorte
956 1293 1017 1314 nu-

270 1341 326 1377 per
347 1330 425 1378 ipsis
445 1329 551 1365 habito
573 1329 710 1378 psallunt
727 1330 845 1365 Sancti.
867 1329 1016 1376 Exurgite

270 1380 366 1426 igitur
389 1388 421 1415 et
443 1392 497 1415 vos
522 1379 594 1414 fidei
617 1379 777 1420 zelatores,
804 1387 833 1414 et
861 1392 922 1414 una
942 1392 1015 1414 cum

269 1428 409 1465 Ecclesia
435 1428 533 1464 Matre
560 1437 666 1464 nostra
694 1428 850 1463 laetamini
876 1428 915 1464 de
942 1442 1015 1464 ma·-

269 1478 451 1525 gnificentia
472 1487 503 1514 et
529 1479 720 1514 exultatione
748 1477 923 1513 confratris.
959 1478 1016 1513 Af-

269 1528 356 1564 fluite
376 1528 504 1576 gaudio,
526 1537 556 1563 et
581 1541 669 1576 spem
691 1536 790 1563 tutam
808 1528 959 1563 assumite
977 1529 1014 1563 de

269 1578 456 1625 coindigena
483 1587 689 1618 terrenorum,
712 1577 792 1613 facto
813 1578 1013 1625 compatriota

269 1627 465 1664 coelestium.
486 1627 632 1663 Exultate
647 1628 764 1674 ingenti
780 1627 908 1668 laetitia,
930 1628 1013 1675 quod

270 1678 411 1714 novellus
433 1678 520 1713 vobis
546 1677 630 1725 apud
655 1677 757 1712 Deum
785 1685 936 1725 patronus
957 1690 1012 1712 ac—

270 1728 377 1772 crevit,
403 1728 456 1776 qui
479 1727 566 1762 adest
599 1739 702 1762 coram
732 1727 800 1774 ipso
829 1738 885 1774 pro
915 1727 1013 1762 salute

271 1785 376 1814 nostra
403 1776 547 1825 placidus
571 1777 769 1812 intercessor.

319 1827 340 1876 S
366 1830 398 1862 1.
425 1826 474 1862 En
495 1839 541 1873 siq
547 1826 650 1861 uidem
673 1825 709 1860 B.
736 1825 942 1860 Eadmundus
963 1839 1013 1861 ar—

89 1881 109 1903 θ-
144 1881 172 1904 Β
174 1875 490 1926 dmun⁶1chiepiscopus
505 1875 741 1911 Cantuariensis
758 1875 923 1911 salubriter
941 1888 1015 1922 pen-

72 1913 170 1936 virtutes.

271 1939 354 1968 sans,
375 1927 414 1962 ad
441 1925 587 1961 factorem
615 1938 707 1961 sunm
730 1925 879 1960 facturam
900 1924 1012 1961 affectu

270 1974 362 2024 dirigi
384 1975 532 2021 naturali,
553 1983 761 2022 naturamque
781 1975 948 2022 collapsam
965 1987 1013 2010 re-

271 2034 443 2071 paratorem
465 2025 580 2061 debere
597 2036 831 2072 recognoscere,
850 2025 1011 2072 proprium

269 2074 448 2112 Creatorem
482 2084 512 2111 et
542 2074 786 2130 Redemptorem
817 2086 911 2109 sunm
937 2074 1014 2110 affe-

269 2134 378 2162 ctuose
398 2137 434 2161 ac
452 2124 594 2160 studiose
615 2124 776 2172 quaesivit.
798 2123 914 2159 Rectae
929 2137 1013 2159 nam

268 2187 331 2224 que
357 2175 540 2211 intentionis
572 2175 678 2210 lumen
706 2173 864 2218 baiulans,
900 2173 971 2208 ad
966 2188 1013 2221 ip-

269 2237 338 2261 snm
360 2225 567 2274 perfectorem
594 2236 725 2280 ope1um
748 2223 899 2270 processit
924 2236 1012 2270 gres—

267 2274 356 2311 sibus
381 2275 502 2318 salutis,
536 2274 678 2309 semitam
705 2273 774 2308 aliis
795 2281 826 2307 et
846 2273 1012 2320 splendore

270 2324 350 2361 vitae
375 2337 412 2362 ac
437 2324 597 2360 doctrinae
617 2323 755 2358 claritate
781 2321 1009 2358 demonstrans.

268 2372 361 2410 Unde
385 2374 499 2410 horum
537 2373 650 2417 trium,
682 2372 862 2407 intentionis
899 2384 1011 2419 purae,

270 2423 395 2471 perfecti
429 2424 550 2472 operis,
580 2432 609 2458 et
644 2422 720 2456 recti
747 2422 901 2457 sermonis
930 2421 1011 2456 dulci

270 2473 453 2518 concordia,
479 2472 564 2508 velut
585 2471 763 2507 delectabili
788 2470 922 2518 psallens
954 2472 1013 2506 tri-

271 2522 384 2570 pudio,
415 2523 516 2558 tribus
548 2522 706 2565 hostibus,
733 2532 843 2561 carne,
880 2520 1012 2565 mundo,

270 2572 433 2614 daemone,
466 2573 578 2607 virtute
608 2570 856 2626 perseverantiae
882 2582 1013 2617 supera·

269 2622 325 2664 tis,
361 2621 456 2670 digne
489 2621 623 2663 meruit,
658 2632 746 2656 verae
768 2619 858 2665 fidei,
884 2631 1013 2655 securae

1683 222 1752 255 525

1036 288 1122 335 ‘spei
1158 296 1188 323 et
1211 287 1344 323 fervidae
1372 287 1529 323 charitatis
1560 288 1695 323 ternario
1724 288 1802 322 insi-

1057 339 1175 385 gnitus,
1215 349 1357 372 summae
1395 337 1556 372 Trinitatis
1591 349 1679 374 arce.
1720 345 1801 372 trino

1058 387 1246 431 electorum,
1280 387 1432 433 virginum
1465 387 1602 427 seilicet,
1635 387 1802 422 continen-

1058 437 1148 476 tium,
1173 445 1203 472 et
1229 436 1464 482 coniugatorum
1486 437 1595 472 ordine
1622 446 1800 484 praeparata

1059 486 1157 534 palma
1188 486 1332 521 victoriae
1358 486 1512 521 honorari.

1107 535 1127 584 S
1153 537 1185 570 Ξ.
1208 535 1331 570 Etenim
1356 544 1388 569 ut
1406 535 1444 569 de
1466 535 1531 571 suis
1549 535 1669 570 actibus
1682 535 1800 584 aliquid

1059 585 1218 629 dicamus,
1257 585 1330 620 licet
1356 585 1455 631 ipsius
1489 585 1566 625 vita,
1593 597 1656 631 quo
1678 585 1801 632 plenius

1058 636 1243 682 exponitur,
1270 647 1307 670 eo
1335 634 1476 669 relatoris
1508 635 1613 680 gustui
1641 635 1710 681 plus
1729 634 1802 669 dut-

1058 692 1173 724 cescat,
1207 684 1370 731 magisque
1397 683 1531 718 delectet
1563 684 1684 719 animos
1709 683 1801 719 audi-

1060 743 1178 775 torum,
1210 733 1249 769 ab
1270 734 1360 769 annis
1389 733 1505 768 teneris
1531 733 1646 768 Filium
1669 733 1726 768 Dei
1749 742 1801 768 te·-

1058 796 1132 819 nere
1165 783 1314 830 diligens,
1353 795 1424 819 eum
1461 782 1662 829 postmodum
1694 791 1801 818 tenere

1058 833 1151 869 corde
1178 845 1239 868 non
1275 833 1386 873 desiit,
1421 833 1494 881 qnia
1531 833 1635 879 ipsum
1669 832 1801 868 tenellae

1059 883 1172 918 mentis
1193 882 1316 918 tabulae
1338 882 1418 930 stylo
1445 890 1545 918 rectae
1574 881 1800 918 consideratio-

1058 933 1106 968 nis
1139 933 1309 979 inscripsit.
1352 932 1503 974 Quinimo
1539 940 1658 980 quanto
1690 933 1800 967 maiori

1059 982 1189 1038 profecit
1215 990 1325 1023 aetate,
1359 991 1444 1017 tanto
1466 981 1596 1028 pleniori
1620 982 1802 1028 cognitione

1057 1032 1087 1066 in
1109 1044 1247 1068 amorem
1270 1031 1339 1067 eius
1365 1032 1488 1066 exarsit.
1511 1030 1552 1066 Et
1567 1043 1604 1066 ne
1626 1030 1728 1066 fervor
1741 1033 1802 1079 spi—

1058 1082 1135 1116 ritus
1166 1094 1241 1116 suae
1268 1081 1372 1116 carnis
1406 1081 1640 1126 extingueretur
1673 1081 1799 1122 ardore,

1057 1131 1110 1166 sed
1145 1131 1381 1166 mortificatione
1417 1131 1522 1177 potius
1553 1130 1799 1174 accenderetur,

1058 1181 1157 1228 ipsius
1189 1180 1304 1215 assidui
1331 1192 1399 1215 eam
1421 1181 1587 1227 asperitate
1608 1179 1700 1214 cilicii
1722 1180 1800 1214 edo-

1057 1242 1163 1271 mans,
1197 1230 1266 1265 eius
1287 1229 1428 1274 libitum,
1461 1237 1562 1264 arctae
1593 1228 1800 1264 abStinentiae

1057 1279 1188 1314 nexibus
1209 1279 1355 1326 alligavit,
1378 1287 1412 1314 ut
1437 1290 1501 1314 non
1523 1291 1582 1314 suo
1603 1278 1696 1313 ducta
1718 1289 1800 1321 voto,

1056 1329 1109 1363 sed
1137 1329 1265 1375 spiritus
1291 1328 1460 1369 voluntate,
1487 1328 1526 1363 ad
1549 1328 1629 1362 licita
1651 1336 1716 1363 tute
1735 1341 1802 1376 per-

1055 1386 1158 1424 geret,
1193 1387 1224 1412 et
1260 1378 1387 1426 provide
1416 1378 1455 1412 ab
1481 1377 1599 1413 illicitis
1619 1377 1798 1413 declinaret

1055 1428 1133 1463 Nam
1157 1427 1305 1463 districtis
1328 1440 1442 1474 corpus
1469 1427 1633 1462 maceravit
1657 1427 1800 1473 ieiuniis,

1055 1478 1256 1525 antiquorum
1279 1478 1494 1512 observantiae
1519 1488 1671 1512 novorum
1696 1487 1801 1513 auste-

1056 1527 1191 1571 ritatem,
1218 1539 1299 1574 quae
1329 1527 1452 1562 sibimet
1480 1528 1549 1574 ipse
1573 1526 1656 1561 idem
1678 1527 1801 1563 indixe-

1056 1585 1119 1617 rat,
1146 1576 1377 1624 superaddens,
1405 1577 1479 1611 dum
1506 1576 1728 1612 deliciosorum
1752 1578 1801 1612 ci-

1055 1626 1164 1662 borum
1197 1626 1404 1662 oblectatione
1432 1626 1597 1673 despecta,
1631 1626 1799 1663 resectione

1054 1685 1221 1711 contentus
1247 1676 1434 1717 humilium,
1466 1677 1682 1711 communium
1717 1678 1799 1711 ieiu—

1055 1726 1177 1761 niorum
1200 1726 1395 1773 temporibus
1409 1738 1425 1761 a
1445 1726 1605 1773 permissis
1625 1727 1718 1761 etiam
1741 1727 1797 1762 ele·

1053 1776 1096 1822 git
1119 1776 1260 1810 ieiunare
1281 1775 1424 1820 cibariis,
1450 1783 1481 1809 et
1502 1775 1596 1810 certis
1618 1776 1746 1823 insuper
1767 1777 1797 1811 in

1056 1825 1249 1860 bebdomada
1272 1825 1383 1860 diebus
1402 1825 1536 1873 amplius
1553 1825 1720 1861 abstinere.
1743 1825 1800 1861 So-

1055 1875 1117 1909 mni
1140 1887 1267 1923 quoque
1295 1875 1498 1920 prolixitatem
1522 1874 1644 1919 odiens,
1670 1876 1798 1911 diutur-

1054 1924 1102 1959 nis
1130 1925 1255 1960 vacabat
1275 1924 1407 1971 vigitiis,
1435 1937 1635 1972 excussoque
1663 1934 1797 1972 torpore,

1053 1975 1184 2009 orationi
1219 1974 1329 2009 sedulo
1355 1974 1525 2010 insistebat.
1558 1974 1682 2010 Cubilis
1713 1976 1796 2011 enim

1053 2032 1156 2071 spreta
1183 2024 1331 2065 mollitie,
1366 2036 1405 2059 ne
1433 2025 1540 2072 requie
1567 2024 1695 2060 delicata
1723 2025 1797 2060 len-

1053 2082 1203 2115 tesceret,
1230 2073 1313 2108 illam
1347 2074 1498 2109 membris
1535 2074 1715 2121 indulgebat
1749 2076 1797 2109 ia-

1052 2123 1152 2158 cendo
1174 2124 1323 2171 quietem,
1348 2132 1382 2158 ut
1407 2123 1493 2158 brevi
1515 2136 1627 2171 sopore
1651 2124 1794 2164 refectus,

1053 2173 1196 2220 protinus
1217 2181 1377 2220 surgeret,
1405 2185 1501 2220 seque
1522 2172 1795 2220 genuflexionibus

1053 2230 1083 2257 et
1103 2222 1296 2257 orationibus
1322 2222 1441 2258 diutius
1462 2221 1634 2268 deputaret.
1662 2222 1712 2257 Ab
1734 2223 1795 2256 ini-

1052 2273 1095 2306 tio
1121 2281 1224 2307 autem
1242 2272 1359 2306 viarum
1383 2283 1511 2306 suarum
1533 2272 1578 2307 sic
1606 2272 1723 2307 munde
1739 2284 1795 2307 us—

1052 2333 1113 2369 que
1155 2322 1185 2356 in
1228 2320 1321 2356 finem
1361 2320 1505 2355 incedere
1540 2320 1673 2361 studuit,
1711 2322 1794 2369 quod

1053 2371 1169 2405 mundo
1195 2372 1290 2405 vitato
1313 2368 1445 2414 lubrico,
1474 2371 1503 2404 in
1527 2370 1627 2405 lutum
1654 2382 1715 2405 non
1738 2371 1795 2405 de-

1052 2421 1152 2455 fluens
1173 2419 1349 2467 voluptatis,
1382 2419 1555 2454 munditiae
1582 2420 1681 2455 nitore
1705 2433 1794 2467 prae-

1052 2469 1148 2504 fulsit.
1189 2468 1274 2511 Quid
1310 2469 1468 2516 amplius?
1505 2469 1649 2504 contrivit
1687 2468 1794 2517 fragile

1052 2520 1153 2555 carnis
1191 2517 1369 2558 vasculum,
1409 2528 1441 2554 ut
1475 2519 1507 2553 in
1543 2530 1580 2553 eo
1611 2519 1793 2555 thesaurum

1051 2569 1173 2605 animae
1203 2568 1262 2604 sibi
1290 2567 1443 2604 creditum
1471 2568 1594 2604 cautius
1625 2581 1794 2605 conserva-

1054 2627 1108 2654 tet.
1153 2617 1270 2654 Doctor
1304 2629 1374 2653 xero
1408 2617 1600 2666 praeclarus,
1640 2631 1676 2654 ac
1702 2631 1793 2668 prae-

1816 233 1866 259 An.
1887 230 1915 258 C.
1931 229 1998 257 ΠΜ
