2129 3223
63 295 114 325 An.
135 296 163 324 C.
178 297 245 324 ¹2¹5

261 353 510 400 provenientium
527 353 565 388 de
584 360 711 394 senatu,
727 353 765 388 de
793 354 921 390 fratrum
943 366 1000 389 no-

257 412 392 439 strorum
414 402 548 439 consilio
569 402 774 449 obligavimus
797 403 914 438 tamdiu
937 411 998 438 tam

257 465 274 488 a
300 460 330 488 te
363 463 455 500 quam
479 452 541 487 tuis
578 452 767 488 haeredibus
793 453 998 488 detinendum

257 501 358 537 donec
377 501 531 549 praedicta
548 502 681 549 pecunia
698 501 765 543 tibi,
787 502 834 537 vet
856 503 901 537 eis
916 511 999 538 esset

259 552 378 597 integre
400 552 555 599 persoluta
584 563 622 586 ex
649 559 723 587 tunc
757 552 794 586 ad
821 551 996 587 Romanam

257 600 428 636 Ecclesiam
451 600 549 637 libere
582 610 790 636 reversurum.
828 600 872 636 Ne
894 610 995 637 autem

65 649 242 702 {gssn‘ffiffi‘ssffll’ffj
256 650 281 685 si
297 649 415 685 tructus
430 662 510 698 quos
523 661 560 686 ex
579 650 687 686 eodem
703 658 805 686 castro
820 651 997 698 perciperes

59 711 112 732 mbo
149 717 242 733 conces·
256 707 437 748 computare
459 701 616 747 cogereris
639 701 669 735 in
703 708 829 741 soi-tem,
861 700 930 748 plus
957 700 995 736 ad

59 747 102 763 '¹¹¹²'
255 749 506 792 incommodum,
537 762 630 797 quam
664 750 867 786 commodum
906 760 994 785 tuum

254 798 330 834 baec
361 799 513 843 obligatio
547 799 749 844 redundaret,
775 800 822 835 vel
849 800 875 834 si
910 800 994 834 aliud

253 848 370 884 faceres
396 861 451 897 pro
483 850 646 897 temporali
676 849 783 890 lucro,
802 850 923 884 animae
945 850 996 883 di-

252 898 416 945 spendium
451 899 619 945 patereris,
652 911 723 934 cum
758 900 800 934 sis
835 899 995 946 obsequiis

250 948 367 983 nostris
393 948 424 984 in
447 948 666 984 Marescalciae
688 948 791 984 officio
814 948 994 996 deputatus,

249 997 444 1044 praedictum
473 1005 609 1034 castrum
645 998 698 1033 tibi
734 1008 892 1046 tamquam
921 1011 994 1034 ma-

249 1052 387 1088 rescalco
408 1060 514 1088 nostro
529 1052 568 1088 de
583 1053 674 1088 solita
688 1052 781 1088 Sedis
796 1053 994 1100 Apostolicae

248 1104 390 1141 libertate
420 1108 650 1146 concessimus:
678 1108 718 1141 ita
757 1115 873 1148 tamen,
907 1108 991 1154 quod

248 1158 324 1194 haec
345 1170 449 1196 nostra
467 1161 630 1197 concessio
646 1173 704 1195 nec
726 1160 828 1203 nobis,
845 1173 902 1205 nec
919 1173 993 1196 suc-

248 1213 429 1249 cessoribus
444 1215 559 1250 nostris
577 1215 802 1262 praeiudicium
818 1222 992 1260 generaret,

248 1268 419 1314 quominus
455 1269 531 1304 illud
570 1269 753 1315 recolligere
792 1269 969 1304 valeremus
985 1297 992 1310 ‚

249 1321 342 1357 teudo
364 1330 466 1358 tamen
485 1330 537 1358 tua
560 1324 622 1358 vita
637 1322 779 1358 durante.
803 1322 884 1358 Cum
900 1323 993 1369 igitur

249 1372 305 1411 tibi
328 1376 572 1423 persolverimus
588 1377 751 1424 pecuniam
770 1385 992 1424 praetaxatam,

248 1439 277 1466 et
300 1437 332 1464 tn
351 1429 441 1465 nobis
459 1430 629 1477 legitimam
651 1430 867 1465 refutationem
883 1431 993 1466 feceris

247 1496 345 1531 super
364 1496 412 1523 ea,
430 1497 470 1519 ne
484 1497 579 1532 super
594 1484 686 1519 feudo
705 1484 774 1531 ipso
791 1492 918 1532 propter
932 1486 992 1521 hoc

247 1537 349 1574 valeas
362 1537 533 1580 molestari,
550 1538 625 1574 illud
642 1538 699 1573 tibi
715 1538 798 1573 iuxta
814 1539 991 1586 praedictae

246 1592 462 1641 concessionis
483 1600 624 1628 tenorem
654 1593 837 1628 auctoritate
864 1601 991 1640 aposto-

246 1647 304 1694 lica
339 1646 575 1687 confirmamus,
608 1655 638 1682 et
674 1648 848 1694 praesentis
883 1649 990 1696 scripti

247 1700 420 1748 patrocinio
442 1702 687 1737 communimus.

294 1753 380 1789 Nulli
402 1766 476 1801 ergo
498 1763 563 1796 etc„
585 1755 802 1790 concessionis
828 1765 857 1791 et
879 1757 991 1792 contir-

82 1808 198 1830 ⁶¹¹u⁵²¹'³“
245 1807 394 1844 mationis
414 1817 481 1849 etc„
503 1822 596 1855 usque
618 1809 829 1844 incursurum.

293 1862 410 1898 Datum
425 1861 569 1898 Laterani
591 1871 679 1897 sexto
702 1864 772 1898 idus
792 1863 882 1907 iunii,
911 1877 990 1912 pon-

246 1917 382 1952 tificatus
409 1917 506 1952 nostri
528 1929 609 1951 anno
631 1917 878 1965 decimoquinto.

285 1972 388 2003 Datum
407 1974 453 2003 dIe
472 1974 489 2003 8
511 1974 585 2004 iunii
612 1974 694 2011 1213,
713 1979 790 2014 pont.
813 1985 888 2006 anno
908 1986 950 2006 xv.

17 1419 23 1427 ·
12 1311 45 1394 213³ss
11 1183 46 1277 =2'-·
19 1063 23 1067 ¹

518 2131 719 2168 LXXXVIII.

249 2207 449 2253 Confirmatio
492 2208 641 2242 bonorum
686 2221 722 2242 ac
761 2211 992 2255 privilegiorum

295 2259 443 2292 conoessio
469 2259 653 2291 monasterio
674 2259 707 2291 S.
733 2260 857 2293 cosmae
878 2261 914 2293 de
940 2261 990 2293 Vi-
1012 2271 1013 2275 ¹

295 2308 430 2346 covart'o,
464 2308 546 2352 quod
579 2309 633 2341 sub
660 2310 825 2352 apostolica
849 2311 992 2355 recipitur

293 2357 478 2401 protectione
491 2358 517 2399 (t
528 2360 546 2398 ).

513 2425 726 2456 StjatttARtUM

248 2491 435 2523 Prooequm.
456 2509 496 2515 -—
517 2492 723 2523 Monasterium
743 2492 798 2522 sub
822 2490 850 2523 S.
874 2494 906 2524 A.
926 2503 993 2533 pro-

289 2537 413 2567 tectione
430 2538 563 2576 suscipit:
581 2554 620 2560 —
636 2537 762 2576 Suisque
778 2538 807 2567 in
826 2538 910 2569 bonis
926 2544 994 2569 eon-

289 2582 394 2611 srrmnt.
416 2597 456 2603 —-
485 2581 639 2621 Privilegia
672 2582 812 2612 nonnulla
843 2583 992 2622 elargitur.

288 2641 328 2648 —
342 2625 451 2656 Solitne
472 2626 632 2657 clausulae.

289 2686 329 2721 (t)
344 2687 382 2713 Ex
398 2687 498 2720 natuz„
516 2688 600 2723 Epist.
621 2687 679 2714 120.

852 298 1062 322 IN‘NOCENTII'S
1083 298 1120 321 III
1144 299 1191 321 nt’.

1667 292 1736 325 267

1041 358 1212 387 Innocentius
1230 358 1370 395 episcopus
1395 367 1489 389 servus
1508 367 1648 390 servorum
1670 361 1725 395 Dei.
1740 362 1785 389 ab·

1084 402 1143 431 bati
1167 403 1257 432 sancti
1276 404 1383 433 cosmae
1406 406 1438 434 de
1457 405 1594 435 Vlcovarto
1607 406 1717 443 eiusque
1729 404 1785 436 fre·

1085 448 1175 476 tribus
1191 449 1247 477 tam
1267 450 1455 484 praesentibus
1485 457 1563 486 quam
1581 451 1683 481 tuturis
1707 457 1784 488 regn·

1084 493 1170 522 larem
1186 493 1271 522 vitam
1290 493 1431 529 professis.
1456 495 1483 524 tn
1503 497 1672 533 perpetuum.

1087 551 1243 593 Quotiens
1266 551 1442 599 postulatur
1463 565 1480 588 a
1503 554 1605 599 nobis,
1626 556 1711 603 quod
1735 564 1784 592 re-

1038 600 1145 648 ligioni
1170 607 1201 636 et
1222 601 1376 636 honestati
1392 603 1557 639 convenire
1575 605 1782 651 dignoscitur,

1037 650 1143 685 animo
1174 662 1232 685 nos
1272 650 1363 686 decet
1389 651 1496 687 libenti
1528 654 1725 699 concedere,
1751 665 1781 691 et

1038 699 1121 734 iuxta
1139 700 1311 746 petentium
1327 700 1518 737 voluntatem
1535 712 1779 741 consentaneum

1038 749 1149 784 rationi
1183 761 1359 796 congruum
1397 751 1579 797 suffragium
1616 755 1778 801 impertiri.

1036 798 1080 833 Ea
1105 806 1242 846 propter,
1265 799 1370 834 dilecti
1387 800 1418 835 in
1439 800 1573 836 Domino
1591 803 1656 843 lilii,
1670 806 1780 841 vestris

1036 848 1129 883 iustis
1140 848 1404 895 postulationibus
1417 851 1587 887 clementer
1598 855 1778 898 annuimus,

1036 905 1065 932 et
1099 899 1322 934 monasterium
1355 899 1458 946 ipsum
1492 900 1596 937 Sancti
1633 902 1778 950 Cosmae,

1035 947 1117 995 quod
1145 947 1184 982 ad
1207 948 1254 983 ius
1288 956 1318 983 et
1343 949 1563 997 proprietatem
1591 951 1671 988 beati
1694 953 1778 990 Petri

1035 997 1213 1044 specialiter
1235 998 1378 1044 pertinet,
1412 999 1450 1034 ad
1485 1002 1645 1049 exemplar
1681 1003 1778 1040 felicis

1035 1048 1206 1082 memoriae
1218 1047 1388 1082 Coelestini
1402 1048 1505 1096 Papae
1527 1052 1778 1098 praedecessoris

1035 1097 1132 1131 nostri
1155 1096 1212 1131 sub
1249 1096 1329 1131 beati
1358 1097 1442 1132 Petri
1469 1107 1498 1133 et
1534 1108 1638 1137 nostra
1672 1112 1777 1149 prote-

1014 1141 1137 1180 letione
1171 1146 1373 1192 suscipimus,
1409 1155 1439 1182 et
1462 1151 1635 1196 praesentis
1668 1154 1776 1200 scripti

1014 1193 1016 1219 l
1035 1195 1200 1242 privilegio
1226 1196 1470 1232 communimus.
1493 1197 1528 1233 In
1551 1200 1662 1246 primis
1674 1203 1776 1249 siqui-

1013 1238 1016 1282 Ι
1035 1244 1105 1279 dem
1127 1252 1310 1283 statuentes,
1334 1253 1366 1280 ut
1397 1246 1474 1282 ordo
1496 1249 1689 1286 monasticus
1709 1259 1775 1291 otc..

1013 1283 1016 1329 l
1034 1307 1126 1339 usque
1148 1294 1262 1329 illibata
1290 1304 1503 1340 permaneant,
1518 1298 1548 1332 in
1565 1299 1683 1345 quibus
1698 1300 1776 1336 haec

1013 1380 1014 1384 Ἰ
1034 1352 1098 1383 etc,
1120 1355 1213 1389 usque
1230 1344 1400 1379 vocabulis.
1414 1345 1532 1381 Locum
1549 1348 1652 1394 ipsum
1668 1350 1698 1384 in
1713 1363 1775 1398 quo

1013 1391 1206 1439 Jpraefatum
1231 1394 1454 1429 monasterium
1490 1397 1583 1432 situm
1623 1407 1670 1433 est
1703 1412 1774 1435 cum

1012 1434 1014 1505 ι’
1034 1441 1181 1477 omnihus
1202 1443 1400 1489 pertinentiis
1417 1444 1495 1489 suis,
1507 1445 1639 1482 Sanctae
1661 1448 1776 1485 Mariae

1033 1490 1072 1526 de
1094 1491 1303 1535 Marcianello‚
1325 1492 1430 1527 Sancti
1458 1493 1542 1529 Petri
1577 1496 1616 1531 de
1638 1497 1775 1543 Ferrata,

1033 1540 1166 1576 Sanctae
1188 1541 1304 1576 Mariae
1331 1542 1369 1577 de
1397 1542 1587 1591 Cantalupo‚
1609 1554 1640 1581 et
1668 1546 1774 1584 Sancti

1032 1590 1145 1625 Felicis
1166 1590 1327 1631 ecclesias,
1350 1604 1422 1627 cum
1442 1595 1589 1630 omnibus
1621 1598 1774 1644 pertinen-

1012 1640 1083 1674 'tiis
1116 1641 1192 1679 suis,
1227 1641 1275 1675 ius
1296 1641 1379 1687 quod
1415 1642 1536 1678 habetis
1570 1645 1601 1679 in
1635 1647 1775 1683 ecclesiis

1032 1689 1137 1724 Sancti
1152 1690 1375 1733 Salvatoris,et
1389 1691 1494 1727 Sancti
1511 1693 1628 1729 Nicolai
1643 1695 1683 1730 de
1694 1696 1775 1732 Can-

1032 1739 1150 1785 talupo‚
1186 1740 1349 1774 ecclesiam
1385 1740 1490 1776 Sancti
1518 1743 1628 1790 Angeli
1656 1745 1772 1781 Rocca.

1033 1788 1064 1822 In
1100 1788 1263 1824 Vicovario
1296 1789 1458 1825 ecclesiam
1495 1791 1627 1828 Sanctae
1660 1795 1773 1831 Luciae

1032 1850 1102 1872 cum
1120 1838 1318 1884 pertinentiis
1331 1841 1409 1879 suis,
1424 1841 1587 1877 ecclesiam
1603 1842 1709 1879 Sancti
1731 1845 1773 1881 Ia-

1033 1887 1132 1921 nuarii
1159 1887 1198 1922 de
1212 1887 1379 1924 Catiuiano
1397 1902 1468 1924 cum
1485 1893 1681 1938 pertinentiis
1697 1896 1773 1936 suis,

1032 1936 1195 1972 ecclesiam
1229 1937 1363 1975 Sanctae
1392 1939 1554 1987 Eugeniae
1577 1955 1648 1977 cum
1673 1945 1775 1991 perti-

1011 1994 1012 1999 *
1032 1986 1158 2031 tientiis,
1177 1987 1320 2035 quinque
1335 1988 1479 2025 denarios
1497 1991 1674 2038 papienses,
1696 2002 1775 2041 quos

1010 2026 1013 2096 Ξ
1032 2047 1049 2070 a
1072 2037 1261 2071 monasterio
1293 2037 1400 2073 Sancti
1423 2038 1598 2077 Clementis
1618 2041 1774 2078 Tiburtini

1010 2098 1013 2138 ᾗ
1032 2086 1198 2133 percipere
1225 2086 1358 2131 debetis,
1382 2089 1515 2124 casalem
1537 2089 1650 2127 Cerriti
1673 2092 1775 2133 Plani,

1011 2139 1014 2182 ζ
1032 2141 1063 2169 et
1084 2136 1215 2170 casalem
1235 2137 1265 2170 in
1280 2136 1474 2173 Martianello
1492 2151 1562 2174 cum
1580 2141 1776 2187 pertinentiis

1011 2183 1013 2195 ¹
1033 2185 1114 2225 suis;
1137 2184 1175 2219 ad
1198 2185 1274 2220 haec
1296 2187 1475 2227 statuimus,
1492 2197 1524 2223 ut
1551 2189 1630 2223 idem
1659 2203 1775 2226 mona-

1033 2234 1162 2269 sterium
1188 2243 1325 2270 vestrum
1349 2237 1424 2271 nulli
1448 2238 1507 2272 nisi
1525 2234 1670 2273 Romano
1693 2239 1776 2274 Pon-

1033 2283 1107 2318 tifici
1130 2284 1170 2318 sit
1196 2284 1387 2329 subiectum,
1409 2298 1467 2321 nec
1485 2287 1523 2321 ab
1545 2300 1581 2322 eo
1606 2289 1774 2336 quicquam

1032 2331 1071 2366 ab
1092 2333 1154 2367 alio
1175 2333 1280 2381 aliquo
1307 2335 1421 2369 clerico
1443 2347 1497 2369 seu
1519 2336 1599 2371 laico
1621 2339 1776 2384 exigatur,

1011 2411 1014 2432 ¹
1033 2390 1163 2428 excepto
1186 2395 1249 2417 uno
1272 2384 1414 2430 prandio,
1437 2385 1520 2431 quod
1544 2385 1722 2433 Tyburtiuo
1739 2399 1776 2422 e—

1012 2433 1014 2472 i
1034 2431 1164 2478 piscopo
1177 2443 1247 2465 cum
1262 2439 1382 2479 septem
1394 2441 1513 2468 tanturn
1528 2436 1671 2481 personis
1679 2436 1775 2472 semel

1012 2473 1014 2531 Ι
1034 2481 1065 2514 in
1077 2480 1205 2523 anno‚si
1223 2481 1326 2528 ipsum
1342 2481 1379 2516 ad
1398 2484 1621 2518 monasterium
1637 2493 1774 2521 vestrum

1012 2535 1015 2576 l
1034 2529 1112 2564 forte
1121 2530 1225 2564 venire
1234 2530 1408 2577 contigerit,
1422 2532 1616 2578 persolvetis.
1631 2533 1774 2571 Cbrisma

1011 2577 1119 2631 Ινειό,
1146 2577 1260 2614 Oleum
1295 2589 1438 2615 sanctum
1472 2589 1539 2626 etc„
1573 2596 1665 2629 usque
1690 2586 1774 2633 quod

1012 2634 1016 2700 Ι
1036 2627 1210 2675 postulatur
1240 2630 1409 2676 impendat.
1445 2630 1610 2667 Praeterea
1644 2643 1777 2681 quatuor

1012 2701 1016 2742 ἐ
1034 2677 1214 2712 molendina
1233 2678 1271 2714 de
1289 2679 1407 2719 precis,
1422 2692 1500 2727 quae
1522 2682 1631 2718 sedent
1647 2683 1676 2719 in
1696 2683 1776 2727 pede

1803 302 1852 329 An.
1869 301 1898 327 C.
1917 303 1982 329 ¹213

1825 565 1955 588 Prommium.

1808 808 1954 831 stan-uterium

1795 841 1830 861 suh
1839 840 1858 861 S.
1868 841 1890 862 Α.
1901 846 1975 868 prote-

1794 872 1863 892 ctione
1880 873 1974 899 suscipitt

1802 1356 1890 1384 Snisque
1906 1359 1925 1378 in
1935 1358 1971 1379 be-

1790 1389 1822 1408 nis
1837 1388 1954 1409 coufirmat.

1797 2585 1908 2607 Psintena
1921 2592 1972 2605 nnn·-

1789 2617 1844 2638 nutta
1863 2617 1971 2643 elui-giturv
