2129 3223
134 309 182 337 An.
201 306 229 335 C.
248 306 315 335 ¹192

147 1122 300 1144 canctustoncs

149 1159 154 1173 t
211 1153 317 1175 clnttsulue

135 1187 259 1205 consuetae.

149 1555 265 1577 coelestim
279 1553 318 1575 PP.

137 1656 157 1672 et
178 1651 197 1672 S.
221 1650 242 1671 lt.
263 1650 319 1672 Eccl.

159 1682 296 1702 cadim-'tium

137 1711 313 1738 subscriptiones,

379 295 425 330 82

329 360 446 395 riorum
488 367 550 394 tres
572 358 684 393 uncias
705 355 868 392 Ecclesiae
890 355 971 390 beati
997 354 1081 390 Petri

329 413 533 452 concesserit,
544 413 611 460 ipse
619 411 660 447 de
670 411 804 447 consilio
813 410 941 446 fratrum
954 420 1082 444 suorum

329 466 368 501 de
395 478 506 501 novem
532 466 634 501 unciis
655 465 827 501 earundem
863 464 1057 500 oblationum
1074 489 1083 507 ,

330 533 410 568 quae
428 520 503 555 Sedi
519 519 722 568 Apostolicae
735 526 966 558 remanserunt,
985 516 1083 560 vobis,

329 582 360 609 ct
389 585 443 621 per
471 585 525 608 vos
553 573 715 609 Ecclesiae
750 571 950 620 supradictae
987 582 1082 606 unam

330 629 456 662 unciam
500 626 600 671 dedit,
636 627 793 662 concessit
828 626 857 660 in
881 633 1083 673 perpetuum,

330 688 359 714 et
401 680 547 720 firmavit,
594 681 743 715 detractis
788 688 894 715 tamen
921 678 1084 715 consuetis

331 735 490 781 expensis,
512 745 591 781 quas
617 733 683 768 fieri
707 733 863 780 oportebit
895 744 950 780 pro
985 731 1084 779 ipsius

306 805 317 812 ·
332 788 461 823 modulo
483 787 676 835 quantitatis.
699 786 765 822 Nos
787 798 860 822 vero
896 787 996 834 ipsius
1030 797 1084 820 ve-

331 843 437 890 stigiis
459 842 672 879 inhaerentes,
691 848 753 875 tam
776 839 1034 875 constitutionem
1055 846 1084 874 et

333 897 573 932 concessionem
597 894 714 943 palatii,
742 906 836 942 quam
859 894 952 929 etiam
985 893 1080 928 dona·

332 951 450 986 tionem
475 951 586 986 unciae
610 950 709 997 ipsius
725 957 822 984 ratam
851 947 1020 993 habemus,
1054 955 1085 983 et

332 1017 401 1041 eam
428 1004 541 1040 suturis
563 1003 759 1051 temporibus
787 1001 933 1037 illibatam
958 1014 1085 1037 manere

332 1059 502 1095 sancimus.

380 1112 591 1148 Decernimus
613 1123 686 1158 ergo
709 1119 743 1145 ut
767 1110 844 1145 nulli
873 1110 1004 1145 omnino
1027 1110 1085 1145 ho-

334 1168 454 1203 minum
482 1166 573 1202 liceat
590 1174 643 1201 etc.

382 1221 497 1257 Datum
528 1219 671 1256 Laterani
716 1232 770 1268 per
806 1232 934 1257 manum
962 1216 1085 1266 AEgidii

333 1275 439 1312 Sancti
462 1274 581 1310 Nicolai
603 1275 635 1309 in
669 1274 803 1311 Carcere
836 1275 983 1311 Tulliano
1016 1275 1084 1309 dia-

333 1331 404 1366 coni
425 1328 607 1373 cardinalis,
634 1334 659 1364 tt
693 1340 791 1364 nonas
832 1329 978 1370 ianuarii,
1003 1329 1086 1367 indi÷

334 1385 435 1420 ctione
462 1395 496 1428 x,
519 1383 742 1419 incarnationis
764 1382 939 1418 dominicae
982 1385 1085 1424 1192,

334 1438 534 1486 pontificatus
553 1449 626 1472 vero
648 1437 767 1472 domini
791 1436 965 1472 Coelestini
982 1436 1085 1484 Papae

335 1490 377 1526 ΙΙΙ
397 1503 480 1527 anno
506 1503 528 1526 1.

383 1544 456 1580 Eoo
478 1543 702 1581 Comum-vs
720 1544 891 1581 catholicae
923 1544 1086 1580 Ecclesiae

335 1600 517 1646 episcopus.

384 1653 452 1699 Ego
474 1652 610 1688 Albinus
636 1651 829 1688 Albanensis
850 1653 1033 1700 episcopus.

383 1707 453 1755 Ego
474 1706 608 1743 Ioannes
634 1706 860 1743 Praenestinus
882 1708 1064 1755 episcopus.

382 1761 451 1808 Ego
476 1788 482 1796 .
514 1788 519 1795 .
546 1788 552 1796 .
585 1789 592 1796 .

382 1813 452 1861 Ego
475 1841 482 1848 .
512 1841 518 1848 .

384 1873 453 1921 Ego
474 1873 608 1910 Ioannes
629 1874 675 1908 tit.
704 1873 813 1909 Sancti
835 1873 972 1910 loannis.

385 1932 453 1980 Ego
482 1961 487 1966 .
519 1962 524 1966 .
550 1959 557 1966 .
582 1960 587 1966 .
616 1931 665 1967 tit.
691 1931 800 1968 Sancti
821 1931 952 1967 Eusebii
981 1931 1065 1966 card.

384 1991 453 2038 Ego
475 1991 639 2027 Romanus
662 1991 708 2026 tit.
736 1990 770 2026 S.
800 1991 996 2026 Anastasiae.

385 2048 453 2095 Ego
476 2047 564 2096 Ugus
595 2049 760 2097 presbyter
782 2048 950 2084 cardinalis
978 2049 1086 2084 Sancti

335 2106 459 2142 Martini
483 2108 532 2141 tit.
552 2106 701 2155 AEquitii.

384 2165 452 2213 Ego
479 2165 614 2202 Ioannes
636 2166 684 2201 tit.
702 2165 735 2201 S.
751 2165 904 2212 Stephani
930 2165 960 2199 in
977 2166 1087 2202 Coelio

336 2222 443 2259 Monte
466 2223 570 2270 presb.
595 2222 773 2258 cardinalis.

385 2281 455 2328 EgO
496 2281 670 2330 Gsflgffl'lus
710 2281 845 2317 Sanctae
897 2282 1013 2317 Mariae
1058 2284 1086 2316 1ss
1106 2304 1108 2324 t
1128 2296 1157 2321 et
1178 2287 1282 2335 ipsum
1310 2288 1490 2324 adscribere
1509 2297 1690 2325 sanctorum
1714 2286 1879 2335 cathalogo

338 2340 467 2377 Porticu
490 2341 571 2377 diac.
594 2341 677 2377 card¹

385 2398 455 2446 Ego
477 2399 642 2437 Renaldus
677 2399 811 2436 Sanctae
847 2400 961 2436 Mariae
983 2400 1088 2435 Novae

338 2457 491 2493 diaconus
509 2458 593 2494 card.

387 2515 455 2563 Ego
481 2515 631 2552 Nicotaus
653 2516 687 2552 S.
710 2516 827 2552 Mariae
855 2517 886 2552 in
914 2515 1086 2552 Cosmedin

338 2574 417 2610 diac.
441 2574 620 2610 cardinalis.

383 2633 443 2665 Dat.
463 2635 509 2666 die
530 2635 549 2665 4
571 2636 700 2666 ianuarii
721 2645 798 2666 anno
819 2635 935 2666 Domini
960 2618 1046 2669 1192,ι

596 2683 699 2723 pontis.
717 2693 793 2716 anno
809 2692 827 2715 1.

896 299 1085 325 bammum
1111 297 1275 322 ROMANtm

1476 351 1526 387 vt.

1191 422 1394 457 Canonizacio
1415 423 1526 457 Sancti
1548 422 1660 457 Ubatdi
1679 422 1812 467 episcopi

1419 472 1589 516 Euyubt'm'.

1388 552 1604 585 sunitarum!

1123 621 1290 652 Exordium.
1306 637 1344 644 —
1357 619 1488 651 Ubaldus
1499 619 1668 659 religiosam
1681 620 1769 650 vitam
1785 618 1875 654 duxit,

1161 670 1190 696 et
1207 665 1360 695 miraculis
1379 664 1498 694 claruit:
1512 664 1586 693 -1,
1604 663 1639 694 Et
1656 664 1722 694 ideo
1740 662 1785 694 Ss.
1803 662 1876 693 Con-

1163 709 1309 739 sessorum
1332 707 1511 745 Pontificum
1535 707 1665 746 catalogo
1688 706 1875 738 adscribitur.

1162 770 1201 776 —
1222 753 1251 783 2.
1275 753 1457 792 Festumque
1485 752 1551 782 eius
1584 761 1635 791 pro
1663 752 1711 781 die
1742 751 1779 781 16
1807 750 1875 782 maii

1163 797 1308 828 celebrari
1331 797 1520 837 praecipitur.

1122 868 1293 898 coelestinus
1313 867 1453 904 episcopus
1473 873 1568 896 servus
1588 872 1729 895 servorum
1752 865 1807 899 net.
1832 872 1878 895 ve=

1166 918 1283 947 notabili
1302 917 1389 946 fratri
1409 917 1436 946 B.
1453 917 1594 953 episcopo,
1623 917 1654 945 ot
1687 915 1796 945 dilectis
1813 915 1878 944 tuiis

1168 967 1196 996 B.
1213 967 1308 1000 Priori.
1329 967 1412 1000 clero,
1433 967 1462 995 et
1475 966 1573 1003 populo
1592 965 1740 1002 Eugubino.
1759 964 1879 995 salutm

1167 1017 1197 1046 ot
1218 1017 1399 1054 apostoticam
1418 1016 1642 1045 benedictionem.

1172 1083 1367 1120 Benedictus
1402 1084 1491 1119 Deus
1527 1084 1556 1118 iu
1590 1083 1684 1118 donis
1725 1082 1808 1128 suis,
1848 1090 1878 1118 et

1124 1142 1253 1169 sanctus
1275 1135 1305 1169 in
1343 1133 1491 1169 omnibus
1529 1132 1681 1180 operibus
1707 1132 1786 1172 suis,
1824 1133 1877 1180 qui

1124 1183 1301 1218 secuudum
1352 1183 1589 1218 multitudinem
1638 1182 1878 1218 miserationum

1124 1244 1266 1277 suarum,
1301 1232 1362 1267 illis
1397 1233 1451 1280 qui
1489 1240 1600 1267 natura
1646 1232 1771 1266 fuerant
1823 1230 1879 1266 filii

1126 1283 1201 1327 irae,
1236 1282 1382 1329 spiritum
1415 1282 1604 1329 adoptionis,
1636 1281 1665 1315 in
1712 1292 1776 1328 quo
1813 1281 1880 1316 cla-

1125 1342 1269 1376 mamus,
1296 1331 1374 1366 abba
1410 1338 1507 1378 pater,
1547 1329 1700 1377 indulget.
1733 1329 1774 1364 Et
1821 1330 1880 1365 ho-

1125 1382 1228 1415 mines
1278 1393 1317 1415 ex
1370 1381 1453 1415 lutea
1497 1380 1628 1415 materia
1680 1380 1878 1421 constitutos,

1126 1431 1156 1465 in
1200 1430 1396 1465 consortium
1436 1429 1621 1476 angelorum
1659 1437 1688 1464 et
1729 1428 1877 1476 gloriam,

1125 1491 1181 1514 sua
1210 1480 1335 1526 pietate,
1370 1480 1515 1518 assumit,
1558 1479 1639 1514 sicut
1678 1477 1795 1514 factum
1830 1486 1877 1513 est

1125 1529 1324 1576 temporibus
1347 1529 1464 1564 nostris
1485 1528 1525 1563 de
1551 1537 1678 1563 sanctas¹
1720 1527 1875 1563 recordat.

1125 1577 1250 1613 Ubaldo
1279 1578 1433 1613 Pontifiee
1456 1585 1569 1613 vestro.
1597 1577 1658 1619 Qui
1696 1589 1769 1612 cum
1805 1578 1878 1624 pius
1905 1588 1996 1640 pgffius
2013 1588 2077 1639 ἐξὲξ
2116 1596 2118 1599 v

1892 1628 1902 1647 ἕ

1868 1652 1955 1675 ’dium
1985 1653 2006 1670 et
2035 1657 2061 1669 nu

1127 1686 1198 1724 post
1220 1677 1399 1719 transitum,
1427 1689 1442 1711 a
1466 1677 1582 1711 vicinis
1603 1685 1633 1712 et
1648 1676 1740 1724 longe
1754 1676 1875 1724 positis,
1890 1681 1969 1703 r'xcvssi
1989 1680 2072 1701 eima:
2115 1694 2119 1698 ·

1126 1635 1155 1662 et
1182 1628 1285 1662 iustus
1307 1628 1382 1663 dum
1397 1631 1429 1662 in
1444 1639 1538 1662 carne
1553 1627 1683 1669 viveret,
1698 1626 1866 1662 haberetur

1128 1733 1254 1774 propter
1273 1727 1435 1766 miracula,
1463 1738 1543 1773 quae
1577 1738 1632 1774 per
1665 1734 1774 1761 met-tta
1808 1725 1876 1760 eius

1127 1784 1274 1823 operatus
1295 1784 1342 1811 est
1368 1775 1474 1817 Deus,
1497 1785 1624 1811 sanctus
1646 1775 1760 1810 meruit
1795 1775 1874 1810 exti-

1128 1826 1214 1859 mari.
1245 1825 1413 1872 impletum
1441 1825 1541 1860 estin
1570 1825 1652 1872 ipso,
1679 1824 1764 1871 quod
1799 1824 1880 1859 Pro-

1128 1874 1219 1919 pheta
1246 1875 1325 1908 dixit
1353 1877 1383 1908 in
1408 1874 1546 1921 p=atmo:
1572 1874 1634 1909 Pro
1656 1873 1795 1921 patribus
1818 1873 1881 1908 tuis

1127 1924 1189 1958 nati
1213 1931 1286 1958 sunt
1306 1923 1365 1958 tibi
1379 1924 1447 1957 fitn:
1463 1926 1637 1958 constitues
1650 1934 1705 1958 eos
1721 1922 1880 1970 principes

1127 1984 1223 2020 super
1270 1984 1396 2007 omnem
1439 1981 1563 2008 terram.
1601 1972 1759 2008 Memores
1788 1980 1880 2007 erunt

1128 2021 1266 2056 nominis
1289 2023 1346 2063 tui,
1365 2022 1501 2057 Domine
1516 2024 1570 2066 (1).
1593 2021 1642 2057 Tu
1655 2029 1773 2067 autem,
1787 2021 1881 2057 frater

1127 2071 1286 2119 episcope,
1313 2071 1397 2119 apud
1429 2071 1544 2107 Sedem
1567 2071 1781 2119 Apostolicam
1808 2082 1882 2106 con-

1127 2126 1267 2167 stitutus,
1289 2133 1466 2174 opportune
1489 2134 1520 2161 et
1543 2127 1725 2174 importune
1757 2125 1790 2160 in
1816 2124 1878 2160 hu-

1128 2179 1269 2224 militate,
1297 2192 1357 2228 qua
1398 2180 1514 2220 decuit,
1551 2180 1702 2220 institisti,
1738 2187 1771 2214 ut
1809 2190 1879 2214 me—

1127 2232 1259 2268 moriam
1291 2234 1442 2282 praedicti
1481 2234 1648 2270 Pontificis
1682 2233 1878 2274 canonizare,

1127 2342 1311 2377 auctoritate
1338 2343 1512 2391 apostolica
1538 2342 1742 2386 deberemus,
1771 2341 1878 2376 consi-

1127 2396 1289 2433 deratione
1326 2398 1430 2434 habita
1478 2397 1518 2435 ad
1560 2397 1740 2444 religiosam
1782 2394 1877 2431 vitam

1127 2458 1157 2485 et
1183 2451 1222 2486 ad
1265 2451 1362 2487 multa
1397 2451 1558 2496 miracula,
1593 2461 1672 2497 quae
1709 2461 1763 2496 per
1784 2461 1876 2489 eum,

1129 2513 1290 2552 postquam
1314 2507 1458 2553 migravit
1484 2518 1501 2541 a
1517 2504 1654 2548 saeculo,
1666 2503 1876 2550 Omnipotens

1127 2558 1273 2605 dignatus
1300 2569 1346 2595 est
1367 2560 1501 2608 operari.

1176 2613 1196 2660 g
1224 2618 1254 2648 -1,
1284 2613 1348 2649 ‘Nos
1370 2626 1444 2650 vero
1471 2626 1550 2662 opus
1585 2611 1670 2648 istud
1717 2613 1876 2648 intuentes

1163 2685 1203 2720 (¹)
1218 2684 1313 2714 Psatm.
1332 2693 1407 2717 xuv,
1425 2684 1456 2712 17
1470 2686 1498 2712 et
1518 2683 1559 2711 ¹8.

1891 293 1984 321 Aac.
2003 293 2071 321 1¹9¹
