2129 3223
4 1125 7 1128 ’
56 1121 175 1148 anagninus
185 1122 229 1148 epi-

9 1230 12 1233 .
47 1213 124 1236 etesia.
139 1217 214 1241 poitrn

50 236 98 264 Λιι.
115 235 144 262 C.
163 236 229 263 ¹227

283 303 317 324 ex
334 294 463 324 adverso.
482 310 520 316 -—
538 293 684 322 Ecclesiae
701 293 884 331 supradictae
910 292 988 322 Ana-

282 338 372 377 gnino
391 338 528 377 episcopo
544 336 751 367 subiiciuntur.
766 353 806 360 -—
822 336 986 367 clausulae.

243 408 387 444 Gregorius
405 407 544 443 episeopus
560 414 656 436 servus
674 413 812 436 servorum
830 407 886 440 Dei.
911 414 991 436 vene-

287 457 366 485 rabili
385 456 472 485 tratri
490 457 600 486 Albai-to
619 456 742 492 episcopo
776 456 921 492 Anagnino.
947 463 989 485 sa-

286 506 371 535 tutem
390 507 419 535 ot
436 506 616 543 apostoticam
633 506 856 535 benedictionem.

292 577 377 613 Licet
416 578 571 626 generalis
604 578 826 613 sollicitudinis
866 587 989 613 nostrae

73 623 202 645 mmmmm·
243 626 329 662 labor
350 627 461 663 debeat
483 627 520 662 ad
543 640 654 663 omnes
680 628 820 666 ‹xtendi
849 628 920 675 quia
943 640 988 662 sa

244 677 401 722 pientibus
436 689 545 712 sumus
571 685 601 712 et
640 677 858 724 insipientibus
897 677 988 711 debi-

243 734 348 767 tores,
381 739 436 773 pro
466 727 572 775 quiete
603 734 704 762 tamen
752 726 988 769 Ecclesinrum,

247 788 327 823 quae
373 777 411 811 de
445 777 631 824 patrimonio
666 776 864 822 Apostolicae
898 776 988 811 Sedis

242 826 401 871 existunt,
444 838 506 873 quo
542 826 707 861 viciniores
749 826 776 860 ei
818 834 916 869 sunt,
959 833 988 860 et

241 876 408 922 specialius
443 875 480 910 ad
523 876 620 921 ipsam
659 875 837 922 pertinent,
872 874 988 910 sollici-

243 925 304 960 tius
334 925 472 960 laborare
504 925 668 967 debemus,
702 933 731 958 ut
766 924 988 971 tranquillitate

243 973 342 1009 habita
380 975 408 1009 in
447 975 661 1021 spiritualibus
686 983 714 1008 et
748 974 984 1019 temporalibus,

241 1024 412 1071 suscipiant
436 1024 676 1066 incrementum,
695 1036 765 1058 cum
795 1035 904 1069 parvae
940 1035 986 1058 res

242 1082 383 1108 crescant
404 1073 583 1111 concordia,
611 1081 639 1107 et
668 1085 797 1119 magnae
831 1072 985 1107 discordia

242 1122 428 1166 dilabantur.
453 1123 579 1157 Dudum
603 1122 755 1168 siquidem
780 1131 919 1168 tempore
942 1122 986 1155 fe—

243 1171 312 1206 licis
337 1172 562 1207 recordationis
584 1171 758 1206 liinocentii
782 1172 884 1217 Papae
901 1184 987 1218 prae-

242 1221 414 1256 decessoris
442 1222 550 1262 nostri,
585 1221 770 1254 venerabilis
806 1222 897 1254 frater
930 1233 985 1255 no-

241 1278 305 1305 ster
329 1271 498 1318 episcopus
512 1270 670 1318 quondam
695 1270 879 1315 Anagniuus
902 1283 987 1315 prae-

242 1319 497 1356 ‹lecessoru1us.
530 1329 635 1354 contra
670 1319 842 1354 Ecclesiam
879 1319 984 1354 Sancti

241 1369 399 1404 Theodori
423 1370 460 1402 sle
493 1369 626 1404 Trehis,
657 1382 752 1414 super
791 1368 986 1403 subiectione

242 1419 352 1466 ipsius,
378 1427 406 1453 et
429 1419 559 1453 aliarum
583 1418 794 1452 Ecclesiarum
830 1427 889 1452 tam
927 1419 984 1452 loci

241 1467 398 1512 eiusdem,
431 1481 524 1515 quam
557 1476 727 1502 castrorum
768 1467 911 1501 Filectiui
956 1477 984 1502 et

242 1516 499 1565 Vallispetrarum
517 1526 653 1551 moverat
666 1517 895 1564 quaestionem,
906 1529 984 1563 quae

241 1579 313 1601 cum
328 1567 511 1602 remanserit
531 1566 679 1603 indecisa,
695 1574 836 1613 tempore
858 1567 982 1601 tandem

243 1615 343 1651 bonae
369 1617 538 1651 memoriae
560 1616 691 1650 Honorii
714 1616 818 1663 Papae
854 1616 984 1663 praede-

241 1666 374 1701 cessoris
397 1667 491 1701 nnstri
520 1666 621 1699 extitit
642 1666 801 1703 suscitata,
825 1674 984 1711 repetente

241 1715 344 1750 omnia
369 1715 432 1749 iura
462 1715 650 1761 episcopalia
684 1715 712 1747 in
745 1715 895 1749 Ecclesiis
932 1728 985 1750 su·

243 1763 400 1811 predictis,
422 1773 452 1799 et
480 1765 689 1810 respondente
719 1772 802 1810 parte
833 1765 985 1798 contraria

241 1813 324 1860 quod
333 1825 395 1848 non
406 1814 644 1860 recognoscebat
657 1813 876 1848 dioecesanum
892 1826 984 1848 suum

243 1867 307 1902 l'ore
346 1867 547 1913 Anagninum
589 1867 784 1914 episcopum,
807 1875 835 1902 et
861 1869 885 1902 si
909 1880 986 1902 suus

242 1928 334 1962 esset,
356 1920 492 1966 legitima
510 1928 575 1955 erat
590 1922 834 1968 praescriptione
854 1923 984 1957 munita.

242 1973 389 2021 Cumque
416 1974 630 2021 multipliciter
652 1976 738 2010 nisus
772 1976 867 2010 fueris
903 1985 984 2011 tuam

244 2029 447 2064 intentionem
471 2027 611 2071 fundare,
639 2041 673 2062 ac
702 2041 770 2074 pars
791 2029 920 2064 adversa
956 2031 985 2064 in

243 2081 455 2117 defensionem
483 2094 584 2121 suam,
605 2083 684 2116 inter
716 2090 834 2117 caetera
872 2096 985 2130 propo-

242 2136 356 2175 suerit,
389 2135 474 2183 quod
509 2136 647 2170 Ecclesia
686 2135 790 2171 Sancti
829 2136 985 2171 Theodori

242 2189 317 2226 olim
339 2190 438 2225 fuerat
460 2189 658 2233 cathedralis,
673 2198 702 2224 et
728 2189 765 2223 ad
787 2190 886 2235 ipsam
909 2190 986 2225 aliae

1004 2204 1008 2228 ι

244 2243 420 2291 praedictae
459 2243 620 2279 Ecclesiae
663 2243 869 2289 pertinebant,
898 2252 974 2278 mut

47 1158 123 1181 scopus
137 1154 169 1174 ius
191 1158 227 1172 su-

47 1189 85 1209 pra
103 1183 168 1204 hasce
187 1181 223 1203 Εο·

47 1246 83 1265 dit.

65 1976 125 2004 Βρεμι
135 1978 205 1997 adeun

68 2013 94 2029 ex
109 2009 205 2029 adverso.

243 2307 337 2336 testes
368 2298 442 2335 hinc
467 2298 540 2333 inde
566 2296 707 2344 producti
731 2296 868 2337 fuerunt,
897 2297 984 2343 plura

245 2348 460 2388 instrumenta
471 2351 619 2390 exhibita,
631 2359 661 2385 et
682 2349 823 2384 diversae
839 2351 984 2393 rationes,

243 2413 275 2440 et
295 2406 399 2441 variae
427 2405 633 2440 introductae.
653 2403 751 2438 Porro
772 2415 842 2438 cum
871 2412 985 2450 parte-2,

243 2470 323 2506 quae
345 2459 438 2508 longo
460 2468 600 2508 tempore
627 2457 786 2492 laboribus
797 2465 826 2491 et
839 2458 986 2504 expensis

244 2512 368 2548 fuerant
393 2512 547 2560 fatigatae,
574 2511 676 2547 adhuc
692 2523 794 2545 coram
823 2511 912 2546 nobis
932 2524 986 2545 su-

245 2577 301 2613 per
321 2566 382 2602 hoc
407 2565 559 2601 ducerent
573 2564 839 2606 contendendum,
858 2564 983 2600 demum

244 2619 282 2656 ad
306 2620 580 2655 commonitionem
617 2628 752 2654 nostram
787 2619 898 2653 saniori
937 2621 983 2653 usi

849 237 1034 261 anmonms
1056 238 1090 259 lx
1114 238 1160 260 Pr.

1654 229 1723 262 427

1031 293 1172 330 consilio.
1200 304 1233 326 sc
1256 293 1424 338 provisioni
1449 301 1588 332 nostrae,
1617 294 1715 338 posito
1742 294 1772 328 in

1032 342 1176 376 manibus
1191 342 1305 376 uostris
1323 350 1386 376 toto
1402 344 1536 388 negotio,
1547 342 1772 378 submiserunt.

1031 391 1095 426 Nos
1121 392 1222 438 itaque
1262 391 1385 438 utrique
1419 393 1494 438 parti
1531 393 1668 427 volentes
1699 392 1772 428 dare

1030 441 1178 487 quietem,
1201 440 1396 475 attendentis
1417 454 1554 488 quoque,
1572 442 1654 488 quod
1669 455 1683 476 a
1698 451 1773 477 tem-

1032 503 1116 535 pore,
1139 503 1188 525 ιςιιι
1196 503 1232 524 υ5
1259 502 1319 524 non
1335 499 1416 524 extat
1433 491 1595 535 memoria,
1609 492 1770 538 Anagnina

1029 539 1181 580 Ecclesia
1203 552 1328 586 semper
1347 552 1377 574 ιιι
1415 539 1575 574 Ecclesiae
1612 540 1772 576 Romanae

1030 589 1194 624 devotione
1226 590 1409 635 permansit,
1445 601 1460 623 a
1496 601 1556 636 qua
1587 590 1672 624 nulla
1702 603 1769 626 eam

1031 639 1132 685 potuit
1153 639 1321 673 adversitas
1346 651 1501 685 separare,
1523 647 1554 673 et
1579 640 1663 686 quod
1686 652 1772 686 prae-

1029 688 1109 722 dicta
1133 688 1272 723 Ecclesia
1295 687 1400 722 Sancti
1423 687 1593 728 Theodori,
1609 688 1680 723 licet
1694 689 1772 724 forte

1030 738 1195 785 aliquando
1218 737 1386 772 cathedrali
1410 737 1529 772 honore
1564 737 1770 783 praefulserit,

1030 795 1155 834 propter
1182 795 1395 835 paupertatem
1435 786 1615 822 reddituum
1652 796 1684 822 et
1721 802 1770 823 ra-

1030 837 1149 871 ritatem
1182 837 1288 884 populi
1323 837 1492 891 episcopali
1533 849 1594 872 non
1626 839 1770 873 convenit

1029 886 1184 932 dignitati,
1206 886 1333 928 di‘uum
1367 898 1495 932 insuper
1532 894 1713 934 reputantes
1745 889 1768 923 si

1030 937 1285 981 praedecessor-ts
1313 946 1434 970 nostros
1470 936 1629 971 Romanos
1662 937 1770 972 Ponti-

1029 985 1102 1020 fices
1125 998 1185 1020 non
1209 986 1310 1019 solum
1336 986 1503 1024 imitemur,
1526 986 1579 1020 sed
1602 987 1694 1022 etiam
1722 1001 1772 1021 su·

1029 1047 1173 1080 peremus
1196 1035 1225 1068 in
1248 1035 1355 1079 gratia,
1382 1047 1474 1081 quani
1500 1036 1638 1070 lecerunt
1667 1036 1768 1071 eidem

1027 1084 1184 1119 Ecclesiae
1207 1084 1391 1130 Anagninae
1420 1096 1475 1130 pro
1497 1096 1534 1119 eo
1560 1085 1643 1132 quod
1669 1086 1708 1121 de
1730 1087 1771 1120 ci-

1029 1134 1117 1168 vitate
1141 1134 1304 1179 Anagnina
1333 1141 1435 1168 ortum
1458 1133 1622 1178 trahimus,
1640 1143 1670 1169 et
1695 1136 1767 1170 olim

1027 1183 1143 1218 fuimus
1179 1182 1321 1217 eiusdem
1357 1183 1516 1218 Ecclesiae
1551 1183 1656 1227 filins,
1698 1185 1767 1220 licet

1027 1232 1121 1267 modo
1143 1233 1242 1267 simus
1264 1241 1350 1278 pater
1372 1232 1479 1278 ipsius,
1507 1235 1544 1267 tle
1566 1233 1693 1268 fratrum
1713 1248 1769 1268 uo-

1027 1290 1161 1316 strorum
1190 1282 1320 1316 consilio
1343 1281 1510 1327 praefatam
1537 1282 1711 1318 Ecclesiam
1734 1284 1766 1318 S.

1026 1331 1193 1371 Theodori,
1216 1339 1246 1366 et
1273 1343 1382 1365 omnes
1400 1330 1475 1365 alias
1493 1332 1688 1378 supradictas
1708 1332 1769 1367 Ec-

1026 1382 1135 1416 clesias
1169 1381 1225 1415 tihi
1251 1389 1281 1414 et
1315 1380 1549 1416 successoribus
1583 1382 1656 1421 tuis,
1688 1390 1769 1417 tam-

1025 1444 1119 1478 quam
1132 1430 1326 1465 dioecesanis
1339 1430 1507 1477 episcopis,
1521 1430 1558 1465 de
1576 1431 1768 1478 providentia

1026 1480 1261 1524 constituimus,
1282 1480 1385 1526 quoad
1412 1480 1650 1525 correctionem,
1672 1481 1768 1516 resor-

1027 1531 1206 1570 mationem,
1222 1529 1501 1573 institutionem,et
1522 1529 1768 1571 destitutionem,

1026 1590 1054 1616 et
1081 1581 1118 1615 ad
1147 1580 1251 1614 onmia
1285 1578 1342 1614 alia
1380 1580 1444 1614 iura
1479 1580 1665 1627 episcopalia
1699 1594 1770 1625 per-

1027 1638 1121 1678 petuo
1143 1642 1212 1664 esse
1234 1628 1406 1669 subiectas,
1428 1637 1536 1675 quarta
1561 1638 1645 1673 parte
1681 1629 1771 1665 deci-

1026 1692 1146 1714 marum
1170 1688 1309 1725 excepta,
1324 1691 1426 1734 quarn
1438 1678 1534 1713 abhas
1545 1679 1650 1714 Sancti
1664 1679 1770 1714 Theo

1026 1729 1093 1764 dori
1121 1729 1225 1775 quiete
1249 1728 1398 1774 percipiat
1421 1741 1451 1762 tn
1474 1727 1625 1763 Ecclesiis
1646 1741 1769 1774 praeno-

1028 1779 1108 1819 tatis·
1137 1778 1321 1823 Anagninus
1348 1785 1450 1811 tamen
1485 1778 1655 1825 episcopus
1686 1778 1769 1833 apud

1027 1828 1200 1863 Ecclesiam
1207 1805 1373 1861 ἰ,ιιιιιιιάιιιιι
1405 1826 1511 1862 Sancti
1544 1827 1700 1862 Theodori
1741 1841 1769 1862 ιιι

1027 1878 1172 1925 expensis
1194 1876 1334 1911 eiusdem
1368 1876 1538 1917 Ecclesiae,
1573 1877 1655 1912 sicut
1688 1890 1770 1912 con—

1027 1928 1127 1963 suevit
1150 1927 1309 1968 hactenus,
1331 1935 1554 1970 commoretur,
1576 1934 1606 1962 et
1629 1935 1661 1961 ut
1678 1927 1769 1962 etiam

1028 1978 1108 2011 idem
1132 1976 1227 2010 abbas
1250 1976 1359 2010 habeat
1380 1975 1562 2022 ampliorem
1595 1976 1746 2011 honorem
1761 2005 1768 2013 ,

1028 2027 1107 2061 inter
1137 2025 1213 2060 alios
1251 2025 1462 2060 Ecclesiarum
1497 2025 1654 2060 dioecesis
1684 2026 1770 2061 Ana-

1027 2082 1141 2127 gninae
1162 2080 1328 2127 praelatos,
1349 2091 1421 2114 cum
1439 2079 1476 2114 ad
1498 2079 1670 2114 Ecclesiam
1688 2080 1769 2115 Ana-

1027 2134 1153 2181 gninam
1182 2134 1311 2176 venerit,
1342 2133 1526 2173 honoretur,
1562 2140 1653 2179 prout
1690 2145 1768 2168 con-

1027 2197 1169 2223 sueverat
1191 2188 1349 2231 honorari,
1368 2196 1398 2221 et
1425 2187 1454 2221 in
1482 2187 1588 2221 Sancti
1613 2187 1767 2221 Laurentii

1027 2251 1054 2276 et
1074 2242 1178 2276 Sancti
1216 2239 1334 2277 Nicolai
1370 2241 1505 2275 Trebeu.
1541 2241 1766 2276 institutionem

1027 2295 1164 2329 obtineat
1185 2295 1223 2328 de
1245 2296 1383 2341 episcopi
1419 2294 1587 2340 Anagnini,
1623 2294 1675 2341 qui
1712 2307 1767 2342 pro

1027 2357 1167 2395 tempore
1189 2348 1290 2391 suerit,
1328 2348 1465 2393 generali
1490 2347 1634 2382 mandato
1650 2374 1658 2388 ,
1698 2347 1767 2382 aliis

1027 2402 1175 2436 omnihus
1206 2400 1326 2436 iuribus
1364 2400 1606 2448 episcopalibus,
1648 2409 1767 2447 praeter

1026 2463 1166 2503 quartam
1195 2455 1400 2498 decimarum,
1422 2455 1523 2488 eidem
1551 2454 1698 2500 episcopo
1720 2467 1768 2489 re-

1027 2511 1165 2545 servatis.
1188 2508 1353 2544 Caeterum
1376 2517 1436 2543 tam
1462 2509 1491 2542 in
1520 2507 1625 2543 Sancti
1663 2507 1767 2545 Theo-

1026 2564 1104 2605 dori,
1138 2575 1231 2611 quam
1264 2565 1294 2598 in
1330 2563 1397 2598 aliis
1437 2562 1592 2598 dictorum
1627 2562 1766 2598 locorum

1026 2617 1196 2664 collegiatis
1228 2616 1376 2652 Ecclesiis
1411 2615 1617 2664 praelatorum
1657 2618 1766 2653 electio

1788 237 1838 264 An.
1852 236 1881 263 C.
1900 237 1963 263 ¹²27

1797 1587 1902 1608 Etelestae
1929 1593 1963 1607 su<

1784 1625 1819 1646 pra
1810 1620 1890 1639 ael-ctio
1910 1619 1965 1639 Ληι-

1784 1651 1825 1676 [ςιίιι
1813 1655 1846 1669 uin
1865 1650 1964 1675 episcopo

1786 1681 1929 1700 &titinium-ur.
