2129 3223
166 260 213 286 Αιι.
231 261 249 287 C
280 260 345 287 ¹¹85

176 360 221 379 Alit
268 364 345 381 nti-tuta

163 395 200 414 pio
221 389 276 410 Errl,
293 393 344 411 visi-

163 421 243 441 tatione
263 425 282 441 et
307 428 343 443 re-

163 450 279 472 ienrfltione
297 454 345 473 niis-

161 484 237 500 batum„

167 1152 291 1172 lestosdies
303 1151 335 1171 hic

153 1185 262 1203 enumerat
278 1181 335 1202 Pon-

153 1215 217 1236 titex,
262 1212 335 1239 quibus

153 1245 285 1270 praepositus
303 1249 337 1263 so-

152 1276 242 1294 leinnem
284 1275 335 1294 nii>-

152 1311 194 1325 <am
213 1305 335 1325 celebratu-

152 1342 185 1355 rus
194 1336 227 1355 adi
234 1337 292 1355 euire
301 1336 335 1355 de-

151 1366 187 1386 bet
210 1367 234 1385 ad
261 1371 335 1385 inona-

152 1402 237 1417 storiuin
248 1396 320 1417 Holien
329 1409 335 1411 >

151 1430 261 1452 burgense.

151 1929 240 1949 Decreta
251 1934 287 1954 pru
304 1930 333 1947 in-

151 1961 264 1979 demnitate
287 1964 334 1978 nio—

151 1990 247 2010 nester-ii,

410 251 450 282 ai

359 327 395 348 ex
420 315 541 359 integro
564 314 667 359 ipsum
696 313 849 348 allodium
872 314 1106 350 Trutenliusen.

359 364 517 398 Statutuni
540 370 587 396 est
610 361 737 407 itidem,
762 371 793 398 ut
815 362 950 409 quilibet
973 375 1108 410 praepo-

358 411 436 446 situs
460 412 489 445 in
512 411 747 450 Trutenbusen,
775 423 846 447 cum
875 412 1022 453 voluerit,
1042 412 1108 447 Ho-

357 459 609 506 henbnrgensem
638 460 811 496 Ecclesiam
840 461 954 506 visitet,
982 469 1011 495 et
1034 462 1107 496 mis-

357 520 459 543 sarum
489 508 641 543 solemnia
677 509 851 545 secundum
880 507 1022 545 ordinem
1055 511 1105 557 ip-

356 558 423 592 sius
449 557 609 593 Ecclesiae
636 558 789 599 celebret,
817 571 851 594 ac
887 559 967 594 duos
990 572 1027 593 ex
1053 571 1105 594 ca-

358 607 483 642 nonicis
508 606 574 641 suis
609 606 772 654 religiosos
804 616 833 642 et
866 607 995 642 idoneos
1027 607 1104 642 lieb-

356 654 554 691 ‹lomadarios
577 656 608 690 in
643 655 837 690 Holienburc
871 668 997 703 semper
1027 668 1104 691 con-

356 705 464 740 stituat
484 704 667 740 servituros.
703 705 794 746 Quod
822 706 847 739 si
879 705 1027 752 praedicti
1051 717 1103 740 sa-

355 753 499 788 cerdotes
526 753 693 801 aliquando
723 754 936 788 commutandi
967 754 1102 795 suerint,

356 803 566 849 praepositus,
606 802 726 850 absque
762 802 821 837 nlla
858 803 1103 838 contradictione

354 850 546 893 abbatissae,
575 851 673 886 libere
706 863 761 886 eos
788 851 824 886 ad
852 851 1022 886 claustrum
1058 864 1103 886 re-

354 911 479 939 vocans,
519 900 598 935 alios
638 900 769 935 idoneos
807 900 970 935 restituere
1003 909 1101 945 curet,

352 949 405 994 qni
434 949 473 984 de
500 957 621 993 mente,
648 949 718 984 sine
754 949 877 984 licentia
904 949 1101 990 abbatissae,

353 1009 412 1031 non
437 998 632 1039 recedentes,
654 997 760 1032 divina
783 997 882 1032 ollicia
905 997 1023 1044 absque
1039 998 1102 1032 ullo

350 1047 528 1088 gravamine
555 1046 730 1087 secundum
754 1046 1015 1081 consuetudinem
1042 1046 1100 1081 Ho-

351 1093 581 1141 lienburgensis
602 1095 763 1129 Ecclesiae
785 1095 942 1130 celebrare
970 1107 1031 1129 non
1052 1107 1101 1130 re÷

349 1152 471 1178 cusent.
501 1144 534 1179 In
563 1143 788 1179 purificatione
814 1156 940 1190 quoque
966 1142 1101 1179 Sanctae

350 1191 477 1237 Mariae,
499 1201 529 1228 et
544 1193 574 1227 iu
599 1192 651 1228 die
674 1192 866 1236 palmarum,
888 1200 918 1227 et
939 1192 970 1227 in
993 1191 1100 1228 Coena

348 1239 490 1285 Domini,
511 1251 541 1277 et
569 1242 599 1276 in
628 1241 795 1276 Nativitate
821 1253 855 1276 ac
882 1241 1100 1277 Decollatione

349 1289 456 1325 Sancti
493 1290 619 1326 loannis
646 1290 826 1337 Baptistae,
850 1298 880 1325 et
912 1290 942 1324 in
964 1290 1099 1325 Assum-

351 1340 457 1382 ptione
482 1339 618 1375 Sanctae
649 1339 782 1379 Mariae,
818 1347 847 1373 et
879 1340 910 1372 in
934 1339 1099 1373 festivitate

349 1387 380 1420 S.
410 1388 587 1430 Michaelis,
616 1395 645 1423 et
667 1388 821 1423 Omnium
843 1387 1031 1422 Sanctorum
1060 1388 1097 1422 ad

349 1438 574 1473 monasterium
602 1436 891 1482 Hohenburgense‚
913 1437 939 1471 si
968 1436 1099 1471 inevita-

349 1483 420 1519 bilis
442 1498 534 1521 causa
560 1497 621 1521 non
651 1486 812 1532 impediat,
837 1486 965 1519 missam
989 1485 1098 1520 solem-

349 1545 417 1567 nem
455 1535 670 1570 celebraturus
708 1534 867 1569 annuatim
909 1534 1028 1574 veniat,
1068 1542 1097 1568 et

347 1582 440 1616 etiam
465 1584 494 1617 in
523 1584 602 1619 sesto
629 1584 661 1619 S.
682 1583 824 1625 odiliae,
851 1595 887 1617 ac
911 1583 941 1617 in
960 1582 1098 1629 capellae

347 1631 414 1665 eius
436 1631 648 1674 dedicatione,
671 1640 701 1668 et
724 1632 756 1667 in
778 1631 945 1666 Nativitate
967 1631 1096 1666 Domini

347 1679 473 1715 missam
494 1681 640 1718 diurnam
663 1682 800 1728 priorem
829 1680 976 1715 celebret.
1003 1679 1096 1722 Quod

345 1728 371 1761 si
394 1731 592 1776 praepositus
624 1738 654 1765 et
688 1730 833 1766 canonici
858 1730 906 1764 sui
930 1729 1008 1764 haec
1031 1729 1097 1775 pri-

347 1776 449 1822 vilegii
476 1778 600 1816 decreta
623 1779 834 1826 neglexerint,
856 1778 1098 1824 Ecclesiamque

346 1824 651 1874 Holienburgensem
680 1828 883 1864 irrationabili
917 1827 1097 1873 gravamine

348 1874 487 1920 inquiete
509 1876 773 1923 perturbaverint,
795 1876 952 1911 abbatissa
973 1883 1003 1909 et
1025 1886 1098 1909 con-

347 1930 458 1958 ventus
480 1925 677 1971 praebendas
702 1937 738 1961 ac
764 1924 917 1960 beneficia
938 1923 975 1958 ad
1000 1934 1098 1970 prae-

348 1970 467 2007 bendas
482 1974 669 2019 pertinentia
692 1974 898 2014 subtraliant;
920 1981 950 2008 et
969 1972 1097 2007 aliunde

348 2020 407 2054 sibi
434 2022 626 2069 sacerdotes,
660 2035 740 2070 quos
774 2023 944 2065 voluerint,
970 2021 1097 2067 quietos

348 2078 379 2102 et
410 2069 585 2116 religiosos⁴
604 2071 664 2107 sibi
701 2072 905 2118 pi·ovideant;
938 2071 987 2104 isti
1024 2080 1096 2104 vero

349 2117 447 2152 officia
474 2119 506 2153 in
535 2121 701 2156 missarum
724 2120 888 2155 solemniis
922 2120 1009 2165 prius
1036 2117 1095 2152 sibi

349 2178 498 2202 concessa
533 2170 668 2217 amplius
696 2170 726 2203 in
750 2169 856 2203 Monte
886 2166 1095 2210 llolienburc,

351 2216 410 2249 nisi
433 2217 640 2263 permissione
661 2218 836 2252 abbatissae
858 2224 888 2251 et
909 2222 1095 2258 conventus,

350 2266 431 2298 sicut
465 2274 495 2301 et
529 2267 620 2302 alieni
650 2266 806 2302 celebrare
845 2277 909 2300 nou
947 2264 1094 2298 audeant.

350 2313 451 2348 Simili
479 2315 606 2362 quidem
634 2317 741 2355 niodo,
768 2317 791 2349 si
815 2314 1020 2360 Stivagiensis
1038 2312 1096 2346 ab-

352 2363 405 2396 bas
425 2373 455 2398 et
477 2367 619 2400 canonici
643 2367 691 2400 sni
714 2363 1020 2408 Holienburgensem
1034 2360 1096 2394 Ec-

351 2411 476 2447 clesiam
524 2426 580 2461 per
618 2416 767 2449 iniustam
816 2411 1094 2447 contradictionem

352 2462 545 2497 contentiose
569 2463 840 2510 impugnaverint,
864 2473 920 2495 nec
945 2459 1095 2506 privilegii

352 2509 399 2542 sui
432 2519 544 2546 statuta
567 2526 582 2546 a
614 2524 707 2546 manu
736 2509 1018 2554 Holienburgensis
1042 2508 1097 2541 ab·

352 2558 486 2594 batissae
520 2561 599 2595 data.
636 2568 798 2594 mansuete
831 2556 1096 2603 obtemperando,

351 2605 593 2653 observaverint,
620 2609 706 2643 locus
728 2608 760 2642 S.
788 2606 954 2651 Gorgonii,
976 2606 1029 2651 qui
1051 2614 1097 2639 est

955 261 1139 284 BULLMUUM
1163 262 1324 285 ROMANUM

1147 315 1323 362 praebenda
1343 316 1436 351 unius
1468 315 1703 350 hebdomadarii
1726 328 1799 350 cum
1826 327 1895 351 om-

1146 364 1240 398 nibus
1277 364 1469 411 appenditiis
1508 365 1592 405 suis,
1637 376 1730 411 quem
1766 364 1896 411 quilibet

1145 412 1343 458 Stivagensis
1364 413 1460 448 abbas
1486 413 1526 448 ab
1551 413 1815 459 Holienburgensi
1836 413 1895 448 ab-

1147 461 1261 496 batissa
1288 462 1430 509 accipere
1457 461 1562 502 debet,
1588 470 1772 509 caeteraque
1798 462 1896 504 bene-

1147 510 1213 545 ficia
1236 510 1274 545 de
1296 510 1491 546 Holienburc
1527 511 1693 546 missarum
1730 511 1894 553 solemnia,

1146 559 1416 605 quemadmodum
1443 559 1559 604 alieni,
1594 560 1651 594 nisi
1688 560 1895 605 permissione

1146 607 1333 652 abbatissae,
1363 608 1523 643 celebrare
1545 620 1607 643 non
1635 608 1780 643 audeant.
1809 608 1895 644 Una-

1146 656 1221 691 nimi
1259 669 1384 704 quoque
1421 657 1554 692 consilio
1586 666 1615 692 et
1643 669 1799 692 consensu
1839 658 1895 693 de-

1146 713 1263 740 cretum
1299 714 1364 746 est,
1397 713 1432 740 ut
1465 717 1527 740 uno
1561 717 1688 753 quoque
1715 706 1894 754 praeposito

1146 755 1175 788 in
1210 754 1431 789 Trutenliusen
1471 766 1486 789 a
1516 755 1668 800 praesenti
1701 755 1761 789 vita
1799 755 1895 790 dece-

1144 802 1250 843 dente,
1281 803 1329 838 vel
1353 810 1482 844 mutato,
1506 803 1616 837 fratres
1646 803 1720 838 inibi
1749 815 1894 839 commo-

1145 859 1249 886 rantes
1283 851 1428 887 idoneam
1451 860 1482 886 et
1504 851 1681 897 religiosam
1705 851 1825 887 ordinis
1845 853 1892 887 sui

1145 912 1310 946 personam
1338 901 1466 947 eligant,
1488 908 1517 936 et
1536 900 1602 947 ipse
1629 900 1749 936 electus
1771 901 1895 936 iuvesti-

1145 957 1244 984 turam
1268 949 1500 996 praepositurae
1522 948 1561 984 de
1583 961 1679 984 mauu
1705 949 1894 985 Hohenbur-

1142 999 1249 1044 gensis
1275 997 1451 1033 abbatissae
1485 997 1606 1045 absque
1636 998 1696 1033 ulla
1731 998 1892 1034 contradi-

1143 1047 1245 1082 ctione
1272 1047 1373 1094 primo
1400 1046 1484 1082 aditu
1514 1059 1568 1093 per
1595 1047 1708 1082 librum
1732 1049 1776 1092 (1)
1797 1048 1892 1093 gratis

1143 1095 1282 1142 accipiat.
1323 1095 1490 1131 Adiectum
1526 1104 1574 1130 est
1600 1096 1823 1138 nibilominus,
1858 1105 1891 1130 ut

1143 1144 1281 1179 Ecclesia
1308 1145 1338 1179 in
1366 1145 1589 1179 Trutenliusen
1613 1145 1672 1179 sub
1698 1144 1890 1180 Holienbur-

1141 1193 1250 1239 gensis
1271 1193 1410 1228 advocati
1434 1193 1608 1240 patrocinio
1639 1193 1836 1238 defendatur,
1862 1202 1893 1228 et

1141 1242 1296 1288 quaelibet
1312 1242 1480 1277 saecularis
1499 1253 1592 1277 causa
1614 1242 1690 1277 inibi
1715 1242 1891 1278 ventilanda

1142 1291 1171 1324 in
1209 1291 1326 1325 iudicio
1360 1291 1460 1338 ipsius
1503 1291 1644 1326 advocati
1693 1290 1890 1325 discutiatur.

1140 1339 1231 1374 Nunc
1260 1340 1368 1386 igitur,
1390 1340 1464 1387 quia
1491 1339 1568 1374 haec
1592 1340 1652 1386 pia,
1681 1339 1891 1386 religiosaque

1140 1395 1253 1423 statuta
1278 1397 1384 1423 nostro
1407 1387 1586 1423 confirmari
1609 1388 1801 1426 munimine,
1835 1396 1890 1423 at-

1139 1449 1201 1482 que
1227 1437 1396 1484 apostolica
1425 1438 1620 1484 protectione
1653 1436 1759 1472 vallari
1791 1448 1889 1483 prae—

1139 1486 1220 1520 dicta
1248 1485 1309 1520 sitia
1332 1494 1436 1520 nostra
1458 1485 1584 1520 Herrart
1614 1484 1799 1520 venerabilis
1825 1485 1888 1519 ab-

1141 1533 1253 1569 batissa
1276 1534 1396 1581 petivit,
1419 1546 1475 1569 nos
1499 1534 1640 1581 petitioni
1656 1545 1731 1568 suae
1750 1533 1887 1580 benigno

1140 1590 1364 1618 concurrentes
1385 1595 1529 1627 assensu,
1555 1582 1743 1629 praedictam
1767 1583 1887 1617 consti-

1140 1632 1292 1666 tutionem
1315 1632 1498 1666 auctoritate
1519 1631 1689 1678 apostolica
1717 1631 1886 1666 confirma-

1139 1693 1224 1719 mus,
1249 1689 1279 1715 et
1300 1681 1402 1715 locum
1431 1681 1534 1727 ipsum
1562 1680 1622 1714 sub
1648 1680 1728 1715 beati
1751 1679 1834 1715 Petri
1857 1688 1887 1715 et

1140 1737 1244 1764 nostra
1276 1729 1468 1776 protectione
1495 1729 1698 1776 suscipimus,
1732 1736 1762 1763 et
1795 1740 1887 1776 prae-

1139 1778 1236 1812 sentis
1274 1778 1380 1824 scripti
1425 1777 1590 1825 privilegio
1629 1777 1886 1816 communimus.

1138 1834 1323 1867 statuentes,
1358 1834 1389 1861 ut
1412 1838 1627 1873 quascumque
1659 1826 1887 1872 possessiones,

1138 1887 1346 1922 quaecunque
1381 1875 1462 1909 bona
1490 1874 1572 1909 idem
1596 1875 1821 1909 monasterium
1855 1875 1885 1909 in

1139 1924 1384 1970 praesentiarum
1409 1924 1489 1959 iuste
1511 1931 1540 1958 et
1561 1923 1712 1958 canonice
1733 1922 1884 1970 possidet,

1137 1986 1189 2011 aut
1217 1978 1248 2011 in
1272 1976 1413 2011 futurum
1449 1976 1654 2011 concessione
1682 1975 1885 2019 Pontificum,

1137 2029 1301 2075 largitione
1335 2040 1457 2075 regum,
1495 2029 1541 2063 vel
1568 2028 1758 2075 principum,
1797 2027 1885 2063 obla-

1138 2084 1221 2117 tione
1248 2081 1412 2125 fidelium,
1452 2092 1506 2115 seu
1549 2080 1619 2115 aliis
1655 2081 1744 2115 iustis
1771 2080 1885 2124 modis,

1138 2143 1314 2182 praestante
1328 2134 1478 2174 Domino,
1495 2133 1607 2181 poterit
1629 2133 1774 2180 adipisci,
1796 2132 1883 2168 firma

1137 2189 1296 2233 fratribus,
1310 2199 1483 2234 eorumque
1504 2186 1760 2227 succedentibus,
1787 2194 1817 2221 et
1845 2186 1884 2221 il-

1171 2259 1210 2294 (1)
1227 2258 1322 2285 Modus
1344 2257 1502 2284 investiendi
1523 2256 1560 2283 rei
1584 2255 1769 2290 diplomaticae
1792 2256 1884 2290 peritis

1138 2306 1189 2325 non
1205 2300 1318 2332 ignotus.
1338 2297 1481 2323 investitus
1496 2296 1627 2331 siquidem
1650 2294 1839 2322 immittebatur
1858 2295 1884 2322 in

1137 2339 1328 2372 possessionem
1345 2344 1445 2368 rerum,
1463 2336 1505 2363 vel
1521 2335 1664 2370 dignitatis,
1681 2342 1733 2369 qua
1754 2335 1883 2362 investie-

1136 2378 1226 2409 batur‚
1244 2384 1290 2411 per
1316 2376 1449 2410 quoddam
1475 2376 1636 2410 symbolum,
1662 2378 1726 2409 puta
1745 2374 1883 2408 cespitem,

1138 2418 1256 2449 herbam,
1275 2423 1378 2442 ramum
1389 2415 1501 2450 aliaque,
1515 2422 1582 2449 quae
1597 2414 1750 2441 affinitatem
1769 2414 1884 2448 aliquam

1137 2457 1264 2483 baberent
1284 2463 1344 2482 cum
1360 2462 1400 2487 re,
1416 2462 1485 2490 quae
1501 2454 1655 2485 donaretur,
1677 2452 1816 2479 cederetur
1832 2457 1882 2480 etc,

1138 2497 1203 2523 Yide
1227 2497 1426 2522 Dictionarium
1451 2495 1592 2526 Ducanyn‘,
1617 2494 1696 2519 verbo
1712 2491 1882 2518 investitura:

1138 2540 1202 2571 puto
1218 2536 1315 2561 librum
1332 2535 1402 2561 hunc
1420 2534 1500 2560 fuisse
1516 2532 1629 2563 missale,
1650 2531 1722 2566 quod
1747 2538 1826 2565 super
1845 2531 1884 2557 ai-

1138 2579 1192 2602 tare
1209 2583 1271 2610 poni
1288 2575 1397 2605 solebat,
1416 2578 1443 2600 ut
1462 2574 1600 2600 coniicitur
1622 2579 1654 2598 ex
1680 2571 1812 2598 nonnullis
1835 2570 1884 2597 do-

1137 2616 1267 2642 cumentis
1284 2614 1360 2640 Medii
1377 2614 1446 2640 AEvi.

1909 262 1957 288 An.
1976 261 2002 288 C,
2024 262 2090 289 ¹¹85

1922 665 1949 685 De
1981 665 2088 687 electione

1908 696 2030 722 praepositi.

1916 1111 2030 1139 Privilegis
2039 1119 2088 1135 con-

1904 1148 1972 1164 cessa.

1926 1637 2047 1665 Supradtctn

1901 1669 2051 1690 vonfirmamur
2072 1675 2082 1690 n

1935 1697 1997 1719 Lucio
2012 1697 2052 1720 PP.
