2129 3223
145 270 194 296 An.
214 269 243 296 C.
260 269 327 296 1258

155 422 170 441 li
166 428 177 441 ιι
209 423 247 448 §pit
243 422 326 442 rituali-

143 454 181 472 bus
192 453 224 472 dtu
217 457 251 471 ει·
255 458 324 472 esani.

141 489 186 508 pis
189 489 248 509 copis
281 482 323 503 lra-

140 517 158 532 tr
150 519 183 533 rse
206 512 258 533 subn
262 515 322 533 ciun-

140 546 173 563 tur

143 1012 188 1030 Alia
201 1011 317 1037 privilegia*

147 1403 196 1423 Pon
240 1403 316 1423 tactam

150 1434 303 1460 pmtessionem

133 1467 212 1486 nemini
235 1466 259 1485 ab
280 1471 317 1486 01·-

134 1498 181 1516 eine
205 1497 316 1516 discedere

133 1528 182 1547 licet

147 1745 242 1770 ¹·lngistro
263 1749 313 1764 vero

133 1778 182 1795 ticet
222 1774 308 1794 inutiles

131 1805 247 1832 expellere.

143 2382 298 2409 sumptione·

394 258 463 291 656
922 266 1108 288 nrrmmmr
1132 265 1292 288 Romanum

343 329 372 355 et
394 320 594 359 cimiterium,
614 319 682 353 sine
706 318 930 365 impedimento
958 318 1089 353 cuiusli-
1134 318 1221 353 laicis
1250 318 1496 365 frequentantur.
1526 319 1690 353 Postremo
1723 317 1878 360 decimas,

343 370 394 405 bet
418 368 687 408 contradictionis,
702 367 827 402 babere.
845 367 990 402 Cbrisma
1005 380 1088 407 vero,

341 418 454 453 Oleum
482 425 638 455 sanctum
667 417 923 452 consecrationes
944 417 1087 451 altarium

339 480 393 502 seu
418 467 628 509 basilicarum
651 466 863 501 ordinationes
890 466 1087 505 clericorum,

338 517 390 562 qui
432 515 471 550 ad
506 516 634 551 ordines
667 515 780 550 fuerint
816 514 1038 570 promovendi
1071 527 1087 548 a

337 566 534 600 dioecesanis
559 565 736 612 suscipietis
760 565 989 612 episcopis,S1
1017 564 1088 610 qui-

337 615 408 649 dem
431 614 575 650 catholici
602 614 739 654 fuerint,
771 623 801 648 et
829 612 1086 648 communionem

337 671 553 698 sacrosanctae
585 663 746 698 Romanae
778 662 871 697 Sedis
906 661 1087 699 habuerint,

335 720 364 746 et
392 725 428 747 ea
450 712 538 748 vobis
559 712 627 747 sine
651 713 800 759 pravitate
824 711 962 758 qualibet
985 710 1088 745 volue-

336 762 396 796 rint
419 761 580 796 exhibere.
604 761 750 808 Alioquin
768 761 857 795 liceat
872 760 958 794 sobis
979 771 1087 806 quem-

333 823 471 866 cumque
498 811 673 845 malueritis
697 810 888 844 catholicum
919 808 1006 843 adire
1027 820 1086 843 an-

333 860 474 902 tistitem,
501 860 632 906 gratiam
659 868 689 894 et
711 858 967 894 communionem
998 857 1086 904 Apo-

332 910 461 944 stolicae
481 908 576 944 Sedis
602 908 783 950 habentem,
805 908 858 955 qui
888 915 992 941 nostra
1015 906 1086 940 fre-

334 966 384 992 tus
397 958 593 1002 auctoritate,
614 957 698 1004 quod
711 957 897 1004 postulatur,
914 955 1083 1003 impendat.

333 1006 413 1042 Cum
447 1016 551 1042 autem
577 1006 722 1052 generale
757 1005 955 1039 interdictum
986 1014 1084 1039 terrae

331 1055 437 1096 fuerit,
473 1055 562 1090 liceat
590 1056 620 1089 in
642 1054 797 1090 Ecclesiis
823 1055 946 1094 vestris,
969 1054 1084 1088 clausis

331 1105 449 1145 ianuis,
473 1104 609 1140 exclusis
629 1104 909 1139 excommunicatis
930 1112 959 1138 et
987 1103 1084 1137 inter-

330 1154 440 1194 dictis,
468 1166 530 1188 non
553 1153 684 1201 pulsatis
710 1153 890 1200 campaniS,
914 1164 1083 1199 suppressa

331 1215 419 1244 voce,
433 1203 538 1237 divina
559 1202 660 1237 officia
678 1201 848 1236 celebrare.
875 1201 980 1236 Liceat
1002 1213 1083 1248 quo-

331 1264 392 1299 que
424 1251 513 1287 vobis
539 1251 652 1287 liberas
677 1260 707 1285 et
744 1250 904 1286 absolutas
931 1262 1082 1297 personas

331 1313 347 1335 e
373 1301 500 1336 saeculo
524 1300 681 1347 fugientes
701 1300 739 1335 ad
768 1299 1007 1334 conversionem
1032 1311 1082 1333 re-

331 1350 448 1397 cipere,
475 1362 509 1385 ac
537 1362 590 1385 eas
615 1349 734 1396 absque
761 1348 1006 1383 contradictione
1024 1348 1081 1382 ali-

331 1411 391 1445 qua
407 1399 552 1434 retinere.
569 1398 780 1432 prohibemus
796 1398 936 1444 insuper,
955 1405 988 1432 ut
1003 1397 1078 1432 nulli

332 1447 458 1483 fratrum
499 1455 673 1483 vestrorum
708 1454 778 1493 post
806 1446 916 1480 factam
946 1446 975 1480 in
1004 1445 1080 1480 locis

333 1497 444 1532 vestris
466 1496 710 1543 professionem,
733 1495 777 1529 fas
798 1495 837 1530 sit
859 1494 979 1541 absque
1010 1507 1080 1529 ma-

330 1546 418 1591 gistri
457 1545 505 1580 sui
534 1545 659 1579 licentia
695 1544 767 1578 inde
805 1543 980 1586 discedere,
1020 1544 1077 1577 nisi

330 1594 473 1629 arctioris
495 1593 658 1640 religionis
685 1593 828 1628 obtentu.
855 1592 1076 1627 Discedentem

331 1655 415 1687 vero,
437 1643 556 1690 absque
577 1643 796 1677 communium
824 1641 997 1676 litterarum
1023 1653 1078 1675 ve-

329 1702 464 1727 strarum
487 1692 644 1732 cautione,
666 1691 773 1725 nullus
798 1690 910 1725 audeat
932 1691 1076 1725 retinere.

328 1741 362 1776 Si
389 1742 442 1788 qui
467 1753 539 1776 veto
563 1740 692 1775 flatrum
721 1748 893 1775 ιθειιοιιιιιι
923 1747 991 1786 post
1026 1739 1078 1773 fa-

328 1798 410 1825 ctam
438 1789 679 1838 professionem,
706 1788 881 1823 turbatores
916 1788 1077 1834 religionis

328 1848 462 1884 vestrae,
488 1839 536 1874 vel
564 1838 692 1873 inutiles
724 1837 839 1872 fuerint
862 1817 1002 1872 fortassis
1029 1838 1077 1871 in-

328 1888 429 1932 venti,
456 1889 546 1923 liceat
561 1887 628 1932 ttbt
647 1887 689 1922 fili
717 1887 875 1932 magister,
897 1894 927 1921 et
948 1898 1078 1921 succes-

327 1937 455 1972 soribus
480 1937 544 1971 tuis
571 1948 625 1971 eos
646 1948 718 1971 cum
741 1948 870 1970 assensu
893 1944 924 1970 et
945 1936 1076 1970 consilio

327 1986 463 2021 sanioris
484 1985 581 2032 partis
602 1984 728 2032 capituli
750 1996 910 2025 amovere,
938 1985 1076 2031 ipsisque

328 2034 486 2070 licentiam
521 2035 595 2069 dare
629 2034 667 2068 ad
701 2034 795 2068 alium
824 2033 988 2078 ordinem,
1023 2033 1075 2067 ubi

327 2084 504 2119 secundum
545 2083 647 2118 Deum
682 2083 784 2118 vivere
818 2081 950 2123 valeant,
973 2090 1077 2117 trans-

327 2132 439 2174 eundi,
465 2141 495 2167 et
529 2132 599 2167 loco
632 2143 741 2166 eorum
765 2131 843 2166 alios
870 2130 1075 2178 subrogandi,

326 2182 380 2228 qui
402 2182 498 2216 unius
524 2181 596 2215 anni
619 2181 720 2228 spatio
748 2180 777 2214 in
808 2188 905 2215 vestra
929 2181 1075 2215 societate

328 2230 511 2277 probentur,
537 2242 601 2277 quo
624 2237 764 2285 peracto,
792 2230 816 2263 si
842 2241 945 2263 mores
966 2241 1074 2264 eorum

327 2291 448 2325 exeger:
454 2287 502 2323 ut,
524 2287 553 2314 et
578 2279 638 2326 ipsi
662 2279 755 2313 utiles
782 2278 897 2312 fuerint
918 2278 955 2312 ad
979 2278 1076 2313 servi-

328 2329 404 2363 tium
435 2327 601 2376 hospitalis
622 2328 752 2371 inventi,
774 2326 1000 2374 professionem
1028 2326 1077 2362 fa-

327 2378 410 2412 ciant
431 2377 619 2424 regularem.
648 2376 697 2411 Ad
724 2376 802 2411 baec
828 2375 1000 2411 districtius
1026 2376 1076 2410 in-

327 2425 474 2461 bibemus
505 2438 544 2461 ne
564 2438 581 2460 a
605 2434 645 2467 te,
673 2425 714 2459 fili
738 2425 901 2471 magister,
927 2426 974 2460 vel
1002 2437 1076 2460 suc-

328 2475 506 2510 cessoribus
541 2475 604 2510 tuis
643 2482 675 2509 et
720 2474 868 2509 fratribus
915 2474 1076 2521 hospitalis

327 2523 468 2559 eiusdem
491 2524 594 2570 exigat
620 2523 679 2559 ulla
700 2523 911 2558 ecclesiastica
939 2523 1077 2558 saecula-

329 2573 410 2607 risve
437 2584 569 2620 persona
604 2571 785 2613 fidelitates,
813 2572 964 2616 hominia,
990 2572 1077 2607 iura-

328 2629 443 2655 menta.
478 2621 525 2656 vel
561 2622 743 2656 securitates
778 2621 932 2668 reliquas,
959 2632 1038 2668 quae
1059 2632 1076 2655 a

1131 379 1210 414 quas
1237 368 1368 404 consilio
1399 376 1429 402 et
1464 379 1593 402 assensu
1616 368 1837 414 episcoporum
1863 379 1878 402 a

1131 416 1253 451 clericis
1277 417 1321 451 vel
1346 416 1430 451 laicis
1448 417 1612 464 potueritis
1627 416 1779 457 obtinere,
1801 416 1881 452 illas-

1131 477 1203 512 que,
1222 478 1300 513 quas
1315 466 1586 502 consentientibus
1604 466 1800 501 dioecesanis
1818 466 1880 512 epi-

1131 515 1241 570 scopis
1257 522 1286 549 et
1313 515 1446 556 clericis,
1466 515 1504 550 ad
1532 527 1613 562 quos
1636 515 1803 561 pertinent,
1824 527 1879 549 ac-

1130 564 1272 610 quiretis,
1293 565 1477 599 auctoritate
1505 565 1592 598 vobis
1612 564 1782 619 apostolica
1799 576 1879 599 cou-

1131 613 1306 653 sii-,mamus
1334 621 1365 647 et
1391 613 1562 659 praesentis
1583 614 1691 660 scripti
1716 613 1878 660 privilegio

1129 663 1373 697 communimus.
1406 662 1490 696 Nulli
1517 673 1591 708 ergo
1616 661 1745 697 omnino
1772 662 2076 722 ''⁰¹¹²'’1ss‘gssssfflfflssdgss

1130 723 1203 745 uum
1226 711 1317 746 liceat
1340 711 1532 758 praedictum
1548 711 1653 745 locum
1669 719 1786 746 temere
1803 723 1876 758 per·
1890 730 1964 753 „ime

1130 759 1270 804 turbare,
1302 769 1354 795 aut
1386 772 1455 795 etus
1493 760 1708 807 possessiones
1737 759 1878 801 auferre,

1130 808 1175 843 vel
1191 809 1309 844 ablatas
1331 810 1476 849 retinere,
1499 809 1654 853 minuere,
1675 820 1731 843 seu
1749 809 1879 856 quibus-

1128 857 1201 892 libet
1217 858 1434 893 vexationibus
1461 858 1602 904 fatigare,
1629 857 1683 892 sed
1706 859 1812 893 omnia
1834 858 1879 893 in·

1128 914 1213 953 tegra
1235 916 1462 942 conserventur
1487 919 1618 947 eorum,
1654 919 1709 953 pro
1741 919 1876 954 quorum

1126 955 1354 1001 gubernatione
1382 968 1418 991 ac
1446 955 1696 991 substentatione
1724 968 1876 991 concessa

1126 1013 1217 1044 sunt,
1244 1004 1354 1040 usibus
1376 1005 1568 1040 omnimodis
1595 1004 1771 1051 profutura,
1793 1005 1876 1041 salva

1127 1053 1156 1087 in
1179 1054 1327 1088 omnibus
1348 1053 1441 1089 Sedis
1460 1054 1659 1101 Apostolicae
1680 1054 1876 1089 auctoritate.

1126 1102 1172 1137 De
1194 1111 1317 1137 caetero
1348 1115 1549 1138 successores
1575 1111 1700 1138 nostros
1726 1103 1877 1139 obsecra-

1126 1164 1197 1186 mus
1224 1160 1253 1186 et
1275 1151 1469 1187 obtestamur
1501 1153 1531 1186 in
1559 1151 1686 1187 Christo
1711 1152 1794 1193 lesu,
1821 1152 1875 1199 qui

1127 1208 1277 1235 venturus
1309 1209 1355 1235 est
1379 1201 1518 1236 iudicate
1545 1202 1629 1236 vivos
1661 1210 1691 1236 et
1717 1210 1874 1253 mortuOS,

1126 1258 1157 1284 ut
1179 1250 1283 1285 locum
1305 1258 1442 1284 vestium
1466 1263 1537 1284 cum
1565 1251 1708 1297 personis
1729 1258 1759 1285 et
1777 1238 1876 1286 'rebus

1124 1298 1160 1333 ad
1190 1299 1412 1346 hospitalitatis
1443 1299 1580 1333 officium
1607 1299 1767 1346 deputatis
1793 1307 1878 1334 tam-

1123 1360 1216 1394 quam
1236 1348 1388 1395 speciales
1415 1348 1536 1395 patroni
1558 1348 1735 1396 specialiter
1751 1348 1875 1384 foveant

1122 1405 1152 1431 et
1178 1396 1358 1431 defendant.
1392 1397 1551 1439 Quoniam
1587 1397 1644 1433 etsi
1684 1398 1779 1433 certis
1815 1397 1875 1444 piis

1122 1445 1198 1480 locis
1230 1454 1396 1481 teneantur
1429 1458 1467 1480 ex
1493 1446 1683 1493 apostolicae
1715 1447 1875 1481 servitutis

1122 1494 1223 1529 officio
1259 1494 1441 1541 providere,
1481 1496 1554 1530 huic
1581 1504 1683 1530 tamen
1714 1495 1873 1542 hospitali,

1121 1543 1205 1589 quod
1233 1543 1272 1578 de
1299 1544 1390 1578 bonis
1420 1543 1578 1579 Ecclesiae
1611 1543 1772 1579 Romanae
1799 1543 1874 1578 fun-

1121 1593 1227 1626 datum
1256 1600 1303 1626 est
1340 1600 1370 1626 et
1397 1592 1558 1633 dotatum,
1586 1601 1616 1627 et
1651 1601 1711 1627 tarn
1739 1594 1872 1634 nostris,

1120 1653 1215 1687 quam
1231 1653 1452 1676 successorum
1476 1650 1655 1677 nostrorum
1678 1642 1790 1677 diebus
1803 1654 1874 1677 cre-

1120 1690 1226 1724 dimus
1257 1690 1490 1736 ampliaudum,
1512 1703 1621 1725 curam
1647 1690 1782 1726 debeant
1810 1691 1873 1726 im·

1121 1739 1259 1785 pendere
1281 1739 1463 1785 specialem.
1491 1739 1524 1774 Si
1552 1752 1612 1787 qua
1640 1740 1736 1787 igitur
1764 1741 1796 1774 in
1823 1740 1873 1775 fu-

1120 1796 1224 1822 turum
1247 1788 1479 1829 ecclesiastica,
1506 1789 1714 1824 saecularisve
1740 1801 1872 1836 persona

1120 1837 1199 1872 banc
1213 1846 1336 1872 nostrae
1349 1837 1584 1872 constitutionis
1599 1839 1741 1885 paginam
1755 1839 1871 1880 sciens,

1119 1895 1225 1920 contra
1251 1898 1318 1920 eam
1342 1895 1460 1921 temere
1481 1899 1587 1921 ventre
1614 1895 1791 1930 tentaverit,
1813 1899 1872 1922 se-

1119 1935 1235 1975 cundo,
1264 1935 1394 1969 tertiove
1425 1936 1627 1977 commonita,
1655 1936 1716 1971 nisi
1750 1944 1870 1972 reatum

1119 1997 1212 2018 suum
1255 1995 1391 2030 congrua
1434 1984 1647 2019 satisfactione
1681 1985 1870 2029 correxerit,

1119 2033 1282 2079 potestatis
1301 2033 1495 2080 honorisque
1511 2034 1560 2068 sui
1585 2042 1687 2068 careat
1706 2033 1870 2079 dignitate,

1120 2093 1266 2137 reamque
1289 2093 1323 2116 se
1341 2081 1448 2116 divino
1468 2082 1584 2117 iudicio
1598 2083 1730 2118 existere
1744 2083 1783 2118 de
1798 2095 1871 2138 per-

1120 2138 1237 2177 pettata
1259 2131 1421 2177 iniquitate
1442 2139 1628 2178 cognoscat,
1652 2140 1710 2166 eta
1726 2133 1871 2167 sacratis·

1118 2179 1198 2213 simo
1212 2179 1352 2226 Corpore
1366 2187 1395 2214 et
1417 2179 1580 2226 Sanguine
1605 2180 1662 2215 Dei
1681 2192 1717 2215 ac
1738 2180 1869 2215 Domini

1118 2228 1341 2275 Redemptoiis
1357 2229 1453 2263 nostri
1469 2229 1537 2263 lesu
1551 2228 1668 2264 Christi
1684 2228 1784 2264 aliena
1806 2229 1869 2274 fiat,

1117 2285 1212 2331 atque
1237 2290 1266 2311 ιιι
1287 2286 1426 2312 extremo
1452 2278 1596 2312 examine
1617 2278 1774 2313 districtae
1793 2278 1869 2312 sub-

1119 2327 1217 2361 iaceat
1241 2326 1364 2361 ultioni
1393 2325 1527 2361 Cunctis
1548 2335 1651 2362 autem
1678 2327 1780 2362 eidem
1799 2326 1869 2362 loco

1118 2387 1172 2409 sua
1217 2375 1282 2409 iura
1324 2376 1522 2413 servantibus
1561 2377 1601 2410 sit
1636 2387 1694 2422 pax
1739 2375 1867 2410 Domini

1118 2424 1221 2459 Nostri
1241 2424 1310 2458 lesu
1338 2424 1470 2465 Christi,
1497 2433 1653 2480 quatenus
1673 2432 1704 2459 et
1724 2424 1777 2460 bic
1803 2425 1870 2459 fru-

1118 2481 1201 2507 ctum
1236 2473 1336 2507 bonae
1357 2474 1490 2508 actionis
1511 2474 1700 2528 percipiant,
1733 2482 1763 2508 et
1784 2473 1868 2522 apud

1118 2522 1293 2557 districtum
1308 2522 1448 2557 ludicem
1468 2523 1604 2569 praemia
1622 2531 1765 2558 aeternae
1783 2523 1869 2570 pacis

1119 2571 1288 2606 inveniant
1317 2572 1430 2612 Amen,
1457 2583 1559 2606 amen.

1168 2619 1282 2655 Datum
1312 2620 1444 2655 viterbii
1478 2631 1534 2667 per
1567 2631 1696 2654 manum
1725 2621 1865 2668 magistri

1895 264 1945 292 An.
1963 264 1994 291 C.
2007 263 2075 295 ¹255

2079 2403 2098 2470 nti-2

2079 2483 2102 2556 5³2sz
