2129 3223
24 223 78 266 >Aa.
98 221 125 250 C.
143 221 209 248 1199

815 217 1024 241 wNOCEerrs
1046 216 1083 239 111
1107 217 1153 238 PP

223 275 371 311 xander
364 288 396 310 111
418 276 485 311 51115
510 276 630 316 litteris,
665 275 747 310 sicut
784 286 822 310 ex
856 285 963 309 earum

223 325 417 373 inspectione
440 324 573 373 patebat
589 323 673 372 quod
692 324 795 359 dictus
809 323 965 358 Adrianus

222 374 444 430 praedecessor
473 374 573 422 ipsuus
619 374 835 422 quaestionem
867 373 963 417 illam,

220 436 301 472 quae
321 424 402 459 inter
415 423 574 460 Turonen.
603 432 633 458 et
666 423 779 458 Dolen.
806 423 964 458 Ecclesias

221 485 277 522 per
293 474 479 509 sementiam
507 473 671 509 terminata
686 473 796 517 fuerat,
818 480 964 520 coeperat

220 530 394 558 retractare.
435 522 526 558 Unde
566 523 671 558 volens
707 522 830 577 plenius
870 534 964 569 super

219 584 314 609 causa
352 573 420 621 ipsa
452 585 641 619 cognoscere
674 573 847 615 veritatem,
890 584 962 606 cum

220 630 350 670 utraque
391 630 476 670 parte
510 630 684 670 praesente,
722 635 739 657 a
774 621 855 656 Roll.
889 629 964 657 tunc

218 671 330 708 Dolen.
353 671 454 707 electo
476 679 570 707 testes
600 671 769 719 recepisset
807 670 963 712 inductos,

219 729 250 757 et
275 721 489 770 depositiones
511 733 618 756 eorum
642 734 737 768 super
775 720 963 768 quibusdam

219 771 362 820 capitulis
387 771 577 811 admisisset,
611 770 650 806 G.
679 779 753 806 tunc
789 770 963 813 8011011011,

217 820 258 856 Η.
283 820 430 856 Β3100011.
459 829 488 856 01
509 820 611 856 abbati
633 821 765 856 Sanctae
784 820 963 856 Genovefae

217 878 249 906 et
268 869 377 906 decan.
397 870 543 906 Baiocen.
561 878 622 905 tam
645 878 752 910 testes,
776 883 856 917 quos
894 872 963 918 ipse

218 928 378 968 receperat
399 933 493 967 super
519 919 707 967 quibusdam
725 920 791 955 aliis
817 921 964 968 capitulis

217 969 402 1011 audiendos,
418 982 511 1018 quam
539 970 616 1005 alios
643 969 682 1004 ab
707 969 853 1006 alterutra
887 983 964 1017 par-

216 1020 294 1055 tium
316 1019 525 1062 inducendos,
545 1019 752 1067 recipiendos,
779 1027 809 1055 et
838 1020 966 1056 audien-

217 1068 274 1104 dos
305 1081 402 1117 super
439 1081 639 1115 possessione
675 1069 892 1114 subiectionis,
931 1071 963 1105 in

190 1139 194 1142 -
216 1131 277 1166 qua
298 1125 342 1164 te,
368 1127 400 1154 tu
427 1119 520 1154 frater
546 1119 795 1166 archiepiscope,
822 1131 890 1155 esse
916 1119 986 1154 di-

19 1273 72 1302 ind
79 1273 155 1296 Lucius
161 1272 200 1294 ΡΡ

216 1168 322 1214 cebas,
360 1167 411 1204 vel
445 1168 609 1208 libertatis
645 1169 676 1203 in
715 1180 776 1216 qua
810 1180 844 1204 se
881 1169 964 1204 idem

217 1218 296 1253 tueri
337 1217 494 1253 nitebatur
525 1218 644 1254 electus
681 1230 775 1264 super
821 1218 987 1274 capitulis

216 1267 309 1304 certis
344 1267 554 1308 commiserit;
582 1279 676 1314 quem
715 1267 834 1302 Lucius
873 1269 964 1303 etiam

217 1328 380 1353 successor
400 1317 500 1365 ipsius
526 1317 558 1352 in
580 1316 641 1352 hoc
667 1316 819 1358 imitatus,
843 1318 879 1351 N.
903 1317 965 1353 Ce—

218 1378 344 1402 noman.
367 1366 536 1408 decanum,
564 1366 587 1401 Ι.
612 1366 650 1402 de
671 1366 777 1402 Veteri
800 1367 900 1402 Ponte
913 1380 965 1402 ar-

217 1415 402 1452 chidiacono
453 1415 698 1461 Rothomagen„
747 1417 785 1451 N.
833 1416 961 1452 lanuen

217 1465 396 1515 praeposito
439 1465 572 1501 Sanctae
604 1444 720 1501 titanae
758 1466 798 1501 de
835 1466 964 1502 Castell.

218 1528 274 1565 per
298 1527 374 1552 snas
394 1515 513 1550 litteras
534 1514 617 1551 idem
639 1516 786 1551 iniunxit:
809 1517 864 1564 qui
881 1517 965 1552 iuxta

218 1565 398 1602 mandatum
421 1564 628 1612 apostolicum
664 1565 887 1613 procedentes
911 1579 966 1601 re—

218 1623 371 1664 ceperunt
390 1621 487 1650 testes
513 1627 607 1662 super
633 1615 800 1662 praedictis
822 1616 967 1663 capitulis

219 1665 366 1701 inductos
391 1676 409 1700 a
439 1663 593 1712 partibus,
628 1674 657 1700 et
690 1676 798 1699 eorum
838 1665 988 1713 deposi-⁴

219 1715 323 1751 tiones
344 1713 534 1760 redigentes
557 1714 588 1749 in
610 1714 737 1762 scriptis
770 1714 829 1749 sub
856 1716 967 1762 sigillis
987 1739 989 1760 2

220 1766 288 1801 suis
301 1763 339 1801 ad
356 1763 472 1799 Sedem
486 1764 697 1810 Apostolicam
715 1765 965 1800 transmiserunt.

220 1814 267 1851 Ex
293 1814 343 1849 his
362 1825 437 1860 ergo
458 1813 651 1849 concludens
682 1813 793 1849 Dolen.
827 1814 967 1850 Ecclesia

222 1863 410 1918 postulabat,
434 1871 465 1896 ut
487 1875 559 1897 cum
588 1864 618 1898 in
653 1863 803 1898 libertatis
845 1876 969 1911 semper

222 1924 422 1969 possessione
443 1911 562 1952 suisset
584 1912 700 1948 dictum
717 1913 851 1949 electum
867 1913 966 1953 Ioan„

223 1976 280 2011 per
299 1962 448 1998 dilectum
479 1961 579 1997 filium
623 1970 763 1998 nostrum
799 1963 859 1998 lor.
887 1943 967 1998 tituli

222 2013 358 2049 Sanctae
377 2011 594 2047 Pudentianae
622 2012 836 2059 presbyterum
868 2013 970 2048 caidi-

223 2062 339 2101 nalem.
361 2070 437 2097 tunc
464 2061 664 2109 Apostolicae
701 2062 794 2097 Sedis
833 2062 969 2109 legatum

225 2111 407 2148 auctoritate
432 2111 600 2159 apostolica
622 2111 857 2157 confirmatum,
891 2124 971 2148 con-

225 2172 348 2198 secrare
368 2162 400 2196 in
434 2160 718 2208 archiepiscopum,
751 2169 781 2197 et
814 2162 841 2196 ei
879 2175 969 2197 usum

227 2210 318 2258 pallei
340 2222 522 2246 curaremus
543 2209 583 2245 de
603 2210 691 2246 solita
714 2211 807 2246 Sedis
840 2211 973 2258 Aposto-
992 2220 993 2242 l

227 2261 306 2296 licae
330 2259 524 2307 benignitate
551 2259 701 2295 conferre.
732 2259 898 2296 Caeterum
934 2274 994 2296 exi

228 2318 313 2358 parte
333 2308 494 2346 Turonen.
531 2308 691 2344 Ecclesiae
721 2309 780 2345 suit
813 2310 853 2345 ad
880 2323 973 2358 prae-

228 2360 311 2395 dicta
341 2370 542 2407 responsum,
576 2358 661 2406 quod
695 2370 767 2394 cum
802 2359 877 2395 olim
910 2368 972 2395 tota

228 2409 393 2444 Britannia
413 2408 523 2444 fuisset
543 2407 569 2442 T
573 2419 701 2443 uronen.
724 2407 883 2444 Ecclesiae
904 2416 974 2444 tan-

229 2470 324 2506 quam
345 2458 512 2506 metropoli
538 2469 612 2492 suae
634 2457 786 2502 subiecta,
812 2458 974 2494 Britannis

230 2507 358 2543 tandem
407 2506 662 2562 conspirantibus
707 2515 814 2543 contra
869 2520 973 2555 regem

231 2552 437 2599 Francorum,
458 2566 489 2593 et
515 2568 677 2605 proprium
696 2555 756 2591 sibi
778 2558 974 2592 constituen-

233 2605 316 2640 tibus
343 2618 468 2652 regem,
495 2619 658 2642 occasione
694 2606 773 2640 beati
811 2606 974 2644 Sansonis

984 1136 987 1234 l

1638 202 1700 234 147

1005 270 1165 319 quondam
1205 270 1378 306 Eboracen.
1416 270 1655 317 archiepiscopi,
1697 273 1750 320 qui

1005 322 1081 356 dum
1117 334 1147 355 111
1191 320 1331 368 partibus
1372 320 1552 356 Britanniae
1595 329 1752 367 pateretur

1004 371 1148 414 exitium,
1170 370 1200 404 111
1223 370 1336 405 Dolen.
1371 370 1509 406 Ecclesia
1538 383 1609 405 cum
1642 371 1752 406 310111-

1004 419 1237 468 episcopalibus
1270 419 1444 466 insignibus
1467 421 1666 464 ministrarat,
1687 421 1752 457 Do-

1004 470 1065 505 len.
1086 469 1225 504 Ecclesia
1242 477 1348 504 contra
1364 468 1523 504 Turonen.
1548 470 1751 518 supercilium

1005 519 1152 555 elationis
1178 519 1360 565 assumpsit,
1383 518 1541 555 Britannis
1576 520 1753 556 volentibus

1005 569 1065 605 sibi
1089 581 1206 604 novum
1234 569 1615 616 archiepiscopum,sicut
1638 581 1751 606 novum

1004 631 1108 666 regem
1118 620 1474 657 creaverant,suscitare.
1485 618 1576 654 Unde
1586 619 1684 654 bonae
1693 633 1753 655 me-

1004 669 1122 704 moriae
1137 668 1284 703 Nicolaus
1300 668 1383 715 Papa
1404 667 1627 715 praedecessor
1649 678 1753 705 noster

1004 718 1166 753 Salomoni
1190 726 1263 753 tunc
1285 720 1348 765 regi
1382 718 1562 753 Britanniae
1600 719 1751 759 scribens,

1005 768 1090 815 quod
1113 780 1224 803 omnes
1244 768 1382 815 episcopi
1418 768 1505 814 regni
1540 768 1607 803 eius
1640 768 1752 804 suffra-

1005 818 1096 864 ganei
1118 826 1224 853 essent
1240 817 1401 853 Ecclesiae
1427 817 1587 853 Turonen.
1612 830 1667 865 per
1700 818 1751 853 lit-

1005 876 1086 903 teras
1119 880 1192 903 suas
1225 869 1396 914 expressit:
1430 867 1583 903 adiiciens
1614 868 1752 910 tandem,

1005 925 1039 953 ut
1060 918 1085 953 si
1108 918 1325 953 contentiosus
1346 929 1438 964 agere
1461 918 1563 963 vellet,
1585 918 1622 953 ad
1636 917 1751 953 Sedem

1005 967 1219 1015 Apostolicam
1267 967 1447 1002 destinaret:
1490 975 1523 1002 ut
1559 979 1639 1015 quae
1672 976 1753 1002 esset

1005 1017 1097 1052 sedes
1130 1017 1356 1065 metropolitica
1399 1029 1453 1064 per
1493 1018 1561 1052 eius
1600 1017 1751 1052 iudicium

1005 1074 1181 1114 appareret.
1201 1066 1234 1101 ln
1258 1066 1326 1102 aliis
1353 1068 1446 1101 0113111
1481 1066 1592 1102 litteris
1626 1067 1752 1102 directis

1005 1116 1107 1151 eidem
1152 1116 1312 1151 Turonen.
1354 1116 1515 1152 Ecclesiae
1552 1117 1752 1164 metropolim

1006 1177 1075 1200 esse
1096 1165 1208 1201 Dolen.
1230 1165 1401 1211 Ecclesiae,
1433 1166 1515 1201 sicut
1553 1178 1590 1202 ex
1621 1167 1752 1213 praede—

1005 1227 1165 1250 cessorum
1178 1227 1306 1250 suorum
1323 1217 1538 1256 monimentis,
1557 1224 1587 1250 et
1602 1217 1752 1260 exemplis

1007 1265 1143 1312 priorum
1164 1273 1269 1311 patere
1302 1265 1436 1320 dicebat,
1463 1267 1612 1301 asseruit:
1639 1275 1669 1301 et
1690 1265 1752 1301 Fe-

1006 1315 1140 1349 stiniano
1162 1314 1274 1350 Dolen
1307 1315 1438 1349 antistiti
1477 1315 1630 1355 scribens,
1668 1316 1753 1363 quod

1006 1363 1166 1399 Turonen.
1188 1364 1330 1399 Ecclesia
1365 1365 1544 1411 metropolis
1579 1366 1646 1400 eius
1672 1373 1754 1400 05501

1006 1426 1039 1449 50
1060 1415 1263 1462 comperisse,
1284 1415 1365 1449 sicut
1391 1427 1430 1449 ex
1452 1414 1563 1449 litteris
1595 1416 1664 1450 eius
1698 1428 1754 1461 ap-

1008 1471 1104 1510 paret,
1129 1465 1307 1511 descripsit,
1337 1465 1548 1499 necessarium
1587 1477 1656 1500 esse
1690 1465 1753 1500 ad-

1007 1513 1129 1554 iiciens,
1153 1523 1275 1549 11103111
1306 1514 1419 1550 Dolen.
1456 1515 1599 1570 episcopi
1637 1527 1754 1562 seque·

1007 1571 1126 1604 rentur,
1153 1572 1182 1598 et
1202 1565 1303 1612 ipsam
1327 1565 1357 1599 in
1379 1576 1518 1611 negocus
1536 1565 1602 1599 suis
1619 1564 1752 1599 adirent:

1008 1625 1066 1647 nec
1092 1614 1255 1660 exquirere
1276 1614 1375 1670 ipsius
1407 1613 1558 1648 iudicium
1597 1614 1753 1649 detrecta-

1008 1663 1181 1702 10111,510111
1196 1676 1250 1710 per
1264 1665 1455 1699 monimenta
1476 1663 1696 1710 praedecessor
1702 1676 1752 1699 um

1008 1724 1149 1753 suorum,
1197 1722 1228 1748 et
1275 1713 1416 1761 exempla
1451 1714 1589 1760 priorum
1631 1713 1754 1748 dicebat

1009 1762 1142 1797 ostendi.
1165 1763 1283 1798 Addito
1306 1773 1339 1799 ut
1367 1764 1449 1798 idem
1482 1762 1684 1798 Festiuianus
1722 1775 1756 1798 se

1010 1812 1284 1859 metropolitanum
1332 1814 1512 1847 nullatenus
1560 1813 1755 1860 appellaret,

1009 1874 1174 1910 quousque
1195 1863 1310 1911 scripta
1323 1863 1538 1898 Romanorum
1555 1862 1755 1903 Pontificum,

989 1923 1090 1958 {quae
1112 1913 1141 1947 in
1183 1914 1365 1959 acceptione
1400 1913 1491 1960 pallei
1519 1913 1587 1947 eius
1613 1922 1757 1947 anteces-

990 1993 991 1999 ,
1010 1974 1098 1997 50105
1120 1971 1315 2010 acceperant,
1337 1963 1516 1998 destinaret:
1544 1975 1615 1997 cum
1640 1964 1670 1997 in
1702 1975 1757 1997 re—

1011 2013 1106 2059 gestis
1129 2012 1190 2048 5111
1216 2021 1247 2047 01
1280 2013 1408 2047 Adriani
1447 2012 1625 2047 nullatenus
1663 2013 1757 2046 inve-

1012 2063 1120 2102 nisset,
1159 2062 1242 2109 quod
1286 2062 1483 2103 Bestovaldo,
1523 2071 1552 2097 et
1586 2062 1758 2096 Iunemrno

1013 2112 1306 2159 praedecessoribus
1324 2112 1463 2147 eiusdem
1493 2111 1541 2155 F.,
1575 2113 1655 2146 510111
1677 2112 1757 2145 5011-

1013 2170 1127 2209 pserat,
1159 2174 1251 2196 usum
1276 2162 1366 2209 pallei
1397 2162 1634 2196 concessissent.
1670 2160 1758 2195 Prae

1013 2220 1096 2246 terea
1119 2210 1251 2246 loannes
1278 2212 1361 2259 Papa
1396 2211 1563 2259 praedeces
1567 2223 1619 2246 sor
1654 2219 1759 2245 noster

1013 2261 1172 2307 episcopis
1204 2260 1383 2295 Britanniae
1422 2260 1591 2299 interdixit
1626 2272 1666 2294 ne
1699 2260 1757 2294 iuri

1014 2310 1173 2345 Ecclesiae
1213 2310 1374 2345 Turonen
1421 2311 1615 2352 resisterent,
1664 2321 1760 2356 super

1015 2359 1176 2403 omnibus,
1198 2371 1277 2406 quae
1315 2359 1473 2394 Turonen.
1505 2358 1760 2406 archiepiscopus

1015 2409 1052 2443 ad
1081 2420 1168 2443 suam
1193 2408 1350 2455 pertinere
1367 2408 1566 2455 metropolim
1590 2408 1760 2449 asserebat,

1015 2458 1116 2492 donec
1146 2466 1274 2506 utraque
1310 2458 1442 2505 partium
1477 2457 1515 2492 ad
1547 2457 1759 2505 Apostolicam

1015 2507 1130 2543 Sedem
1158 2508 1330 2547 accederet,
1351 2515 1383 2542 ut
1399 2507 1513 2541 ibidem
1536 2508 1645 2542 eadem
1669 2520 1761 2543 causa

1017 2557 1170 2592 finiretur.
1187 2556 1347 2592 Adiiciens
1371 2557 1452 2604 quod
1468 2557 1493 2591 si
1512 2556 1600 2592 aliter
1617 2565 1757 2604 agerent,

1017 2618 1049 2642 se
1073 2606 1187 2642 scirent
1219 2607 1550 2642 excommunicationis
1589 2607 1761 2643 sententiae

1769 208 1817 235 An.
1833 208 1859 235 C.
1882 208 1948 234 1199

1781 628 1833 653 Quid
1851 626 1948 647 Nicolvr·

1768 658 1805 679 Pr<

1787 2218 1817 2243 Qu
1821 2218 1839 2239 id
1864 2217 1955 2238 loannes

1775 2249 1806 2269 PP
