2129 3223
354 252 424 286 856

392 316 588 349 institutione
619 327 675 359 pro
710 316 759 349 die
789 317 831 350 102
859 318 977 351 mensis
1004 329 1059 351 au-

391 365 493 408 gusti,
517 365 591 398 6⁵20.

303 414 378 447 XXI.
412 414 560 447 Diffinitio
594 415 828 448 controversiae
865 427 963 460 snper
997 417 1059 459 pri-

391 469 476 496 matu
500 464 582 496 inter
596 464 835 497 Arinachanum
856 470 883 497 et
901 466 1058 498 Tuanwn-

391 523 455 546 sem
482 513 754 556 archiepiscopos,
776 513 850 547 6024.

303 561 392 594 XXII.
416 561 642 605 Comprobatio
663 563 802 595 veritatis
821 563 1004 607 stigmatum
1023 564 1054 596 S.

393 611 550 644 Francisci
572 612 610 644 de
631 611 759 652 Assisio,
782 623 855 645 cum
879 624 1056 656 poenarum
1078 598 1081 631 l

390 659 594 703 impositione
614 662 765 694 adversus
788 662 880 694 aliter
900 663 1059 695 affirman-

391 714 450 749 tes,
473 709 547 743 696.

302 760 406 793 XXIII.
429 760 519 799 Quod
541 761 652 793 fratres
673 761 809 794 Minores
833 762 1059 794 conventuales

390 810 511 843 ordinis
540 810 570 842 S.
598 810 759 843 Francisci
787 810 824 842 ad
855 811 1059 855 episcopatus

390 864 420 891 et
439 859 517 891 alias
540 858 709 901 dignitates
736 859 887 902 promoti,
910 860 1009 892 libros
1029 865 1056 892 ot

391 908 452 940 alia
472 918 584 940 eorum
605 907 688 940 hona
709 907 812 940 ordini
835 908 996 950 resignata¹
1018 914 1059 941 to-

392 961 542 994 neantur,
565 956 640 990 628.

303 1006 403 1038 XXIV.
435 1005 643 1038 Confirmatio
669 1005 894 1038 declarationis
927 1011 1059 1039 statuto-

391 1065 462 1087 rum
479 1054 606 1087 Ordinis
626 1055 739 1087 Beatae
759 1054 874 1087 Mariae
896 1055 934 1088 de
954 1056 1058 1088 Monte

391 1104 550 1144 Carmelo,
573 1103 648 1136 6028.

301 1152 389 1185 XXV.
413 1152 608 1191 Declaratio,
630 1153 716 1195 quod
738 1163 774 1184 ex
795 1153 1059 1186 concessionibus

392 1212 449 1244 per
475 1202 689 1245 Apostolicam
719 1201 834 1234 Sedem
863 1202 1058 1246 cuicumque

389 1250 492 1290 factis,
518 1250 565 1283 vel
592 1250 757 1286 faciendis,
780 1251 906 1284 nullum
930 1252 1058 1294 praeiu-

389 1299 509 1332 dicium
527 1300 678 1333 fratribus
699 1302 866 1344 hospitalis
882 1303 912 1333 S.
933 1302 1060 1334 loannis

391 1349 668 1392 Hierosolymitani
690 1350 858 1388 inferatur,
881 1351 940 1383 nisi
961 1352 1060 1394 speci-

392 1398 451 1431 tica
484 1409 597 1430 eorum
633 1400 751 1431 mentio
783 1399 836 1431 fiat
879 1400 909 1431 iu
948 1400 1060 1432 litteris

394 1447 587 1489 apostolicis,
610 1447 684 1480 629.

305 1495 406 1528 XXVI.
429 1494 519 1534 Quod
539 1495 669 1528 abbates
689 1507 706 1528 a
732 1496 904 1539 prioribus,
927 1507 1008 1538 qnos
1029 1497 1059 1528 in

392 1544 458 1576 suis
492 1544 685 1587 prioratibus
718 1545 905 1585 instituunt,
939 1545 1059 1577 nullam

395 1593 594 1637 pensionem,
630 1605 685 1626 seu
715 1594 869 1637 pecuniae
903 1594 1061 1636 quantita-

393 1647 456 1675 tem
477 1648 549 1675 ante
568 1643 616 1675 vel
638 1648 707 1686 post
733 1643 963 1674 institutionem
994 1643 1059 1674 exi-

393 1702 469 1734 gere
491 1697 711 1735 praesumant,
733 1691 808 1724 6⁶29.

305 1740 420 1773 XXVII.
450 1739 586 1779 Quinam
621 1745 861 1774 conservatores
893 1740 965 1783 eligi
1005 1735 1082 1772 de-¹

392 1790 499 1827 beant,
522 1795 553 1822 et
571 1801 654 1833 quac
681 1790 720 1822 ab
741 1790 800 1833 ipsi
827 1791 856 1822 in
879 1801 991 1822 eorum
1013 1791 1060 1822 of-

394 1838 457 1871 ficii
491 1839 765 1872 administratione
795 1839 948 1872 servanda
977 1839 1059 1877 sint,

394 1886 469 1920 632.

306 1936 434 1969 XXVIII.
464 1937 588 1969 Fratres
612 1937 733 1969 ordinis
752 1938 923 1970 Servorum
950 1937 1062 1969 Beatae

395 1986 526 2025 Mariae,
549 1997 728 2029 eorumque
749 1987 830 2019 bona
852 1987 911 2019 sub
931 1988 1063 2030 Aposto-

394 2035 473 2068 licae
494 2035 586 2068 Sedis
611 2036 808 2078 protectione
840 2036 1060 2079 recipiuntur,

393 2095 466 2117 cum
508 2085 703 2128 paupertatis
741 2085 801 2117 voti
843 2085 1060 2128 professione,

309 2182 413 2215 XXIX.
444 2182 523 2215 Unio
549 2182 745 2216 diversarum
776 2184 1062 2226 congregationmn

398 2231 610 2264 Eremitarum
636 2232 695 2264 sub
715 2232 976 2265 denominatione
1004 2234 1064 2265 sra-

398 2285 482 2313 trum
512 2280 726 2313 Ercmitarum
747 2280 853 2314 Sancti
874 2282 1061 2324 Augustini,

397 2329 500 2372 deque
528 2329 624 2362 huius
648 2329 770 2362 ordinis
797 2331 907 2372 regula
933 2342 968 2363 ac
992 2331 1062 2363 uni-
1084 2329 1085 2344 ³

1084 2377 1086 2387 i

398 2378 507 2411 formis
528 2379 654 2411 habitus
674 2379 845 2419 delatione,
869 2379 943 2413 635.

314 2426 402 2460 XXX.
420 2427 547 2460 Civibus
556 2428 846 2462 Wormatiensibus
863 2430 1062 2467 conceditur,

399 2482 433 2509 ut
453 2477 535 2509 trahi
556 2482 642 2510 extra
667 2478 823 2511 civitatem
849 2478 886 2511 ad
909 2479 1063 2511 iudicium

400 2531 560 2568 nequeant
580 2526 687 2566 inviti,
709 2526 784 2560 637.

316 2569 416 2601 XXXI.
440 2570 608 2603 Concessio
633 2572 872 2614 exemptionum
898 2572 1063 2605 archihos-

403 2614 489 2656 pitali
505 2615 610 2647 Sam-ti
627 2616 764 2659 Spiritus
781 2616 811 2648 in
827 2617 917 2649 Saxia
934 2617 1064 2650 ‹leth-bv

403 2668 420 2689 a
440 2658 540 2690 talleis
560 2665 586 2691 et
610 2661 762 2699 collectis,
789 2660 863 2693 6:37.

895 263 1083 286 BULLAmUM
1110 262 1274 285 ROMANUM

1076 318 1219 352 tXXXlI.
1246 317 1453 351 Confirmatio
1480 318 1607 351 unionis
1632 329 1781 362 congreg.
1806 330 1856 352 or-

1189 367 1272 400 dinis
1287 367 1504 400 Camaldulen.
1524 367 1583 400 sub
1599 368 1755 409 regimine
1773 369 1856 412 prio-

1078 443 1080 448 .
1189 417 1231 450 ris
1252 416 1393 449 eiusdem
1416 417 1532 453 eremi,
1561 416 1634 450 637.

1102 466 1232 499 XXXIII.
1253 465 1426 498 Prohibitio
1448 465 1585 507 eligendi
1601 467 1647 499 vel
1669 467 1855 499 nominandi

1077 534 1080 578 Ι
1188 515 1370 548 Conradum
1393 520 1501 548 natum
1528 516 1690 560 quondam
1719 516 1855 549 Conradi

1078 584 1080 596 .
1189 564 1244 596 filii
1274 564 1424 597 Fridcrici
1457 565 1533 598 olim
1573 565 1790 609 imperatoris„
1825 566 1855 597 in

1189 624 1296 656 regem
1318 613 1551 654 Romanorum,
1574 613 1648 647 639.

1078 658 1081 698 l
1100 662 1228 694 XXXIV.
1256 662 1383 696 Priores
1402 667 1429 695 et
1457 663 1569 695 fratres
1587 663 1746 696 Eremitae
1769 664 1854 697 ordi-

1190 712 1237 744 nis
1264 712 1369 744 Sancti
1394 711 1547 744 Willelmi
1576 712 1779 756 recipiuntur
1798 712 1856 745 sub

1190 762 1387 804 protectione
1414 761 1504 794 Sedis
1528 762 1748 805 Apostolicae,
1780 773 1853 794 cum

1189 811 1419 843 nonnullarum
1447 810 1624 853 gratiarum
1649 811 1854 854 elargitione,

1190 859 1264 892 641.

1101 908 1216 940 XXXV.
1240 908 1406 941 Damnatio
1436 908 1528 948 libri,
1555 909 1600 941 De
1621 910 1774 952 periculis
1802 920 1856 941 no-

1188 959 1394 990 vissimum-mn
1430 963 1607 1001 temporum
1656 958 1852 1002 nuncupati,

1190 1007 1345 1039 nonnulla
1373 1007 1491 1050 impia,
1514 1008 1700 1040 scandalosa
1727 1013 1757 1040 et
1786 1018 1856 1040 exe-

1190 1056 1321 1088 crabilia
1342 1056 1555 1096 continentis,
1579 1057 1653 1089 644.

1102 1104 1230 1137 XXXVI.
1251 1105 1479 1148 inquisitorum
1500 1105 1680 1137 haereticae
1697 1105 1857 1148 pravitatis

1190 1155 1323 1186 facultas
1344 1154 1550 1197 procedendi,
1579 1154 1672 1187 ctiam
1695 1155 1858 1197 irrequisi-

1190 1203 1228 1235 tis
1249 1203 1458 1241 dioecesanis,
1482 1208 1592 1235 contra
1618 1204 1796 1236 haereticos
1813 1204 1857 1236 iu-

1190 1251 1346 1284 dicialiter
1358 1253 1519 1285 confessos
1531 1258 1559 1285 et
1576 1252 1762 1293 obstinatos,
1779 1253 1852 1286 646.

1101 1300 1244 1333 XXXVII.
1276 1301 1400 1334 Erectio
1426 1302 1508 1334 sedis
1538 1302 1728 1345 episcopalis
1753 1302 1783 1334 in
1812 1303 1856 1334 ci-

1190 1350 1281 1382 vitate
1302 1351 1448 1393 Aquilae,
1472 1350 1546 1383 647.

1102 1399 1257 1432 XXXVIII.
1283 1400 1417 1432 Litterae
1439 1400 1599 1432 cruciatae
1620 1405 1730 1432 contra
1752 1400 1858 1432 Boles-

1191 1448 1276 1480 laum
1304 1448 1434 1481 Calvum
1464 1449 1692 1490 Legnicensem
1720 1448 1856 1489 ducem,

1190 1496 1264 1529 648.

1103 1544 1233 1576 XXXIX.
1256 1545 1345 1584 Quod
1374 1546 1548 1587 Regulares
1573 1546 1695 1578 admitti
1722 1546 1857 1578 debeant

1190 1594 1220 1625 in
1243 1594 1449 1626 Universitate
1471 1594 1657 1626 Studiorum
1680 1594 1854 1635 Parisien.‚

1191 1642 1265 1675 649.

1103 1691 1161 1724 XL.
1186 1691 1482 1724 Excommunicatio
1509 1692 1652 1731 illorum,
1676 1692 1732 1734 qui
1760 1692 1791 1724 in
1812 1702 1858 1724 re-

1191 1751 1253 1782 gno
1283 1740 1433 1773 Franciae
1463 1746 1578 1774 statuta
1604 1745 1716 1773 contra
1741 1741 1858 1774 immu-

1193 1789 1322 1822 nitatem
1356 1790 1603 1822 ecclesiasticam
1639 1789 1720 1822 edita
1754 1790 1860 1822 obser-

1193 1844 1263 1871 x'ant
1277 1866 1284 1877 ,
1307 1839 1381 1871 ool.

1199 1888 1367 1921 Revocatio
1389 1888 1590 1921 indultorum
1607 1887 1859 1932 archiepiscopis

1193 1943 1220 1969 et
1242 1937 1401 1981 episcopis
1421 1948 1649 1970 concessorum
1677 1948 1775 1980 super
1795 1947 1859 1970 non

1192 1987 1367 2020 visitatione
1405 1986 1577 2019 Sacrorum
1617 1987 1776 2019 Liminum
1820 1986 1858 2018 ad

1192 2042 1331 2079 tempus,
1354 2035 1429 2069 652.

1105 2086 1191 2118 XLII.
1204 2085 1293 2123 Quod
1310 2090 1425 2118 statuta
1436 2085 1682 2117 Communitatis
1698 2084 1856 2124 Mantuae,

1192 2144 1323 2176 quoquo
1354 2134 1448 2166 modo
1481 2133 1622 2165 officium
1653 2138 1780 2166 sanctae
1815 2133 1859 2165 in-

1193 2182 1374 2225 quisitionis
1399 2182 1605 2225 impedientia
1632 2182 1856 2221 moderentur,

1194 2231 1238 2262 vcl
1260 2231 1468 2273 abrogentur,
1495 2231 1570 2264 652.

1106 2280 1205 2312 XLIII.
1237 2279 1444 2313 Confirmatio
1480 2280 1718 2323 privilegiorum
1748 2280 1853 2312 archi-

1196 2329 1359 2372 hospitalis
1379 2329 1485 2361 Sancti
1506 2329 1643 2372 Spiritus
1660 2329 1689 2361 in
1712 2328 1802 2361 Saxia
1819 2328 1856 2359 de

1194 2378 1289 2417 Urbe,
1321 2379 1454 2422 eiusque
1478 2377 1684 2421 hospitalium
1709 2383 1740 2410 et
1763 2387 1855 2420 gran-

1194 2427 1336 2470 giarum,
1370 2433 1400 2461 et
1424 2427 1598 2472 praecipue
1632 2427 1856 2469 Montispessu-

1194 2477 1256 2508 lan.
1276 2477 1494 2510 subiectorum
1512 2475 1724 2515 enumeratio,
1743 2474 1816 2507 6573.

1107 2525 1204 2558 XLIV.
1228 2526 1308 2558 Unio
1341 2527 1485 2559 locorum
1507 2525 1650 2558 omnium
1681 2534 1856 2567 congrega-

1195 2570 1290 2602 tionis
1316 2570 1580 2609 tlamaldulensis,
1607 2569 1727 2602 ordinis
1751 2568 1856 2601 Sancti

1194 2615 1367 2651 Benedicti,
1385 2615 1444 2647 sub
1457 2615 1610 2655 regimine
1628 2613 1742 2656 prioris
1757 2613 1857 2645 ercini

1194 2659 1433 2696 tlamaldulen..
1478 2658 1718 2700 iurisdictioquo
1752 2657 1856 2689 omni-

1104 1888 1176 1920 XLI.

1084 2311 1086 2325 l

1084 2607 1087 2625 l
