2129 3223
48 259 96 287 An.
108 259 138 286 C.
156 259 226 286 ¹205

58 316 97 340 ¹1¹0
111 318 162 339 0¹⁶⁰
179 324 228 346 quo·
241 313 295 347 stri
317 312 356 347 G.
384 312 471 347 electi
500 310 669 346 Remensis
694 321 767 346 acce

46 349 226 370 niodutnstttutun.
770 322 875 358 plmus
906 309 991 358 qUOd

241 362 315 397 dum
347 361 492 397 transiret
514 372 570 407 per
598 359 769 395 dioecesim
801 359 991 407 Lingonen-

241 423 321 455 sein,
343 422 398 445 vos
422 410 539 444 invenit
559 409 588 444 in
607 408 697 444 Valle
714 408 859 444 Caulium
884 409 992 444 novel-

241 461 301 494 lam
325 459 553 494 institutionem
576 458 699 493 ordinis
720 459 930 505 assumpsisse
953 458 991 493 de

240 510 332 545 cuius
363 508 483 543 meritis
515 507 682 555 diligenter
715 508 880 556 inquirens
914 507 990 542 nihil

240 559 270 593 in
298 570 335 593 eo
359 558 416 592 nisi
445 557 628 604 religiosum
651 558 816 605 comperit⁷
839 565 869 591 et
892 557 991 592 lione-

238 615 321 643 stum
358 607 496 651 invenit‚
523 606 700 654 siquidem,
734 614 826 653 prout
861 606 989 641 eaedem

239 657 361 692 litterae
382 656 604 697 continebant,
631 655 715 703 quod
735 657 815 690 inter
836 667 891 691 vos
909 668 990 691 unus

239 706 479 748 monachorum,
518 717 612 753 quern
650 717 719 745 vos,
744 704 795 740 lilii
831 705 989 746 monachi,

238 755 381 802 eligetis,
421 754 534 789 debeat
572 767 641 789 esse
676 755 785 801 prior,
826 754 875 790 cui
914 767 990 788 om-

239 816 306 848 nes,
334 804 478 839 monachi
498 803 642 839 videlicet
672 811 702 838 et
729 804 890 845 conversi,
909 816 990 851 quo-

238 866 308 889 rum
341 861 474 888 societas
509 853 694 899 vigesimum
725 865 892 887 numerum
927 865 988 888 non

238 902 449 942 transcendet,
472 911 632 948 tamquam
659 902 811 949 spirituali
837 902 915 948 patri
940 914 984 936 re-

238 952 406 987 verentiam
429 959 460 986 et
482 951 696 986 obedientiam
720 951 871 986 curabitis
898 951 990 985 exbi-

239 1001 324 1036 bere.
346 1000 459 1036 Nullus
487 1009 624 1046 vestrum
655 1001 816 1047 proprium
847 1001 990 1047 posside-

239 1050 295 1086 bit.
325 1050 359 1085 In
387 1057 543 1085 conventu
577 1050 713 1096 singulis
750 1050 862 1084 diebus
896 1050 990 1084 missa

237 1108 271 1135 et
295 1099 390 1135 horae
423 1100 593 1134 canonicae
620 1099 852 1143 cantabuntur7
882 1099 990 1145 priva-

239 1157 349 1197 tasque
377 1149 490 1183 missas
511 1148 564 1197 qui
593 1148 749 1183 voluerint
771 1148 988 1183 celebrabunt.

238 1197 419 1246 Capitulum
443 1197 592 1233 tenebitis
619 1197 728 1232 facturi
751 1197 920 1232 duodecim
946 1198 991 1231 le-

239 1249 359 1283 ctiones
386 1246 583 1294 temporibus
610 1247 803 1286 constitutis,
831 1247 923 1281 simul
947 1247 991 1281 la-

239 1297 404 1337 borabitis,
418 1305 447 1330 et
459 1295 554 1331 simul
571 1296 600 1330 in
623 1296 791 1331 refectorio
806 1295 991 1340 comedetis,

239 1345 389 1381 carnibus
417 1354 446 1380 et
477 1346 628 1392 sagimine
651 1356 712 1380 non
743 1352 877 1380 utentes.
901 1344 992 1380 Prior

241 1395 404 1431 vobiscum
425 1403 456 1430 et
482 1395 513 1429 in
532 1394 642 1429 eodem
661 1393 825 1429 refectorio
847 1394 992 1429 comedet

241 1444 335 1479 simili
362 1444 434 1479 cibo
465 1452 495 1478 et
529 1451 616 1478 veste
650 1451 828 1479 contentus.
852 1443 879 1478 Α
915 1443 992 1478 festo

241 1493 497 1529 Resurrectionis
512 1492 700 1528 Dominicae
722 1504 822 1540 usque
837 1492 875 1527 ad
899 1492 993 1527 Exal-

243 1543 390 1579 tationem
423 1541 537 1578 Crucis
571 1541 619 1577 his
653 1542 827 1577 comedetis
859 1542 888 1576 in
918 1542 993 1586 die,

243 1591 404 1628 residuum
428 1592 578 1639 temporis
599 1591 659 1626 sub
682 1591 870 1626 ieiuniorum
894 1591 994 1626 alisti-
1013 1622 1014 1625 ,

244 1642 349 1678 nentia
370 1641 593 1682 transcursuri,
618 1652 696 1688 pane
718 1648 746 1675 et
767 1652 859 1688 aqua,
876 1642 947 1675 vino
965 1649 994 1675 et

245 1691 409 1740 pulmento
440 1690 579 1725 contenti
607 1698 691 1725 sexta
726 1690 801 1726 seria
829 1690 992 1726 existente.

245 1741 279 1776 ln
294 1740 347 1776 die
368 1739 544 1775 Nativitatis
564 1738 693 1774 Domini
717 1751 778 1774 non
803 1739 994 1780 ieiunabitis,

199 1827 202 1829 ,
245 1802 305 1826 nec
336 1789 412 1825 feria
445 1798 533 1824 sexta
569 1790 599 1824 in
627 1797 759 1829 aestate,
796 1789 848 1823 ubi
882 1788 994 1824 festum

247 1838 451 1876 intervenerit
478 1838 646 1873 duodecim
673 1837 861 1879 lectionum3
884 1839 995 1873 vivetis

247 1889 286 1924 de
318 1886 495 1924 redditibus
521 1886 683 1922 silentium
710 1888 874 1922 servaturi.
911 1886 997 1922 lute-

248 1937 346 1974 riores
380 1937 532 1972 terminos
565 1945 696 1983 excepto
731 1937 834 1982 priore
868 1937 929 1971 nisi
965 1936 996 1972 in

248 1998 341 2023 cansa
369 1984 507 2027 ordinis,
540 1997 604 2020 non
633 1986 873 2021 transcendetis.
907 1985 999 2021 Prior

249 2045 353 2072 tamen
376 2036 402 2071 si
423 2042 597 2082 occupatus
618 2034 722 2075 fuerit,
745 2035 791 2070 vel
822 2043 998 2082 aegrotam,

250 2086 298 2121 vel
314 2097 432 2133 urgens
454 2085 639 2124 necessitas,
662 2083 709 2119 vel
731 2084 860 2119 evidens
883 2084 999 2119 utilitas

253 2135 432 2183 postularit,
461 2134 576 2181 poterit
602 2145 700 2168 unum
734 2145 830 2180 quem
866 2134 999 2169 voluerit

65 2186 239 2210 '‘⁸‘²·¹¹·⁸“‘¹⁸'
251 2184 418 2221 destinare.
434 2182 545 2219 Cilicia
568 2182 705 2218 induetis
724 2183 761 2217 ad
783 2195 922 2222 carnem,
946 2195 1001 2218 eos

58 2219 129 2242 '¹⁸⁰⁰'
253 2235 306 2282 qui
343 2233 424 2270 ferre
455 2244 517 2268 non
552 2239 699 2279 poterunt
734 2243 796 2267 non
830 2240 1000 2280 cogentes‚

253 2283 352 2319 lineas
373 2291 403 2318 et
422 2281 614 2318 cannabinas
637 2289 737 2316 vestes
756 2280 936 2317 nullatenus
959 2282 1003 2316 in-

254 2332 367 2373 duetis,
394 2343 522 2378 grossae
545 2330 632 2366 lanae
663 2338 762 2365 vestes
789 2343 851 2366 non
879 2331 1025 2379 tinctas73

255 2389 286 2417 ct
305 2381 453 2430 pelliceas
468 2380 614 2421 babituri,
638 2391 708 2414 cum
729 2380 845 2415 tunicis
863 2379 1003 2426 cingulo,

256 2438 285 2467 et
307 2432 418 2478 caligis
435 2442 547 2466 omnes
561 2429 712 2470 iacebitis,
734 2437 764 2464 et
789 2438 911 2475 praeter
929 2429 1005 2465 llaec

256 2480 394 2524 vos‚filii
417 2480 584 2521 monachi,
611 2490 683 2513 cum
711 2478 801 2513 cucul
829 2491 1005 2526 nusquam,

258 2537 288 2564 et
321 2541 484 2577 nunquam
519 2540 615 2576 super
641 2527 781 2563 culcitris
809 2521 1029 2574 quiescentesl

259 2587 350 2614 erunt
372 2580 477 2614 novitii
501 2578 593 2613 vestri
618 2578 648 2612 in
672 2575 856 2624 probatione
878 2589 933 2624 per
952 2589 1006 2611 an·
1026 2574 1030 2618 ἶ

260 2639 347 2664 num.
380 2628 420 2663 Et
448 2639 512 2669 vos,
544 2627 598 2662 filii
631 2627 789 2666 monachi,
817 2624 1030 2671 amatutinis}

378 2684 452 2714 Ball.
473 2684 549 2714 Rom.
578 2684 632 2713 Vol.
651 2683 694 2713 III
873 2683 910 2712 ⁶25

87 709 184 736 negatae.

835 255 1047 278 tNNOCttNTiUS
1069 255 1104 277 ΙΙΙ
1131 256 1177 277 ΡΡ.

1663 246 1733 279 493

1034 322 1133 357 usque
1148 310 1185 344 ad
1210 310 1315 344 lior-ain
1334 310 1447 346 laboris
1469 320 1500 347 et
1523 313 1661 359 vesperis
1683 324 1783 360 usque

1031 359 1069 394 ad
1108 371 1255 394 occasum
1293 358 1369 394 solis
1407 360 1557 402 lectioni,
1585 361 1719 396 orationi
1754 370 1782 397 et

1032 408 1290 455 contemplationi
1301 408 1460 454 vacabitis,
1476 411 1616 458 exceptis
1629 410 1689 450 liis,
1703 423 1783 457 quos

1033 458 1144 506 prioris
1165 458 1314 493 discretio
1343 470 1398 505 pro
1431 460 1534 506 aliqua
1561 468 1644 495 certa
1672 468 1703 495 et
1724 473 1783 496 ne-

1031 507 1164 543 cessaria
1192 519 1282 543 causa
1317 507 1440 542 duxerit
1472 509 1685 545 retrahendos.
1717 510 1782 545 Nos

1031 565 1134 592 autem
1168 557 1278 592 vestris
1311 558 1400 592 iustis
1428 559 1692 605 postulationibus
1723 571 1781 595 an-
1807 570 1883 591 Locum
1913 572 1979 597 ῑικυω

1031 614 1176 646 mentes,
1209 618 1358 655 personas
1393 616 1529 650 vestras,
1557 616 1587 642 et
1621 609 1723 644 locum
1749 610 1778 643 in
1793 602 1978 658 :ffi'hcsssgh'ssffi‘ss

1031 668 1094 703 quo
1113 655 1219 690 divino
1240 656 1315 691 estis
1334 656 1486 703 obsequio
1505 658 1685 705 mancipati,
1707 671 1778 693 cum
1793 664 1863 685 0¹¹0¹¹0
1882 664 1975 689 euwain

1030 705 1190 746 omnibus,
1214 717 1294 753 quae
1316 706 1346 740 in
1371 708 1619 753 praesentiarum
1644 708 1780 743 rationa-

1031 755 1137 790 biliter
1159 755 1328 800 possidetis
1354 763 1406 790 aut
1428 756 1457 789 in
1486 755 1625 791 futurum
1648 769 1780 792 conces-

1030 805 1120 840 sione
1155 803 1359 845 Pontificum,
1395 805 1560 850 largitione
1596 818 1705 852 regum
1734 806 1779 840 vel

1032 854 1225 901 principum,
1252 853 1410 889 oblatione
1444 854 1599 894 fidelium,
1629 867 1685 891 seu
1713 856 1781 890 aliis

1031 903 1120 938 iustis
1147 903 1449 955 modis-praestante
1470 904 1608 939 Domino
1640 904 1781 952 poteritis

1031 953 1173 1000 adipisci,
1195 952 1255 987 sub
1278 952 1357 987 beati
1382 953 1465 987 Petri
1489 962 1518 988 et
1545 962 1650 989 nostra
1677 962 1781 1001 prote-

1031 1002 1134 1037 ctione
1156 1002 1361 1049 suscipimus.
1384 1001 1573 1048 Specialiter
1598 1012 1702 1038 autem
1729 1015 1781 1038 or·
1814 1014 1956 1041 omnemne

1030 1051 1135 1086 dinem
1172 1052 1275 1098 ipsum
1312 1051 1439 1098 provida
1479 1052 1706 1088 deliberatione
1743 1046 1903 1087 (16ΝΠΩΠΠΜ

1031 1113 1160 1136 assensu
1183 1101 1322 1148 episcopi
1346 1101 1523 1136 dioecesani
1551 1110 1701 1137 statutum
1724 1114 1782 1137 au-

1031 1151 1172 1186 ctoritate
1192 1150 1367 1196 apostolica
1390 1151 1626 1190 confirmamus.
1647 1160 1677 1186 et
1693 1163 1780 1197 prae-

1031 1207 1128 1234 sentis
1150 1199 1258 1246 scripti
1287 1200 1459 1246 patrocinio
1481 1200 1727 1235 communimus.

1080 1248 1163 1283 Nulli
1180 1260 1254 1296 ergo
1269 1250 1399 1284 omnino
1416 1249 1578 1284 bominum
1598 1250 1687 1285 liceat
1702 1250 1781 1284 hanc
1829 1265 1947 1289 (zi-unuin.

1034 1298 1179 1345 paginam
1219 1307 1345 1333 nostrae
1374 1299 1579 1346 protectionis
1605 1308 1635 1334 et
1663 1298 1782 1334 confir-

1033 1347 1179 1382 mationis
1199 1347 1381 1394 infringere,
1404 1348 1450 1383 vel
1470 1348 1498 1383 ei
1518 1360 1597 1383 ausu
1617 1349 1782 1384 temerario

1032 1397 1200 1432 contraire.
1235 1396 1268 1432 Si
1296 1398 1369 1444 quis
1402 1406 1506 1432 autem
1539 1398 1598 1432 boc
1631 1406 1783 1433 attentare

1035 1447 1292 1494 praesumpserit,
1311 1446 1561 1493 indignationem
1581 1447 1784 1494 omnipoten-

1035 1495 1072 1529 tis
1094 1494 1152 1530 Dei
1181 1505 1210 1531 et
1243 1495 1408 1531 beatorum
1433 1495 1517 1531 Petri
1545 1505 1575 1531 et
1600 1496 1688 1531 Pauli
1714 1508 1784 1544 apo·

1033 1543 1186 1579 stolorum
1215 1545 1284 1579 eius
1310 1558 1343 1580 se
1371 1545 1492 1580 noverit
1519 1546 1734 1581 incursurum.

1084 1593 1198 1630 Datum
1222 1594 1343 1630 Romae
1366 1594 1449 1642 apud
1478 1595 1629 1630 Sanctum
1657 1595 1783 1630 Petrum

1035 1642 1258 1678 incarnationis
1269 1644 1446 1679 dominicae
1460 1657 1543 1680 anno
1558 1656 1655 1689 Μίαν,
1674 1653 1785 1692 quarto

1036 1692 1106 1727 idus
1133 1692 1302 1735 februarii,
1331 1693 1532 1741 pontificatus
1566 1695 1663 1730 nostri
1702 1705 1786 1729 auno

1036 1751 1184 1788 septimo.

1047 1798 1106 1830 Dat.
1126 1799 1173 1830 die
1193 1799 1230 1831 to
1248 1798 1391 1832 februarii
1410 1800 1496 1838 1205,
1514 1800 1615 1841 pontif.
1635 1809 1711 1831 anno
1726 1808 1774 1830 vn.

1798 259 1843 284 An.
1864 258 1890 284 C.
1913 259 1978 285 latori

1364 1949 1462 1987 XLll.

1041 2026 1144 2060 Malla
1166 2026 1313 2060 disserens
1335 2028 1372 2061 de
1392 2028 1596 2061 translatione
1615 2027 1790 2062 Constanti-

1089 2077 1261 2120 nopolitani
1290 2078 1413 2121 imperii
1433 2078 1469 2110 de
1492 2077 1617 2111 Graecis
1637 2078 1680 2110 ad
1701 2077 1789 2112 Laci-

1089 2136 1155 2165 nos,
1176 2126 1398 2170 indnlqentt’am
1416 2128 1590 2171 impertitur
1608 2127 1657 2164 iis,
1675 2129 1729 2170 qui
1748 2126 1791 2160 ad

1090 2175 1189 2217 ipsum
1207 2175 1371 2219 imperium
1391 2176 1568 2210 accedentes.
1580 2186 1639 2220 pro
1656 2175 1791 2210 subsidio

1095 2223 1205 2257 Terrae
1227 2225 1361 2259 Sanctae
1387 2225 1595 2259 laboraverint
1614 2226 1676 2265 (l).

1312 2296 1528 2328 SUMMARIUM

1045 2361 1233 2393 Prooemium.
1249 2378 1289 2385 —
1304 2362 1361 2393 Res
1378 2364 1407 2393 in
1426 2364 1545 2403 antiqua
1565 2363 1628 2402 lege
1645 2363 1795 2402 figuratae,

1086 2407 1114 2436 in
1145 2416 1219 2437 nova
1241 2407 1394 2437 revelatae.
1428 2424 1466 2430 —
1500 2406 1587 2437 Error
1618 2406 1795 2438 Graecorum

1086 2451 1121 2481 de
1139 2451 1329 2490 processione
1353 2450 1481 2490 Spiritus
1511 2450 1619 2482 Sancti.
1652 2468 1690 2475 —
1720 2451 1796 2482 Nar·

1086 2497 1159 2525 ratio
1203 2495 1404 2526 translationis
1439 2496 1565 2534 imperii.
1601 2513 1639 2520 -
1678 2496 1797 2526 Alexius

1087 2539 1333 2579 Constantinopoli
1369 2545 1534 2570 coronatus
1566 2557 1602 2563 -
1635 2539 1797 2571 ssaldutuus

1088 2583 1242 2615 Flandriae
1259 2593 1357 2614 comes
1374 2586 1409 2615 ad
1425 2586 1479 2615 noc
1495 2584 1651 2624 imperium
1669 2591 1787 2616 vocatus

1085 2641 1124 2675 (1)
1139 2642 1177 2668 Ex
1194 2642 1304 2696 Aaoehiv'
1326 2641 1409 2668 Vatic.
