2129 3223
50 283 97 311 An.
119 283 149 311 C.
164 284 230 312 1192

60 343 85 365 ιι
112 343 161 366 Μοο
196 343 228 366 st.

66 373 214 396 contemtum

45 405 229 432 catalogoadseri-

45 435 108 458 bitur:

47 1274 173 1302 festumque
197 1281 219 1295 ‹³-

36 1312 67 1327 tus
82 1312 120 1334 pio
142 1307 175 1328 die
195 1306 218 1327 16

36 1338 85 1358 maii
114 1337 217 1358 celebrari

36 1369 171 1394 craecipitur-

839 286 1051 312 conmsrmns
1073 286 1111 310 111
1133 287 1180 310 PP.

245 355 384 383 sensum,
413 350 442 377 et
473 342 695 389 intelligentias
734 352 855 379 nostras
895 354 990 378 exce-

244 394 329 432 dere,
351 394 423 439 quia
444 393 548 439 potius
569 400 616 428 est
631 393 729 428 (livini
755 393 876 434 iudicii,
895 404 987 440 quam

244 444 384 484 humani,
411 455 483 479 cum
512 443 581 491 ipse
607 444 694 478 solus
726 443 818 490 plene
858 442 988 481 noverit,

241 494 294 540 qui
317 501 390 528 sunt
411 493 490 533 cius;
528 493 755 540 suspendimus
796 491 987 527 desiderium

241 551 328 577 tuum
356 542 553 589 aliquandiu,
587 551 620 577 ut
655 542 746 578 nobis
779 549 809 577 et
842 540 989 576 fratribus

241 592 366 630 nostris.
393 592 467 638 quid
493 592 596 637 potius
622 592 780 637 agendum
803 600 901 631 esset,
919 590 989 636 Spi-

240 641 318 676 ritus
344 641 450 676 Sancti
474 641 570 685 gratia
594 641 754 676 revelaret.
786 641 852 676 Tua
893 639 988 686 igitur

239 691 362 726 tandem
387 691 435 737 pia
458 691 686 736 supplicatione
709 691 840 732 inducti,
858 698 888 724 et
905 689 987 724 mul-

238 748 340 774 torum
363 741 584 787 cpiscoporum
608 741 781 775 etaliorum
798 739 987 775 testimoniis

238 789 389 829 inclinati,
418 802 480 823 non
504 789 543 824 (le
566 790 701 836 propriis
729 789 858 829 meritis,
875 788 929 824 sed
947 788 986 823 de

237 839 454 875 misericordia
475 838 635 874 Creatoris
657 839 855 886 potissimum
883 839 985 874 confi-

235 887 359 929 dentes,
391 889 430 924 de
471 889 631 924 communi
679 889 808 924 fratrum
851 888 985 924 consilio

234 938 450 985 acquievimus
496 938 576 973 votis
620 939 738 973 vestris.
776 938 816 973 Et
856 938 984 972 canoni—

235 994 342 1024 zantes
368 987 564 1035 praedictum
599 987 764 1028 Sanctum,
799 988 984 1022 auctoritate

234 1035 292 1071 Bb.
335 1034 548 1084 apostolorum
584 1036 669 1072 Petri
709 1044 739 1072 et
778 1036 887 1077 Pauli,
923 1048 982 1083 qua

234 1085 409 1132 fungimur,
432 1087 503 1122 licet
524 1086 686 1130 immeriti,
708 1085 918 1123 decrevimus,
950 1094 982 1120 ut

235 1135 348 1170 festum
371 1135 521 1171 transitus
547 1135 666 1183 ipsius,
688 1135 771 1170 sicut
808 1135 980 1170 beatissimi

232 1184 430 1220 Confessoris
451 1184 535 1232 apud
557 1197 613 1220 vos
635 1192 787 1230 perpetuo
818 1184 980 1219 habeatur.

280 1234 346 1281 52.
368 1234 568 1281 Quapropter
584 1233 819 1269 universitatem
848 1241 980 1268 vestram

234 1295 399 1318 monemus
433 1292 464 1318 et
503 1283 706 1319 exhortamur
748 1282 778 1316 in
822 1282 980 1325 Domino,

233 1341 390 1380 quatenus
417 1345 479 1367 non
508 1333 539 1367 in
567 1344 699 1367 vacuum
723 1332 852 1377 gratiam
891 1331 1003 1398 istam!

233 1381 403 1429 recipiatis,
430 1382 485 1417 sed
518 1382 662 1426 exemplo
700 1381 737 1421 B.
778 1380 849 1421 viri,
887 1392 981 1415 reno-

234 1430 347 1466 vemini
374 1431 486 1477 spiritu
509 1430 624 1465 mentis
645 1437 777 1472 vestrae,
799 1438 830 1465 et
860 1429 889 1463 in
929 1442 979 1464 re-

233 1480 369 1516 verentia
395 1481 479 1524 Dei,
519 1488 548 1515 et
581 1478 729 1524 praedicti
778 1478 904 1521 Sancti,
950 1487 979 1513 et

231 1529 372 1565 omnium
395 1529 539 1569 aliorum,
562 1528 766 1564 ferventiores
792 1527 886 1563 solito
912 1528 980 1562 exi-

231 1578 328 1614 statis.
376 1578 418 1613 Et
456 1578 569 1613 festum
612 1577 682 1612 eius
722 1589 790 1612 xvn
829 1576 979 1612 kalendas

232 1627 309 1662 iunii
338 1627 477 1663 hilariter
498 1627 588 1662 annis
609 1626 744 1673 singulis
772 1626 979 1670 celebrantes,

229 1676 351 1713 solicite
397 1677 583 1722 operemini,
622 1676 706 1722 quod
747 1683 849 1710 vestra
898 1676 979 1711 circa

229 1725 369 1762 divinum
392 1726 512 1761 cultum
532 1726 658 1760 devotio
673 1724 845 1770 profecisse
868 1725 979 1760 merito

229 1774 380 1812 videatur.
408 1775 447 1810 Et
467 1775 518 1810 alii
547 1775 586 1810 de
617 1775 697 1810 facto
731 1782 835 1810 vestro
868 1785 979 1808 exem·

229 1824 316 1872 plum
343 1825 504 1872 profectus
521 1832 694 1862 assumant,
722 1831 752 1858 et
775 1824 842 1870 ipse
866 1824 979 1857 vestris

228 1881 334 1909 motus
372 1873 532 1921 precihus,
571 1886 627 1920 pro
678 1872 776 1907 totius
812 1872 977 1908 Ecclesiae

228 1929 323 1966 statu,
344 1923 426 1970 apud
446 1923 695 1970 omnipotentem
715 1921 890 1958 Dominum
929 1922 978 1956 in-

229 1971 381 2008 tercedat.

275 2021 392 2056 Datum
411 2021 553 2056 Laterani
568 2033 604 2056 1v
619 2032 719 2056 nonas
733 2020 837 2055 martii
873 2023 883 2054 1
899 2022 976 2065 192,

228 2070 429 2117 pontificatus
455 2070 552 2105 nostri
581 2081 665 2106 anno
687 2069 802 2115 primo.

286 2125 347 2158 Dat.
369 2126 417 2157 dle
434 2126 452 2157 t
474 2125 570 2157 martii
590 2135 667 2156 anno
688 2126 803 2158 Domini
824 2126 916 2163 1192,

463 2170 579 2209 ‘pontifi
601 2179 678 2202 anno
696 2179 725 2202 ιι.

567 2285 633 2322 Vll.

227 2360 398 2406 Descriptio
419 2371 456 2393 ac
482 2358 654 2401 desi'qnatio
684 2359 793 2403 finium
825 2354 998 2418 Scalensisl

460 2408 649 2453 episcopatus
676 2407 702 2449 (t
711 2408 731 2449 ).
995 2433 998 2478 ι

492 2468 706 2501 SUMMARIUM

1686 277 1731 311 85

1074 341 1148 371 bona
1177 342 1292 377 omnia,
1315 351 1366 372 seu
1398 342 1494 381 potins
1518 342 1590 372 fines
1618 342 1781 372 confirmat.

1071 401 1108 407 —
1127 384 1261 425 Episcopi
1282 385 1456 415 electionem
1476 385 1511 415 acl
1531 386 1689 416 canonicos
1709 394 1780 423 spe-

1071 433 1149 459 ctare
1180 429 1322 459 decernit.
1343 446 1382 452 —
1404 428 1617 460 Conclusiones
1643 434 1672 460 et
1700 430 1781 460 clau-

1071 473 1153 502 sulae
1182 477 1351 503 consuetae.
1369 489 1407 496 ·—-
1433 474 1589 504 Coelestini
1627 474 1722 514 Papae
1754 479 1780 504 et

1072 516 1098 545 S.
1123 515 1154 545 R.
1176 515 1254 546 Eccl.
1276 517 1354 547 card.
1378 517 1621 557 subscriptiones.

1028 587 1195 616 coelestinus
1214 587 1354 625 eptscopus
1378 595 1473 618 servus
1503 596 1643 620 servorum
1661 590 1716 624 Det.
1736 598 1779 620 vc·

1073 637 1188 665 nerabtlt
1224 636 1309 667 fratri
1333 637 1482 668 Alexandro
1510 639 1626 668 scalensi
1646 639 1780 675 episcopo,

1074 686 1181 722 eiusque
1209 687 1410 716 successoribus
1426 687 1552 717 oanontce
1571 687 1778 720 substituendis,

1072 735 1099 764 tn
1119 737 1288 772 pai-potuum.

1076 804 1110 839 In
1131 803 1329 847 Apostolicae
1365 804 1460 838 Sedis
1490 804 1630 850 specula,
1668 804 1777 850 dispo-

1028 861 1122 888 nente
1148 852 1297 897 Domino,
1320 853 1495 892 constituti,
1519 852 1629 887 fratres
1652 861 1776 888 nostros

1026 903 1194 949 episcopos
1215 909 1277 937 tam
1303 902 1432 943 vicinos,
1460 914 1554 949 quain
1585 901 1678 947 longe
1713 914 1776 949 po·-

1026 953 1114 995 sitos,
1142 952 1229 986 firma
1267 951 1421 987 debemus
1446 951 1599 987 charitate
1630 951 1775 997 diligere„

1025 1009 1056 1037 et
1078 1013 1188 1037 eorum
1212 1001 1475 1048 postulationibus
1505 1000 1652 1036 effectum
1692 1000 1776 1036 cele-

1026 1063 1090 1086 rem
1119 1049 1294 1095 indulgere.

1074 1100 1273 1146 Eapropter,
1306 1099 1493 1134 venerabilis
1520 1099 1549 1134 in
1572 1096 1699 1134 Christo
1717 1099 1774 1134 fra-

1025 1157 1080 1187 ter,
1116 1148 1177 1182 tuis
1203 1147 1347 1195 precibus
1377 1156 1564 1191 annuentes,
1589 1146 1772 1183 Scalensem

1023 1197 1209 1237 Ecclesiam,
1237 1197 1286 1231 cui
1306 1196 1373 1232 Deo
1399 1205 1527 1232 auctore
1555 1208 1691 1243 praeesse
1725 1197 1772 1232 di-

1022 1246 1196 1291 gnosceris,
1215 1246 1274 1280 sub
1297 1245 1376 1281 beati
1400 1245 1485 1281 Petri
1513 1253 1544 1281 et
1577 1254 1682 1281 nostra
1703 1258 1767 1292 pro-

1023 1296 1159 1330 tectione
1187 1295 1390 1342 suscipimus,
1418 1302 1449 1330 et
1472 1295 1646 1342 praesentis
1661 1295 1769 1343 scripti

1023 1344 1183 1391 privilegio
1219 1344 1463 1379 communimus.
1512 1343 1695 1380 Statuentes
1738 1352 1771 1379 ut

1021 1404 1238 1440 quascumque
1271 1393 1515 1438 possessiones,
1554 1405 1771 1440 quaecumque

1022 1442 1102 1477 bona
1126 1441 1235 1477 eadem
1273 1442 1414 1477 Ecclesia
1453 1442 1484 1477 in
1522 1443 1770 1489 praesentiarum

1022 1492 1103 1527 iuste
1130 1499 1160 1527 et
1186 1491 1338 1526 canonice
1365 1492 1517 1539 possidet,
1549 1499 1603 1526 aut
1646 1492 1677 1526 in
1721 1491 1772 1526 fu—

1021 1548 1125 1575 turum
1153 1541 1360 1576 concessione
1382 1540 1585 1579 Pontificum,
1608 1540 1772 1587 largitione

1022 1602 1130 1636 regum
1159 1589 1205 1624 vel
1234 1590 1423 1636 principum,
1451 1590 1499 1625 vel
1531 1590 1690 1625 oblatione
1724 1590 1770 1624 fl·-

1020 1639 1153 1680 delium,
1175 1638 1222 1673 vel
1250 1638 1319 1673 aliis
1345 1639 1437 1674 iustis
1459 1639 1573 1678 modis,
1596 1639 1665 1674 Deo
1697 1639 1771 1685 opi·

1021 1688 1151 1732 tulante,
1168 1688 1282 1734 poterit
1296 1687 1441 1733 adipisci,
1455 1688 1544 1723 firma
1558 1688 1626 1727 tibi,
1642 1688 1768 1735 tuisque

1020 1737 1269 1780 successoribus,
1291 1745 1321 1772 et
1347 1737 1462 1772 illibata
1490 1745 1706 1784 permaneant,
1734 1737 1768 1771 in

1020 1787 1136 1833 quihus
1154 1786 1231 1821 haec
1247 1786 1382 1833 propriis
1397 1786 1548 1821 (luximus
1563 1785 1769 1832 exprimenda

1020 1835 1191 1871 vocabulis.
1220 1834 1344 1869 Scalam
1374 1835 1524 1870 Maiorem
1559 1847 1630 1870 cum
1670 1835 1768 1881 perti»

1021 1885 1136 1919 nentiis
1162 1884 1229 1919 suis
1250 1895 1351 1929 usque
1372 1884 1409 1919 ad
1445 1884 1561 1919 flumen
1597 1884 1684 1931 qnod
1719 1883 1769 1918 di-

1020 1933 1098 1968 vidit
1119 1932 1242 1968 Scalam
1265 1945 1282 1967 a
1310 1932 1440 1968 Ravello
1475 1945 1492 1968 a
1530 1941 1616 1981 parte.
1638 1941 1769 1980 septen-

1020 1982 1134 2018 trionis
1167 1982 1205 2018 ad
1241 1981 1354 2016 lamam
1389 1981 1507 2020 Cicini,
1545 1990 1577 2016 et
1610 1982 1684 2018 inde
1730 1983 1768 2016 ad

1018 2031 1172 2067 Sanctum
1219 2031 1376 2078 Angelum
1415 2031 1455 2067 de
1495 2029 1680 2074 Petrabene,
1714 2030 1766 2066 ubi

1018 2088 1066 2116 est
1094 2081 1167 2116 finis
1200 2080 1281 2115 inter
1322 2079 1445 2115 Scalam
1469 2088 1500 2114 et
1535 2079 1713 2122 Ravellnm,
1751 2093 1766 2114 a

1020 2138 1105 2176 parte
1136 2128 1309 2165 occidentis
1337 2137 1436 2164 totum
1478 2137 1615 2163 montem
1649 2128 1768 2163 Candi-

1018 2178 1094 2214 recti
1117 2189 1218 2225 usque
1239 2176 1277 2213 ad
1301 2177 1425 2213 Petram
1446 2176 1671 2213 Palumharum
1685 2178 1768 2211 sicut

1018 2227 1108 2275 vadit*
1123 2239 1179 2274 per
1200 2226 1360 2274 planitiem
1383 2234 1415 2262 ct
1451 2235 1591 2262 montem
1629 2224 1767 2260 Cerhel-

1017 2276 1093 2317 lani,
1126 2288 1198 2312 cnm
1235 2275 1433 2323 pertinentiis
1476 2275 1553 2315 suis,
1584 2285 1689 2321 usque
1720 2274 1766 2308 la-

1017 2326 1158 2366 ctariam,
1187 2337 1204 2360 a
1245 2324 1376 2359 meridie
1422 2336 1439 2359 a
1485 2322 1640 2366 Planello,
1681 2324 1765 2370 quod

1017 2387 1064 2414 est
1085 2378 1145 2414 sub
1166 2378 1280 2412 Sancta
1301 2376 1422 2412 Helena
1445 2388 1544 2423 usqne
1571 2375 1609 2410 ad
1647 2375 1764 2411 flumen

1017 2430 1174 2471 Carnneti‚
1209 2421 1239 2465 εἷ
1275 2428 1360 2464 vadit
1395 2440 1450 2476 per
1491 2428 1701 2464 Tabernatam
1736 2438 1765 2464 et

995 2481 1156 2519 'montem
1192 2482 1323 2526 Scanni,
1360 2490 1390 2517 et
1425 2493 1533 2516 arcum
1574 2481 1765 2524 Patalarum,

225 2529 394 2560 Exordium.
411 2543 451 2550 ε-
467 2525 635 2557 Scalensem
648 2524 809 2555 Ecclesiam
823 2525 878 2556 sub
892 2524 976 2556 Sedis
1017 2545 1047 2572 et
1075 2537 1154 2572 redit
1180 2537 1216 2571 ad
1236 2535 1372 2571 eundem
1395 2534 1588 2576 cerbellani,
1612 2535 1763 2582 quicquid

266 2570 453 2611 Apostolicae
470 2569 652 2610 protectione
672 2569 805 2609 suscipit,
818 2587 858 2594 —
871 2568 975 2601 Eidem

262 2625 302 2661 (1)
317 2625 357 2652 Ab
369 2625 516 2661 exemplari
531 2624 614 2652 edidit
629 2624 743 2660 Ughell.,
756 2624 814 2653 Ital.
825 2626 896 2660 Sac.,
908 2630 975 2654 tom.
995 2629 998 2650 !

228 2667 277 2694 vn,
298 2660 341 2688 ubi
357 2660 391 2688 de
410 2660 510 2688 Scalen³
533 2660 658 2688 Ecclesia,
995 2662 999 2678 2

1019 2590 1149 2626 habetur
1171 2593 1202 2625 in
1229 2592 1352 2625 civitate
1378 2587 1574 2635 Amalpliiae,
1600 2588 1763 2623 ecclesiam

1017 2644 1151 2680 Sanctae
1173 2643 1328 2679 Barbarae
1350 2655 1421 2678 cum
1445 2642 1532 2677 cellis
1557 2649 1587 2677 et
1616 2641 1764 2677 omnibu-s

1797 284 1845 311 An.
1862 281 1890 310 C.
1911 282 1979 311 ilw

1826 814 1943 835 Exordium,

1803 1107 1923 1128 Scatonem
1937 1107 1973 1129 Eo-

1789 1138 1875 1159 etesium
1886 1139 1923 1159 sub
1936 1138 1973 1159 Se-

1789 1169 1820 1189 di:
1835 1169 1972 1196 Apostollcae

1789 1201 1923 1226 protectione
1940 1205 1972 1220 su-

1787 1230 1857 1256 sctpltt

1800 1348 1870 1371 Eidem
1915 1351 1970 1371 bona

1786 1381 1863 1403 oninta.
1878 1385 1915 1400 sou
1931 1387 1971 1406 por·

1787 1412 1827 1431 tius
1845 1410 1897 1432 fines
1917 1417 1969 1431 cen-

1787 1441 1861 1462 firmat,
