2129 3223
162 281 200 306 Αη
229 280 339 308 c>1255

403 272 472 304 614
912 276 1098 300 sutanum
1124 275 1285 298 ROMANUM
1890 278 1941 306 An.
1959 279 1988 307 C,
2003 280 2070 309 ηπ

355 328 549 384 regularum
571 334 681 369 eodem
711 334 900 369 monasterio
935 333 1094 367 institutus

353 399 422 421 esse
443 384 645 431 dignoscitur,
666 383 824 430 perpetuis
845 383 960 418 ibidem
979 390 1092 428 tempo-

354 435 441 469 ribus
469 432 686 469 iuviolabiliter
706 433 896 468 observetur.
932 432 1093 466 Praeterea

172 488 227 509 ³⁰³⁵
243 490 339 509 ⁰m⁰¹³0¹
353 496 565 531 quascumque
588 483 812 530 possessiones,
835 490 864 518 et
877 492 1094 529 quaecumque

159 519 273 540 confirmat.

354 533 434 569 bona
456 533 538 568 idem
564 531 786 568 monasterium
803 532 834 566 in
848 530 1093 578 praesentiarum

354 583 434 618 iuste
455 595 491 617 ac
518 581 667 617 canonice
694 580 843 628 possidet,
870 589 923 616 aut
950 580 979 614 in
1010 579 1092 613 futu-

353 645 422 668 rum
457 632 660 667 concessione
697 631 896 668 Pontificum,
933 629 1094 674 largitione

352 694 459 729 regum
482 681 529 717 vel
549 680 737 728 principum,
759 679 915 715 oblatione
943 678 1093 722 fidelium,

351 745 407 766 seu
434 731 502 766 aliis
524 730 612 765 iustis
630 729 731 765 modis
759 736 932 776 praestante
958 727 1093 761 Domino

353 782 467 828 poterit
500 780 644 827 adipisci,
677 780 763 814 firma
796 778 883 813 vobis
921 777 1094 823 vestrisque

351 829 588 866 successoribus
624 836 653 863 et
675 828 787 862 illibata
822 833 1033 875 permaneant.
1059 825 1092 860 ln

351 880 466 928 quibus
486 879 562 914 haec
585 878 718 926 propriis
731 877 878 912 duximus
891 875 1093 923 exprimenda

351 929 522 965 vocabulis:
545 928 648 963 locum
676 927 790 974 ipsum,
819 927 848 960 in
877 939 939 973 quo
975 924 1095 972 praefa-

353 989 416 1014 tum
440 986 661 1014 monasterium
685 985 777 1012 situm
807 984 853 1011 est
887 988 957 1010 cum
993 986 1093 1009 omm-

352 1029 410 1064 bus
433 1027 627 1076 pertinentiis
648 1027 723 1061 suis:
751 1026 901 1065 decimas,
935 1036 1012 1071 quas
1044 1024 1094 1058 ha-

352 1079 429 1113 betis
451 1078 482 1112 in
510 1085 611 1111 castro
644 1075 748 1111 Sancti
789 1074 921 1110 Victoris
925 1101 980 1108 .....
1022 1073 1093 1117 illa,

351 1140 431 1175 quae
459 1127 548 1162 Baria
576 1133 787 1171 nuncupatur,
823 1124 984 1159 ecclesiam
1007 1124 1095 1157 San-

351 1178 390 1212 cti
418 1176 542 1212 Martini
564 1175 601 1210 de
629 1174 745 1213 Monte,
783 1173 908 1208 Montau
946 1185 1015 1208 cum
1049 1184 1096 1207 ec-

350 1226 442 1261 clesia
465 1225 570 1261 Sancti
599 1223 725 1259 Antonii
742 1223 780 1258 de
803 1222 905 1258 Rocca
924 1222 1034 1257 Albani
1058 1221 1095 1256 ab

350 1275 459 1311 eadem
482 1274 622 1311 Ecclesia
646 1272 856 1320 dependente,
887 1280 916 1306 et
949 1271 1095 1306 omuibus

352 1324 548 1371 pertinentiis
569 1323 647 1363 suis;
669 1322 800 1358 Sanctae
820 1321 933 1356 Mariae
956 1321 994 1355 de
1026 1320 1096 1355 Ra-

351 1375 447 1413 dicto,
468 1374 602 1410 Sanctae
623 1371 735 1407 Crucis
762 1371 800 1406 de
822 1370 913 1406 Petra
954 1370 1094 1413 Petrusa,

352 1423 459 1458 Sancti
486 1421 666 1464 Salvatoris,
692 1421 797 1456 Sancti
829 1420 911 1455 Petri
950 1419 989 1454 de
1021 1418 1096 1454 Col·

353 1473 531 1512 letraverso,
559 1471 666 1506 Sancti
709 1469 892 1504 Christofori
923 1469 962 1503 (le
990 1468 1096 1503 Monte

351 1521 513 1565 Toruculi,
531 1528 561 1556 et
588 1520 693 1555 Sancti
717 1518 871 1553 Leonardi
894 1517 932 1553 de
954 1517 1096 1552 Muscuso

353 1571 502 1606 ecclesias
529 1582 600 1605 cum
624 1568 724 1612 terriS,
747 1567 856 1611 vineis,
892 1567 1095 1614 possessioni-

354 1620 423 1662 bus,
451 1627 480 1655 et
501 1618 647 1655 omnibus
671 1617 865 1666 pertinentiis
901 1615 1095 1655 earumdem;

354 1669 478 1711 domos,
500 1677 597 1704 terras
623 1676 652 1702 et
676 1667 900 1714 possessiones,
929 1679 1007 1713 quas
1042 1665 1097 1699 lia-

353 1719 434 1754 betis
460 1719 491 1754 in
530 1719 646 1753 Sancto
681 1716 838 1751 Germano
876 1723 907 1750 et
945 1714 1098 1749 territorio

355 1769 433 1808 eius,
460 1768 583 1811 domos,
601 1775 708 1805 terras,
737 1765 852 1809 tineas,
885 1764 1098 1811 possessiones

356 1826 386 1853 et
411 1818 522 1853 oliveta
544 1828 624 1864 quae
651 1815 773 1850 habetis
789 1815 819 1849 in
842 1814 963 1849 civitate
985 1821 1015 1848 et
1045 1821 1098 1847 ter-

357 1868 464 1903 ritorio
489 1866 658 1907 Venafren,
693 1865 815 1905 domos,
851 1873 958 1903 terras,
997 1863 1099 1897 vineas

356 1926 386 1952 et
409 1916 634 1964 possessiones,
660 1927 738 1962 quas
766 1913 886 1948 habetis
916 1914 945 1948 iu
976 1913 1099 1948 civitate

357 1975 386 2002 et
400 1966 552 2002 territorio
567 1964 730 2011 Aquinat.,
751 1963 874 2002 domos,
891 1971 1004 2003 terras,
1033 1974 1101 2008 pos-

357 2015 513 2051 sessiones
534 2023 563 2050 et
587 2014 709 2057 oliveta,
727 2025 807 2059 quae
830 2012 948 2047 habetis
977 2012 1006 2045 in
1047 2023 1100 2046 ca-

357 2065 429 2101 stris
451 2064 566 2100 Sancto
586 2063 693 2111 Helya‚
720 2062 834 2097 Sancto
856 2061 992 2104 Victore,
1019 2060 1100 2096 San-

358 2123 408 2150 cto
429 2114 522 2150 Petro
550 2115 580 2148 in
607 2112 697 2151 Fine,
716 2110 914 2151 Pinnatario,
948 2120 977 2145 et
999 2109 1100 2144 Pede-

360 2172 477 2207 monte,
511 2175 546 2198 ac
569 2162 680 2197 Bariae
721 2170 750 2196 et
787 2159 989 2195 pedemontis
1024 2159 1102 2193 villis

360 2213 525 2260 vulgariter
547 2210 727 2250 nominatis,
749 2217 778 2245 et
801 2210 961 2245 territoriis
982 2221 1102 2244 eorum-

360 2263 457 2301 dem:
491 2269 612 2304 terras,
650 2273 727 2308 quas
760 2259 881 2294 habetis
922 2259 951 2293 in
997 2258 1102 2293 Monte

361 2312 467 2348 Sancti
491 2310 660 2349 Benedicti.
682 2310 746 2344 sive
772 2308 931 2355 Terragio;
955 2308 1101 2343 iustitiam

363 2362 451 2409 panis
475 2369 506 2396 et
529 2360 589 2395 vini
611 2372 681 2395 cum
718 2358 908 2398 hominibus,
932 2370 1026 2405 quam
1065 2357 1102 2391 de

364 2411 457 2446 veteri
478 2410 679 2446 concessione
701 2408 851 2443 hactenus
865 2407 1025 2443 observata
1042 2407 1105 2442 die-

364 2460 423 2495 bus
441 2459 573 2506 singulis
598 2472 614 2494 a
641 2457 803 2493 Cassinen.
827 2456 1014 2492 monasterio
1049 2468 1104 2490 re-

365 2510 480 2556 cipitis,
506 2521 577 2545 cum
619 2508 721 2548 terris,
761 2507 866 2554 pratiS,
906 2506 1015 2546 vineis,
1051 2516 1105 2540 ne-

366 2559 517 2602 moribus,
545 2557 683 2604 usuagiis
721 2565 751 2592 et
786 2557 909 2604 pascuis
949 2556 978 2590 in
1012 2555 1105 2590 bosco

367 2616 398 2642 et
419 2607 521 2654 plano,
544 2607 572 2641 in
597 2607 685 2654 aquis
707 2614 737 2641 et
754 2605 953 2650 molendinis,
987 2606 1017 2640 in
1050 2604 1106 2639 riis

368 2663 399 2691 et
420 2657 550 2697 semitis,
572 2663 602 2691 et
628 2655 776 2691 omnibus
811 2655 879 2690 aliis
915 2654 1107 2690 libertatibus

1134 338 1163 365 et
1191 330 1437 365 immunitatibus
1458 330 1532 365 suis.
1556 330 1639 366 Sane
1661 330 1814 366 novalium
1830 344 1874 367 ve-

1134 388 1281 420 strorum,
1303 392 1380 426 quae
1404 380 1536 428 propriis
1559 380 1702 415 manibus
1729 388 1876 416 autsum-
1900 401 2070 424 uouinoumu

1135 429 1242 476 ptibus
1262 428 1373 471 colitis,
1392 429 1431 464 de
1456 430 1572 477 quibus
1594 429 1875 477 aliquisliactenus
1889 440 1900 454 ³
1914 434 2007 454 mimi*-

1134 491 1196 514 non
1221 479 1370 526 percepit,
1391 479 1455 514 sive
1481 479 1519 514 de
1547 488 1718 515 vestrorum
1752 480 1874 515 anima-

1134 527 1211 564 lium
1238 529 1437 563 nutrimentis
1458 528 1562 564 nullus
1587 541 1603 563 a
1631 529 1718 564 vobis
1738 529 1875 565 decimas

1134 578 1180 612 vel
1204 578 1355 625 primitias
1382 578 1504 624 exigere
1528 578 1574 613 vel
1592 585 1777 626 extorquere
1791 591 1876 626 prae-

1133 635 1245 662 sumat.
1270 627 1375 662 Liceat
1400 639 1526 674 quoque
1555 627 1640 663 vobis
1665 627 1796 664 clericos
1829 628 1875 664 vel

1135 676 1228 711 laicos
1255 676 1368 711 liberos
1389 684 1420 710 et
1446 676 1604 711 absolutos
1630 688 1646 711 e
1667 678 1791 712 saeculo
1823 678 1876 713 fu-

1133 726 1254 772 gientes
1277 725 1313 760 ad
1341 725 1575 760 conversionem
1600 725 1749 773 recipere,
1771 735 1801 762 et
1822 740 1876 762 eos

1133 774 1251 822 absque
1289 775 1538 810 contradictione
1578 775 1681 822 aliqua
1733 777 1874 812 retinere.

1134 824 1342 860 prohibemus
1365 826 1503 872 iusuper,
1526 832 1558 860 ut
1581 824 1658 860 nulli
1681 824 1807 861 fratrum
1828 839 1877 860 ve-
1902 843 2005 866 Nomii,
2017 850 2072 866 Μ.

1133 882 1269 908 strorum
1298 882 1368 921 post
1390 874 1500 909 factam
1533 874 1562 909 in
1602 875 1790 910 monasterio
1829 888 1877 910 ve·
1889 876 2070 903 ⁰⁸³³²¹³¹¹'⁵¹⁹³³⁸·

1134 930 1198 958 stro
1221 923 1445 970 professionem
1474 923 1518 958 fas
1538 924 1578 958 sit
1599 924 1666 958 sine
1686 923 1808 960 abbatis
1828 926 1876 960 sui

1135 972 1270 1013 licentia,
1293 973 1351 1008 uisi
1384 973 1525 1008 arctioris
1555 973 1632 1008 vitae
1667 973 1816 1019 obtentu,
1837 974 1877 1009 de

1134 1022 1243 1057 eodem
1266 1022 1334 1057 loco
1356 1022 1528 1064 discedere,
1555 1022 1769 1058 discedentem
1804 1035 1877 1059 vero

1134 1071 1254 1118 absque
1280 1072 1496 1107 communium
1512 1072 1682 1108 litterarum
1705 1081 1876 1108 vestrarum

1135 1122 1279 1156 cautione
1311 1121 1416 1156 nullus
1453 1121 1565 1156 audeat
1612 1122 1756 1157 retinere.
1795 1121 1875 1158 Cum

1134 1179 1237 1205 autem
1260 1171 1404 1217 generale
1433 1171 1632 1206 interdictum
1655 1179 1753 1207 terrae
1773 1171 1875 1216 fuerit,

1136 1220 1224 1255 liceat
1251 1219 1337 1254 vobis
1359 1220 1473 1255 clausis
1495 1221 1597 1256 ianuis
1612 1248 1621 1265 ,
1654 1221 1788 1256 exclusis
1821 1233 1876 1256 ex-

1135 1270 1370 1304 communicatis
1396 1277 1426 1304 et
1449 1270 1630 1309 interdictis.
1655 1283 1715 1305 non
1741 1271 1876 1318 pulsatis

1135 1319 1306 1366 campaniS,
1337 1331 1504 1366 suppressa
1533 1332 1606 1354 voce
1630 1319 1735 1355 divina
1776 1319 1875 1355 officia

1136 1368 1304 1409 celebrare3
1326 1368 1498 1403 dummodo
1524 1381 1649 1404 causam
1684 1381 1746 1404 non
1780 1369 1878 1404 dede-

1136 1418 1202 1453 ritis
1224 1417 1399 1454 interdicto.
1424 1417 1568 1453 Decimas
1591 1428 1746 1465 praeterea
1766 1426 1797 1454 et
1812 1430 1877 1466 pos-

1135 1467 1293 1502 sessiones
1319 1467 1356 1501 ad
1379 1467 1428 1502 ius
1460 1467 1670 1503 Ecclesiarum
1707 1475 1878 1508 vestrarum

1136 1525 1325 1564 spectantes,
1353 1529 1431 1563 quae
1453 1529 1469 1552 a
1492 1517 1576 1552 laicis
1603 1517 1793 1562 detinentur,
1827 1530 1878 1553 re-

1136 1565 1288 1610 dimendi,
1310 1573 1343 1611 et·
1361 1566 1497 1612 legitime
1518 1566 1669 1601 liberandi
1704 1566 1742 1601 de
1779 1567 1879 1602 mani-

1137 1615 1195 1650 bus
1217 1627 1337 1656 eorum,
1375 1623 1405 1650 et
1443 1615 1481 1650 ad
1518 1615 1687 1657 Ecclesias,
1724 1616 1761 1651 ad
1801 1628 1879 1663 quas

1139 1665 1306 1712 pertinent,
1333 1664 1499 1699 revocandi
1522 1664 1619 1700 libera
1647 1665 1687 1700 sit
1722 1665 1808 1700 vobis
1840 1665 1880 1701 dc

1138 1722 1241 1749 nostra
1256 1714 1436 1749 auctoritate
1445 1713 1583 1749 facultas.
1593 1714 1795 1761 Sepulturam
1803 1727 1880 1763 quo-

1138 1775 1200 1810 que
1223 1763 1322 1810 ipsius
1344 1763 1401 1798 loci
1429 1763 1556 1798 liberam
1584 1776 1651 1799 esse
1669 1763 1879 1804 decernimus,

1140 1821 1171 1847 ut
1193 1825 1302 1848 eorum
1317 1812 1471 1847 devotioni
1494 1821 1523 1848 et
1545 1822 1700 1848 extremae
1718 1813 1879 1850 voluntati.

1139 1863 1191 1909 qui
1216 1874 1250 1897 se
1272 1862 1335 1897 illic
1359 1861 1484 1909 sepeliri
1517 1862 1781 1903 deliberaverint,
1820 1863 1879 1898 nisi

1141 1912 1217 1947 forte
1243 1912 1504 1947 excommunicati
1539 1912 1587 1948 vel
1628 1911 1797 1957 interdicti,
1828 1920 1881 1948 aut

1140 1962 1232 1996 etiam
1267 1961 1388 2008 publice
1423 1962 1565 2003 usurarii,
1599 1961 1703 1997 nullus
1736 1961 1879 1997 obsistat.

1141 2011 1234 2046 Salva
1257 2019 1359 2045 tamen
1376 2011 1490 2046 iustitia
1514 2010 1635 2046 illarum
1659 2010 1881 2053 Ecclesiarum,

1140 2073 1157 2096 a
1170 2060 1285 2108 quibus
1303 2069 1497 2095 mortuorum
1515 2073 1644 2108 corpora
1666 2070 1880 2096 assumuntur.

1141 2109 1286 2145 Obeunte
1312 2122 1384 2144 vero
1407 2119 1446 2150 te,
1475 2123 1557 2145 nunc
1583 2110 1724 2146 eiusdem
1746 2109 1804 2146 loci
1826 2110 1882 2145 ab-
1904 2127 2078 2148 Ais-tommo-
2104 2111 2105 2114 ’

1142 2159 1222 2200 bate,
1251 2159 1295 2194 vel
1324 2167 1449 2194 tuorum
1476 2159 1614 2207 quolibet
1651 2157 2078 2215 successorum,‘e'f'lssjjduuj‘flffl'
2101 2150 2104 2170 ³

1143 2209 1248 2244 nullus
1271 2208 1312 2243 ibi
1335 2208 1469 2255 qualibet
1507 2208 1717 2256 subreptionis
1757 2209 1881 2253 astutia,
2015 2203 2020 2209 ³

1143 2270 1196 2293 seu
1220 2258 1362 2293 violentia
1392 2267 1612 2305 praeponatur,
1635 2259 1692 2294 nisi
1719 2271 1811 2306 quem
1827 2257 1883 2293 fra-

1144 2317 1205 2343 tres
1232 2308 1390 2343 communi
1414 2320 1580 2351 consensu,
1604 2307 1648 2343 vel
1671 2308 1798 2343 fratrum
1822 2320 1885 2343 ma-

1144 2358 1190 2392 ior
1216 2369 1286 2403 pars
1307 2357 1426 2392 consilii
1445 2358 1579 2392 sanioris
1597 2357 1768 2392 secuudum
1784 2356 1882 2393 Deum

1144 2415 1173 2442 et
1207 2407 1285 2441 beati
1325 2406 1485 2441 Benedicti
1524 2406 1658 2454 regulam
1694 2406 1884 2454 providerint

1144 2456 1332 2502 eligendum.
1360 2455 1432 2491 Paci
1459 2468 1585 2504 quoque
1605 2464 1635 2490 et
1669 2456 1882 2503 tranquillitati
1910 2470 2078 2493 rums-mon-

1146 2514 1262 2540 vestrae
1291 2513 1416 2552 paterna
1439 2505 1468 2540 in
1492 2514 1650 2553 posterum
1673 2502 2093 2560 ⁵⁰¹'lssiffldlu‘3:ie-'iilis'ffltiiff

1146 2554 1307 2602 providere
1330 2555 1478 2598 volentes,
1511 2554 1691 2590 auctoritate
1712 2555 1938 2602 apostoticaw.
2087 2563 2089 2566 ⁴

1148 2604 1361 2651 prohibemus,
1389 2613 1421 2640 ut
1443 2603 1518 2639 iufra
1540 2603 1699 2640 clausuras
1731 2605 1882 2649 locorum,

1147 2665 1201 2689 seu
1224 2655 1421 2701 grangiarum
1451 2661 1617 2689 vestrarum
1658 2653 1763 2690 nullus
1801 2655 1884 2703 rapi-
