2129 3223
403 257 474 290 848

350 320 438 355 XXV.
462 317 650 352 Commissio
678 315 894 359 inquisitionis
927 326 1025 359 super
1043 315 1102 348 vita

437 374 467 403 et
487 367 652 402 miraculis
672 365 755 399 beati
784 365 939 399 Willelmi
960 365 1100 403 abbatis,
1124 365 1126 407 ξ

349 417 692 501 ΧΧΥΙξῗάῇξῐηεὶηᾱεωΓ
708 464 871 508 inquisitio
882 474 980 508 super
998 463 1058 496 vita
1075 467 1103 495 et

438 515 602 549 miraculis
634 514 761 548 Ioannis
794 514 953 547 Eremitae
989 513 1127 557 prioris:

438 570 615 599 conventus
635 563 666 597 S.
690 563 805 596 Mariae
821 563 859 596 de
869 563 1003 602 Gualdo,
1026 562 1100 595 344.

348 614 463 649 XXVII.
495 613 677 647 Exhortatio
706 613 745 645 ad
764 612 1014 646 Mediolanenses
1034 621 1104 643 om-

438 674 513 704 nes,
550 668 583 695 ut
628 667 739 696 contra
779 662 908 694 Pisanos
949 660 1103 704 quosdam

440 712 605 747 Sardiniae
626 716 849 755 occupatores,
872 721 954 753 quae
974 709 1053 742 iuris
1068 710 1105 742 A·

442 761 616 806 postolicae
644 760 734 794 Sedis
767 759 888 797 existit,
918 763 1102 801 assurgant,

440 821 514 844 cum
525 809 797 853 indulgentiarum
810 808 1009 851 elargitione,
1026 807 1101 841 345.

349 860 479 894 XXVIII.
508 859 714 893 Confirmatio
744 857 983 902 privilegiorum
1015 857 1102 899 regni
1125 894 1126 906 ἵ

442 909 579 948 Scotiae,
600 907 676 942 345.

351 958 455 991 XXIX.
479 956 686 990 Confirmatio
697 955 844 993 instituti,
866 966 903 988 ac
919 955 1104 998 regularum

438 1006 603 1050 hospitalis
621 1004 840 1038 Noviomensis
859 1015 876 1037 a
892 1004 1054 1048 Stephano
1071 1014 1104 1036 e-

439 1054 713 1099 piscopohuiusce
725 1053 858 1087 civitatis
873 1064 978 1097 nuper
993 1053 1102 1093 erecti,

351 1153 443 1187 XXX.
473 1152 564 1192 Quod
591 1152 755 1197 privilegia
775 1157 806 1185 et
838 1151 961 1184 indulta
987 1151 1103 1185 Cister-

439 1202 538 1235 ciensi
557 1201 662 1235 ordini
683 1202 840 1234 hactenus
873 1211 890 1233 a
911 1200 992 1233 Sede
1018 1201 1103 1243 Apo-

439 1250 551 1284 stolica
571 1261 734 1291 concessa,
757 1250 840 1283 salva
855 1249 1013 1292 generalis
1022 1248 1104 1282 Con-

441 1299 507 1332 cilii
526 1299 758 1339 moderatione,
778 1299 808 1331 in
819 1298 909 1331 viridi
926 1298 1106 1331 habeantur

441 1348 652 1389 observantia,
673 1348 749 1382 347.

355 1399 461 1432 XXXI.
485 1398 701 1432 Confirmatur
719 1397 847 1430 donatio
868 1408 884 1430 a
907 1397 1027 1441 populo
1053 1396 1105 1429 In-

445 1447 639 1480 teramnensi
659 1447 741 1479 facta
750 1456 826 1478 suae
838 1445 1009 1485 Ecclesiae,
1027 1445 1101 1479 348.

353 1496 471 1530 XXXII.
491 1495 684 1530 Reformatio
701 1494 822 1528 ordinis
841 1494 1102 1528 Grandimonten.

442 1545 475 1578 in
495 1555 593 1588 regno
614 1545 824 1582 Francorum,
847 1542 921 1577 351.

353 1594 484 1627 XXXIII.
514 1593 721 1627 Confirmatio
758 1597 951 1625 statutorum
985 1592 1106 1625 ordinis

441 1642 735 1676 Vallis-Scolarium
746 1640 868 1674 ordinis
877 1640 1104 1679 Cisterciensis,

449 1690 526 1725 355.

356 1739 485 1773 XXXIV.
499 1739 661 1773 Innovatio
669 1738 884 1783 quorumdam
892 1738 1106 1782 capitulorum

444 1799 542 1833 super
570 1787 798 1822 reformatione
818 1787 1013 1821 Cassinensis
1033 1798 1106 1820 coe-

444 1839 531 1872 nobii
551 1839 695 1882 quolibet
715 1848 824 1871 mense
850 1837 1105 1878 recitandorum‚

358 1936 473 1970 XXXV.
496 1936 683 1969 Commissio
703 1946 801 1979 super
828 1935 1033 1978 inquisitione
1064 1935 1108 1967 vi-

446 1991 495 2019 tae
515 1996 552 2019 ac
567 1985 799 2019 miraculorum
816 1984 898 2017 beati
919 1984 1061 2027 Hugonis
1075 1996 1108 2017 e-

445 2035 567 2079 piscopi
588 2033 834 2074 Lincolniensis,
856 2033 930 2067 359.

358 2083 485 2118 XXXVI.
509 2084 622 2117 Iacobo
651 2085 834 2127 Aragonum
861 2082 940 2125 regi,
977 2082 1110 2126 eiusque

446 2142 558 2175 regno,
590 2137 620 2165 et
647 2132 739 2165 bonis
772 2131 965 2176 apostolicae
1005 2136 1111 2175 prote-

448 2181 560 2214 ctionis
580 2181 709 2226 clypeus
728 2180 923 2223 indulgetur,
945 2179 1020 2214 360.

360 2230 501 2264 XXXVII.
525 2231 670 2264 Facultas
689 2230 930 2274 archiepiscopo
957 2229 1112 2262 Salisbur-

448 2280 535 2323 gensi
560 2290 710 2313 concessa
737 2279 879 2323 erigendi
906 2289 1023 2312 novum
1047 2279 1112 2322 epi-

448 2338 614 2377 scopatum
640 2333 671 2366 in
693 2333 777 2366 Eccl.
803 2332 1016 2371 Sechowien.‚
1034 2332 1108 2365 361.

363 2385 518 2419 XXXVIII.
548 2387 731 2420 Annullatio
765 2386 979 2430 quorumdam
1013 2390 1112 2419 statu-

449 2448 555 2475 torum
582 2453 600 2475 a
626 2441 845 2485 Fulginatibus
877 2446 988 2473 contra
1021 2441 1135 2474 Iiber-y

454 2500 548 2528 tatem
565 2494 811 2528 ecclesiasticam
829 2494 1002 2533 editorum,
1013 2505 1049 2526 ac
1066 2505 1114 2526 re-

452 2549 564 2581 laxatio
584 2548 814 2582 sententiarum
851 2553 962 2580 contra
983 2558 1112 2581 eornm-

452 2601 524 2634 dem
544 2602 695 2641 fautores,
712 2601 786 2635 3622.

934 261 1121 285 Butuntum
1144 260 1310 284 Romanum

1123 319 1127 342 t
1233 312 1368 346 ecclesia
1391 312 1524 346 Sanctae
1544 312 1658 346 Mariae
1683 313 1715 346 in
1741 313 1895 346 Monaste-

1233 362 1281 395 rio
1298 362 1329 394 in
1346 361 1430 399 Urbe
1450 361 1488 395 ad
1507 362 1740 403 habitaculum,
1766 360 1841 395 364.

1124 414 1126 441 ι’
1146 412 1206 445 XL.
1230 411 1276 444 Ad
1297 412 1455 455 praelatos
1476 411 1658 452 Hiberniae,
1680 417 1714 445 ut
1735 412 1896 455 pullulan-

1125 462 1127 496 t
1235 466 1301 493 tem
1332 461 1414 494 inter
1433 461 1578 494 subditos
1609 461 1767 494 haeresim
1795 472 1897 505 oppua

1233 515 1342 553 guent,
1355 510 1473 544 abusus
1486 511 1610 550 tollant,
1628 515 1807 554 statutaque
1823 521 1896 544 con-

1235 560 1298 592 cilii
1319 560 1477 603 generalis
1497 560 1614 592 saciant
1629 559 1799 600 observari,
1817 559 1891 593 364.

1147 608 1219 641 XLI.
1250 608 1418 642 Concessio
1445 609 1598 642 ecclesiae
1622 608 1728 641 Sancti
1755 608 1830 642 Sixti
1857 609 1895 642 de

1235 658 1318 691 Urbe
1328 659 1478 692 fratribus
1488 658 1608 691 ordinis
1622 658 1893 699 Praedicatorum,

1124 788 1126 807 Ι,
1147 758 1233 791 XLII.
1258 758 1290 791 B.
1314 759 1405 801 Hugo
1426 758 1622 799 Lincolnien.
1638 758 1808 802 episcopus
1827 768 1898 791 san-

1240 813 1366 841 ctorum
1394 809 1560 852 cathalogo
1588 808 1797 842 adscribitur:
1821 819 1893 841 cum

1236 857 1376 897 decreto,
1398 863 1433 891 ut
1458 858 1508 891 die
1543 857 1749 902 depositionis
1776 855 1894 900 ipsius,

1234 906 1377 940 eiusdem
1398 907 1546 940 festivitas
1566 906 1658 940 annis
1690 905 1823 949 singulis
1843 916 1895 939 ce-

1236 955 1390 995 lebretur,
1411 954 1486 988 367.

1147 1004 1247 1037 XLIII.
1283 1004 1419 1038 Abolitio
1457 1004 1672 1048 quorumdam
1705 1008 1895 1037 statutorum

1238 1064 1296 1097 per
1326 1054 1544 1087 Bononienses
1571 1057 1682 1086 contra
1715 1052 1894 1086 libertatem

1125 1118 1127 1133 r
1235 1103 1412 1136 Scolarium
1434 1102 1604 1142 editorum,
1626 1101 1700 1136 367.

1124 1138 1127 1160 ⁶
1147 1152 1244 1185 XLIV.
1267 1152 1450 1185 Exhortatio
1475 1152 1513 1184 ad
1533 1162 1644 1184 omnes
1670 1151 1799 1184 ordines
1824 1149 1898 1182 reli-

1235 1201 1351 1245 giosos,
1373 1206 1408 1234 ut
1428 1211 1486 1245 pro
1507 1201 1608 1234 salute
1628 1200 1824 1244 populorum
1844 1198 1894 1231 Li-

1235 1250 1346 1284 roniae
1368 1250 1407 1283 ad
1427 1249 1616 1283 catholicam
1646 1248 1741 1282 fidem
1776 1247 1899 1281 noviter

1236 1309 1476 1339 conversorum,
1499 1298 1611 1331 fratres
1639 1308 1714 1331 suos
1737 1307 1775 1330 eo
1805 1296 1899 1329 desti-

1234 1358 1311 1380 nare
1331 1352 1517 1391 procurent,
1538 1346 1612 1380 368.

1148 1396 1231 1429 XLV.
1250 1396 1443 1430 Exhortatur
1452 1395 1674 1429 christifideles
1682 1404 1794 1428 omnes
1804 1393 1899 1427 Prus—

1235 1445 1299 1478 siae
1320 1445 1358 1478 ad
1379 1445 1473 1478 fidem
1486 1443 1676 1477 catholicam
1693 1443 1816 1476 noviter
1824 1452 1898 1475 con-

1236 1504 1355 1533 versos,
1377 1498 1413 1526 ut
1439 1493 1517 1526 alios
1537 1493 1576 1526 ad
1603 1492 1749 1525 eamdem
1774 1491 1897 1536 ample-

1235 1542 1371 1574 xandam
1392 1542 1540 1581 excitent,
1563 1540 1673 1583 eisque
1706 1539 1796 1572 Sedis
1814 1541 1899 1583 Apo-

1236 1590 1364 1623 stolicae
1384 1589 1598 1633 patrocinium
1613 1588 1796 1632 pollicetur,
1819 1586 1894 1621 369.

1149 1638 1245 1672 XLVI.
1265 1638 1452 1672 Commissio
1472 1637 1623 1680 delegatis
1648 1635 1841 1680 apostolicis,
1864 1641 1896 1668 ut

1239 1688 1418 1731 episcopos,
1437 1687 1493 1730 qui
1519 1686 1618 1729 regni*
1631 1685 1752 1718 Svetiae
1774 1685 1896 1718 invaso-

1237 1747 1318 1778 rem,
1340 1735 1553 1780 appellatione
1573 1734 1611 1768 ad
1631 1733 1744 1767 Sedem
1764 1735 1897 1778 Aposto-

1241 1796 1305 1819 non
1325 1787 1480 1826 obstante,
1516 1785 1718 1825 inunxerant‚
1748 1783 1787 1817 ad
1811 1794 1898 1817 eam—

1242 1836 1314 1869 dem
1348 1835 1462 1869 Sedem
1495 1835 1648 1868 accedere
1682 1833 1896 1876 compellant,

1239 1884 1313 1918 370.

1151 1934 1262 1967 XLVII.
1286 1933 1473 1966 Commissio
1493 1932 1692 1976 Apostolicae
1713 1930 1802 1963 Sedis
1816 1930 1901 1963 dele-

1239 1988 1322 2024 gato,
1345 1987 1377 2015 ut
1399 1982 1529 2014 nomine
1549 1980 1692 2014 eiusdem
1714 1979 1803 2012 Sedis
1834 1984 1898 2011 ter—

1243 2041 1310 2064 ram
1330 2030 1508 2064 comitissae
1528 2028 1696 2068 Mathildis‚
1722 2037 1819 2070 quam
1839 2027 1898 2059 irn-

1244 2085 1372 2124 perator
1391 2078 1545 2121 resignari
1565 2077 1781 2116 mandaverat,
1815 2075 1898 2108 reci-

1242 2129 1321 2172 piat,
1344 2138 1479 2171 eamque
1507 2126 1651 2170 personis
1679 2123 1900 2158 ecclesiasticis

1245 2183 1272 2210 et
1293 2178 1454 2210 Romanae
1470 2176 1628 2209 Ecclesiae
1650 2174 1796 2208 fidelibus
1816 2184 1900 2206 com-

1247 2228 1358 2268 mittat,
1380 2227 1455 2261 3701.

1198 2277 1349 2321 Sequitur
1372 2278 1584 2320 fragmentum
1605 2273 1825 2317 descriptionis
1852 2272 1897 2304 al-

1242 2327 1322 2359 latae
1334 2324 1586 2369 recuperationis
1599 2329 1757 2356 terrarum
1767 2332 1785 2354 a
1800 2321 1898 2354 comi—

1242 2375 1314 2408 tissa
1356 2374 1502 2408 Mathilde
1542 2373 1702 2406 Romanae
1742 2370 1898 2403 Ecclesiae

1242 2434 1482 2464 concessarum,
1507 2422 1582 2456 372.

1133 2474 1135 2495 ³
1156 2473 1279 2506 XLVIII.
1303 2472 1508 2506 Confirmatio
1535 2473 1642 2514 legum
1670 2481 1727 2514 pro
1747 2468 1899 2502 immuni-

1133 2502 1136 2554 i
1242 2523 1316 2558 tate,
1338 2517 1482 2550 libertate
1502 2522 1532 2549 et
1551 2514 1766 2549 iurisdictione
1800 2513 1899 2546 eccle-

1245 2562 1369 2595 siastica
1388 2562 1545 2595 editarum
1561 2571 1578 2593 a
1588 2558 1748 2593 Friderico
1759 2557 1899 2591 secundo

1245 2607 1460 2639 Romanorum
1477 2606 1681 2649 imperatore,
1691 2602 1765 2636 374.

366 2653 494 2686 XXXIX.
525 2654 713 2687 Tusculanis
739 2654 897 2697 episcopis
929 2653 1116 2686 conceditur
1157 2652 1202 2684 IL.
1225 2650 1435 2684 Comminatio
1456 2659 1631 2693 poenarum
1660 2652 1770 2680 contra
1788 2645 1899 2680 Daciae
