2129 3223
134 244 182 269 Αιι.
202 241 230 268 C.
247 241 315 268 ¹3!ss

151 395 300 416 nonasterium

151 434 175 446 m·
205 426 241 446 sub
265 432 317 451 apu-

136 466 143 477 2
156 466 167 477 o
179 458 210 477 iem
244 459 317 483 prot?-

136 490 205 508 ιιίοιυι
220 487 296 512 recipit

150 882 246 908 »latisque
273 887 319 901 om-

135 915 318 933 ninicuntirmnt.

378 232 449 265 288

330 295 551 331 sudationibus
564 293 736 330 clementer
751 295 934 339 annuimus,
951 304 979 329 et
996 307 1080 342 prae-

331 346 532 380 decessorum
562 351 741 380 nostrorum
778 344 875 379 felicis
909 345 1080 380 memoriae

332 393 519 432 lnnocentii.
542 393 690 440 Eugenii,
715 402 746 428 et
768 393 937 429 Coelesttni
962 393 1080 428 Roma-

332 454 445 478 norum
478 442 667 478 Pontificum
705 444 845 489 vestigiis
870 443 1079 485 inhaerentes7

333 491 504 547 praefatum
544 492 767 527 monasterium
808 493 838 527 in
873 505 937 540 quo
974 492 1080 527 divino

333 541 500 589 mancipati
527 541 602 577 estis
623 540 775 596 obsequio
801 541 860 576 sub
885 541 966 576 beati
996 541 1077 575 Petri

332 599 361 624 ιι
383 598 488 626 nostra
512 591 704 638 protectione
722 591 924 638 susc-ipimus,
947 599 976 624 et
997 602 1082 637 prae-

332 640 428 675 sentis
442 640 548 687 scripti
566 639 730 688 privilegio
751 641 998 678 communimus
1015 648 1081 675 sta-

333 698 456 724 tuentes
470 697 503 724 ut
514 702 732 737 quascumque
745 690 974 737 possessiones
989 701 1080 736 quae·

332 751 458 787 cunque
479 738 561 773 bona
582 747 655 777 etc„
692 751 785 785 usque
816 747 845 774 et
874 739 991 773 illibata
1017 751 1082 785 per-

333 796 490 829 maneant,
524 788 552 822 in
581 788 699 835 quibus
725 788 802 823 baec
834 789 967 835 propriis
989 787 1081 822 duxi-

333 849 405 873 mus
431 838 638 885 exprimeuda
664 837 834 872 vocabulis.
859 837 963 884 ipsum
994 837 1081 871 vide-

334 888 406 921 licet
440 887 667 922 monasterium
695 887 726 921 in
755 886 916 921 beatorum
945 886 1027 920 Petri
1051 894 1080 920 et

334 936 483 984 Exuperii
506 936 625 971 honore
653 935 836 979 fundatum,
859 936 944 982 quod
974 935 1081 982 utique

333 987 433 1032 ipsius
459 984 549 1030 burgi
576 985 758 1032 principalis
781 985 919 1019 Ecclesia
942 996 1010 1019 esse
1039 986 1083 1018 di-

332 1036 425 1076 citur‚
447 1046 518 1070 cum
545 1034 663 1081 capella
685 1046 753 1077 sua,
786 1046 866 1081 quae
890 1043 1016 1068 vocatur
1047 1034 1079 1068 S.

332 1084 518 1123 Salvatoris,
557 1083 640 1118 iuxta
670 1083 897 1130 providentiam
936 1093 1021 1118 tuam
1053 1093 1081 1116 ct

332 1145 553 1169 successorum
587 1142 725 1172 tuorum,
753 1132 794 1166 lili
823 1131 930 1176 abhas,
958 1140 1018 1166 tam
1052 1133 1080 1167 in

333 1181 560 1230 temporalibus
586 1194 679 1229 quam
704 1182 732 1216 in
761 1181 978 1228 spiritualibus
1001 1181 1083 1215 libe-

334 1244 366 1267 re
399 1240 431 1266 et
466 1231 584 1277 absque
611 1231 859 1266 contradictione
892 1231 993 1278 aliqua
1017 1231 1083 1265 dis-

334 1280 492 1328 ponenda,
515 1281 600 1315 salvo
619 1281 769 1315 nimirum
789 1281 855 1315 iure
877 1279 984 1314 debito
1006 1279 1082 1314 Leo-

334 1330 454 1365 diensis
476 1331 628 1377 episcopi.
652 1330 805 1365 Similiter
822 1330 915 1364 etiam
944 1329 1032 1363 villas
1053 1338 1080 1363 et

334 1379 470 1426 capellas
508 1379 547 1413 de
572 1378 693 1415 Corcis,
728 1378 767 1413 de
799 1378 952 1425 Esnagia,
986 1387 1016 1412 et
1044 1379 1083 1412 de

334 1428 529 1472 Salieniriis,
551 1436 579 1461 et
607 1427 646 1462 de
668 1427 781 1467 Lircil,
807 1435 837 1462 et
864 1427 904 1462 de
927 1427 1059 1461 Arentin
1074 1455 1083 1472 ,

334 1478 372 1513 ad
396 1477 589 1525 praedictum
608 1478 710 1512 locum
727 1484 788 1512 tam
805 1476 973 1524 parochiali
988 1489 1082 1523 quam

334 1527 484 1562 saeculari
513 1527 580 1561 iure
609 1526 809 1573 pertinentes.
839 1525 1085 1560 Praetereasnn-

334 1576 410 1611 dum
446 1577 546 1622 ipsius
572 1575 661 1623 burgi
697 1583 725 1609 et
757 1584 853 1610 terras
886 1575 1083 1619 adiacentes.

334 1638 405 1659 cuni
429 1624 546 1665 banno,
561 1633 591 1659 et
606 1624 738 1668 iustitia,
761 1636 951 1671 percussura
974 1636 1084 1659 mone-

337 1684 395 1715 tae,
418 1683 569 1716 mercato,
605 1682 636 1709 et
663 1674 805 1712 teloneo,
842 1673 966 1719 sonagio
1001 1674 1084 1718 vini,

337 1723 529 1768 cambatico,
562 1732 591 1758 et
624 1723 774 1767 materia,
801 1722 955 1769 positione
990 1723 1083 1757 villici

334 1774 400 1808 sive
421 1772 620 1809 scabinorum
643 1782 736 1820 atque
758 1779 950 1807 caeterorum
974 1772 1084 1807 officia-

335 1823 411 1858 lium
453 1822 489 1856 ad
528 1822 666 1857 eundem
705 1822 807 1857 locum
850 1822 1083 1867 pertinentium.

334 1872 494 1908 Piscarias
514 1879 545 1906 et
563 1872 689 1915 vivaria,
710 1883 781 1905 cum
805 1871 1008 1925 molendinis,
1031 1880 1085 1905 ter-

336 1922 390 1965 ris,
417 1921 509 1956 cultis
530 1929 561 1955 et
590 1919 726 1963 incultis,
763 1920 871 1967 pratiS,
900 1920 1025 1966 pascuis
1056 1928 1085 1954 et

338 1970 450 2019 sylvis,
476 1981 512 2006 ac
544 1978 663 2016 partem
698 1969 801 2003 allodii
825 1968 1084 2013 Gemblaccnsis,

337 2031 418 2067 quae
440 2019 497 2054 fuit
523 2018 644 2066 AEgidii
671 2026 702 2053 et
724 2017 874 2052 Iohannis
896 2018 1025 2053 fratrum
1048 2018 1086 2052 de

337 2068 449 2106 Corcis
483 2076 514 2104 et
539 2067 801 2115 comparticipum
840 2079 982 2102 suorum
1030 2067 1088 2102 Ec-

338 2117 464 2153 clesiam
480 2129 609 2165 quoque
625 2117 663 2151 de
681 2115 810 2156 Castris,
834 2116 951 2151 Pictam
971 2116 1085 2161 villam,

338 2167 440 2202 villam
476 2178 557 2214 quae
583 2165 702 2201 dicitur
735 2165 860 2205 Eincis',
896 2166 997 2199 vicum
1034 2167 1084 2212 qui

337 2216 451 2251 dicitur
472 2215 650 2253 Boferolns,
673 2216 774 2249 vicum
789 2215 842 2261 qui
864 2214 1087 2249 diciturMais—

339 2264 395 2306 nil,
418 2278 548 2300 censum
571 2264 610 2299 de
631 2264 789 2310 Roseriis,
811 2264 913 2299 villam
937 2276 1017 2311 quae
1039 2264 1087 2298 di-

338 2315 419 2350 citur
439 2313 503 2349 Soe
524 2327 596 2350 cum
625 2313 771 2355 ecclesia,
799 2313 920 2358 banno,
951 2313 1086 2358 iustitia,

339 2365 440 2405 terris,
466 2363 574 2411 sylvis,
598 2364 707 2411 pratis,
731 2363 866 2410 pascuis,
889 2371 919 2397 et
943 2362 1086 2410 piscaria

339 2412 478 2448 Censum
501 2413 592 2448 villae
618 2425 699 2461 quae
725 2413 839 2448 dicitur
871 2411 1086 2459 Templiacus,

340 2475 412 2497 curn
439 2462 540 2497 tribus
576 2462 698 2507 placitis
736 2462 944 2502 annualibus,
982 2460 1086 2495 villam

341 2523 419 2557 quae
439 2511 555 2546 dicitur
577 2511 699 2555 Ferolt,
726 2511 830 2546 villam
852 2510 892 2546 de
913 2510 1088 2545 Μοηῑειίιο

341 2571 413 2594 cum
449 2561 599 2599 ecclesia,
638 2560 740 2595 villam
778 2559 884 2595 Sancti
922 2559 1087 2595 Gaurerici

341 2621 415 2643 cum
441 2609 590 2651 ecclesia,
625 2609 727 2644 villam
762 2609 801 2643 de
826 2608 914 2644 Niele
935 2622 1007 2644 cum
1036 2621 1088 2644 ec-

916 241 1016 264 BELLA
1023 241 1102 263 tum
1126 239 1286 263 ROMANUM

1121 294 1229 334 clesia,
1258 293 1407 329 allodium
1429 293 1468 328 de
1490 293 1669 337 Walcliem,
1706 292 1808 328 villam
1831 291 1871 327 de

1121 343 1289 388 Belloriv0‚
1311 351 1450 379 montem
1473 344 1525 391 qui
1545 343 1660 378 dicitur
1677 342 1784 378 Sancti
1804 340 1872 376 Wi-

1122 392 1201 427 herti
1227 404 1300 427 cum
1337 392 1466 428 ecclesia
1503 401 1531 427 et
1559 392 1756 441 appendiciis
1782 392 1869 435 suis,

1121 441 1261 477 decimas
1295 442 1493 489 quorundam
1525 442 1687 477 Sartorurn
1711 442 1750 476 de
1771 440 1870 476 Sum-

1123 491 1240 532 bresia,
1280 492 1381 526 villam
1418 491 1457 526 de
1485 490 1584 526 Diona
1613 503 1685 526 cum
1718 490 1870 533 ecclesia,

1123 541 1223 580 terris,
1247 541 1392 588 pratis,e
1375 549 1405 575 et
1433 540 1536 588 sylvis,
1559 540 1711 575 allodium
1733 539 1772 574 de
1798 539 1872 575 Ian-

1121 590 1274 630 drenolio,
1296 590 1378 637 apud
1403 590 1556 625 Puccium
1578 590 1689 636 viginti
1717 589 1799 624 duos
1819 601 1872 623 so-

1123 639 1203 674 lidos
1221 639 1407 674 Leodiensis
1434 647 1600 679 monetae,
1634 638 1809 674 Ecclesiam
1832 638 1871 672 de

1123 687 1279 727 Bossuth,
1320 688 1496 724 Ecclesiam
1530 688 1568 723 de
1607 687 1871 723 Baverechircum

1122 750 1194 772 cum
1219 739 1307 773 terris
1329 739 1365 772 ad
1389 750 1456 773 eam
1481 737 1734 785 pertinentibus,
1768 737 1872 771 villam

1122 786 1162 822 de
1189 785 1280 822 Stirs.
1322 788 1415 834 Apud
1450 787 1603 821 Leodium
1627 786 1706 821 duos
1729 798 1873 830 mansos,

1125 848 1223 871 unum
1248 837 1277 870 in
1300 836 1404 871 Insula
1433 837 1515 871 iuxta
1543 836 1695 871 Sanctum
1721 836 1873 875 Paulum,

1123 885 1252 919 alterum
1267 885 1351 930 apud
1375 885 1408 919 S.
1445 885 1666 924 Lambertum,
1692 893 1723 919 et
1750 885 1874 919 vineam

1125 947 1218 969 unam
1250 935 1332 981 apud
1365 934 1546 973 viniacum,
1585 934 1670 980 apud
1696 934 1874 969 Namucum

1123 984 1214 1018 aliam
1238 985 1373 1024 vineam,
1405 984 1510 1018 villam
1537 984 1576 1018 de
1609 983 1702 1019 Soli'ri
1726 995 1799 1019 cum
1828 995 1874 1018 ec-

1124 1033 1235 1072 clesia,
1273 1033 1437 1069 heremum
1475 1032 1608 1068 Sanctae
1642 1032 1760 1068 Mariae
1791 1032 1874 1079 apud

1122 1081 1259 1117 Brenam
1288 1095 1360 1118 cum
1392 1082 1523 1118 ecclesia
1547 1083 1576 1116 in
1600 1082 1782 1129 episcopatu
1810 1080 1876 1118 Ca-

1124 1132 1310 1176 meracensi,
1337 1131 1442 1167 villam
1465 1132 1504 1166 de
1525 1131 1612 1178 Tui-p
1635 1143 1707 1166 cum
1730 1131 1874 1167 ecclesia.

1124 1181 1317 1216 Adiicientes
1344 1182 1526 1227 vigesimam
1555 1190 1673 1226 partem
1706 1181 1804 1216 totius
1829 1180 1877 1215 al-

1124 1230 1198 1265 lodii
1226 1231 1264 1264 de
1290 1230 1483 1274 Bevcnchin,
1505 1242 1599 1277 quam
1622 1230 1734 1265 tenetis
1755 1230 1794 1264 de
1814 1228 1876 1265 Ec-

1124 1280 1217 1315 clesia
1246 1279 1352 1315 Sancti
1376 1279 1536 1314 Lamberti
1568 1279 1628 1314 sub
1651 1291 1757 1314 annuo
1778 1290 1875 1314 censu

1125 1329 1376 1376 vigintiquinque
1398 1329 1571 1364 solidorum
1598 1328 1786 1364 Leodiensis
1808 1340 1877 1363 mo-

1125 1387 1226 1413 netae.
1258 1378 1416 1413 Ecclesias
1438 1390 1566 1426 quoque
1602 1378 1642 1413 de
1669 1377 1809 1413 Bossutb
1846 1387 1877 1412 et

1125 1427 1163 1462 de
1186 1427 1378 1462 Bavenchin.
1407 1427 1489 1462 Cum
1517 1427 1602 1462 omni
1623 1428 1690 1462 iure
1712 1427 1796 1475 quod
1815 1427 1878 1461 ba-

1126 1476 1206 1511 betis
1242 1477 1271 1510 in
1295 1477 1340 1511 eis
1364 1485 1424 1511 tam
1452 1489 1488 1511 ex
1512 1484 1690 1524 patronatu,
1723 1489 1816 1524 quam
1838 1488 1877 1510 cx

1125 1525 1295 1560 donatione
1318 1526 1386 1572 piae
1408 1526 1635 1561 recordationis
1657 1525 1777 1561 Alberti
1800 1525 1875 1561 Leo-

1125 1574 1244 1610 diensis
1277 1575 1429 1622 episcopi,
1456 1587 1551 1623 quam
1575 1575 1663 1610 vobis
1696 1574 1877 1621 specialiter

1126 1624 1225 1658 Sedes
1252 1625 1434 1679 Apostolica
1466 1625 1674 1659 confirmavit.
1713 1624 1875 1660 Decimam

1125 1672 1287 1708 Saitorum
1311 1674 1404 1707 totius
1426 1674 1527 1721 sylxae
1549 1674 1691 1721 episcopi
1719 1673 1877 1709 Leodien-

1128 1773 1158 1806 in
1174 1772 1199 1804 V
1204 1772 1251 1806 illa
1266 1772 1393 1811 Smirei,
1415 1772 1620 1819 quadraginta
1645 1772 1875 1808 bunuariorum

1128 1830 1226 1856 terra«
1249 1830 1279 1856 et
1301 1821 1448 1868 amplius
1474 1834 1545 1856 cum
1568 1822 1699 1857 decimis
1721 1834 1800 1870 quas
1821 1822 1877 1857 ha-

1128 1871 1206 1905 betis
1239 1871 1268 1904 in
1304 1879 1410 1905 monte
1447 1870 1554 1906 Sancti
1586 1871 1722 1906 Wiberti
1745 1884 1762 1906 a
1790 1883 1877 1919 paro·

1127 1920 1249 1955 chianis
1272 1920 1493 1954 mansionariis
1516 1921 1643 1961 vestris;
1677 1920 1875 1956 medietatem

1127 1969 1277 2005 ecclesiae
1309 1970 1348 2003 de
1379 1968 1501 2004 vuares
1527 1981 1600 2004 cum
1621 1969 1764 2004 dominio
1792 1970 1876 2005 dotis

1127 2027 1157 2053 ct
1176 2029 1275 2053 terrae
1296 2026 1325 2053 et
1339 2030 1455 2053 census
1477 2026 1506 2053 et
1529 2018 1757 2054 Gallianorum.
1781 2019 1877 2055 Prae-=

1129 2076 1209 2102 terea
1231 2067 1420 2108 libertatem,
1445 2068 1631 2103 donationes
1657 2077 1685 2103 et
1707 2069 1877 2116 possessio-

1129 2129 1194 2156 nes,
1217 2117 1255 2150 ab
1278 2117 1390 2151 illustri
1415 2118 1575 2163 quondam
1599 2118 1663 2152 viro
1688 2118 1876 2165 imperatore

1128 2165 1254 2200 Othone
1277 2176 1305 2200 et
1328 2165 1522 2201 Wilbodone
1539 2166 1704 2201 Leodiensi
1727 2168 1876 2214 episcopo

1129 2215 1351 2249 rationabiliter
1369 2215 1471 2250 eidem
1501 2216 1667 2251 venerabili
1690 2217 1757 2250 loeo
1781 2216 1876 2251 colla-

1128 2272 1191 2303 tas,
1219 2273 1249 2298 et
1277 2265 1527 2310 praedecessoris
1556 2266 1652 2300 nostri
1679 2266 1780 2300 bonae
1806 2278 1876 2301 me-

1129 2314 1246 2348 moriae
1274 2313 1438 2348 Benedicti
1466 2314 1568 2361 Papae
1601 2313 1761 2361 privilegio
1788 2313 1875 2349 robo-

1130 2370 1210 2397 ratas
1235 2371 1265 2397 et
1301 2375 1401 2410 usque
1434 2363 1470 2398 ad
1499 2364 1577 2398 hanc
1605 2363 1688 2398 diem
1721 2364 1829 2410 quiete
1857 2377 1873 2398 a

1129 2419 1233 2446 vestro
1267 2413 1457 2448 monasterio
1492 2412 1624 2457 habitas,
1659 2425 1716 2448 nos
1749 2425 1875 2468 quoque

1130 2460 1217 2495 vohis
1238 2462 1444 2510 concedimus
1480 2469 1511 2496 et
1531 2461 1712 2507 firmamus,
1735 2462 1817 2498 sicut
1845 2477 1874 2498 ιιι

1129 2522 1237 2545 eorum
1275 2507 1404 2558 scriptis
1430 2519 1460 2546 et
1487 2511 1659 2558 privilegiis
1685 2489 1876 2548 authenticis

1129 2561 1316 2594 continetur.
1339 2560 1423 2595 Sane
1440 2560 1597 2595 novalium
1619 2568 1795 2596 vestrorum
1808 2570 1874 2602 etc,

1128 2621 1221 2654 usque
1241 2620 1365 2656 erc-gere
1391 2609 1436 2643 vel
1464 2617 1649 2656 extorquere
1684 2621 1872 2657 praesumat.

1884 239 1932 266 Διι.
1950 236 1979 264 C.
1999 237 2066 265 ¹2¹5

1903 1675 2016 1698 Confirmat
2025 1681 2076 1704 quo·

1126 1724 1168 1757 sis
1203 1723 1284 1769 apud
1312 1722 1524 1757 Bavenichen.
1558 1723 1722 1758 Decimam
1749 1735 1876 1771 quoque
1890 1707 2075 1760 32302¹25¹⁰5¹33
