2129 3223
857 237 1020 261 ausonius
1045 238 1079 259 ιιι
1105 237 1151 259 Ρν.
1655 225 1723 262 5ὔ9
1789 237 1835 264 Au.
1852 237 1880 264 c.
1902 237 1970 264 ¹2¹9

42 241 95 269 Αο.
109 241 139 268 c.
155 241 223 268 ¹2¹⁹

1338 290 1464 326 XXXV.

1026 367 1203 401 commissio
1224 380 1313 413 super
1334 370 1527 414 inquisitione
1553 372 1631 404 vitae
1656 382 1692 404 ac
1717 373 1771 403 mi-

1072 418 1249 451 raculorum
1277 419 1356 452 beati
1379 419 1519 462 Huqom's
1545 421 1677 465 episcopi
1702 420 1769 453 Lin-

236 303 405 334 conventu,
419 293 528 328 balivis
547 292 775 340 praesentibus,
790 292 828 327 de
850 292 983 339 receptis

31 321 100 365 ’Μ’
136 345 162 365 ⁶²
184 345 224 366 ⁸¹¹·
236 353 265 379 et
287 345 435 392 expensis
461 342 594 388 singulis
616 341 779 377 mensibus
818 343 980 377 rationem.

53 375 215 396 mmmm-
236 397 275 432 Et
303 406 363 432 tam
401 397 546 432 monachi
585 397 700 444 quibus
739 406 849 436 castra,
889 411 981 445 quam

42 1632 99 1656 Bne
133 1638 212 1656 statutt

29 1664 138 1686 servanda.

40 404 78 425 bus
95 405 210 426 reddenda.

235 451 278 486 illi
300 451 416 499 quibus
441 450 602 486 Ecclesiae
624 451 874 495 committuntur,
904 465 981 498 per-

232 504 381 540 sonaliter
406 505 443 540 ad
471 505 641 540 claustrum
674 505 704 539 in
739 505 816 540 festo
851 505 982 542 dedica-

231 558 325 594 tionis
347 559 529 594 monasterii
557 559 717 594 annuatim
747 559 896 594 accedant
931 573 981 596 ra-

231 612 350 648 tionem
383 612 579 649 villicationis
619 625 694 648 suae
730 625 833 648 coram
868 614 979 650 abbate

230 665 351 702 decano
377 675 407 702 et
440 667 510 702 aliis
537 667 699 702 reddituri.
742 667 835 709 Quod
870 668 980 704 obser-

231 720 366 755 vandum
395 721 562 756 statuimus
584 721 676 755 etiam
692 722 773 756 circa
789 721 890 767 ipsius
908 735 979 757 mo—

229 774 357 809 nasterii
384 774 627 819 thesaurarium,
661 774 870 814 cellerarium,
896 777 980 812 infir-

229 828 377 873 marium,
398 828 647 874 hospitalarium,
675 836 704 863 et
731 829 916 875 sacristam,
946 839 977 866 ut

228 881 282 928 qui
322 881 522 916 laudabiliter
554 882 688 928 egerint,
711 882 815 917 debita
848 883 976 919 fratrum

227 924 500 970 commendatione
521 935 688 981 laetentur,
710 937 763 983 qui
787 949 859 972 vero
881 937 977 979 male,

227 989 414 1025 confusione
447 1002 483 1026 ac
524 990 695 1036 ignominia
736 991 975 1038 perfundantur.

226 1042 275 1078 Ad
303 1043 380 1078 haec
406 1044 631 1084 thesaurarius,
654 1044 836 1080 cellerarius
858 1054 887 1080 et
927 1047 977 1081 in-

227 1095 382 1132 firmarius
403 1097 536 1145 singulis
551 1097 666 1134 diebus
687 1098 829 1133 sabbathi
855 1099 891 1133 ad
915 1112 975 1135 mo-

226 1151 408 1195 nasterium,
430 1152 605 1187 secundum
634 1151 897 1187 consuetudinem
920 1164 977 1186 an-

226 1203 343 1251 tiquam
370 1213 400 1239 et
426 1205 643 1252 approbatam,
666 1205 816 1241 accedant
843 1206 873 1240 in
897 1206 976 1240 clau-

225 1265 290 1292 stro
315 1270 387 1293 cum
417 1259 564 1295 fratribus
597 1272 697 1307 usque
735 1259 772 1294 ad
803 1259 974 1295 secundam

224 1311 333 1346 feriam
358 1313 519 1353 moraturi,
549 1313 632 1360 quod
670 1321 699 1347 et
743 1313 839 1348 abbas
877 1313 976 1348 facere

224 1365 349 1402 studeat
370 1377 441 1402 cum
467 1367 580 1414 poterit
600 1374 826 1414 competenter.
856 1366 976 1414 Supra-

224 1418 307 1455 dieta
332 1431 408 1465 ergo
434 1420 570 1467 capitula
601 1420 808 1468 praecipimus
845 1420 976 1455 inviola-

224 1471 328 1509 biliter
353 1473 524 1519 observari,
546 1482 577 1509 et
599 1486 638 1509 ne
665 1473 735 1521 quis
753 1485 786 1508 se
810 1486 864 1521 per
884 1474 976 1521 igno-

225 1526 356 1561 rantiam
371 1526 472 1563 valeat
489 1539 652 1572 excusare,
674 1528 820 1563 volumus
842 1537 871 1562 et
892 1540 975 1563 man-

224 1578 349 1625 damus,
376 1589 410 1616 ut
431 1593 466 1617 ea
481 1581 615 1628 singulis
629 1581 791 1616 mensibus
804 1590 833 1615 et
853 1584 897 1625 (l‘)
914 1581 976 1616 fra-

225 1641 307 1669 trum
331 1636 507 1682 praesentia
548 1635 727 1671 recitentur.
759 1635 851 1677 Quod
885 1636 909 1670 si
945 1636 975 1670 in

224 1687 420 1724 observantia
442 1689 678 1736 praedictorum
708 1689 825 1724 inventi
856 1688 977 1723 fueritis

224 1741 336 1788 tepidi,
362 1741 409 1777 vel
433 1743 588 1785 renuisse,
607 1755 679 1777 cum
708 1742 844 1777 fructum
873 1755 910 1776 ex
929 1743 978 1776 vi-

224 1806 283 1829 nea
308 1794 397 1830 vobis
427 1796 595 1830 commissa
642 1796 794 1832 faciemus
836 1797 976 1842 requiri,

225 1848 357 1895 perditis
379 1848 458 1883 male
480 1849 582 1893 malis,
607 1849 726 1883 vineam
765 1849 865 1896 ipsam
908 1850 976 1885 aliis

225 1901 373 1948 agricolis
388 1901 530 1949 profecto
547 1901 734 1943 locabimus,
757 1903 810 1949 qui
845 1902 977 1938 reddant

224 1955 363 1990 Domino
390 1956 587 2003 temporibus
614 1956 680 1991 suis
707 1956 865 1998 fructum,
904 1970 975 1992 cum

228 2011 288 2044 iam
315 2021 380 2044 non
401 2017 497 2045 restet
524 2010 608 2044 aliud
643 2011 743 2045 vineae
783 2010 975 2046 faciendum.

63 2067 179 2090 fflnfflst·
225 2063 311 2098 Nulli
333 2075 408 2110 ergo
434 2063 564 2099 omnino
587 2064 750 2099 hominum
773 2065 864 2100 liceat
896 2065 977 2101 hanc

229 2118 372 2165 paginam
390 2125 515 2153 nostrae
540 2118 773 2154 constitutionis
796 2118 977 2165 infringere,

229 2170 277 2206 vel
298 2171 325 2206 ei
348 2183 427 2206 ausu
450 2172 616 2206 temerario
638 2172 800 2207 contraire.
839 2172 870 2207 Si
908 2173 978 2220 quis

229 2232 334 2261 autem
359 2224 420 2260 hoc
442 2233 594 2260 attentare
617 2227 873 2273 praesumpserit,
890 2227 977 2261 indi—

229 2277 408 2323 gnationem
432 2279 659 2325 omnipotentis
673 2277 730 2312 Dei
753 2288 781 2314 et
814 2279 977 2315 beatorum

221 2331 314 2375 „Petri
336 2339 365 2366 et
387 2331 475 2366 Pauli
499 2331 712 2378 apostolorum
748 2333 815 2366 eius
850 2346 883 2368 se
919 2346 977 2369 no-

214 2377 309 2420 -Ἐῦὲι-ἰῑ
330 2385 542 2420 incursurum.

278 2443 392 2478 Datum
416 2442 560 2478 Laterani
579 2444 720 2478 secundo
743 2456 842 2480 nonas
860 2446 977 2493 aprilis.

232 2500 432 2548 pontificatus
452 2502 550 2536 nostri
573 2513 656 2536 anno
678 2503 781 2536 tertio.

270 2560 332 2605 Dat.
349 2561 397 2592 die
414 2561 433 2592 4
455 2561 558 2602 aprilis
580 2561 663 2598 1219,
682 2563 782 2601 pontif
805 2573 879 2594 aimo
898 2573 937 2595 ιιι.

267 2615 307 2650 (t)
321 2613 474 2650 tegendum
493 2613 603 2642 forsitan
619 2617 656 2641 in.

1070 467 1232 500 colm'enst's
1253 469 1279 510 (l
1289 470 1309 509 ).

1290 540 1502 572 SUMMARIUM

1021 606 1189 637 Exordium.
1202 606 1390 637 —Miraculn
1408 608 1443 637 ad
1462 608 1652 647 sepulchrum
1671 609 1698 638 [t.
1712 610 1769 639 llu-

1060 652 1144 690 gonis
1164 656 1285 692 patrata.

1020 718 1150 748 Honorius
1167 721 1309 757 episcopus
1327 727 1424 749 servus
1441 727 1581 750 servornm
1611 721 1666 754 Dei.
1691 728 1768 750 vene·

1064 768 1197 797 rabilibus
1215 769 1352 799 fratribus
1371 770 1570 805 archiepiscopo
1594 770 1768 800 cantuarien.

1064 819 1175 847 sanetae
1193 819 1326 849 Romanae
1345 820 1479 848 Ecclesiae
1498 819 1640 853 cardtnali.
1666 821 1696 848 et
1713 821 1768 856 epi·

1063 874 1141 903 scopo
1160 868 1349 902 conventren..
1369 870 1398 898 et
1415 868 1515 897 duecte
1533 868 1589 897 filio
1617 869 1712 898 abbati
1736 870 1770 897 tte

1062 916 1189 945 rentibus
1208 917 1368 946 cistercien.
1394 917 1499 946 ordinis
1528 918 1671 946 Ebot-acon.
1694 917 1769 946 diue

1062 965 1142 998 cesis,
1162 966 1282 995 salutem
1301 967 1329 995 et
1348 966 1526 1002 apostoticam
1545 966 1767 996 benedictionem.

1069 1026 1107 1061 Ut
1135 1027 1280 1062 iuventus
1318 1027 1490 1069 Ecclesiae,
1528 1029 1610 1063 sicut
1644 1029 1766 1076 aquilae

1019 1085 1196 1116 renovetur,
1222 1088 1292 1110 cum
1315 1077 1418 1112 simus
1437 1077 1467 1111 in
1490 1090 1571 1124 quos
1593 1077 1672 1113 fines
1694 1091 1767 1114 sae-

1018 1125 1163 1159 culorum
1198 1125 1375 1160 secundum
1413 1126 1599 1172 Apostolum
1630 1127 1766 1163 devene-

1019 1182 1104 1217 runt,
1127 1174 1252 1209 innovat
1273 1175 1362 1221 signa
1382 1174 1551 1216 Dominus,
1574 1184 1604 1211 et
1621 1177 1766 1213 immutat

1019 1223 1172 1258 mirabilia
1210 1224 1375 1270 magnifice
1422 1224 1595 1260 mirificans
1641 1235 1766 1262 sanctos

1018 1285 1092 1307 suos
1130 1272 1167 1307 ad
1213 1273 1460 1308 confirmandam
1502 1274 1673 1311 catholicae
1720 1276 1765 1311 fi-

1018 1321 1067 1355 dei
1096 1321 1276 1368 puritatem,
1297 1330 1327 1356 et
1356 1323 1540 1368 pravitatem
1576 1323 1762 1361 haereticam

1018 1369 1254 1415 confutandam,
1293 1370 1331 1405 ad
1371 1372 1618 1408 convertendum
1659 1374 1762 1409 incre-

1018 1419 1122 1460 dulos,
1149 1420 1186 1454 ad
1216 1420 1368 1455 iustorum
1400 1420 1577 1463 scientiam,
1607 1430 1637 1458 et
1671 1422 1764 1459 corda

1018 1468 1158 1503 fidelium
1183 1469 1213 1503 in
1236 1469 1284 1504 sui
1307 1468 1491 1505 Conditoris
1523 1483 1662 1507 amorem
1694 1485 1765 1508 sua·

1018 1518 1094 1552 viter
1121 1517 1373 1553 accendendum.
1396 1518 1451 1554 Sic
1473 1520 1555 1555 enim
1579 1521 1702 1568 fulgura
1736 1523 1764 1556 in

1019 1566 1154 1614 pluviam
1177 1567 1249 1602 facit
1270 1567 1438 1610 Dominus,
1454 1581 1525 1604 cum
1542 1570 1764 1606 miraculorum

1018 1617 1290 1652 coruscationibus
1312 1617 1460 1663 gloriosis
1481 1618 1656 1655 Ecclesiam
1676 1632 1764 1655 suarn

1018 1673 1157 1700 sanctam
1189 1666 1335 1712 dignatur
1365 1667 1531 1702 salubriter
1566 1668 1763 1704 faecundare.

1019 1714 1100 1755 Quis
1121 1716 1205 1750 enim
1230 1715 1340 1750 videns
1367 1715 1482 1751 electos
1502 1716 1661 1753 Ecclesiae
1696 1728 1764 1765 post

1019 1763 1112 1798 finem
1140 1764 1234 1799 huius
1257 1764 1335 1799 vitae
1358 1764 1479 1800 felicem
1498 1767 1588 1801 novis
1600 1777 1766 1802 coruscare

1019 1813 1202 1857 miraculis,
1225 1814 1317 1861 capiti
1340 1814 1420 1855 eius,
1443 1814 1569 1850 Christo
1605 1816 1764 1853 videlicet,

1019 1874 1080 1896 non
1104 1863 1210 1909 cupiat
1240 1862 1492 1909 inseparabiliter
1517 1864 1697 1910 adhaerere,
1732 1875 1765 1900 ut

1020 1924 1102 1946 unus
1123 1912 1253 1958 spiritus
1279 1912 1320 1946 sit
1343 1925 1415 1948 cum
1444 1925 1503 1958 eo,
1526 1922 1578 1948 aut
1605 1915 1765 1962 quomodo

1018 1961 1046 1995 ei
1074 1961 1205 2008 obsequi
1227 1961 1405 2008 denegabit,
1428 1963 1481 2010 qui
1504 1963 1563 1998 sibi
1585 1963 1766 2012 obsequen—

1019 2009 1104 2044 tibus
1125 2010 1204 2045 dans
1226 2011 1354 2046 virtutes
1387 2019 1469 2047 tanta
1505 2014 1642 2060 praemia
1684 2014 1765 2049 elar—

1018 2060 1113 2105 gitur,
1136 2067 1171 2094 ut
1192 2060 1344 2095 haeredes
1365 2061 1493 2107 quidem
1522 2062 1603 2106 Dei,
1644 2063 1764 2098 cohae—

1021 2108 1112 2144 redes
1138 2117 1243 2144 autem
1272 2108 1388 2144 Christi
1416 2111 1517 2145 effecti
1537 2111 1652 2156 gloriae
1679 2114 1764 2158 regni

1019 2157 1161 2192 caelestis
1183 2159 1328 2204 insignia,
1351 2171 1444 2205 quam
1467 2160 1598 2194 feliciter
1611 2160 1765 2197 obtinent,

1020 2207 1207 2242 miraculose
1234 2208 1371 2242 revelent
1396 2209 1545 2252 interris,
1567 2217 1596 2243 et
1611 2209 1765 2257 quidquid

1020 2257 1169 2303 petierint
1191 2256 1242 2290 fiat
1270 2258 1336 2291 eis?
1369 2256 1452 2291 Sane
1489 2259 1606 2304 gratias
1643 2259 1766 2304 agimus

1019 2306 1186 2351 gratiarum
1211 2307 1352 2340 omnium
1382 2306 1549 2352 Largitori,
1577 2306 1663 2354 quod
1686 2308 1767 2343 sicut

1020 2366 1055 2389 ex
1079 2355 1201 2399 vestris,
1224 2355 1334 2389 fratres
1361 2356 1599 2404 archiepiscope
1644 2365 1674 2392 et
1697 2358 1766 2405 epi-

1020 2416 1125 2451 scope,
1148 2416 1183 2438 ac
1207 2404 1394 2439 venerabilis
1422 2405 1523 2440 fratris
1550 2406 1648 2441 nostri
1680 2405 1768 2443 Ebo-

1021 2465 1124 2487 racen.
1167 2453 1419 2502 archiepiscopi,
1469 2466 1591 2490 necnon
1633 2455 1767 2492 aliorum

1020 2502 1161 2537 omniun]
1204 2504 1424 2551 episcoporum
1462 2505 1619 2551 Angliae‚
1655 2504 1767 2541 litteris

1021 2551 1077 2585 fuit
1122 2554 1299 2600 expositum
1342 2565 1446 2588 coram
1487 2554 1594 2595 nobis,
1638 2555 1767 2602 gratiam

997 2652 1001 2659 ἱ
1056 2618 1094 2651 (t)
1113 2617 1150 2644 Ex
1169 2618 1275 2653 Regnst.
1297 2619 1380 2646 Vatic.

1810 1036 1929 1058 Exordium.
