2129 3223
46 253 96 280 An.
114 254 142 282 C.
164 255 229 282 ¹228

44 1296 64 1317 n.
88 1297 213 1320 Fiant-,iscus

31 1334 42 1348 ι
58 1327 101 1349 Deo
120 1330 213 1349 suseita—

31 1363 63 1379 tus
77 1359 101 1379 nd
121 1365 213 1381 conver-

30 1391 110 1411 sionem
133 1391 213 1412 multo-

30 1427 80 1442 rum,

42 1982 134 2011 Simplici
173 1991 211 2005 sun

20 2022 24 2025 -
42 2015 198 2041 praedicatione

29 2044 104 2067 nultos
119 2046 144 2066 nd
157 2047 210 2067 viam

30 2074 102 2096 ntum
120 2077 209 2097 redunt.

854 255 1037 278 GREGomtts
1058 256 1093 277 lx
1117 256 1164 277 PP.

243 320 303 355 qua
327 308 425 344 filium
450 321 505 356 pro
527 320 616 344 servo
638 307 764 343 tradidit
793 309 989 353 redimendo,
1029 309 1217 353 viventibus,
1241 310 1300 344 iarn
1331 324 1390 345 non
1415 312 1509 359 ipsis,
1541 325 1676 360 quorum
1707 325 1778 361 pars

1659 249 1729 282 439

242 359 322 392 dona
346 370 420 393 suae
443 358 653 393 miserationis
681 369 742 392 non
771 358 936 403 deferens,
959 367 987 393 et
1029 360 1164 405 pessima
1190 360 1292 406 periit,
1312 372 1347 394 ex
1365 361 1544 396 mandibula
1569 362 1633 409 ipsa
1649 375 1775 409 egressa

242 408 363 442 vineam
387 407 511 442 dextera
540 407 610 442 eius
636 407 803 454 plantatam
837 409 986 442 continua

242 456 437 501 protectione
459 468 667 499 conservans,
690 456 720 490 in
751 456 833 490 illam
858 458 911 503 qui
935 470 987 491 sa-

240 504 371 540 lubriter
404 505 502 552 ipsam
527 505 682 545 excolant,
713 505 886 540 evellentes
919 518 988 540 sar-

239 553 311 589 culo
349 566 384 589 ac
406 566 545 598 vomere,
572 567 635 601 quo
662 554 794 600 Samgar
819 563 986 590 sexcentos

238 602 426 638 philistaeos
462 605 631 651 percussit,
663 604 768 650 spinas
795 612 825 639 et
851 603 985 639 tribulos

236 664 274 687 ex
299 652 429 697 eadem,
456 653 617 700 operarios
638 653 729 687 etiam
760 653 789 687 in
818 653 983 688 undecima

237 702 311 737 hora
339 703 533 742 transmittit,
559 711 590 737 ut
616 702 834 749 superfluitate
870 703 984 749 palmi-

235 759 300 785 tum
337 758 497 793 resecata,
531 760 561 786 et
597 751 837 786 vitulaminibus
867 752 983 799 spuriis

235 801 356 836 radices
378 801 454 835 altas
481 813 543 835 non
573 800 720 835 dantibus
756 812 878 836 necnon
908 814 982 835 sen-

233 849 317 884 tibus
344 850 518 897 extirpatiS,
542 850 676 884 fructum
700 862 827 884 suavem
863 851 980 894 alferat,

232 907 262 932 et
290 899 483 939 iucundum,
515 899 569 946 qui
595 899 700 946 praelo
729 899 895 946 patientiae
923 899 981 933 ‹le-

232 947 381 989 faecatus,
396 949 426 982 in
442 949 634 983 aeternitatis
656 948 816 983 cellarium
844 948 980 984 transfe-

232 1004 328 1042 ratur,
356 997 516 1044 impietate
540 998 678 1044 profecto
700 998 783 1032 velut
813 998 883 1043 igne
905 1011 979 1032 sue-

230 1058 336 1088 censa,
360 1055 389 1082 et
416 1047 602 1092 frigescente
624 1047 773 1081 charitate
796 1047 978 1088 multorum,

229 1095 259 1129 in
282 1095 423 1130 eiusdem
447 1096 614 1131 maceriam
637 1096 837 1135 diruendam,
861 1097 979 1130 irruen-

229 1143 314 1180 tibus
336 1145 514 1180 philistaeis
543 1146 669 1192 potione
693 1153 833 1179 terrenae
862 1146 979 1180 caden-

228 1192 311 1229 tibus
333 1195 510 1241 voluptatis.

275 1242 296 1290 S
326 1247 354 1277 t.
376 1243 459 1279 Ecce
481 1243 511 1277 in
535 1243 609 1277 hora
639 1242 803 1277 undecima
823 1243 977 1278 Dominus

227 1292 279 1338 qni
315 1304 387 1326 cum
419 1292 526 1327 ‹lilurii
565 1304 643 1338 aqua
685 1300 797 1327 terram
833 1292 975 1337 deleret,

229 1341 347 1376 iustum
376 1354 432 1388 per
459 1342 580 1387 lignum
614 1341 884 1387 contemptibilem
913 1355 975 1388 gu-

228 1389 382 1434 bernavit,
408 1403 504 1438 super
535 1399 650 1425 sortem
675 1391 828 1424 iustorum
858 1391 973 1436 virgam

227 1440 425 1486 peccantium
443 1452 504 1474 non
528 1440 719 1484 relinquens,
742 1440 885 1473 excitavit
907 1453 975 1474 ser-

226 1501 298 1523 vum
329 1501 423 1524 suum
455 1489 581 1524 beatum
616 1488 838 1527 Franciscum,
875 1489 972 1523 virum

227 1538 334 1585 utique
355 1538 534 1574 secundum
557 1550 611 1572 cor
632 1550 744 1581 suum,
772 1537 853 1583 apud
882 1539 974 1584 cogi-

224 1587 358 1622 tationes
378 1587 511 1622 divitum
540 1586 716 1633 lampadem
747 1587 872 1632 quidem
896 1600 973 1622 con-

225 1645 387 1684 temptam,
409 1637 464 1671 sed
492 1644 629 1684 paratam
661 1637 697 1669 ad
722 1644 847 1682 tempus
874 1644 973 1671 statn-

225 1695 303 1726 tum,
326 1685 409 1720 illam
436 1685 466 1720 in
490 1686 612 1720 vineam
640 1697 728 1719 suam
756 1687 903 1725 mittens,
939 1694 972 1720 ut

224 1747 262 1769 ex
285 1735 349 1782 ipsa
376 1734 485 1781 spinas
512 1743 543 1769 et
572 1746 682 1780 vepres
704 1734 869 1773 evelleret,
893 1746 972 1780 pro-

223 1783 328 1818 stratis
363 1783 448 1818 illam
481 1782 742 1831 impugnantibus
770 1782 971 1824 philistaeis,

225 1832 432 1868 illuminando
453 1833 596 1879 patriam,
621 1840 650 1866 et
674 1832 868 1866 reconciliari
891 1832 971 1874 Deo,

223 1881 440 1916 exhortatione
462 1881 570 1917 sedula
592 1880 836 1915 commonendo.

272 1929 413 1978 §2.Qui
436 1930 538 1965 audita
560 1930 693 1965 interius
716 1941 789 1964 roce
814 1929 971 1965 invitantis

224 1980 333 2019 amici,
364 1980 497 2027 impiger
518 1991 669 2025 surgens,
703 1978 813 2013 mundi
848 1979 971 2014 vincula

226 2028 433 2072 blandientis,
467 2030 555 2075 quasi
590 2028 668 2063 alter
693 2027 847 2067 Samson,
874 2029 970 2074 gratia

225 2077 328 2112 divina
351 2086 540 2125 praeventus
561 2077 690 2124 dirupit,
717 2087 746 2111 et
773 2077 884 2124 spiritu
908 2077 971 2112 fer-

225 2127 307 2162 voris
328 2134 497 2173 concepto,
526 2126 670 2172 asinique
693 2134 815 2173 arrepta
846 2126 972 2160 mandi-

224 2175 317 2217 bula,
351 2175 581 2222 praedicatione
620 2175 776 2222 siquidem
812 2175 971 2222 simplici,

225 2224 321 2260 nullis
341 2225 507 2260 verborum
532 2223 786 2270 persuasibilium
815 2225 971 2259 humanae

224 2274 396 2321 sapientiae
422 2273 582 2308 coloribus
602 2273 764 2316 adornata,
786 2274 839 2308 sed
868 2283 970 2308 tamen

225 2322 282 2357 Dei
306 2323 419 2358 virtute
453 2323 588 2370 potenti,
620 2322 672 2369 qui
705 2322 827 2357 infirma
863 2323 971 2356 mnndi

225 2371 322 2418 eligit,
345 2380 378 2406 ut
403 2371 492 2406 fortia
525 2383 746 2419 quaecumque
779 2371 971 2412 confundat,

227 2432 288 2455 non
316 2429 436 2455 tantum
459 2421 557 2465 mille,
579 2420 633 2455 sed
657 2420 755 2455 multa
775 2421 870 2455 millia
896 2421 972 2454 Phi-

228 2469 421 2509 listinorum,
448 2482 485 2504 eo
507 2470 559 2516 qui
585 2470 681 2515 tangit
718 2478 840 2504 montes
865 2478 894 2503 et
916 2470 972 2504 fu-

227 2518 345 2564 migant
380 2518 522 2558 faciente,
551 2519 716 2565 prostravit
738 2527 769 2553 et
790 2520 818 2552 in
843 2519 973 2565 spiritus

227 2567 405 2602 servitutem
426 2568 543 2613 redegit
582 2567 685 2602 carnis
705 2566 861 2601 illecebris
882 2575 971 2602 antea

227 2616 412 2650 servientes.
434 2616 561 2658 Quibus
584 2617 665 2651 vitiis
687 2616 830 2656 mortuis,
853 2624 882 2650 et
904 2616 972 2651 Deo

1027 409 1153 454 copiosa
1181 416 1228 442 est
1260 421 1351 456 aqua,
1381 409 1544 455 reficiens,
1566 411 1718 450 abluens,
1746 421 1775 447 et

1028 456 1219 491 foecundans
1247 457 1363 504 lapsos,
1398 459 1543 495 sordidos
1576 469 1606 495 et
1633 469 1774 502 arentes,

1025 507 1156 552 quaein
1196 507 1288 542 vitam
1316 516 1472 543 aeternam
1507 509 1620 544 saliens
1654 510 1774 557 absque

1025 563 1155 600 argento
1201 564 1228 589 et
1259 559 1506 592 commutatione
1541 559 1644 606 aliqua
1673 568 1773 605 potest

1024 605 1100 648 emi,
1128 604 1220 640 cuius
1244 605 1335 639 rivuli
1366 606 1475 652 longe,
1498 607 1622 654 lateque.
1645 607 1772 652 diffusi,

1025 653 1144 688 vineam
1168 654 1309 700 irrigant,
1336 668 1435 702 usque
1462 656 1498 690 ad
1517 669 1600 691 mare
1616 658 1770 704 palmiteS,

1022 709 1052 735 et
1088 715 1187 750 usque
1217 704 1254 738 ad
1288 703 1405 738 flumen
1442 707 1631 752 propagines
1658 716 1770 741 exten-

1022 751 1159 786 dentem.

1069 801 1134 847 §5-
1155 801 1215 836 Hic
1236 801 1374 849 denique
1400 803 1496 849 patris
1510 804 1606 838 nostri
1625 805 1768 840 Abrahae

1021 850 1159 884 imitatus
1187 851 1326 897 vestigia,
1356 860 1461 887 mente
1489 853 1527 887 (lc
1549 862 1627 888 terra
1657 863 1687 888 et
1714 866 1766 889 co-

1019 900 1166 944 gnatione
1196 912 1270 944 sua,
1298 913 1420 935 necnon
1450 901 1545 936 domo
1572 903 1668 950 patris
1699 903 1767 939 eins

1019 949 1196 993 egrediens,
1232 950 1333 984 iturus
1367 951 1398 984 in
1428 959 1559 995 terram,
1586 964 1679 998 quam
1707 952 1764 987 sibi

1019 996 1174 1032 Dominus
1202 998 1305 1034 divina
1339 999 1543 1046 inspiratione
1565 1009 1765 1046 monstrarat,

1019 1054 1052 1080 ut
1073 1047 1251 1094 expeditius
1272 1056 1412 1083 curreret
1437 1049 1474 1083 ad
1499 1049 1640 1085 bravium
1674 1063 1766 1086 voca-

1018 1095 1111 1131 tionis
1132 1097 1291 1138 coelestis,
1313 1105 1345 1132 et
1373 1110 1428 1144 per
1452 1106 1617 1144 angustam
1643 1109 1764 1147 portam

1018 1152 1123 1190 posset
1156 1145 1279 1181 facilius
1316 1146 1469 1187 introire,
1508 1149 1662 1183 sarcinam
1695 1157 1764 1184 ter-

1017 1205 1109 1228 renae
1131 1195 1324 1230 substantiae
1353 1196 1515 1242 deposuit,
1547 1209 1580 1232 se
1615 1198 1657 1231 illi
1687 1211 1764 1233 con-

1017 1242 1166 1287 formans,
1188 1245 1240 1291 qui
1263 1257 1333 1279 cnm
1357 1246 1444 1279 dives
1466 1256 1559 1286 esset,
1588 1259 1644 1293 pro
1671 1247 1763 1283 nobis

1017 1291 1115 1327 factus
1129 1302 1174 1327 est
1199 1306 1329 1340 pauper,
1343 1306 1476 1341 eamque
1497 1295 1658 1341 dispersit,
1676 1296 1763 1332 dedit

1017 1341 1226 1388 pauperibus,
1255 1350 1287 1376 ut
1315 1344 1360 1377 sic
1392 1345 1461 1378 eius
1487 1344 1603 1379 iustitia
1634 1346 1664 1378 in
1692 1358 1762 1380 sae-

1015 1391 1119 1424 culnm
1143 1391 1258 1426 saeculi
1287 1401 1496 1438 permaneret.
1523 1393 1564 1427 Et
1586 1394 1616 1428 in
1645 1401 1759 1429 terram

1016 1439 1145 1474 visionis
1162 1440 1328 1485 accedens,
1349 1453 1446 1488 super
1469 1448 1564 1476 unu‘m
1587 1443 1646 1478 sibi
1669 1456 1761 1479 mon-

1015 1489 1091 1522 tium
1126 1489 1397 1534 demonstratum,
1433 1491 1578 1527 videlicet
1603 1493 1760 1528 excelleu-

1014 1538 1087 1571 tiam
1123 1538 1210 1579 lidei,
1239 1550 1364 1574 carnem
1398 1552 1507 1580 suam,
1541 1541 1629 1588 quasi
1665 1542 1758 1577 filiam

1014 1588 1224 1632 unigenitam,
1259 1601 1338 1634 quae
1372 1589 1473 1634 ipsum
1509 1590 1666 1625 interdum
1701 1591 1759 1625 de—

1012 1644 1148 1681 ceperat,
1177 1649 1247 1671 cuin
1263 1637 1369 1684 Iephte
1386 1638 1522 1673 Domino
1549 1639 1579 1673 in
1607 1639 1759 1674 holocau-

1012 1693 1093 1718 stum
1121 1685 1249 1725 obtulit,
1279 1686 1350 1732 igne
1384 1688 1549 1734 supposito
1572 1688 1756 1728 charitatis,

1013 1733 1095 1767 illam
1125 1734 1221 1778 fame,
1258 1735 1325 1775 siti,
1361 1736 1485 1781 frigore,
1522 1749 1558 1771 ac
1592 1738 1756 1782 nuditate,

1012 1783 1125 1828 vigiliis
1165 1783 1275 1818 multis
1311 1792 1341 1818 et
1376 1785 1517 1829 ieiuniis,
1556 1787 1757 1829 macerando,

1011 1844 1070 1877 qua
1099 1844 1170 1865 cum
1206 1832 1287 1867 vitiis
1313 1841 1341 1868 et
1364 1835 1629 1881 concupiscentiis
1654 1837 1758 1871 cruci-

1013 1882 1082 1920 fixa,
1110 1881 1216 1916 dicere
1240 1890 1360 1929 poterat
1381 1895 1453 1918 cum
1476 1884 1648 1931 Apostolo:
1677 1885 1757 1920 Vivo

1011 1942 1090 1975 ego,
1120 1943 1178 1964 iarn
1207 1943 1269 1965 non
1305 1943 1382 1978 ego,
1410 1933 1484 1967 vivit
1507 1941 1611 1968 autem
1647 1934 1676 1968 in
1706 1947 1757 1969 me

1011 1978 1172 2013 Christus:
1196 1980 1342 2026 quoniam
1367 1981 1427 2016 iam
1457 1994 1518 2017 non
1541 1982 1600 2018 sibi
1630 1984 1756 2024 vixerat,

1010 2027 1065 2062 sed
1088 2028 1216 2063 Christo
1239 2030 1353 2075 potius,
1376 2031 1428 2077 qui
1457 2043 1512 2078 pro
1539 2032 1677 2079 peccatis
1698 2045 1757 2067 no-

1010 2077 1082 2112 stris
1117 2087 1260 2113 mortuus
1286 2087 1351 2119 est,
1378 2088 1408 2113 et
1434 2082 1603 2115 resurrexit
1631 2089 1757 2128 propter

1011 2126 1263 2161 iustificationem
1307 2136 1466 2169 nostram,
1506 2137 1537 2164 ut
1577 2130 1756 2165 nullatenus

1012 2184 1140 2222 peccato
1162 2176 1292 2211 ulterius
1314 2178 1497 2213 serviamus.
1525 2178 1603 2213 Vitia
1630 2191 1756 2226 quoque

1011 2225 1229 2271 supplantans,
1252 2234 1280 2260 et
1303 2236 1407 2261 contra
1436 2227 1603 2267 mundum,
1630 2239 1755 2262 carnem

1011 2283 1039 2308 et
1073 2281 1242 2320 potestates
1268 2275 1368 2309 aerias
1402 2275 1558 2310 luctamen
1591 2288 1756 2311 assumens

1013 2323 1159 2363 viriliter,
1197 2335 1310 2363 uxore,
1351 2324 1439 2368 villa,
1466 2324 1588 2366 bobus,
1610 2337 1627 2360 a
1660 2337 1756 2360 coena

1013 2383 1123 2417 magna
1163 2372 1396 2408 retrahentibus
1434 2373 1598 2418 invitatos,
1633 2375 1758 2421 penitus

1011 2420 1176 2465 abdicatis,
1194 2433 1265 2455 cum
1282 2421 1374 2455 Iacob
1388 2422 1526 2457 Domino
1548 2423 1675 2459 iubente
1691 2436 1758 2459 sur-

1012 2471 1102 2509 rexit,
1117 2477 1146 2504 et
1160 2470 1257 2516 gratia
1273 2470 1399 2517 spiritus
1414 2471 1606 2518 septiformis
1617 2480 1758 2520 accepta,

1012 2527 1145 2565 octoque
1175 2518 1234 2553 sibi
1266 2520 1487 2555 assistentibus
1508 2520 1758 2557 beatitudinibus

1011 2568 1220 2613 evangelicis,
1255 2568 1364 2603 Bethel
1392 2568 1522 2605 domum
1553 2569 1626 2615 Dei,
1661 2582 1756 2618 quam

1011 2617 1150 2663 seipsum
1179 2619 1373 2664 praeparavit
1395 2617 1509 2663 eidem,
1537 2631 1592 2666 per
1624 2620 1759 2666 quinde-

1795 260 1845 285 An.
1864 260 1892 285 C.
1911 260 1977 286 1228

1796 811 1911 839 Pauperem
1933 816 1966 834 vi-

1782 846 1823 863 tani
1845 845 1893 869 egit,
1909 846 1965 865 ieiu—

1781 874 1829 897 niis,
1843 875 1926 900 vigiliis,
1944 879 1964 895 et

1781 904 1874 924 nuditate
1916 911 1963 925 rare

1780 940 1827 954 nem
1841 937 1962 960 maceravit,

1781 965 1892 992 multisque
1919 968 1961 986 vir*

1780 996 1858 1015 tutibus
1869 997 1961 1016 eniienim
