2129 3223
376 276 445 308 566

329 352 398 377 nem
421 339 586 378 solertem,
613 337 785 372 studiosam
807 335 1066 371 examinationem
1084 332 1091 344 '

328 399 358 425 et
383 388 610 425 discussionem
638 386 822 425 solemnem,
845 386 931 432 plura
953 392 983 419 et
1002 395 1070 418 ma-

328 440 390 475 iora
413 438 452 474 de
473 438 542 485 ipso
563 436 787 483 comperimus,
801 447 896 483 quam
913 434 1068 468 insinuata

327 489 478 532 fuissent,
506 498 578 523 eum
603 485 642 520 de
673 485 832 520 communi
855 484 983 519 fratrum
1012 495 1069 517 uo-

326 546 462 573 strorum
495 544 526 571 et
556 535 763 584 praelatorum
792 534 956 573 omnium,
995 541 1069 566 tunc

326 587 411 636 apud
449 586 563 622 Sedern
597 584 809 632 Apostolicam
844 582 1045 618 existentium
1059 608 1068 625 ‚

326 636 458 672 consilio
483 643 514 670 et
539 646 668 670 assensu
702 633 824 677 conlisi,
861 632 900 667 de
923 632 1070 679 omnipo-

327 687 418 722 tentis
454 685 514 720 Dei
552 685 684 724 virtute,
723 683 904 718 auctoritate
942 693 1070 728 quoque

326 736 488 771 beatorum
504 734 586 769 Petri
609 741 639 768 et
657 732 746 768 Pauli
763 731 973 780 apostolorum
990 731 1069 773 eius,

326 797 361 820 ac
389 792 505 826 nostra,
525 792 705 819 sanctorum
720 790 888 829 martyrum
907 780 1070 826 cathalogo

325 834 475 869 duximus
499 832 752 868 adscribendum.

375 884 472 932 510.
500 883 637 929 Ideoque
673 881 903 916 universitatem
937 887 1069 913 vestram

143 943 167 963 ες»
187 944 259 979 aprilis
279 943 312 964 ‹0-
326 945 494 969 monemus
520 940 551 966 et
572 931 734 967 hortamur
755 938 887 969 attente,
918 941 970 974 per
992 940 1071 975 apo-

131 978 435 1026 sssssssssgffiffffi'stotica
461 982 577 1029 scripta
610 981 697 1016 vobis
730 978 952 1027 praecipiendo
980 989 1071 1012 man-

326 1033 448 1072 dantes,
474 1039 632 1080 quatenus
653 1030 743 1065 tertio
764 1028 912 1063 kalendas
931 1027 1002 1062 maii
1026 1026 1072 1060 fe-

325 1091 408 1118 stum
430 1081 571 1117 eiusdem
610 1080 722 1115 devote
751 1090 786 1113 ac
808 1077 990 1113 solemniter
1012 1088 1071 1111 ce—

325 1131 451 1167 lebretis
472 1139 502 1166 et
527 1130 648 1165 faciatis
674 1141 689 1164 a
713 1128 825 1164 vestris
854 1126 990 1162 subditis
1019 1138 1071 1160 ve-

326 1182 486 1217 neratione
507 1191 646 1226 congrua
673 1177 841 1217 celebrari3
870 1184 903 1212 ut
931 1176 979 1223 pia
1003 1176 1072 1209 eius

326 1229 561 1273 intercessione,
571 1228 664 1264 ethic
685 1240 701 1263 a
724 1226 827 1262 noxiis
842 1225 974 1273 protegi,
997 1233 1026 1260 et
1040 1225 1071 1259 in

327 1280 432 1316 futuro
446 1280 636 1325 sempiterna
651 1276 802 1324 consequi
812 1275 925 1322 gaudia
937 1274 1070 1309 valeatis.

375 1329 396 1378 S
419 1331 475 1364 11.
502 1328 543 1363 Et
565 1335 598 1363 ut
624 1327 662 1362 ad
692 1325 870 1362 venerabile
902 1324 1001 1371 ipsius
1022 1336 1073 1358 se—

158 1392 288 1418 !udutzemi:
328 1379 494 1428 pulchrum
533 1377 694 1413 ardentius
725 1383 756 1411 et
781 1374 960 1411 affluentius
988 1373 1073 1408 chri-

131 1423 254 1475 {fjssffiss‘
269 1423 315 1475 ,ζζζ
328 1428 420 1464 stiani
443 1427 550 1476 populi
573 1425 708 1461 confluat
729 1424 908 1463 multitudo,
934 1434 968 1457 ac
990 1422 1074 1457 cele-

131 1485 271 1512 !vvultbrum-
330 1478 414 1513 brius
436 1478 505 1513 eius
525 1475 668 1523 martyris
689 1475 808 1510 colatur
823 1472 983 1515 festivitas,
1005 1484 1073 1506 om-

329 1527 424 1562 nibus
455 1538 527 1562 vere
558 1524 792 1572 poenitentibus
828 1531 858 1558 et
896 1521 1073 1565 confessis,

329 1578 381 1625 qui
409 1588 481 1611 cum
514 1575 685 1610 reverentia
713 1574 788 1609 illuc
809 1573 839 1607 in
863 1570 972 1607 eodem
996 1570 1074 1606 festo

329 1626 488 1661 annuatim
510 1624 712 1664 accesserint,
734 1623 834 1671 ipsius
854 1620 1001 1666 suffragia
1021 1632 1075 1667 pe—

330 1676 432 1717 tituri,
463 1674 502 1709 de
523 1673 747 1721 omnipotentis
769 1672 826 1707 Dei
849 1670 1074 1711 misericordia,

329 1733 360 1760 et
377 1725 538 1760 beatorum
568 1723 651 1758 Petri
687 1730 716 1757 et
741 1722 831 1757 Pauli
863 1719 1074 1768 apostolorum

329 1776 398 1810 eius
419 1774 601 1809 auctoritate
628 1772 753 1812 confisi,
780 1783 896 1806 annum
926 1781 1023 1803 unum
1046 1778 1076 1804 et

330 1823 534 1872 quadraginta
548 1822 632 1864 dies·‚
654 1821 879 1857 accedentibus
901 1829 974 1854 vero
987 1820 1077 1854 annis

331 1874 465 1921 singulis
486 1872 525 1908 ad
548 1872 743 1920 praedictum
765 1870 970 1919 sepulchrum
997 1868 1076 1904 infra

331 1923 473 1959 eiusdem
515 1922 585 1957 festi
618 1921 838 1969 quindenam,
873 1917 1077 1968 quadraginta

332 1974 400 2009 dies
425 1972 466 2007 de
493 1972 631 2007 iniuncta
657 1971 716 2006 sibi
743 1969 934 2019 poenitentia
955 1970 1078 2004 miseri-

332 2023 466 2058 corditer
493 2021 678 2057 relaxamus.

381 2071 495 2107 Datum
518 2070 651 2115 perusii,
673 2081 757 2104 nono
779 2067 928 2104 kalendas
958 2069 1078 2116 aprilis,

333 2121 531 2170 pontificatus
551 2120 647 2155 nostri
670 2131 754 2154 anno
775 2118 910 2153 decimo.

371 2174 432 2204 Dat.
448 2174 494 2204 die
516 2173 554 2203 24
571 2173 667 2203 martii
694 2172 776 2208 1253,
793 2171 894 2211 pontif.
912 2181 987 2201 anno
1006 2180 1030 2200 x.

136 286 185 312 An.
203 285 231 312 C.
246 286 312 314 ¹255

644 2273 774 2308 XXXII.

338 2335 535 2381 Confirmatio
556 2336 673 2379 formae
699 2333 829 2377 eligendi
860 2335 993 2376 priorem
1028 2343 1082 2376 ye-

383 2385 517 2418 neralem
554 2384 688 2429 fratrum
721 2382 838 2415 ordinis
872 2381 1083 2415 Eremitarum

384 2435 418 2469 S.
443 2434 610 2478 Auyustim'
629 2432 738 2466 eisdem
759 2443 779 2465 a
799 2431 955 2465 cardinali
976 2430 1085 2464 Sancti

908 278 1095 302 BULLAMUM
1116 277 1279 300 ROMANUM

1100 2298 1103 2323 l

384 2483 547 2518 Eustachii
561 2482 767 2528 praescriptae
788 2483 849 2524 (Ι).

603 2535 815 2569 SUMMARIUM

337 2587 502 2618 Exordium.
523 2604 563 2610 —
584 2587 610 2616 1.
632 2584 780 2617 Cardinali
805 2584 832 2615 S.
858 2584 1009 2614 Eustachii
1035 2584 1084 2614 de-

377 2628 545 2657 mandatum
570 2626 606 2657 ab
633 2625 804 2656 Innocentio
834 2633 954 2654 examen
974 2624 1083 2655 formae

374 2675 412 2709 (l)
427 2674 512 2701 Edidit
529 2675 655 2710 Empolus
669 2675 694 2700 in
712 2673 805 2700 Bullar.
824 2672 939 2700 Ordinis.

1870 272 1920 299 An.
1932 271 1961 298 C.
1987 270 2053 300 1255

1705 329 1735 349 o

1149 331 1302 361 electionis
1326 331 1431 369 prioris
1459 330 1616 369 generalis.
1646 346 1684 352 —
1775 329 1854 359 ldem

1149 375 1309 406 cardinalis
1328 375 1421 414 legem
1440 374 1535 405 sancit
1553 375 1582 404 in
1605 373 1775 404 huiusmodi
1797 373 1856 403 ele-

1149 419 1298 449 ctionibus
1322 419 1504 449 servandam.
1526 435 1565 441 —
1592 417 1619 448 3.
1644 416 1714 446 Eam
1744 417 1854 447 confir-

1150 468 1209 494 mat
1227 463 1367 493 Pontifex.
1383 480 1420 485 —
1436 463 1464 493 4.
1481 461 1642 492 Cardinalis
1660 460 1688 492 S.
1705 461 1856 492 Eustachii

1149 508 1273 538 litterae.
1292 524 1330 530 -
1344 507 1440 537 Prima
1460 506 1572 536 ordinis
1587 506 1692 536 domus
1709 506 1785 546 apud
1801 505 1856 536 Bu-

1150 553 1287 582 driolum.
1309 568 1348 574 —-
1365 552 1393 581 5.
1410 551 1479 581 Data
1505 552 1531 580 ei
1553 560 1568 581 a
1593 550 1667 581 Sede
1689 550 1855 590 Apostolica

1149 597 1248 635 regula
1271 595 1300 626 S.
1323 594 1482 634 Augustini
1504 599 1533 624 et
1553 594 1672 624 habitus
1690 594 1792 625 forma.
1818 613 1857 617 —

1149 642 1176 672 6.
1204 641 1403 671 Iuramenturn
1427 639 1567 679 praestari
1596 639 1715 669 solitum
1738 649 1752 669 3
1776 641 1857 669 novi—

1151 687 1210 716 tiis.
1233 703 1271 709 —
1295 686 1319 715 7.
1343 685 1424 715 Prior
1441 684 1554 714 ordinis
1577 688 1660 714 antea
1683 693 1740 714 non
1759 684 1857 714 diver-

1151 741 1202 760 sus
1220 741 1233 760 3
1254 731 1350 770 priore
1369 729 1559 759 Caesenaten.
1582 745 1621 750 —-
1642 729 1668 757 8.
1693 727 1723 759 ld
1745 730 1855 760 confir-

1151 780 1246 805 matur
1265 775 1370 805 litteris
1390 774 1570 813 apostolicis
1593 790 1632 796 —-
1656 773 1682 803 9.
1701 772 1740 802 Ex
1757 774 1855 804 diver-

1151 820 1235 850 sitate
1251 819 1381 859 priorum
1402 818 1540 848 subortae
1560 818 1590 847 in
1612 817 1714 847 ordine
1737 821 1857 848 eonten-

1152 865 1254 894 tiones.
1287 881 1325 886 -
1356 863 1428 893 Hinc
1465 863 1576 893 electus
1603 863 1682 901 prior
1712 862 1857 900 generalis

1152 909 1227 948 apud
1246 907 1421 944 Ferrariam,
1442 925 1481 930 —
1498 907 1664 946 Mutataque
1682 906 1766 936 verba
1786 916 1856 946 pro—

1153 953 1300 983 fessionis.
1328 970 1367 974 —
1407 953 1449 983 to.
1482 951 1596 982 Fratres
1624 955 1720 981 autem
1752 951 1856 982 domus

1151 998 1297 1028 Caesenae
1313 998 1404 1027 alium
1422 998 1536 1035 eligunt
1553 996 1689 1036 priorem,
1707 1005 1792 1035 quem
1808 1006 1859 1027 vo—

1152 1043 1212 1072 cari
1225 1051 1341 1082 quoque
1356 1042 1454 1072 volunt
1470 1041 1647 1080 generalem.
1661 1057 1698 1063 -
1712 1041 1757 1071 ll.
1770 1040 1858 1071 Scan-

1153 1087 1217 1117 dala
1241 1087 1308 1117 inde
1331 1091 1437 1116 exorta.
1453 1104 1492 1109 —
1507 1086 1552 1116 112.
1571 1085 1700 1116 Tandem
1719 1086 1754 1116 ad
1779 1085 1858 1116 card.

1152 1135 1346 1170 protectorem
1360 1135 1563 1169 procuratores
1578 1130 1672 1165 missi,
1687 1129 1773 1159 cuins
1789 1139 1858 1160 cura

1153 1174 1312 1205 nonnullae
1336 1175 1464 1204 sancitae
1482 1175 1571 1212 leges.
1588 1190 1627 1196 -—
1652 1174 1694 1204 ¹3.
1711 1173 1859 1204 Bononiae

1153 1219 1252 1249 habito
1267 1228 1332 1257 gen.
1349 1219 1485 1258 capitulo,
1498 1223 1620 1258 uterque
1637 1218 1750 1248 electus
1765 1219 1859 1249 officio

1154 1264 1239 1293 cedit.
1261 1280 1300 1285 —
1324 1263 1367 1293 14.
1398 1263 1515 1293 Electus
1546 1264 1644 1302 itaque
1673 1262 1749 1293 alius
1780 1264 1860 1303 prior

1154 1307 1310 1346 generatis.
1331 1324 1370 1330 —-
1392 1308 1437 1338 15.
1455 1307 1599 1338 Statutum
1623 1312 1653 1337 ut
1672 1308 1751 1346 prior
1772 1316 1861 1346 gene-

1153 1352 1223 1381 ralis
1252 1353 1282 1381 in
1307 1355 1456 1390 posterum
1486 1352 1654 1381 nominetur
1682 1352 1746 1382 sine
1773 1352 1860 1382 addi-

1156 1396 1232 1426 tione
1256 1396 1362 1435 aliqua.
1382 1413 1421 1418 —
1443 1397 1484 1426 16.
1501 1394 1613 1426 Caeteri
1632 1405 1699 1426 vero
1718 1397 1830 1435 priores
1845 1407 1860 1427 a

1154 1442 1340 1471 dioecesanis
1372 1441 1558 1477 instituendi,
1589 1440 1699 1480 quibus
1728 1441 1771 1471 illi
1804 1444 1864 1472 sint

1155 1486 1290 1515 subiecti.
1320 1502 1359 1508 -
1390 1486 1434 1515 17.
1465 1485 1568 1515 Forma
1593 1485 1785 1524 professionis
1817 1486 1862 1516 fa-

1155 1529 1286 1559 ciendae.
1304 1546 1342 1551 —
1362 1530 1407 1559 18.
1429 1528 1600 1560 Obedientia
1624 1530 1714 1568 priori
1733 1530 1862 1567 generali

1156 1573 1391 1613 praestanda.—
1405 1574 1448 1604 19.
1467 1573 1603 1604 Formula
1623 1574 1652 1604 in
1671 1573 1776 1604 litteris
1792 1583 1864 1614 pon-

1156 1618 1254 1648 tificiis
1273 1618 1423 1648 servanda.
1446 1635 1484 1640 —
1505 1616 1672 1649 Clausulae.

1116 1693 1284 1722 innocentius
1303 1693 1445 1729 episcopus
1464 1700 1558 1722 servus
1573 1700 1714 1722 servorum
1727 1692 1784 1727 uei.
1805 1694 1866 1723 uni-

1161 1743 1249 1771 versis
1266 1742 1402 1778 prioribus
1426 1743 1454 1771 et
1476 1741 1615 1771 fratribus
1645 1742 1747 1772 ordinis
1765 1742 1866 1772 Eremi-

1161 1794 1262 1824 tarum.
1285 1791 1402 1820 salutem
1412 1793 1442 1820 et
1455 1791 1633 1828 apostolicam
1644 1791 1864 1821 benedictionem.

1168 1864 1326 1899 Admonet
1348 1877 1406 1899 nos
1432 1876 1504 1899 cura
1527 1865 1665 1912 suseepti
1691 1864 1866 1911 regiminis,
1906 1875 2023 1897 mmmm.

1119 1924 1148 1951 et
1175 1915 1344 1949 auctoritas
1379 1914 1566 1961 pontificalis
1601 1914 1742 1960 inducit,
1775 1923 1809 1949 ut
1835 1922 1866 1950 et

1121 1964 1260 2013 plantare
1293 1974 1413 1999 sacram
1447 1963 1650 2011 religionem,
1676 1972 1706 1999 et
1738 1964 1866 2012 planta-

1121 2023 1181 2049 tam
1208 2013 1310 2048 fovere
1345 2025 1546 2061 summopere
1572 2013 1753 2054 debeamus,
1780 2013 1865 2061 quod

1122 2064 1228 2098 utilius
1255 2073 1331 2098 tunc
1353 2063 1549 2111 exequimur,
1572 2064 1598 2098 si
1621 2075 1668 2104 ea,
1692 2075 1773 2110 quae
1791 2072 1865 2100 sunt

1123 2121 1216 2157 recta,
1242 2113 1408 2155 nutrimus,
1431 2120 1461 2148 et
1482 2114 1668 2160 corrigimus
1694 2125 1775 2160 quae
1792 2125 1866 2160 pro-

1123 2162 1236 2198 fectum
1264 2163 1388 2197 virtutis
1414 2162 1567 2209 impedire
1595 2170 1778 2198 noscuntur.

1170 2212 1191 2260 S
1219 2211 1347 2254 1.Quia
1363 2224 1434 2247 vero
1449 2212 1612 2248 diversitas
1627 2211 1756 2253 formae,
1770 2224 1864 2260 quam
1893 2222 1998 2244 curioni
2040 2222 2061 2244 s.

1123 2261 1232 2296 fratres
1255 2262 1346 2297 vestri
1369 2262 1488 2297 ordinis
1514 2262 1543 2296 in
1567 2261 1742 2309 profitendo
1759 2269 1790 2296 et
1806 2261 1866 2297 eli-
1879 2253 1998 2306 2¹22}ssssss
2024 2255 2065 2306 ‘³23

1122 2311 1227 2358 gendo
1250 2311 1309 2346 sibi
1333 2312 1468 2358 priorem
1491 2311 1669 2358 generalem
1687 2310 1866 2356 servabant,
1879 2315 2004 2337 ¹⁰⁰⁰⁰0¹¹¹⁵⁰
2019 2320 2067 2337 ⁸¹⁸-

1123 2360 1333 2396 diversitatem
1356 2361 1525 2396 inducebat
1551 2362 1644 2396 etiarn
1671 2361 1864 2406 animorum,
1880 2345 2067 2404 ssleoffs‘smssni'.

1123 2420 1154 2445 et
1180 2422 1234 2457 per
1255 2422 1452 2458 consequens
1472 2410 1654 2446 scandalum
1681 2409 1866 2457 generabat,
1881 2409 1910 2429 ‘¹‘
1925 2407 2039 2435 ⁸⁶³⁹³⁸¹⁵⁸·

1125 2468 1195 2507 post
1222 2459 1362 2495 diversas
1395 2459 1565 2496 electiones
1590 2467 1621 2495 et
1641 2459 1801 2495 cessiones
1822 2459 1868 2495 fa-

1125 2518 1190 2544 ctas
1211 2508 1250 2545 de
1278 2509 1436 2558 prioribus
1457 2510 1487 2544 in
1514 2509 1626 2545 ordine
1648 2509 1733 2555 ipso,
1765 2516 1795 2544 et
1817 2508 1868 2544 di-

1124 2570 1232 2594 versos
1258 2571 1428 2608 processus
1454 2571 1549 2607 super
1569 2559 1606 2594 iis
1627 2557 1765 2598 habitos,
1795 2570 1869 2600 nos,

1125 2608 1162 2644 ad
1190 2620 1270 2656 quos
1290 2617 1410 2657 spectat
1430 2618 1529 2644 errata
1550 2608 1720 2655 corrigere,
1746 2620 1783 2644 ac
1809 2620 1870 2643 nu-

1127 2659 1200 2693 trire
1229 2659 1364 2699 directa,
1387 2659 1549 2706 cupientes
1575 2659 1642 2705 paci
1667 2665 1697 2693 et
1718 2657 1871 2706 tranquil-
