2129 3223
377 242 447 275 832
919 254 1108 277 nummum
1137 254 1299 277 nonnum

324 307 498 342 Tudertina
525 307 635 342 civitas
658 308 737 342 iuris
758 307 853 344 Sedis
874 308 1077 356 Apostolicae
1099 308 1288 350 declaratur,
1314 311 1383 344 155
1407 322 1436 344 α.
1460 308 1654 345 Consulatus
1677 318 1708 344 et
1731 309 1881 357 antiquae

424 357 565 392 eiusdem
595 357 845 392 consuetudines
873 358 1114 402 confirmantur,
1139 359 1213 392 ibid.
1237 360 1266 393 b.

324 406 522 441 Turonensis
544 406 687 442 Ecclesia
711 419 781 442 cum
806 406 937 443 Dolensi
965 408 1183 455 componitur
1220 408 1431 456 eiusdemque
1455 410 1609 456 primatus
1635 421 1734 456 super
1768 409 1878 444 eadem

423 456 587 500 asseritur,
613 459 681 491 ¹45
705 469 734 491 a.

322 504 470 540 Turitana
500 506 660 553 provincia
683 506 822 554 archiep.
851 506 977 542 Pisanis
1004 515 1164 554 tamquam
1190 506 1316 554 primati
1345 507 1524 548 subiicitur
1556 511 1622 542 117
1651 510 1679 543 b.

323 553 514 590 Tusculanis
542 556 701 602 episcopis
724 556 912 591 conceditur
938 556 1072 592 ecclesia
1094 555 1128 591 S.
1152 555 1269 592 Mariae
1293 558 1324 591 in
1348 557 1570 593 Monasterio
1564 570 1594 592 in
1617 556 1723 602 Urbe,
1753 559 1823 592 564
1847 571 1878 592 α.

322 603 463 651 Tyrones
490 604 569 640 infra
597 614 723 653 tempus
747 606 941 652 probationis
969 605 1112 641 habitum
1140 605 1337 643 dimittentes
1368 620 1429 642 non
1459 615 1534 642 sunt
1556 615 1731 655 apostatae,
1754 609 1824 641 452
1850 609 1881 642 b.

421 653 615 690 Libertatem
639 655 755 691 habent
781 655 820 691 ad
849 656 1020 704 pristinum
1044 664 1160 691 statum
1189 656 1362 695 redeundi
1385 659 1458 692 453
1480 658 1507 691 b.

1086 795 1126 836 U

321 883 466 919 Ubaldus
493 884 634 931 archiep.
661 884 807 919 Pisanus.
839 886 872 918 V.
896 885 1021 919 Pisanis
1043 885 1181 932 archiep.

320 932 463 968 Ubaldus
495 934 664 980 episcopus
694 933 887 980 Eugubinus
919 934 968 968 Ss.
1001 933 1231 970 Confessorum
1260 933 1450 968 Pontificum
1479 933 1644 980 cathalogo
1665 933 1878 978 adscribitur,

421 984 467 1016 82
495 984 523 1022 b
548 985 595 1017 85
617 996 648 1017 α.

321 1031 548 1066 Ulixbonensis
570 1033 774 1080 episcopatus
796 1032 1057 1080 Compostellano
1080 1033 1322 1080 archiepiscopo
1349 1032 1528 1071 subiicitur,
1557 1035 1624 1067 152
1648 1035 1665 1067 b
1691 1041 1720 1068 et
1742 1045 1802 1088 seq.

318 1079 466 1116 Urbanus
489 1081 531 1116 ΙΙΙ
553 1081 616 1116 ΡΡ.
646 1094 761 1117 eLxxn
784 1082 923 1129 eligitur,
947 1084 993 1117 32
1016 1095 1045 1117 α.
1066 1082 1145 1117 Eius
1169 1083 1276 1117 literae
1298 1082 1478 1130 εηρ)οἰίσερ
1511 1082 1547 1116 ad
1571 1094 1683 1117 omnes
1709 1082 1878 1129 episcopos

419 1130 458 1165 de
486 1131 533 1164 sui
561 1131 731 1175 electione,
755 1133 829 1166 ibid.
858 1133 875 1166 b
897 1140 926 1167 et
954 1145 1014 1178 seq.

319 1179 470 1214 Urbanus
491 1179 534 1214 lv
548 1180 633 1228 Papa
656 1193 790 1216 eLxxxu
805 1181 948 1227 eligitur,
972 1183 1043 1215 674
1065 1194 1094 1216 α.
1119 1182 1198 1216 Eius
1220 1180 1398 1228 encyclicae
1424 1181 1547 1216 litterae
1569 1181 1608 1216 de
1631 1193 1685 1215 sua
1709 1181 1877 1224 electione,

417 1230 493 1264 ibid.
517 1231 544 1265 b.
569 1238 599 1265 et
621 1243 681 1276 seq.

1078 1353 1118 1393 v

318 1448 416 1484 Vallis
437 1448 586 1484 Caulium
608 1449 685 1483 ordo
707 1449 868 1496 quomodo
898 1450 1071 1489 institutus,
1102 1451 1170 1483 192
1193 1451 1221 1483 b.
1246 1449 1324 1484 Eius
1358 1450 1497 1496 regulae,
1527 1451 1591 1484 195
1618 1462 1648 1484 α.
1670 1449 1738 1484 Sub
1761 1459 1875 1497 prote-

417 1498 522 1533 ctione
548 1497 661 1545 Apost.
684 1497 778 1533 Sedis
805 1498 989 1545 suscipitur,
1010 1500 1086 1533 ibid.
1114 1500 1143 1533 b.

317 1547 416 1582 Vallis
437 1547 597 1582 Montonis
624 1556 761 1582 castrum
785 1547 922 1583 Ricardo
945 1548 1052 1583 comiti
1078 1547 1200 1583 Sorano
1234 1548 1440 1582 confirmatur
1473 1560 1545 1582 cum
1582 1548 1731 1582 omnibus
1749 1576 1756 1587 ,
1793 1560 1874 1596 quae

416 1597 443 1633 ei
468 1596 608 1632 locarant
630 1598 772 1632 canonici
797 1597 944 1632 basilicae
972 1597 1208 1639 Lateranensis‚
1236 1599 1307 1632 250
1330 1611 1359 1631 α.

317 1645 576 1695 Vallispetrarum
599 1648 691 1682 castri
716 1646 859 1682 Ecclesia
883 1647 1052 1693 Anagnino
1075 1648 1227 1694 episcopo
1249 1646 1426 1687 subiicitur,
1454 1647 1524 1681 426
1548 1648 1575 1681 b.

318 1695 415 1731 Vallis
442 1695 597 1731 Scholarii
621 1696 743 1731 ordinis
766 1696 899 1732 Cisterc.
923 1704 1038 1731 statuta
1062 1697 1304 1740 confirmantur,
1333 1698 1403 1730 555
1427 1698 1454 1730 b.

317 1745 474 1782 Viaticum
497 1745 591 1791 (SS.).
611 1747 774 1802 quomodo
797 1747 999 1794 portandum,
1024 1748 1095 1782 566
1122 1759 1152 1781 a.

315 1795 482 1831 Vicovario
504 1796 565 1841 (de)
590 1797 1056 1832 monastetium.1.Cosmae
1079 1796 1137 1840 (S.)
1159 1804 1212 1830 etc.

315 1844 472 1880 Vincentii
502 1845 559 1890 (S.)
586 1844 812 1892 Bergomensis
835 1846 970 1882 civitatis
992 1846 1179 1894 capitulum.
1207 1847 1240 1880 V.
1269 1845 1439 1880 Alexandri
1469 1845 1526 1889 (S.)
1561 1854 1591 1880 et
1626 1844 1660 1879 S.
1700 1844 1870 1880 vincentii.

412 1893 621 1942 Bergomeus
644 1896 778 1931 civitatis
800 1895 936 1943 capitula
958 1903 1011 1930 etc.

315 1943 548 1979 virziliacensis
575 1946 769 1987 monasterii
798 1945 911 1980 Hervei
940 1945 1066 1981 comitis
1090 1953 1121 1980 et
1144 1944 1303 1979 Mathildis
1331 1944 1511 1979 comitissae
1535 1944 1779 1979 Nirernensium
1793 1954 1872 1978 con-

415 1993 519 2029 cordia
543 1994 760 2036 confirmatur,
782 1996 853 2029 289
877 1997 905 2029 b.

316 2042 530 2078 Viterbienses
556 2044 699 2079 censuris
726 2045 836 2080 irretiti
864 2044 1028 2080 Ecclesiae
1052 2044 1307 2084 reconciliantur
1337 2051 1366 2077 ct
1402 2043 1529 2091 antiqua
1561 2043 1608 2078 eis
1642 2043 1871 2078 confirmantur

438 2092 523 2127 risile
551 2105 589 2133 ta,
619 2095 688 2128 549
717 2106 747 2129 α.

314 2093 718 2178 Viterlriensingcclesia
711 2143 741 2178 in
766 2143 985 2198 episcopatum
1009 2151 1112 2178 erecta
1135 2155 1149 2177 a
1173 2142 1355 2177 Cotlestino
1377 2141 1419 2177 111
1442 2141 1504 2177 ΡΡ,
1510 2144 1602 2186 204
1618 2154 1648 2176 α.
1671 2140 1868 2177 Tuscaneusi

414 2191 534 2233 unitur,
557 2201 652 2240 atque
679 2193 746 2228 eius
769 2193 816 2227 ius
839 2193 991 2228 asseritur
1018 2205 1114 2240 super
1141 2191 1450 2227 Centumcellensem
1479 2200 1509 2226 et
1531 2191 1762 2226 Bledanensem
1789 2190 1871 2225 dioe-

414 2252 514 2283 ceses,
541 2243 617 2276 ibid.

1064 2391 1124 2431 W

315 2516 503 2553 Waldenses
521 2519 559 2554 ad
584 2519 655 2554 fidei
687 2520 855 2567 puritatem
881 2521 1008 2563 ietersi⁷
1035 2521 1106 2554 246
1129 2532 1159 2554 a.
1184 2519 1302 2554 Eoium
1336 2520 1538 2555 confirmatae
1553 2519 1709 2566 regulae
1733 2519 1803 2552 248
1838 2518 1865 2550 b.

412 2566 678 2662 Ξῖῗηθιῐεεέιρονθε
705 2570 813 2616 quales
841 2569 971 2614 suerint,
995 2571 1065 2605 252
1093 2571 1122 2603 b.
1147 2569 1353 2613 Poenitentia
1375 2571 1450 2603 ibid.
1476 2568 1635 2603 Ecclesiae
1659 2566 1864 2607 reconciliati,
