2129 3223
46 265 98 294 An.
116 265 144 294 C.
160 267 227 294 ¹¹98

45 900 110 954 tiaris·
124 903 214 930 privile-

31 938 50 960 ιι
62 948 67 953 .

67 1643 148 1666 Staiuta

33 2230 191 2254 Conflmantur.

568 319 650 355 VIII.

240 399 287 432 De
305 398 426 442 palatio
449 397 591 431 Indicum
616 404 642 430 et
679 397 890 430 Tabelli'onum
925 397 985 430 Be—

284 452 469 480 mantunae
517 447 648 480 civitatis
689 452 836 480 statutum
870 447 981 492 confir-

284 502 347 529 mat
373 497 430 537 (i).

501 567 717 599 SmntARtt‘M

231 629 326 661 Causa
340 630 496 669 privilegii.
515 647 552 652 —
569 629 691 660 Statuta.
702 646 739 652 —
754 629 980 660 Confirmantur.

269 691 309 698 -
329 674 495 705 clausulae.

229 740 399 770 Innocentius
414 740 555 776 episcopus
573 746 668 769 servus
686 746 825 769 servorum
844 740 898 772 Dei.
919 747 978 769 con·

273 789 389 823 suibus.
410 790 554 822 iudicibus,
575 791 604 819 et
621 789 718 826 populo
738 789 864 818 Beneven.

277 851 311 888 ln
333 851 502 888 dilectione
523 852 657 887 civitatis
690 861 824 893 vestrae,
859 864 895 887 ac
926 865 978 888 ve-

227 909 302 946 stra,
323 901 602 949 praedecessorum
631 908 809 936 nostrorum
837 901 977 936 volentes

226 951 368 998 vestigiis
387 951 562 992 inhaerere,
585 959 618 986 ut
640 959 671 986 et
692 963 747 986 vos
773 951 804 985 in
828 952 976 999 progeni-

224 1007 329 1035 torum
355 1008 531 1036 vestrorum
559 1000 736 1041 devotione,
765 1013 859 1047 quam
895 1001 975 1035 circa

223 1048 340 1085 Sedem
363 1049 580 1098 Apostolicam
598 1049 788 1094 babuerunt,
802 1050 974 1085 ferventius

222 1097 263 1133 de
288 1106 424 1143 caetero,
451 1107 481 1134 et
515 1099 637 1134 fidelius
671 1099 859 1146 persistatis:
893 1111 974 1146 quae

221 1147 260 1183 ad
283 1148 459 1195 profectum
487 1157 624 1183 vestrum
664 1148 860 1194 proveniant,
904 1149 972 1184 sine

221 1196 352 1233 honoris
374 1197 472 1232 nostri
499 1197 667 1244 dispendio
685 1198 782 1244 gratis
804 1197 905 1241 vobis,
941 1207 972 1232 et

222 1253 284 1280 tam
311 1245 459 1293 libenter,
482 1258 575 1293 quam
611 1246 781 1281 liberaliter
819 1246 971 1293 indulge—

221 1307 302 1330 mus.
324 1295 409 1331 Sane
435 1295 611 1330 exhibitum
636 1295 691 1330 fuit
712 1295 870 1342 quoddam
891 1297 970 1330 scri-

221 1351 322 1390 ptum,
350 1345 380 1379 in
404 1346 584 1392 praesentia
612 1353 729 1385 nostra,
753 1345 783 1379 in
802 1356 866 1391 quo
880 1346 970 1393 capi-

220 1394 283 1429 tula
305 1394 459 1441 quaedam
485 1403 573 1429 erant
610 1405 770 1441 expressa,
810 1406 891 1441 quae
929 1394 968 1429 de

219 1454 381 1478 commum
404 1456 544 1478 omnium
568 1451 705 1478 vestrum
732 1455 875 1484 assensu,
903 1456 967 1479 no—

216 1492 290 1527 stris
310 1492 463 1540 petebatis
484 1493 582 1528 literis
603 1493 782 1527 confirmari
801 1505 807 1526 :
831 1492 870 1528 de
901 1494 966 1540 qui-

217 1541 278 1577 bus
301 1553 358 1577 nos
379 1542 533 1590 quaedam
561 1542 754 1589 excepimus,
777 1555 857 1589 quae
879 1543 964 1578 iuxta

216 1598 322 1626 votum
350 1599 489 1626 vestrum
528 1591 617 1626 vobis
659 1591 808 1626 duximus
843 1604 980 1627 conce*

216 1639 330 1679 denda.
352 1639 434 1675 Cum
457 1652 533 1687 ergo
555 1653 571 1676 a
587 1640 676 1676 vobis
691 1641 729 1676 sit
753 1642 965 1676 communiter

216 1689 439 1731 constitutum,
462 1699 495 1726 ut
522 1690 643 1725 iudices
670 1702 727 1737 pro
749 1691 862 1725 salario
886 1691 962 1726 nihil

215 1738 382 1785 accipiant,
404 1739 482 1775 ultra
502 1739 687 1785 vigesimam
711 1740 784 1777 litis,
819 1752 876 1774 nec
923 1740 962 1775 de

216 1786 451 1836 subscriptione
497 1797 767 1829 testamentorum,
815 1789 861 1823 vel
892 1790 961 1824 aliis

215 1838 440 1879 contractibus,
463 1837 584 1885 iudices
606 1838 667 1885 ipsi
689 1850 705 1872 a
727 1838 848 1872 civibus
874 1838 963 1885 plus-

215 1898 310 1934 quam
344 1887 424 1922 duos
478 1895 613 1927 tarenos,
648 1895 700 1922 aut
741 1889 853 1922 notarii
903 1889 961 1923 nisi

215 1947 328 1971 uuum:
369 1944 454 1971 extra
489 1936 646 1972 civitatem
687 1944 792 1971 autem
839 1937 962 1972 iudices

215 1985 398 2030 centesima,
417 1986 528 2021 notarii
553 1998 625 2021 vero
647 1985 866 2022 ducentesima
900 1988 962 2022 sint

215 2045 339 2075 eorum,
372 2046 453 2082 quae
489 2042 677 2070 testamento
712 2035 867 2081 legantur,
911 2045 961 2071 aut

215 2095 418 2131 quocumque
444 2084 540 2119 modo
566 2085 691 2119 veniant
713 2085 743 2118 in
766 2094 960 2121 contractum

215 2133 360 2180 portione
381 2134 531 2168 contenti:
569 2135 680 2168 vestris
713 2134 863 2180 precibus
899 2147 962 2169 an-

215 2189 362 2223 nuentes,
380 2182 412 2217 id
435 2183 527 2225 (sicut
540 2195 557 2217 a
574 2183 662 2218 vobis
682 2191 731 2218 est
753 2185 963 2219 communiter

215 2231 418 2279 postulatum)
445 2232 659 2273 concedimus,
678 2233 919 2277 confirmamus,
932 2242 961 2268 et

215 2281 392 2328 praesentis
423 2281 530 2327 scripti
568 2282 742 2327 patrocinio
789 2284 964 2318 communi-

215 2341 299 2365 mus:
323 2330 478 2377 praesenti
500 2342 626 2377 quoque
648 2330 876 2366 confirmationi
906 2333 963 2367 ad-

214 2378 354 2420 ficimus,
375 2387 410 2414 ut
447 2379 473 2414 si
507 2379 634 2426 quando
665 2380 752 2415 curia
784 2380 844 2415 sub
877 2390 962 2416 certo

214 2427 320 2463 banno
353 2427 525 2464 inhibuerit
564 2428 628 2462 fieri
662 2428 876 2470 assemblatas,
918 2431 962 2471 hi,

215 2477 269 2524 qui
288 2478 503 2512 contravenire
517 2478 799 2525 praesumpserint,
822 2478 960 2514 bannum

215 2526 283 2561 sine
303 2526 515 2562 diminutione
543 2527 732 2573 persolvant:
755 2528 895 2574 exceptis
911 2530 962 2562 mi-

215 2575 428 2610 nisterialibus
453 2576 570 2620 curiae⁷
596 2587 677 2622 quos
705 2576 790 2611 iuxta
831 2577 963 2613 manda-

251 2639 290 2675 (1)
306 2640 344 2667 Ex
364 2640 464 2673 Baluz„
480 2640 563 2676 Epist.
585 2640 646 2667 256.

836 265 1048 290 mitocssfirtus
1069 266 1108 289 111
1130 266 1180 289 1²1³.

1667 259 1734 292 125

1026 327 1093 354 tum
1116 320 1256 365 rectoris,
1284 322 1337 368 qui
1361 334 1416 368 pro
1444 330 1585 370 tempore
1610 323 1704 359 fuerit
1724 337 1780 371 pro

1025 368 1203 405 commodis
1216 370 1358 407 civitatis.
1381 371 1539 413 volumus,
1556 384 1628 408 cum
1649 384 1779 409 necesse

1025 418 1129 459 suerit,
1155 426 1187 453 et
1207 428 1310 454 rector
1342 420 1549 462 mandaverit,
1585 423 1775 459 convenire:

1023 467 1107 503 salva
1129 468 1159 502 in
1182 468 1330 504 omnibus
1357 468 1450 504 Sedis
1480 470 1680 518 Apostolicae
1719 485 1776 508 au-

1024 517 1175 553 ctoritate.
1200 517 1285 552 Nulli
1312 530 1388 565 ergo
1413 527 1466 553 etc.

1071 566 1187 604 Datum
1215 566 1335 603 Romae
1353 568 1436 615 apud
1468 568 1618 604 Sanctum
1645 569 1773 606 Petrum

1022 615 1132 663 quinto
1153 615 1225 651 idus
1246 616 1336 658 iunii,
1351 617 1551 665 pontificatus
1568 619 1666 654 nostri
1690 632 1773 656 anno

1023 665 1134 712 primo.

1093 721 1154 752 Dat.
1177 722 1225 752 die
1247 723 1265 753 9
1288 723 1362 753 iunii
1383 732 1458 753 anno
1477 723 1594 754 Domini
1619 725 1702 762 1198,

1273 766 1375 806 pontif.
1399 776 1474 797 anno
1498 776 1515 797 1.

1367 907 1422 942 lx.

1018 982 1179 1016 Canont'ci's
1201 985 1344 1017 basilicae
1366 986 1475 1019 Sancti
1497 988 1584 1020 Petri
1619 990 1655 1021 de
1694 990 1769 1023 Urbe

1064 1034 1227 1076 quemdam
1248 1035 1382 1067 com-edit
1420 1037 1601 1080 reddt'tum‚'
1617 1045 1644 1071 et
1686 1039 1767 1072 bona

1064 1083 1214 1115 nonnulla
1235 1084 1396 1127 confirmat
1420 1086 1476 1128 (l).

1281 1155 1504 1195 SUMMARlUM,

1013 1218 1178 1250 Exordium.
1207 1238 1245 1243 -
1277 1221 1467 1253 lnnocentius
1495 1229 1580 1254 antea
1603 1227 1765 1257 canonicus

1053 1264 1141 1294 liuius
1165 1264 1318 1295 basilicae.
1336 1280 1375 1289 —>
1389 1266 1550 1298 Concessio
1567 1270 1662 1299 eidem
1679 1271 1764 1304 sacta:

1050 1324 1088 1329 —-
1106 1308 1169 1337 Non
1193 1309 1381 1340 obstantibus
1414 1312 1577 1350 privilegiis
1606 1316 1763 1345 contrariis

1049 1353 1301 1393 quibuscumque.
1321 1372 1359 1377 -—
1381 1355 1541 1386 Clausulae
1564 1363 1734 1388 consuetae.

1008 1424 1176 1453 lunooentius
1196 1425 1336 1462 opiscopus
1356 1433 1450 1456 servus
1473 1431 1612 1457 servorum
1631 1428 1685 1462 Dei.
1717 1437 1762 1458 oa·

1051 1474 1153 1503 nonicis
1189 1475 1320 1504 Basfficae
1347 1475 1477 1512 Principis
1495 1477 1684 1513 Apostolorum
1703 1480 1763 1508 tam

1051 1524 1253 1559 praesentibus,
1275 1532 1356 1560 quam
1387 1525 1493 1555 futuris
1511 1528 1637 1557 canonice
1661 1528 1760 1558 substi-

1051 1573 1172 1606 tuendis,
1192 1574 1220 1602 in
1244 1575 1417 1610 perpetuum.

1054 1641 1135 1676 Cum
1160 1642 1191 1676 in
1219 1642 1286 1687 lege
1312 1643 1405 1677 veteri
1435 1656 1496 1678 non
1538 1645 1641 1680 solum
1676 1646 1760 1681 labo-

1007 1702 1074 1725 rum
1088 1691 1253 1737 primitiae,
1274 1704 1379 1726 verum
1396 1693 1489 1727 etiam
1507 1693 1671 1728 bominum
1700 1696 1759 1741 pri-

1005 1741 1162 1785 mogenita
1189 1741 1326 1775 Domino
1349 1742 1536 1776 mandentur
1551 1743 1671 1785 offerri,
1687 1757 1757 1789 nos,

1004 1802 1083 1836 quos
1110 1790 1178 1836 ipse
1200 1790 1283 1833 (licet
1310 1790 1492 1829 immeritos)
1520 1793 1654 1838 gratuito
1690 1807 1758 1829 coe-

1006 1838 1093 1873 lestis
1123 1839 1239 1885 gratiae
1268 1851 1337 1874 rore
1372 1840 1530 1887 perfusos,
1565 1842 1603 1876 ad
1641 1844 1757 1878 summi

1005 1888 1205 1935 pontificatus
1231 1889 1350 1936 apicem
1373 1890 1569 1933 sublimavit,
1593 1900 1626 1926 ut
1645 1893 1759 1939 primo-

1003 1938 1100 1983 geniti
1135 1938 1236 1973 simns
1271 1939 1300 1972 in
1337 1939 1443 1974 multis
1482 1939 1642 1983 fratribus,
1683 1954 1756 1977 cum

1003 1998 1097 2022 omne
1131 1999 1212 2034 opus
1241 1996 1381 2022 nostrum
1417 1996 1583 2024 teneamur
1619 1991 1756 2026 Domino

1003 2047 1196 2077 consecrare,
1221 2038 1428 2084 promotionis
1456 2048 1581 2074 nostrae
1603 2040 1755 2085 primitias

1004 2085 1061 2132 ipsi
1096 2086 1230 2120 fideliter
1263 2086 1374 2121 offerre
1408 2087 1618 2130 decrevimus3
1655 2097 1687 2123 ut
1722 2090 1753 2124 in

1004 2134 1155 2169 bonorem
1184 2135 1397 2181 apostolorum
1421 2138 1582 2184 principiS,
1605 2138 1654 2172 cui
1672 2138 1755 2181 (licet

1005 2184 1165 2228 immeriti)
1191 2196 1252 2218 non
1284 2185 1352 2220 sine
1389 2197 1502 2232 magno
1541 2187 1689 2233 quodam,
1724 2195 1754 2222 et

1004 2233 1181 2268 admirabili
1200 2243 1406 2278 sacramento,
1428 2237 1637 2270 successimus
1649 2236 1752 2271 officio

1004 2282 1161 2329 pastorali,
1194 2294 1267 2317 cum
1302 2295 1338 2317 ea
1373 2283 1424 2317 die
1464 2285 1563 2319 simus
1599 2286 1629 2319 in
1670 2285 1753 2321 Sede

1004 2331 1184 2377 Apostolica
1212 2333 1398 2375 consecrati,
1425 2345 1486 2380 qua
1509 2333 1618 2368 beatus
1640 2333 1752 2370 Petrus

1003 2381 1164 2426 apostolus
1190 2380 1221 2413 in
1249 2380 1418 2428 episcopali
1448 2381 1504 2416 snit
1526 2382 1673 2418 cathedra
1691 2384 1753 2418 col-

1004 2429 1135 2469 locatus,
1157 2437 1386 2464 sacrosanctam
1409 2431 1475 2465 eius
1498 2430 1659 2466 basilicam
1681 2432 1751 2467 licet

1005 2478 1117 2517 tenuis,
1143 2476 1277 2512 alicuius
1302 2486 1405 2513 tamen
1429 2480 1568 2514 muneris
1589 2481 1752 2528 privilegio

1004 2527 1162 2568 decorare;
1184 2535 1357 2574 sperantes
1384 2528 1468 2574 quod
1491 2529 1527 2572 is,
1554 2530 1607 2576 qui
1636 2542 1752 2566 munus

1005 2575 1116 2620 Habel,
1143 2583 1172 2609 et
1192 2576 1309 2610 minuta
1335 2576 1446 2612 viduae
1473 2578 1568 2613 missa
1590 2579 1621 2613 in
1642 2578 1751 2615 Gazo-.

1040 2642 1078 2678 (1)
1093 2641 1131 2668 Ex
1143 2641 1243 2674 Baluz„
1261 2642 1343 2677 Epist.
1365 2642 1426 2669 ε295.

1797 270 1848 297 An.
1865 269 1894 296 C.
1912 270 1979 299 1198

1805 1656 1915 1680 Exordium
