2129 3223
85 247 136 275 Αιι.
151 247 182 274 C.
199 247 265 274 ms

94 550 192 573 tin-vtae
205 550 263 573 ducis

81 583 171 606 occisor.
183 581 264 604 uniue-

80 615 113 635 eio
127 613 211 634 schism>
221 614 263 635 tteo

81 643 141 664 attam
163 645 218 665 dedit
242 645 262 666 in

0 686 1 714 p
79 680 171 697 uxorem.

14 936 44 1087 ἶηῦτῆψ,

96 2425 187 2449 ossuum
224 2435 261 2456 pro

81 2464 145 2485 regno
177 2458 262 2480 Siciliae

80 2489 170 2516 vectigal
221 2495 261 2510 uon

83 2520 151 2540 mlvii.

865 241 1076 265 tNNOCENTtus
1109 242 1141 264 tv

1167 241 1215 264 nr.
1693 233 1762 266 515

280 313 336 349 per
357 311 488 348 regnum
510 311 604 334 suum
631 297 755 333 Siciliae
777 309 849 332 cum
878 296 1026 332 laudibus
1066 297 1142 331 niliil
1165 296 1365 337 habentibus,
1388 306 1418 333 et
1445 298 1596 333 omnibus
1617 298 1728 334 exinde
1748 298 1811 335 fere

279 351 316 386 ad
344 349 483 386 eiusdem
513 347 640 384 Soldani
670 347 901 385 extollentiam,
942 347 1024 382 sicut
1066 346 1170 393 probis
1192 347 1299 381 eiectis
1326 356 1356 382 et
1391 348 1541 395 expulsis,
1569 348 1638 383 illos
1667 348 1720 396 qui
1755 361 1811 383 re-

279 400 387 444 fertur,
424 398 595 433 honorifice
622 397 758 444 suscipi,
795 405 826 432 et
859 396 1025 443 magnifice

279 449 448 497 procurari.

326 498 346 545 S
370 501 423 533 15.
449 497 590 532 Aliorum
618 507 745 543 quoque
767 495 939 530 infidelium
958 509 1025 543 per-

279 547 405 582 niciosis
442 555 473 582 et
519 545 686 581 horrendis
723 544 883 591 obsequiis
917 555 1022 580 contra

279 597 386 632 fideles
407 597 550 640 abutens,
573 603 603 630 et
631 594 701 635 illis,
728 594 780 641 qui
804 594 1023 629 damnabiliter

279 646 507 694 vilipendentes
549 653 579 680 et
617 651 855 679 contemnentes
886 644 1023 690 Aposto-

278 695 368 731 licam
388 695 504 731 Scdcm
522 695 561 729 ab
589 694 707 728 unitate
729 692 888 729 Ecclesiae
911 693 1021 729 disces-

277 753 397 786 serunt,
427 756 596 792 procurans
634 743 781 778 affinitate
818 755 854 778 ac
885 744 1021 779 amicitia

277 795 430 842 copulari,
456 795 557 829 clarae
584 794 753 828 memoriae
776 792 886 827 ducem
916 793 1022 828 Baxa—

277 847 339 880 riae
360 844 526 891 specialem
553 842 712 878 Ecclesiae
733 840 894 877 Romanae
924 843 1021 878 devo-

276 901 340 929 tum
360 893 444 937 fecit,
472 895 551 928 sicut
573 905 629 940 pro
651 900 736 927 certo
757 892 916 933 asseritur,
942 893 1022 927 clu-i-

275 944 374 978 stiana
410 943 560 989 religione
582 942 741 987 despecta,
770 954 824 988 per
850 943 1020 976 assassiuos

275 993 394 1029 occidi:
417 1001 446 1027 et
468 992 620 1032 Battacio,
642 992 699 1026 Dci
723 999 752 1026 et
786 990 946 1026 Ecclesia‹¹
967 993 1022 1026 ini-

275 1042 374 1086 mico,
407 1055 422 1078 a
450 1043 674 1077 communione
703 1040 842 1075 fidelium
879 1053 933 1087 pcr
968 1055 1020 1075 cx-

273 1092 570 1128 communicationis
608 1090 794 1126 senteutiam
823 1102 894 1124 cum
931 1092 1021 1124 adiu-

274 1141 406 1181 toribus,
427 1141 694 1181 consiliatoribus,
716 1148 745 1174 et
767 1139 940 1175 fautoribus
956 1140 1020 1173 suis

271 1191 454 1227 solemniter
482 1199 635 1238 separato,
659 1190 752 1224 liliam
774 1201 862 1224 suam
886 1189 1020 1224 traduxit

273 1241 303 1275 in
334 1252 481 1275 uxorem:
505 1240 730 1275 catholicorum
751 1250 823 1273 vero
839 1239 1019 1286 principum

272 1297 361 1324 actus
387 1298 418 1325 et
450 1301 553 1324 mores
580 1301 748 1336 respuens,
772 1289 909 1334 neglecta
933 1289 1019 1322 salu-

271 1341 311 1375 tis
337 1351 412 1375 suae
455 1339 545 1374 etiam
574 1339 767 1385 integritate,
796 1338 920 1384 pietatis
950 1350 1020 1384 ‹ipe-

273 1388 363 1423 ribus
392 1401 453 1424 non
482 1388 627 1427 intendit,
662 1388 807 1435 quinimo
836 1396 868 1422 ut
894 1387 932 1422 de
955 1388 1020 1420 suis

272 1437 399 1473 nefariis
435 1437 700 1473 dissolutionibus
734 1436 905 1481 sileamus,
946 1449 1017 1471 cuin

271 1487 418 1522 didicerit
452 1495 571 1522 tantum
607 1486 802 1534 opprimere,
837 1499 898 1521 non
931 1495 1019 1521 curat

270 1549 440 1584 oppressos
476 1537 598 1572 iniuriis
624 1536 776 1576 relevare,
812 1548 904 1571 manu
933 1536 1017 1576 eius,

272 1594 305 1622 ut
331 1585 421 1622 decet
443 1587 617 1634 principem
645 1586 864 1632 christianum,
877 1585 914 1620 ad
935 1585 1018 1620 elee-

271 1647 417 1685 mosynas
447 1648 507 1671 non
539 1644 679 1676 extensa,
714 1648 785 1671 eum
813 1636 1016 1671 destructioni

271 1685 483 1722 Ecclesiarum
520 1685 688 1725 destiterit,
719 1694 749 1720 et
777 1686 955 1729 religiosas,
982 1696 1018 1719 ac

270 1735 500 1772 ecclesiasticas
527 1736 591 1781 iugi
615 1736 763 1770 attriverit
799 1736 967 1770 afflictione
989 1741 1019 1768 et

271 1786 490 1833 persecutione
513 1797 677 1832 personas:
713 1797 771 1820 nec
800 1786 882 1820 enirn
916 1784 1018 1819 eccle-

271 1835 345 1875 sias,
369 1846 427 1870 nec
453 1835 513 1870 ulla
537 1835 738 1879 monasteria,
762 1847 819 1870 nec
843 1833 1017 1881 hospitalia,

271 1897 326 1920 seu
359 1884 418 1920 alia
447 1885 493 1931 pia
523 1884 588 1920 loca
624 1885 761 1918 cernitur
793 1885 910 1931 uspiam
940 1895 1017 1917 con-

271 1934 425 1970 struxisse
450 1943 500 1969 aut
534 1933 695 1970 fundasse.
721 1934 803 1969 Num
827 1935 921 1980 igitur
942 1933 1020 1967 hacc

272 1995 334 2019 non
358 1984 455 2028 levia,
481 1983 537 2019 sed
565 1983 702 2018 efficacia
736 1992 808 2019 sunt
836 1992 1018 2030 argumenta

272 2033 311 2069 de
348 2034 559 2081 suspicatione
600 2033 738 2068 haeresis
779 2041 884 2068 contra
922 2033 1020 2067 eum?

272 2083 353 2119 Cum
384 2091 487 2118 tamen
515 2082 744 2118 haereticorum
781 2083 932 2117 vocabulo
965 2094 1018 2116 eos

275 2134 324 2168 ius
350 2132 440 2168 civile
466 2132 617 2168 contineri
652 2141 785 2172 asserat,
813 2142 841 2167 et
874 2133 943 2167 latis
964 2131 1019 2166 ad—

274 2195 382 2218 versus
403 2195 459 2218 eos
480 2182 646 2218 sententiis
667 2182 781 2217 debere
800 2181 1019 2221 succumbere,

274 2233 326 2280 qui
350 2234 395 2268 vel
418 2232 476 2267 levi
499 2238 697 2279 argumento,
719 2244 754 2266 ac
773 2231 889 2267 iudicio
911 2231 1020 2266 catho-

275 2282 352 2317 licae
373 2283 543 2330 religionis,
566 2290 594 2317 et
618 2282 739 2316 tramite
759 2281 870 2316 detecti
891 2282 1020 2321 fuerint,

274 2332 410 2367 deviare.

322 2382 422 2429 514.
444 2382 572 2416 Praeter
604 2381 682 2415 haec
716 2392 849 2425 regnum
881 2379 1020 2419 Siciliae,

275 2431 360 2478 quod
386 2441 433 2466 est
460 2431 594 2478 speciale
622 2429 842 2477 patrimonium
865 2429 900 2463 B.
926 2429 1020 2467 Petri,

276 2480 359 2528 quod
388 2481 467 2516 idem
499 2481 646 2527 princeps
672 2478 712 2514 ab
739 2478 916 2525 Apostolica
938 2478 1021 2513 Sede

277 2530 400 2566 tenebat
439 2531 467 2564 in
495 2530 642 2570 feudum,
680 2530 739 2563 iam
773 2528 803 2562 in
838 2535 952 2562 tantam
990 2527 1020 2561 in

277 2578 398 2614 clericis
420 2588 451 2614 et
486 2579 571 2614 laicis
603 2578 845 2614 exinanitionem
886 2578 1022 2611 servitu-

278 2635 403 2675 temque
434 2629 562 2676 redegit,
598 2627 681 2675 quod
717 2627 761 2662 eis
796 2638 872 2674 penu
897 2627 1021 2673 penitus

1065 405 1247 432 manserunt
1274 396 1402 438 ibidem,
1425 397 1484 431 sub
1510 398 1612 432 servili
1635 397 1721 445 quasi
1740 410 1810 434 con-

1063 445 1183 482 ditione
1210 446 1330 488 vivere,
1360 458 1396 480 ac
1424 446 1598 482 Romanam
1624 447 1809 490 Ecclesiam,

1063 496 1154 531 cuius
1176 494 1390 543 principaliter
1411 504 1485 531 sunt
1512 496 1656 532 homines
1688 506 1717 531 et
1741 510 1809 533 vas-

1062 546 1144 590 salli,
1168 545 1327 580 offendere
1357 545 1582 592 multipliciter,
1608 555 1638 581 et
1656 546 1809 583 hostiliter

1063 595 1248 644 impugnare
1276 593 1445 641 compellit.
1480 593 1591 630 Posset
1617 596 1707 630 etiam
1742 609 1808 632 rne-

1063 646 1121 681 rito
1147 644 1358 692 reprebendi,
1386 645 1468 690 quod
1492 645 1575 679 mille
1602 645 1807 692 squifatorum

1062 707 1197 730 annuam
1223 694 1423 742 pensionem,
1453 694 1481 727 in
1516 706 1577 740 qua
1612 706 1667 741 pro
1697 696 1807 732 eodem

1063 757 1159 792 regno
1186 744 1241 790 ipsi
1279 743 1440 778 Romanae
1476 742 1632 778 Ecclesiae
1666 752 1808 786 tenetur,

1063 807 1117 843 per
1156 806 1266 828 novem
1309 805 1408 827 annos
1448 800 1475 826 et
1510 793 1645 840 amplius
1691 794 1810 830 solvere

1063 851 1280 892 praetermisit.

1109 893 1129 942 ἓ
1157 895 1211 928 15.
1246 893 1311 928 Nos
1346 892 1450 939 itaque
1481 904 1578 939 super
1613 893 1808 937 praemissis,

1060 952 1090 978 et
1123 941 1361 991 quampluribus
1394 941 1462 976 aliis
1496 940 1639 977 nefandis
1672 950 1701 978 et
1733 955 1809 979 exe-

1060 994 1185 1028 crandis
1218 991 1402 1027 excessibus
1435 1003 1471 1025 ac
1499 991 1623 1038 flagitiis
1649 1004 1722 1026 cum
1745 992 1809 1027 sra-

1061 1043 1160 1078 tribus
1183 1042 1297 1078 nostris
1316 1040 1539 1079 cardinalibus.
1562 1049 1592 1075 et
1607 1051 1809 1078 sacrosancto

1060 1092 1205 1133 concilio,
1233 1090 1457 1126 deliberatione
1484 1090 1663 1137 praehabita
1686 1100 1808 1128 matura

1059 1150 1090 1177 et
1104 1142 1256 1188 diligenti,
1277 1152 1349 1176 cum
1372 1139 1497 1174 Domini
1518 1141 1614 1175 nostri
1634 1139 1703 1176 lesu
1720 1140 1810 1176 Chri-

1060 1193 1098 1226 sti
1121 1192 1215 1235 vices,
1237 1191 1307 1225 licet
1330 1189 1475 1224 immeriti
1499 1197 1672 1233 teneamuS,
1695 1190 1724 1224 in
1746 1199 1809 1226 ter-

1060 1241 1117 1281 ris,
1152 1240 1304 1286 nobisque
1331 1239 1362 1273 in
1391 1238 1470 1274 beati
1492 1237 1576 1274 Petri
1604 1251 1737 1287 persona
1768 1240 1810 1275 sit

1059 1290 1200 1325 dictum:
1244 1287 1476 1335 Quodcumque
1523 1288 1667 1335 ligaveris
1712 1301 1809 1336 super

1061 1348 1174 1375 terram
1196 1339 1255 1374 erit
1281 1338 1409 1385 ligatum
1432 1347 1462 1372 et
1489 1337 1519 1372 in
1542 1338 1635 1373 caelis
1649 1347 1722 1378 etc..
1748 1351 1809 1374 me-

1060 1396 1213 1424 moratum
1256 1387 1429 1435 principem
1470 1388 1584 1434 quise
1612 1388 1743 1435 imperio
1777 1397 1810 1424 et

1059 1439 1176 1485 regnis,
1203 1438 1353 1484 omnique
1388 1436 1526 1483 denique
1553 1437 1672 1473 honore
1699 1450 1734 1473 ac
1756 1438 1809 1473 di·

1058 1489 1174 1535 gnitate
1206 1487 1342 1522 reddidit
1375 1495 1436 1520 tam
1472 1487 1655 1533 indignum,
1690 1488 1809 1536 quique

1060 1546 1188 1585 propter
1227 1549 1300 1570 suas
1328 1535 1509 1582 iniquitates
1530 1545 1623 1584 atque
1645 1539 1764 1572 scelera
1791 1550 1808 1573 a

1058 1587 1137 1629 Deo,
1154 1599 1192 1622 ne
1206 1594 1320 1632 regnet
1347 1586 1393 1620 vel
1421 1586 1564 1633 imperet,
1586 1595 1633 1622 est
1656 1586 1806 1629 abiectus,

1058 1637 1124 1672 suis
1167 1637 1293 1683 ligatum
1317 1636 1463 1681 peccatis,
1491 1648 1505 1670 a
1536 1635 1601 1670 Deo
1627 1636 1782 1672 abiectum
1799 1666 1807 1677 ,

1058 1686 1208 1734 omnique
1244 1686 1362 1720 bonore
1384 1696 1420 1719 ac
1442 1684 1591 1731 dignitate
1614 1687 1767 1733 privatum
1791 1700 1807 1721 a

1058 1735 1194 1771 Domino
1221 1734 1428 1774 ostendimus,
1456 1746 1491 1769 ac
1513 1735 1754 1777 denunciamus,
1777 1745 1807 1771 et

1059 1785 1262 1820 nibilominus
1284 1784 1502 1819 sententiando
1526 1784 1701 1832 privamus;
1728 1798 1805 1820 om—

1059 1847 1194 1882 nesque,
1227 1834 1280 1882 qui
1303 1834 1331 1868 ei
1359 1833 1536 1869 iuramento
1560 1834 1716 1870 fidelitatis
1746 1836 1804 1869 ali-

1059 1898 1120 1932 quo
1146 1885 1240 1919 modo
1261 1890 1409 1918 tenentur
1437 1884 1575 1928 astricti,
1598 1884 1643 1920 vel
1666 1884 1804 1932 obligati,

1058 1948 1074 1970 a
1102 1935 1275 1970 iuramento
1298 1934 1477 1968 huiusmodi
1515 1943 1667 1981 perpetuo
1700 1934 1806 1969 absol-

1060 1985 1160 2019 vimus
1182 1993 1213 2019 et
1234 1983 1415 2027 liberamus,
1437 1984 1621 2018 auctoritate
1636 1984 1804 2031 apostolica

1060 2034 1188 2069 firmiter
1213 2042 1244 2069 et
1272 2033 1406 2068 strictim
1430 2033 1619 2072 inhibendo,
1654 2046 1692 2068 ne
1719 2034 1806 2080 quis-

1059 2096 1151 2131 quam
1179 2084 1218 2118 de
1249 2091 1371 2118 caetero
1393 2082 1453 2117 sibi
1482 2091 1640 2130 tamquam
1669 2084 1806 2130 impera-

1060 2139 1137 2183 tori,
1166 2138 1211 2172 vel
1239 2137 1303 2184 regi
1336 2145 1459 2183 pareat,
1495 2137 1540 2171 vel
1569 2137 1806 2183 quomodolibet

1061 2204 1167 2239 parere
1202 2191 1361 2231 intendat,
1395 2189 1594 2226 decernendo
1627 2190 1805 2237 quoslibet,

1060 2247 1113 2294 qui
1143 2246 1295 2292 deinceps
1327 2246 1410 2280 velut
1436 2245 1632 2291 imperatori,
1661 2244 1711 2279 vel
1741 2246 1805 2291 regi

1060 2300 1224 2335 consilium
1260 2300 1308 2334 vel
1330 2299 1479 2334 auxilium
1504 2298 1726 2345 praestiterint,
1748 2310 1804 2333 seu

1061 2353 1208 2397 savorem,
1242 2354 1310 2400 ipso
1348 2352 1428 2388 sacto
1470 2351 1805 2387 excommunicationis

1062 2407 1184 2442 vinculo
1210 2406 1390 2442 subiacere:
1418 2406 1460 2440 illi
1483 2414 1587 2440 autem
1610 2404 1648 2440 ad
1671 2417 1752 2452 quos
1772 2406 1802 2441 in

1060 2461 1169 2496 eodem
1198 2461 1342 2508 imperio,
1378 2460 1571 2507 imperatoris
1596 2466 1716 2506 spectat
1736 2455 1804 2494 ele-

1060 2516 1132 2557 ctio,
1160 2515 1276 2562 eligant
1302 2514 1398 2550 libere
1424 2515 1519 2550 aliurn
1549 2514 1579 2549 in
1607 2514 1676 2549 eius
1697 2513 1801 2549 locum

1060 2582 1284 2606 successorem.
1324 2569 1371 2604 De
1405 2568 1540 2616 praefato
1571 2580 1644 2603 vero
1675 2567 1803 2603 Siciliae

1062 2637 1155 2671 regno
1179 2623 1340 2671 providere
1367 2623 1557 2658 curabimus.
1580 2634 1650 2657 cum
1673 2635 1802 2657 eorum-

1827 243 1878 270 An.
1895 243 1926 270 C.
1943 243 2010 271 lvi-'o

1837 901 1883 922 lure
1892 903 1972 928 imperii
1984 904 2004 922 ot

1822 934 1881 959 regni
1896 933 2004 960 privatur:

1833 1841 1962 1870 viissatuquo
1974 1844 2003 1863 iu-

1818 1877 1914 1895 ramento
1958 1872 2003 1894 nol-

1818 1907 1894 1926 vuntur
1915 1904 2003 1925 [iactus-

1819 1937 1854 1956 tis,
