2129 3223
75 290 129 318 An.
139 288 167 316 C.
189 289 255 316 tito

866 287 1074 310 mxoanTtt's
1097 288 1131 309 111
1156 288 1202 310 111‘.

270 345 319 379 nia
343 344 459 390 integra
481 349 716 383 conserventur,
739 353 848 377 eorum
863 353 920 390 pro
938 353 1015 389 quo-

269 406 337 428 rum
359 391 585 439 gubernatione
605 403 642 426 ac
677 391 902 426 sustentatione
935 403 1013 426 con-

267 454 354 478 cessa
374 450 446 477 sunt
475 441 585 476 usibus
614 441 808 476 omnimodis
841 441 1011 487 profutura:

266 492 347 527 salva
381 491 474 526 Sedis
508 491 706 538 Apostolicae
741 490 936 525 auctoritate.
975 490 1009 525 Si

265 552 325 588 qua
350 541 442 587 igitur
465 541 495 575 in
523 540 662 575 futurum
697 540 907 575 ecclesiastica
943 552 1012 575 sae-

265 590 415 625 cularisve
434 602 578 637 persona,
601 590 681 625 hanc
703 598 826 624 nostrae
857 591 1011 625 constitu-

265 639 358 675 tionis
380 640 526 687 paginam
567 641 682 684 sciens,
719 647 825 674 contra
856 651 923 674 eam
957 647 1011 674 te—

263 701 349 725 mere
375 690 482 724 venire
504 690 680 729 tentaverit,
703 688 846 724 secundo
880 689 1011 724 tertiove

263 739 464 779 commonita.
487 739 544 773 nisi
572 746 690 774 reatum
713 751 805 773 suum
829 738 922 786 digna
953 750 1010 773 sa·-

263 788 438 824 tisfactione
475 788 658 829 correxerit,
702 789 865 835 potestatis
904 789 1011 823 hono—

263 837 368 885 risque
390 838 439 873 sui
461 846 563 873 careat
590 837 761 885 dignitate,
795 849 943 885 reamque
977 850 1010 873 se

261 886 370 923 divino
391 887 509 922 iudicio
535 887 669 923 existere
691 887 729 922 de
757 895 931 934 perpetrata
955 887 1010 921 ini-

261 936 378 984 quitate
404 946 584 983 cognoscat,
611 945 642 972 et
662 949 678 972 a
705 937 916 972 sacratissimo
937 935 1012 971 Cor-

262 997 338 1033 pore
363 998 400 1022 ac
434 986 597 1033 Sanguine
628 986 685 1022 Dei
720 993 751 1021 et
784 986 910 1021 Domini
944 985 1012 1020 Re-

260 1035 434 1084 demptoris
456 1037 552 1072 nostri
580 1035 650 1071 lesu
673 1036 791 1071 Christi
815 1035 915 1070 aliena
944 1036 1007 1080 fiat,

261 1092 353 1133 atque
372 1086 403 1120 in
426 1094 570 1121 extremo
592 1086 736 1121 examine
756 1085 917 1120 districtae
939 1085 1012 1120 suh-

259 1134 358 1169 iaceat
379 1135 501 1170 ultioni.
529 1134 660 1170 Cunctis
681 1143 784 1170 autem
812 1135 913 1170 eidem
943 1135 1010 1169 loco

259 1195 315 1219 sua
339 1184 405 1220 iura
433 1185 642 1230 servantibus,
665 1186 706 1220 sit
727 1197 785 1231 pax
807 1184 934 1220 Domini
952 1197 1009 1219 no-

259 1234 314 1268 stri
342 1233 413 1270 Iesu
436 1234 575 1269 Christi:
608 1242 764 1282 quatenus
798 1242 828 1268 et
862 1235 912 1270 hic
944 1234 1010 1269 sru-

259 1289 344 1318 ctum
368 1283 470 1320 bonae
488 1285 623 1319 actionis
647 1284 833 1332 percipiant,
866 1293 896 1319 et
926 1284 1008 1331 apud

259 1332 436 1369 districtum
464 1333 604 1369 Iudicem
629 1335 765 1381 praemia
794 1343 937 1369 aeternae
960 1345 1010 1380 pa-

259 1382 306 1417 cis
327 1382 496 1418 inveniant.
517 1383 630 1418 Amen.

308 1430 423 1468 Datum
445 1432 590 1468 Lateran.
619 1445 675 1480 per
695 1444 821 1467 manum
863 1433 1011 1467 lobannis

259 1480 393 1517 Sanctae
410 1482 525 1517 Mariae
538 1483 568 1516 in
584 1481 755 1517 Cosmedin
770 1482 892 1517 diaconi
912 1482 1010 1523 card„

258 1538 385 1567 sanotae
429 1531 592 1566 Romanae
635 1531 795 1566 Ecclesiae
833 1532 1008 1567 cancellarii

258 1588 370 1628 quarto
392 1593 494 1616 nonas
516 1581 632 1622 martii,
660 1580 832 1616 indictione
871 1582 1011 1616 decima-

260 1630 361 1672 tertia‚
382 1631 604 1666 incarnationis
638 1630 815 1666 dominicae
837 1643 920 1666 anno
945 1631 1011 1666 mil-

261 1679 371 1715 lesimo
403 1680 622 1716 ducentesimo
657 1692 765 1725 nono,
813 1680 1009 1728 pontificatus

261 1740 334 1764 vero
360 1729 480 1765 domini
502 1729 678 1766 Innocentii
702 1730 804 1778 Papae
823 1731 903 1765 tertii
926 1742 1009 1765 anno

259 1778 490 1815 decimotertio.

291 1839 350 1871 Dat.
372 1840 420 1871 die
437 1841 455 1871 4
477 1842 576 1872 martii
600 1841 685 1878 1210,
705 1842 805 1881 pontis.
830 1851 904 1871 anno
921 1850 978 1871 xiii.

567 1995 706 2031 LXXIV.

262 2073 431 2119 Confirmat
456 2073 594 2106 ordinem
614 2080 641 2106 et
662 2073 807 2107 militiam
832 2074 866 2106 B.
891 2074 1006 2113 lacobi,

310 2129 336 2156 et
365 2122 529 2167 privilegia
566 2122 605 2156 ab
639 2123 822 2157 Alemandro
855 2124 946 2168 Papa
983 2125 1010 2157 ei

314 2182 452 2205 concessa
474 2173 531 2215 (1).
806 2178 813 2182 ‘

529 2244 743 2276 SUMMARIUM

262 2307 451 2339 Prooemium.
479 2307 682 2338 —Institutio
705 2308 826 2338 militiae
844 2308 873 2338 13.
902 2307 1008 2340 lacobi.

302 2368 342 2375 —
366 2351 436 2383 Eam
458 2352 590 2382 validans
613 2352 766 2382 confirmat
789 2362 906 2393 quoque
933 2354 1008 2384 bona

303 2397 401 2427 omnia
433 2397 528 2427 eidem
560 2396 624 2427 data
655 2401 683 2426 et
707 2397 811 2428 danda.
836 2415 874 2421 —
904 2398 1009 2429 Milites

303 2445 406 2472 omnes
433 2442 484 2471 uni
511 2441 650 2480 magistro
678 2440 807 2471 subiicit.
837 2459 876 2465 --
902 2442 1009 2474 Uxores

304 2486 432 2517 habendi
453 2487 496 2517 eis
515 2486 564 2517 dat
585 2485 762 2516 facultatem.
784 2503 823 2508 —
844 2487 886 2517 Ab
908 2488 1010 2518 ordine

303 2539 370 2561 vero
401 2531 573 2562 discedendi
608 2531 740 2569 denegat.
771 2547 810 2553 —-
843 2530 1008 2571 Capitulum

305 2583 403 2614 gener.
422 2575 554 2616 quolibet
577 2585 653 2606 anno
675 2575 847 2614 cogendum.
869 2593 907 2598 —
930 2576 1011 2606 Prior

304 2618 477 2650 clericorum
509 2620 621 2650 ordinis
639 2628 759 2660 praeses
786 2619 922 2650 defuncto
945 2630 1008 2650 ma-

301 2675 341 2711 (l)
356 2676 394 2704 Ex
410 2677 510 2710 Baluz.,
528 2677 573 2705 lib.
589 2685 648 2710 xiii,
666 2677 748 2712 Epist.
770 2678 809 2703 tt.

344 2719 419 2751 Ball.
437 2721 512 2750 Ram.
536 2721 590 2750 vol.
608 2721 657 2751 III.
818 2722 850 2751 31

1679 282 1743 314 24t

1095 342 1193 379 gistro.
1211 359 1249 364 -—
1267 342 1345 378 Quae
1369 346 1531 383 poi-agenda
1554 347 1612 378 sint
1634 349 1800 387 magisterio

1094 392 1222 417 vacante.
1243 404 1283 410 —
1297 387 1375 424 Quae
1399 392 1546 421 tractanda
1566 393 1693 431 singulis
1715 395 1799 425 annis

1094 432 1122 461 in
1142 432 1269 470 capitulo
1285 434 1462 472 supradicto.
1479 452 1518 458 —
1538 435 1575 466 De
1593 438 1736 470 electione
1754 441 1799 470 vi-

1093 476 1256 506 sitatorum.
1285 494 1324 500 —
1344 478 1383 507 Dc
1413 489 1532 510 munere
1555 482 1741 515 clericorum.
1760 502 1801 510 -—

1093 519 1132 550 De
1157 520 1366 561 hospitalitate.
1391 541 1429 546 —
1451 525 1561 556 Statuta
1585 527 1650 557 alia.
1672 546 1711 552 —-
1733 529 1798 560 Pri-

1094 565 1195 603 vilegia
1220 568 1358 597 nonnulla
1389 570 1530 599 concedit.
1559 588 1595 593 -
1623 572 1798 605 Excommu-

1093 610 1200 640 nicatio
1223 612 1251 640 in
1276 621 1462 650 percussores
1482 615 1613 647 fratrum.
1636 635 1674 641 —
1691 618 1798 649 Decre-

1094 658 1152 684 tum
1173 655 1375 688 immunitatis.
1397 676 1435 681 —
1462 661 1583 691 Annuus
1607 672 1713 693 census
1731 663 1799 694 Sedi

1093 699 1276 738 Apostolicac
1309 702 1478 733 solvendus.
1511 721 1548 727 ——
1578 705 1685 737 Solitae
1713 709 1797 738 clau-

1092 744 1181 774 sulae.

1051 810 1220 839 innocentius
1240 812 1381 849 episcopus
1400 822 1495 845 servus
1514 824 1654 847 servorum
1669 819 1724 853 Dei.
1738 819 1800 849 Fer-

1096 862 1184 890 nando
1204 862 1356 895 eondtsatvt
1373 865 1508 900 magistro
1528 867 1643 897 militiae
1661 869 1738 898 Beati
1759 869 1799 898 Ia·

1096 910 1164 944 cohi,
1187 911 1298 948 eiusque
1317 912 1452 943 fratribus
1471 915 1579 946 clericis
1595 919 1623 947 et
1641 917 1729 953 laicis.
1744 920 1801 948 tam

1095 961 1286 996 praesentibus
1314 970 1394 1000 quam
1414 963 1518 995 futuris
1538 974 1702 997 communem
1714 967 1801 997 vitam

1095 1009 1244 1045 professis.
1265 1011 1293 1039 In
1315 1015 1487 1050 perpetuum.

1100 1080 1291 1117 Benedictus
1329 1083 1416 1120 Deus
1455 1088 1484 1121 in
1527 1088 1619 1123 donis
1657 1090 1736 1133 suis,
1770 1098 1801 1124 et

1051 1138 1181 1166 sanctus
1203 1133 1234 1165 in
1271 1135 1420 1170 omnibus
1456 1138 1605 1184 operibus
1637 1140 1716 1179 suis,
1745 1140 1798 1187 qui

1052 1178 1225 1215 Ecclesiam
1253 1194 1341 1217 suam
1365 1197 1441 1219 nova
1465 1199 1591 1235 semper
1614 1189 1700 1235 prole
1740 1188 1800 1223 foe-

1052 1230 1179 1270 cundat,
1202 1239 1232 1264 et
1254 1233 1298 1266 sic
1322 1245 1376 1279 pro
1400 1237 1542 1281 patribus
1572 1238 1652 1272 lilios
1692 1239 1722 1272 in
1765 1251 1799 1272 ea

1052 1278 1123 1313 facit
1144 1291 1328 1334 exsurgere,
1351 1284 1394 1317 sic
1417 1296 1432 1318 a
1460 1287 1663 1332 generatione
1687 1289 1715 1322 in
1743 1299 1801 1334 ge-

1052 1336 1246 1364 nerationem
1285 1332 1426 1367 notitiam
1468 1337 1606 1371 nominis
1654 1337 1729 1378 sui,
1770 1345 1800 1371 et

1052 1377 1154 1412 lucem
1182 1380 1255 1414 lidei
1278 1380 1467 1418 christianae
1486 1385 1645 1426 diffundit,
1670 1395 1703 1421 ut
1718 1387 1799 1421 sieut

1051 1436 1123 1463 ante
1150 1437 1254 1463 ortum
1277 1431 1352 1465 solis
1373 1432 1481 1468 stellae
1503 1447 1573 1469 sese
1591 1436 1627 1470 ad
1650 1447 1798 1471 occasum

1053 1478 1082 1511 in
1111 1478 1312 1515 firmamento
1338 1491 1528 1529 sequuntur,
1556 1485 1594 1519 ita
1633 1486 1663 1519 in
1695 1485 1799 1520 eccle-

1051 1528 1187 1562 siasticis
1208 1529 1359 1574 gradibus
1380 1534 1601 1578 generationes
1632 1535 1798 1576 iustorum,

1051 1585 1219 1624 antequam
1249 1580 1352 1614 veniat
1386 1581 1454 1616 dies
1495 1583 1624 1618 Domini
1663 1597 1798 1631 magnus

1051 1634 1082 1660 et
1110 1627 1282 1671 horribilis7
1317 1638 1347 1664 et
1389 1631 1533 1667 tenebras
1573 1642 1696 1668 nostras
1736 1635 1798 1669 veri

1052 1675 1127 1710 solis
1165 1677 1317 1724 splendor
1350 1680 1525 1720 illuminet,
1568 1695 1622 1729 per
1658 1692 1798 1731 tempora

1052 1725 1108 1759 ¹sihi
1136 1727 1317 1763 succedant.
1341 1729 1382 1764 Et
1403 1731 1483 1765 sicut
1505 1732 1595 1766 multi
1622 1745 1715 1780 saepe
1743 1745 1799 1780 pet·

1051 1775 1183 1810 caudam
1206 1777 1352 1813 draconis
1374 1779 1567 1816 deiiciuntur
1600 1783 1629 1816 in
1669 1790 1798 1826 terram,

1052 1825 1091 1859 ita
1126 1834 1156 1859 et
1194 1839 1251 1873 per
1283 1828 1482 1875 adoptionem
1517 1831 1660 1878 spiritus,
1692 1833 1797 1879 quoti-

1050 1874 1142 1909 diana
1176 1876 1228 1910 fiat
1262 1882 1415 1925 reparatio
1454 1880 1658 1927 perditorum,
1692 1891 1721 1917 et
1758 1882 1797 1917 de

1051 1924 1210 1971 profundo
1246 1927 1360 1962 inferni
1404 1929 1442 1964 ad
1485 1931 1666 1978 quaerenda
1704 1931 1794 1966 multi

1050 1974 1199 2010 coelestia
1221 1977 1395 2025 erigantur,
1418 1987 1448 2014 et
1474 1980 1514 2014 ita
1542 1993 1674 2028 corpore
1711 1989 1797 2016 tene-

1049 2032 1144 2058 antur
1164 2037 1194 2058 ιιι
1223 2034 1315 2071 terra,
1347 2036 1380 2061 ut
1413 2037 1559 2077 tanquam
1600 2031 1688 2065 cives
1721 2043 1797 2066 san-

1050 2081 1173 2108 ctorum
1196 2083 1226 2109 et
1252 2076 1416 2112 domestici
1445 2078 1504 2114 Dei
1544 2081 1731 2126 cognatione
1762 2093 1796 2114 ac

1050 2122 1211 2159 desiderio
1250 2136 1478 2162 conversentur
1515 2129 1545 2163 in
1585 2130 1691 2164 coelis.
1728 2129 1796 2163 Hoc

1050 2184 1124 2208 sane
1173 2175 1371 2222 temporibus
1417 2178 1518 2212 felicis
1568 2179 1795 2214 recordatiouis

1050 2222 1220 2259 Alexandri
1248 2225 1353 2272 Papae
1374 2228 1625 2272 praedecessoris
1648 2228 1743 2262 nostri
1763 2228 1794 2261 in

1050 2272 1191 2319 partibus
1219 2274 1443 2321 Hispaniarum
1471 2276 1510 2310 de
1538 2276 1644 2311 divino
1678 2276 1794 2311 factum

1050 2333 1182 2357 munere
1204 2326 1407 2369 gratulamur:
1445 2326 1497 2360 ubi
1525 2326 1646 2361 nobiles
1667 2327 1794 2373 quidam

1051 2371 1106 2405 viri
1129 2381 1331 2419 peccatorum
1359 2375 1491 2409 vinculis
1509 2375 1629 2419 irretiti,
1651 2387 1688 2410 ex
1706 2377 1796 2411 mise—

1052 2421 1169 2456 ratione
1197 2422 1284 2457 illius
1310 2423 1362 2470 qui
1391 2432 1477 2458 vocat
1495 2436 1529 2459 ea
1551 2437 1631 2472 quae
1643 2437 1705 2460 non
1721 2434 1796 2460 sunt

1052 2479 1198 2517 tanquam
1239 2484 1274 2506 ea
1302 2483 1384 2519 quae
1413 2481 1508 2513 sunt,
1538 2486 1673 2521 superna
1697 2476 1795 2521 gratia

1050 2529 1123 2554 sunt
1144 2519 1235 2555 afflati
1259 2530 1289 2555 et
1316 2524 1386 2556 tacti
1423 2535 1519 2569 super
1552 2524 1661 2559 multis
1694 2533 1796 2560 trans-

1051 2570 1267 2615 gressionibus
1300 2572 1365 2606 suis
1397 2571 1504 2607 dolore
1536 2573 1641 2608 cordis
1677 2575 1794 2609 intrin—

1051 2630 1156 2659 secus7
1184 2627 1214 2655 ei
1235 2622 1476 2668 praeteritorum
1514 2632 1645 2669 agentes
1680 2625 1795 2672 poeni-

1029 2667 1181 2715 lteutiam
1203 2679 1413 2716 peccatorum,
1437 2684 1498 2706 non
1530 2673 1631 2708 solum
1666 2686 1795 2721 posses-

1816 293 1865 318 Αιι.
1886 292 1914 319 C.
1929 294 1997 320 ¹210

1842 1099 1971 1120 Praemium.

1823 2177 1929 2200 lustttutio
1953 2181 1994 2200 ml·

1810 2208 1867 2230 litiae
1882 2209 1895 2229 B
1914 2208 1984 2231 lat-obt
