<?xml version="1.0" encoding="UTF-8"?>
<!DOCTYPE html PUBLIC "-//W3C//DTD XHTML 1.0 Transitional//EN"
    "http://www.w3.org/TR/xhtml1/DTD/xhtml1-transitional.dtd">
<html xmlns="http://www.w3.org/1999/xhtml" xml:lang="en" lang="en">
 <head>
  <title>
</title>
<meta http-equiv="Content-Type" content="text/html;charset=utf-8" />
  <meta name='ocr-system' content='tesseract 3.04.00' />
  <meta name='ocr-capabilities' content='ocr_page ocr_carea ocr_par ocr_line ocrx_word'/>
</head>
<body>
  <div class='ocr_page' id='page_1' title='image "./bullarumdiplomat03cath/bullarumdiplomat03cath_0669.png"; bbox 0 0 2129 3223; ppageno 0'>
   <div class='ocr_carea' id='block_1_1' title="bbox 41 272 224 302">
    <p class='ocr_par' dir='ltr' id='par_1_1' title="bbox 41 272 224 302">
     <span class='ocr_line' id='line_1_1' title="bbox 41 272 224 302; baseline -0.016 0"><span class='ocrx_word' id='word_1_1' title='bbox 41 273 96 302; x_wconf 72' lang='grc' dir='ltr'>ΑΒ.</span> <span class='ocrx_word' id='word_1_2' title='bbox 111 272 142 300; x_wconf 84' lang='lat' dir='ltr'>C.</span> <span class='ocrx_word' id='word_1_3' title='bbox 156 272 224 300; x_wconf 66' lang='lat'>¹2⁸⁸</span> 
     </span>
    </p>
   </div>
   <div class='ocr_carea' id='block_1_2' title="bbox 841 270 1155 298">
    <p class='ocr_par' dir='ltr' id='par_1_2' title="bbox 841 270 1155 298">
     <span class='ocr_line' id='line_1_2' title="bbox 841 270 1155 298; baseline -0.006 -4"><span class='ocrx_word' id='word_1_4' title='bbox 841 270 1031 298; x_wconf 70' lang='lat' dir='ltr'><strong>ALEXANDER</strong></span> <span class='ocrx_word' id='word_1_5' title='bbox 1053 270 1086 292; x_wconf 84' lang='lat' dir='ltr'>tv</span> <span class='ocrx_word' id='word_1_6' title='bbox 1108 270 1155 293; x_wconf 69' lang='lat'>1³1³.</span> 
     </span>
    </p>
   </div>
   <div class='ocr_carea' id='block_1_3' title="bbox 1647 259 1718 293">
    <p class='ocr_par' dir='ltr' id='par_1_3' title="bbox 1647 259 1718 293">
     <span class='ocr_line' id='line_1_3' title="bbox 1647 259 1718 293; baseline 0.014 -1"><span class='ocrx_word' id='word_1_7' title='bbox 1647 259 1718 293; x_wconf 80' lang='lat'>663</span> 
     </span>
    </p>
   </div>
   <div class='ocr_carea' id='block_1_4' title="bbox 236 325 1768 373">
    <p class='ocr_par' dir='ltr' id='par_1_4' title="bbox 236 325 1768 373">
     <span class='ocr_line' id='line_1_4' title="bbox 236 325 1768 373; baseline -0.003 -11"><span class='ocrx_word' id='word_1_8' title='bbox 236 339 318 362; x_wconf 86' lang='lat' dir='ltr'>mam</span> <span class='ocrx_word' id='word_1_9' title='bbox 341 335 370 362; x_wconf 92' lang='lat' dir='ltr'>et</span> <span class='ocrx_word' id='word_1_10' title='bbox 393 327 514 373; x_wconf 87' lang='lat' dir='ltr'>plenam</span> <span class='ocrx_word' id='word_1_11' title='bbox 543 325 652 365; x_wconf 63' lang='lat' dir='ltr'>huius,-</span> <span class='ocrx_word' id='word_1_12' title='bbox 664 325 705 360; x_wconf 85' lang='lat' dir='ltr'>rei</span> <span class='ocrx_word' id='word_1_13' title='bbox 743 325 976 366; x_wconf 76' lang='lat' dir='ltr'>certitudinem,</span> <span class='ocrx_word' id='word_1_14' title='bbox 1017 328 1168 356; x_wconf 77' lang='lat' dir='ltr'>Alexander</span> <span class='ocrx_word' id='word_1_15' title='bbox 1180 327 1320 363; x_wconf 80' lang='lat' dir='ltr'>episcopus</span> <span class='ocrx_word' id='word_1_16' title='bbox 1332 335 1426 357; x_wconf 79' lang='lat' dir='ltr'>servus</span> <span class='ocrx_word' id='word_1_17' title='bbox 1436 335 1576 358; x_wconf 82' lang='lat' dir='ltr'>servorum</span> <span class='ocrx_word' id='word_1_18' title='bbox 1585 328 1640 362; x_wconf 84' lang='lat' dir='ltr'>Dei.</span> <span class='ocrx_word' id='word_1_19' title='bbox 1658 329 1768 358; x_wconf 69' lang='lat' dir='ltr'>dilectis</span> 
     </span>
    </p>
   </div>
   <div class='ocr_carea' id='block_1_5' title="bbox 217 373 977 1399">
    <p class='ocr_par' dir='ltr' id='par_1_5' title="bbox 178 373 977 1105">
     <span class='ocr_line' id='line_1_5' title="bbox 234 373 977 421; baseline -0.004 -10"><span class='ocrx_word' id='word_1_20' title='bbox 234 388 270 411; x_wconf 88' lang='lat' dir='ltr'>ac</span> <span class='ocrx_word' id='word_1_21' title='bbox 295 376 333 411; x_wconf 88' lang='lat' dir='ltr'>ad</span> <span class='ocrx_word' id='word_1_22' title='bbox 352 375 509 411; x_wconf 81' lang='lat' dir='ltr'>efficacem</span> <span class='ocrx_word' id='word_1_23' title='bbox 531 373 708 409; x_wconf 89' lang='lat' dir='ltr'>cauthelam</span> <span class='ocrx_word' id='word_1_24' title='bbox 731 382 977 421; x_wconf 74' lang='lat' dir='ltr'><strong>perpetuamque</strong></span> 
     </span>
     <span class='ocr_line' id='line_1_6' title="bbox 234 423 974 471; baseline -0.003 -11"><span class='ocrx_word' id='word_1_25' title='bbox 234 425 416 460; x_wconf 80' lang='lat' dir='ltr'>memoriam</span> <span class='ocrx_word' id='word_1_26' title='bbox 434 432 612 471; x_wconf 68' lang='lat' dir='ltr'>praesentes</span> <span class='ocrx_word' id='word_1_27' title='bbox 639 423 876 464; x_wconf 78' lang='lat' dir='ltr'>testimoniales,</span> <span class='ocrx_word' id='word_1_28' title='bbox 891 423 974 470; x_wconf 91' lang='lat' dir='ltr'>quod</span> 
     </span>
     <span class='ocr_line' id='line_1_7' title="bbox 232 471 976 521; baseline -0.004 -12"><span class='ocrx_word' id='word_1_29' title='bbox 232 485 327 521; x_wconf 89' lang='lat' dir='ltr'>super</span> <span class='ocrx_word' id='word_1_30' title='bbox 363 474 418 508; x_wconf 87' lang='lat' dir='ltr'>has</span> <span class='ocrx_word' id='word_1_31' title='bbox 456 473 572 507; x_wconf 80' lang='lat' dir='ltr'>litteras</span> <span class='ocrx_word' id='word_1_32' title='bbox 600 471 702 507; x_wconf 88' lang='lat' dir='ltr'>eidem</span> <span class='ocrx_word' id='word_1_33' title='bbox 742 472 900 507; x_wconf 76' lang='lat' dir='ltr'>Ecclesiae</span> <span class='ocrx_word' id='word_1_34' title='bbox 937 472 976 507; x_wconf 92' lang='lat' dir='ltr'>de</span> 
     </span>
     <span class='ocr_line' id='line_1_8' title="bbox 231 520 975 569; baseline -0.003 -13"><span class='ocrx_word' id='word_1_35' title='bbox 231 521 399 569; x_wconf 86' lang='lat' dir='ltr'>apostolica</span> <span class='ocrx_word' id='word_1_36' title='bbox 423 521 614 568; x_wconf 85' lang='lat' dir='ltr'>providentia</span> <span class='ocrx_word' id='word_1_37' title='bbox 641 520 840 560; x_wconf 81' lang='lat' dir='ltr'>exhibemus,</span> <span class='ocrx_word' id='word_1_38' title='bbox 871 522 975 556; x_wconf 85' lang='lat' dir='ltr'>statui-</span> 
     </span>
     <span class='ocr_line' id='line_1_9' title="bbox 230 570 974 618; baseline -0.003 -12"><span class='ocrx_word' id='word_1_39' title='bbox 230 582 365 618; x_wconf 83' lang='lat' dir='ltr'>musque</span> <span class='ocrx_word' id='word_1_40' title='bbox 387 571 491 617; x_wconf 87' lang='lat' dir='ltr'>itaque</span> <span class='ocrx_word' id='word_1_41' title='bbox 518 570 701 605; x_wconf 91' lang='lat' dir='ltr'>auctoritate</span> <span class='ocrx_word' id='word_1_42' title='bbox 728 570 910 617; x_wconf 86' lang='lat' dir='ltr'>apostolica,</span> <span class='ocrx_word' id='word_1_43' title='bbox 942 577 974 604; x_wconf 90' lang='lat' dir='ltr'>ut</span> 
     </span>
     <span class='ocr_line' id='line_1_10' title="bbox 229 618 974 664; baseline -0.003 -10"><span class='ocrx_word' id='word_1_44' title='bbox 229 619 287 655; x_wconf 87' lang='lat' dir='ltr'>hae</span> <span class='ocrx_word' id='word_1_45' title='bbox 309 620 428 655; x_wconf 80' lang='lat' dir='ltr'>litterae</span> <span class='ocrx_word' id='word_1_46' title='bbox 452 620 525 660; x_wconf 92' lang='lat' dir='ltr'>vim,</span> <span class='ocrx_word' id='word_1_47' title='bbox 557 618 662 660; x_wconf 88' lang='lat' dir='ltr'>robur,</span> <span class='ocrx_word' id='word_1_48' title='bbox 697 631 733 653; x_wconf 88' lang='lat' dir='ltr'>ac</span> <span class='ocrx_word' id='word_1_49' title='bbox 765 619 902 664; x_wconf 81' lang='lat' dir='ltr'>vigorem</span> <span class='ocrx_word' id='word_1_50' title='bbox 943 626 974 653; x_wconf 90' lang='lat' dir='ltr'>et</span> 
     </span>
     <span class='ocr_line' id='line_1_11' title="bbox 228 667 974 715; baseline 0.001 -13"><span class='ocrx_word' id='word_1_51' title='bbox 228 669 362 704; x_wconf 89' lang='lat' dir='ltr'>valorem</span> <span class='ocrx_word' id='word_1_52' title='bbox 386 668 596 715; x_wconf 83' lang='lat' dir='ltr'>legitimarum</span> <span class='ocrx_word' id='word_1_53' title='bbox 620 677 651 703; x_wconf 92' lang='lat' dir='ltr'>et</span> <span class='ocrx_word' id='word_1_54' title='bbox 672 667 889 702; x_wconf 82' lang='lat' dir='ltr'>sufficientium</span> <span class='ocrx_word' id='word_1_55' title='bbox 906 680 974 714; x_wconf 89' lang='lat' dir='ltr'>pro-</span> 
     </span>
     <span class='ocr_line' id='line_1_12' title="bbox 227 716 970 764; baseline -0.003 -12"><span class='ocrx_word' id='word_1_56' title='bbox 227 716 388 752; x_wconf 86' lang='lat' dir='ltr'>bationum</span> <span class='ocrx_word' id='word_1_57' title='bbox 418 730 474 764; x_wconf 87' lang='lat' dir='ltr'>per</span> <span class='ocrx_word' id='word_1_58' title='bbox 499 718 602 752; x_wconf 88' lang='lat' dir='ltr'>omnia</span> <span class='ocrx_word' id='word_1_59' title='bbox 636 729 766 764; x_wconf 89' lang='lat' dir='ltr'>prorsus</span> <span class='ocrx_word' id='word_1_60' title='bbox 800 717 970 751; x_wconf 83' lang='lat' dir='ltr'>obtineant.</span> 
     </span>
     <span class='ocr_line' id='line_1_13' title="bbox 226 765 970 814; baseline -0.001 -14"><span class='ocrx_word' id='word_1_61' title='bbox 226 765 270 800; x_wconf 86' lang='lat' dir='ltr'>lta</span> <span class='ocrx_word' id='word_1_62' title='bbox 297 766 380 814; x_wconf 90' lang='lat' dir='ltr'>quod</span> <span class='ocrx_word' id='word_1_63' title='bbox 394 765 433 800; x_wconf 91' lang='lat' dir='ltr'>de</span> <span class='ocrx_word' id='word_1_64' title='bbox 449 767 571 810; x_wconf 73' lang='lat' dir='ltr'>haere,</span> <span class='ocrx_word' id='word_1_65' title='bbox 590 774 653 800; x_wconf 89' lang='lat' dir='ltr'>tam</span> <span class='ocrx_word' id='word_1_66' title='bbox 678 766 708 800; x_wconf 93' lang='lat' dir='ltr'>in</span> <span class='ocrx_word' id='word_1_67' title='bbox 732 765 861 805; x_wconf 87' lang='lat' dir='ltr'>iudicio,</span> <span class='ocrx_word' id='word_1_68' title='bbox 878 778 970 812; x_wconf 86' lang='lat' dir='ltr'>quam</span> 
     </span>
     <span class='ocr_line' id='line_1_14' title="bbox 224 814 971 859; baseline 0 -11"><span class='ocrx_word' id='word_1_69' title='bbox 224 823 312 850; x_wconf 79' lang='lat' dir='ltr'>extra</span> <span class='ocrx_word' id='word_1_70' title='bbox 340 815 504 859; x_wconf 73' lang='lat' dir='ltr'>iudicium,</span> <span class='ocrx_word' id='word_1_71' title='bbox 543 815 635 850; x_wconf 78' lang='lat' dir='ltr'>etiam</span> <span class='ocrx_word' id='word_1_72' title='bbox 665 814 691 849; x_wconf 88' lang='lat' dir='ltr'>si</span> <span class='ocrx_word' id='word_1_73' title='bbox 730 814 815 848; x_wconf 89' lang='lat' dir='ltr'>nulla</span> <span class='ocrx_word' id='word_1_74' title='bbox 855 815 971 849; x_wconf 88' lang='lat' dir='ltr'>instru-</span> 
     </span>
     <span class='ocr_line' id='line_1_15' title="bbox 224 863 971 909; baseline -0.001 -11"><span class='ocrx_word' id='word_1_75' title='bbox 224 872 327 898; x_wconf 84' lang='lat' dir='ltr'>menta</span> <span class='ocrx_word' id='word_1_76' title='bbox 350 875 404 899; x_wconf 89' lang='lat' dir='ltr'>seu</span> <span class='ocrx_word' id='word_1_77' title='bbox 427 863 615 898; x_wconf 89' lang='lat' dir='ltr'>documenta</span> <span class='ocrx_word' id='word_1_78' title='bbox 648 875 743 909; x_wconf 86' lang='lat' dir='ltr'>snper</span> <span class='ocrx_word' id='word_1_79' title='bbox 779 863 837 897; x_wconf 87' lang='lat' dir='ltr'>hoc</span> <span class='ocrx_word' id='word_1_80' title='bbox 878 875 971 909; x_wconf 88' lang='lat' dir='ltr'>appa-</span> 
     </span>
     <span class='ocr_line' id='line_1_16' title="bbox 222 911 970 953; baseline 0.001 -7"><span class='ocrx_word' id='word_1_81' title='bbox 222 913 354 953; x_wconf 83' lang='lat' dir='ltr'>ruerint,</span> <span class='ocrx_word' id='word_1_82' title='bbox 376 912 451 948; x_wconf 89' lang='lat' dir='ltr'>solis</span> <span class='ocrx_word' id='word_1_83' title='bbox 467 912 585 947; x_wconf 85' lang='lat' dir='ltr'>eisdem</span> <span class='ocrx_word' id='word_1_84' title='bbox 613 912 723 947; x_wconf 89' lang='lat' dir='ltr'>litteris</span> <span class='ocrx_word' id='word_1_85' title='bbox 749 911 879 947; x_wconf 86' lang='lat' dir='ltr'>firmiter</span> <span class='ocrx_word' id='word_1_86' title='bbox 895 915 970 947; x_wconf 84' lang='lat' dir='ltr'>abs-</span> 
     </span>
     <span class='ocr_line' id='line_1_17' title="bbox 221 960 969 1008; baseline -0.001 -12"><span class='ocrx_word' id='word_1_87' title='bbox 221 973 283 1007; x_wconf 89' lang='lat' dir='ltr'>que</span> <span class='ocrx_word' id='word_1_88' title='bbox 309 961 370 996; x_wconf 89' lang='lat' dir='ltr'>ulla</span> <span class='ocrx_word' id='word_1_89' title='bbox 397 961 594 996; x_wconf 86' lang='lat' dir='ltr'>dubitatione</span> <span class='ocrx_word' id='word_1_90' title='bbox 626 960 782 1001; x_wconf 87' lang='lat' dir='ltr'>credatur,</span> <span class='ocrx_word' id='word_1_91' title='bbox 821 962 969 1008; x_wconf 78' lang='lat' dir='ltr'>ipsaeque</span> 
     </span>
     <span class='ocr_line' id='line_1_18' title="bbox 219 1009 967 1046; baseline 0 -2"><span class='ocrx_word' id='word_1_92' title='bbox 219 1010 259 1044; x_wconf 90' lang='lat' dir='ltr'>de</span> <span class='ocrx_word' id='word_1_93' title='bbox 280 1009 340 1045; x_wconf 90' lang='lat' dir='ltr'>hoc</span> <span class='ocrx_word' id='word_1_94' title='bbox 361 1011 484 1046; x_wconf 90' lang='lat' dir='ltr'>cunctis</span> <span class='ocrx_word' id='word_1_95' title='bbox 510 1009 723 1045; x_wconf 85' lang='lat' dir='ltr'>omnimodam</span> <span class='ocrx_word' id='word_1_96' title='bbox 746 1010 967 1045; x_wconf 85' lang='lat' dir='ltr'>certitudinem</span> 
     </span>
     <span class='ocr_line' id='line_1_19' title="bbox 219 1057 843 1105; baseline 0.002 -12.938"><span class='ocrx_word' id='word_1_97' title='bbox 219 1057 369 1104; x_wconf 79' lang='lat' dir='ltr'>tribuant,</span> <span class='ocrx_word' id='word_1_98' title='bbox 392 1067 424 1094; x_wconf 87' lang='lat' dir='ltr'>et</span> <span class='ocrx_word' id='word_1_99' title='bbox 451 1059 566 1094; x_wconf 90' lang='lat' dir='ltr'>saciant</span> <span class='ocrx_word' id='word_1_100' title='bbox 592 1059 715 1105; x_wconf 88' lang='lat' dir='ltr'>plenam</span> <span class='ocrx_word' id='word_1_101' title='bbox 739 1058 843 1093; x_wconf 81' lang='lat' dir='ltr'>fidem.</span> 
     </span>
    </p>

    <p class='ocr_par' dir='ltr' id='par_1_6' title="bbox 217 1106 967 1240">
     <span class='ocr_line' id='line_1_20' title="bbox 266 1106 967 1154; baseline 0.003 -13"><span class='ocrx_word' id='word_1_102' title='bbox 266 1106 350 1142; x_wconf 88' lang='lat' dir='ltr'>Nulli</span> <span class='ocrx_word' id='word_1_103' title='bbox 372 1120 448 1154; x_wconf 81' lang='lat' dir='ltr'>ergo</span> <span class='ocrx_word' id='word_1_104' title='bbox 462 1109 592 1143; x_wconf 91' lang='lat' dir='ltr'>omnino</span> <span class='ocrx_word' id='word_1_105' title='bbox 610 1108 771 1142; x_wconf 88' lang='lat' dir='ltr'>hominum</span> <span class='ocrx_word' id='word_1_106' title='bbox 788 1107 967 1143; x_wconf 87' lang='lat' dir='ltr'>liceathanc</span> 
     </span>
     <span class='ocr_line' id='line_1_21' title="bbox 217 1156 967 1203; baseline 0.001 -13"><span class='ocrx_word' id='word_1_107' title='bbox 217 1163 342 1192; x_wconf 86' lang='lat' dir='ltr'>nostrae</span> <span class='ocrx_word' id='word_1_108' title='bbox 371 1157 588 1192; x_wconf 88' lang='lat' dir='ltr'>concessionis</span> <span class='ocrx_word' id='word_1_109' title='bbox 622 1156 766 1203; x_wconf 79' lang='lat' dir='ltr'>paginam</span> <span class='ocrx_word' id='word_1_110' title='bbox 795 1156 967 1203; x_wconf 82' lang='lat' dir='ltr'>infringere</span> 
     </span>
     <span class='ocr_line' id='line_1_22' title="bbox 217 1212 272 1240; baseline 0.036 -2"><span class='ocrx_word' id='word_1_111' title='bbox 217 1212 272 1240; x_wconf 75' lang='lat' dir='ltr'>etc.</span> 
     </span>
    </p>

    <p class='ocr_par' dir='ltr' id='par_1_7' title="bbox 217 1253 965 1350">
     <span class='ocr_line' id='line_1_23' title="bbox 266 1253 965 1301; baseline -0.001 -12"><span class='ocrx_word' id='word_1_112' title='bbox 266 1253 382 1289; x_wconf 89' lang='lat' dir='ltr'>Datum</span> <span class='ocrx_word' id='word_1_113' title='bbox 404 1254 535 1289; x_wconf 86' lang='lat' dir='ltr'>Viterbii</span> <span class='ocrx_word' id='word_1_114' title='bbox 558 1263 646 1289; x_wconf 90' lang='lat' dir='ltr'>sexto</span> <span class='ocrx_word' id='word_1_115' title='bbox 673 1253 743 1289; x_wconf 83' lang='lat' dir='ltr'>idus</span> <span class='ocrx_word' id='word_1_116' title='bbox 766 1254 965 1301; x_wconf 81' lang='lat' dir='ltr'>septembris,</span> 
     </span>
     <span class='ocr_line' id='line_1_24' title="bbox 217 1303 790 1350; baseline -0.002 -12"><span class='ocrx_word' id='word_1_117' title='bbox 217 1303 421 1349; x_wconf 82' lang='lat' dir='ltr'>pontificatus</span> <span class='ocrx_word' id='word_1_118' title='bbox 443 1304 540 1338; x_wconf 88' lang='lat' dir='ltr'>nostri</span> <span class='ocrx_word' id='word_1_119' title='bbox 568 1316 651 1338; x_wconf 88' lang='lat' dir='ltr'>anno</span> <span class='ocrx_word' id='word_1_120' title='bbox 669 1311 790 1350; x_wconf 88' lang='lat' dir='ltr'>quarto.</span> 
     </span>
    </p>

    <p class='ocr_par' dir='ltr' id='par_1_8' title="bbox 229 1358 948 1399">
     <span class='ocr_line' id='line_1_25' title="bbox 229 1358 948 1399; baseline -0.001 -10"><span class='ocrx_word' id='word_1_121' title='bbox 229 1358 291 1390; x_wconf 78' lang='lat' dir='ltr'>Dat.</span> <span class='ocrx_word' id='word_1_122' title='bbox 307 1360 354 1390; x_wconf 87' lang='lat' dir='ltr'>die</span> <span class='ocrx_word' id='word_1_123' title='bbox 370 1360 388 1389; x_wconf 92' lang='lat'>8</span> <span class='ocrx_word' id='word_1_124' title='bbox 403 1360 580 1399; x_wconf 83' lang='lat' dir='ltr'>septembris</span> <span class='ocrx_word' id='word_1_125' title='bbox 597 1360 683 1396; x_wconf 71' lang='lat'>1258,</span> <span class='ocrx_word' id='word_1_126' title='bbox 701 1359 801 1399; x_wconf 79' lang='lat' dir='ltr'>pontif.</span> <span class='ocrx_word' id='word_1_127' title='bbox 818 1368 894 1389; x_wconf 86' lang='lat' dir='ltr'>anno</span> <span class='ocrx_word' id='word_1_128' title='bbox 911 1368 948 1389; x_wconf 82' lang='lat' dir='ltr'>tv.</span> 
     </span>
    </p>
   </div>
   <div class='ocr_carea' id='block_1_6' title="bbox 515 1423 659 1432">
    <p class='ocr_par' dir='ltr' id='par_1_9' title="bbox 515 1423 659 1432">
     <span class='ocr_line' id='line_1_26' title="bbox 515 1423 659 1432; baseline 0 0"><span class='ocrx_word' id='word_1_129' title='bbox 515 1423 659 1432; x_wconf 95' lang='lat' dir='ltr'> </span> 
     </span>
    </p>
   </div>
   <div class='ocr_carea' id='block_1_7' title="bbox 534 1499 644 1533">
    <p class='ocr_par' dir='ltr' id='par_1_10' title="bbox 534 1499 644 1533">
     <span class='ocr_line' id='line_1_27' title="bbox 534 1499 644 1533; baseline 0 0"><span class='ocrx_word' id='word_1_130' title='bbox 534 1499 644 1533; x_wconf 84' lang='lat' dir='ltr'><strong>XLVI.</strong></span> 
     </span>
    </p>
   </div>
   <div class='ocr_carea' id='block_1_8' title="bbox 214 1571 964 1757">
    <p class='ocr_par' dir='ltr' id='par_1_11' title="bbox 214 1571 964 1757">
     <span class='ocr_line' id='line_1_28' title="bbox 214 1571 964 1616; baseline -0.003 -11"><span class='ocrx_word' id='word_1_131' title='bbox 214 1571 394 1605; x_wconf 80' lang='lat' dir='ltr'>Declaratio</span> <span class='ocrx_word' id='word_1_132' title='bbox 415 1572 620 1616; x_wconf 80' lang='lat' dir='ltr'>quorumdam</span> <span class='ocrx_word' id='word_1_133' title='bbox 642 1571 806 1604; x_wconf 77' lang='lat' dir='ltr'>dubiorum</span> <span class='ocrx_word' id='word_1_134' title='bbox 843 1581 964 1604; x_wconf 81' lang='lat' dir='ltr'>concer—</span> 
     </span>
     <span class='ocr_line' id='line_1_29' title="bbox 261 1620 964 1664; baseline -0.001 -12"><span class='ocrx_word' id='word_1_135' title='bbox 261 1620 397 1654; x_wconf 78' lang='lat' dir='ltr'>nentium</span> <span class='ocrx_word' id='word_1_136' title='bbox 414 1631 542 1654; x_wconf 86' lang='lat' dir='ltr'>causam</span> <span class='ocrx_word' id='word_1_137' title='bbox 557 1621 629 1664; x_wconf 79' lang='lat' dir='ltr'>fidei</span> <span class='ocrx_word' id='word_1_138' title='bbox 645 1621 821 1657; x_wconf 77' lang='lat' dir='ltr'>catholicae,</span> <span class='ocrx_word' id='word_1_139' title='bbox 844 1626 870 1652; x_wconf 80' lang='lat' dir='ltr'>et</span> <span class='ocrx_word' id='word_1_140' title='bbox 889 1631 964 1663; x_wconf 80' lang='lat' dir='ltr'>poe-</span> 
     </span>
     <span class='ocr_line' id='line_1_30' title="bbox 261 1669 963 1713; baseline -0.001 -11"><span class='ocrx_word' id='word_1_141' title='bbox 261 1680 319 1702; x_wconf 81' lang='lat' dir='ltr'>nas</span> <span class='ocrx_word' id='word_1_142' title='bbox 343 1669 573 1707; x_wconf 73' lang='lat' dir='ltr'>haereticorum,</span> <span class='ocrx_word' id='word_1_143' title='bbox 591 1679 752 1713; x_wconf 84' lang='lat' dir='ltr'>eorumque</span> <span class='ocrx_word' id='word_1_144' title='bbox 784 1669 963 1712; x_wconf 75' lang='lat' dir='ltr'>complicum</span> 
     </span>
     <span class='ocr_line' id='line_1_31' title="bbox 261 1718 482 1757; baseline 0.005 -7"><span class='ocrx_word' id='word_1_145' title='bbox 261 1724 289 1750; x_wconf 80' lang='lat' dir='ltr'>et</span> <span class='ocrx_word' id='word_1_146' title='bbox 314 1718 482 1757; x_wconf 81' lang='lat' dir='ltr'>fautorum.</span> 
     </span>
    </p>
   </div>
   <div class='ocr_carea' id='block_1_9' title="bbox 479 1784 694 1815">
    <p class='ocr_par' dir='ltr' id='par_1_12' title="bbox 479 1784 694 1815">
     <span class='ocr_line' id='line_1_32' title="bbox 479 1784 694 1815; baseline -0.005 0"><span class='ocrx_word' id='word_1_147' title='bbox 479 1784 694 1815; x_wconf 84' lang='lat' dir='ltr'>SUMMARIUM</span> 
     </span>
    </p>
   </div>
   <div class='ocr_carea' id='block_1_10' title="bbox 213 1844 964 2671">
    <p class='ocr_par' dir='ltr' id='par_1_13' title="bbox 213 1844 964 2671">
     <span class='ocr_line' id='line_1_33' title="bbox 213 1844 962 1884; baseline 0 -10"><span class='ocrx_word' id='word_1_148' title='bbox 213 1845 240 1874; x_wconf 78' lang='lat'>1.</span> <span class='ocrx_word' id='word_1_149' title='bbox 262 1845 407 1884; x_wconf 79' lang='lat' dir='ltr'>Relapsus</span> <span class='ocrx_word' id='word_1_150' title='bbox 426 1846 455 1875; x_wconf 90' lang='lat' dir='ltr'>in</span> <span class='ocrx_word' id='word_1_151' title='bbox 478 1845 625 1875; x_wconf 86' lang='lat' dir='ltr'>haeresim</span> <span class='ocrx_word' id='word_1_152' title='bbox 645 1846 712 1884; x_wconf 91' lang='lat' dir='ltr'>quis</span> <span class='ocrx_word' id='word_1_153' title='bbox 735 1844 858 1874; x_wconf 85' lang='lat' dir='ltr'>dicatur:</span> <span class='ocrx_word' id='word_1_154' title='bbox 880 1861 917 1866; x_wconf 89' lang='lat'>—</span> <span class='ocrx_word' id='word_1_155' title='bbox 935 1845 962 1874; x_wconf 74' lang='lat'>2.</span> 
     </span>
     <span class='ocr_line' id='line_1_34' title="bbox 250 1888 963 1928; baseline 0 -10"><span class='ocrx_word' id='word_1_156' title='bbox 250 1888 344 1919; x_wconf 81' lang='lat' dir='ltr'>Etiam</span> <span class='ocrx_word' id='word_1_157' title='bbox 363 1889 413 1928; x_wconf 92' lang='lat' dir='ltr'>qui</span> <span class='ocrx_word' id='word_1_158' title='bbox 432 1892 497 1927; x_wconf 85' lang='lat' dir='ltr'>post</span> <span class='ocrx_word' id='word_1_159' title='bbox 523 1888 737 1918; x_wconf 81' lang='lat' dir='ltr'>abiurationem</span> <span class='ocrx_word' id='word_1_160' title='bbox 767 1888 843 1918; x_wconf 81' lang='lat' dir='ltr'>favet</span> <span class='ocrx_word' id='word_1_161' title='bbox 860 1888 963 1918; x_wconf 89' lang='lat' dir='ltr'>haere-</span> 
     </span>
     <span class='ocr_line' id='line_1_35' title="bbox 253 1931 962 1971; baseline -0.001 -9"><span class='ocrx_word' id='word_1_162' title='bbox 253 1932 328 1963; x_wconf 86' lang='lat' dir='ltr'>ticis.</span> <span class='ocrx_word' id='word_1_163' title='bbox 342 1932 419 1962; x_wconf 89' lang='lat'>—3.</span> <span class='ocrx_word' id='word_1_164' title='bbox 435 1931 537 1962; x_wconf 85' lang='lat' dir='ltr'>Testes</span> <span class='ocrx_word' id='word_1_165' title='bbox 554 1932 664 1971; x_wconf 86' lang='lat' dir='ltr'>periuri</span> <span class='ocrx_word' id='word_1_166' title='bbox 680 1942 716 1961; x_wconf 84' lang='lat' dir='ltr'>an</span> <span class='ocrx_word' id='word_1_167' title='bbox 735 1932 765 1961; x_wconf 91' lang='lat' dir='ltr'>in</span> <span class='ocrx_word' id='word_1_168' title='bbox 782 1932 847 1962; x_wconf 81' lang='lat' dir='ltr'>fidei</span> <span class='ocrx_word' id='word_1_169' title='bbox 864 1932 962 1962; x_wconf 87' lang='lat' dir='ltr'>causis</span> 
     </span>
     <span class='ocr_line' id='line_1_36' title="bbox 252 1976 961 2015; baseline -0.001 -9"><span class='ocrx_word' id='word_1_170' title='bbox 252 1977 436 2007; x_wconf 82' lang='lat' dir='ltr'>admittendi.</span> <span class='ocrx_word' id='word_1_171' title='bbox 460 1993 497 1998; x_wconf 89' lang='lat'>——</span> <span class='ocrx_word' id='word_1_172' title='bbox 529 1977 556 2006; x_wconf 74' lang='lat'>4.</span> <span class='ocrx_word' id='word_1_173' title='bbox 586 1977 629 2006; x_wconf 85' lang='lat' dir='ltr'>An</span> <span class='ocrx_word' id='word_1_174' title='bbox 651 1976 877 2015; x_wconf 86' lang='lat' dir='ltr'>inquisitoribus</span> <span class='ocrx_word' id='word_1_175' title='bbox 914 1977 961 2005; x_wconf 85' lang='lat' dir='ltr'>in-</span> 
     </span>
     <span class='ocr_line' id='line_1_37' title="bbox 251 2019 963 2059; baseline 0 -10"><span class='ocrx_word' id='word_1_176' title='bbox 251 2020 430 2058; x_wconf 86' lang='lat' dir='ltr'>quirendum</span> <span class='ocrx_word' id='word_1_177' title='bbox 450 2021 487 2050; x_wconf 91' lang='lat' dir='ltr'>sit</span> <span class='ocrx_word' id='word_1_178' title='bbox 506 2021 540 2050; x_wconf 88' lang='lat' dir='ltr'>de</span> <span class='ocrx_word' id='word_1_179' title='bbox 564 2020 733 2059; x_wconf 84' lang='lat' dir='ltr'>sortilegiis.</span> <span class='ocrx_word' id='word_1_180' title='bbox 752 2037 790 2042; x_wconf 97' lang='lat'><strong>—</strong></span> <span class='ocrx_word' id='word_1_181' title='bbox 808 2020 835 2049; x_wconf 88' lang='lat'>5.</span> <span class='ocrx_word' id='word_1_182' title='bbox 858 2019 963 2049; x_wconf 88' lang='lat' dir='ltr'>Haere-</span> 
     </span>
     <span class='ocr_line' id='line_1_38' title="bbox 252 2063 961 2103; baseline -0.001 -10"><span class='ocrx_word' id='word_1_183' title='bbox 252 2064 304 2094; x_wconf 85' lang='lat' dir='ltr'>des</span> <span class='ocrx_word' id='word_1_184' title='bbox 322 2068 467 2101; x_wconf 83' lang='lat' dir='ltr'>coguntur</span> <span class='ocrx_word' id='word_1_185' title='bbox 477 2064 511 2094; x_wconf 87' lang='lat' dir='ltr'>ad</span> <span class='ocrx_word' id='word_1_186' title='bbox 519 2063 722 2103; x_wconf 83' lang='lat' dir='ltr'>complendam</span> <span class='ocrx_word' id='word_1_187' title='bbox 733 2063 961 2093; x_wconf 80' lang='lat' dir='ltr'>satisfactionem</span> 
     </span>
     <span class='ocr_line' id='line_1_39' title="bbox 251 2106 961 2145; baseline -0.003 -8"><span class='ocrx_word' id='word_1_188' title='bbox 251 2106 392 2137; x_wconf 76' lang='lat' dir='ltr'>defuncti.</span> <span class='ocrx_word' id='word_1_189' title='bbox 407 2124 446 2130; x_wconf 92' lang='lat'>—</span> <span class='ocrx_word' id='word_1_190' title='bbox 460 2108 487 2137; x_wconf 87' lang='grc'>6.</span> <span class='ocrx_word' id='word_1_191' title='bbox 506 2107 544 2137; x_wconf 89' lang='lat' dir='ltr'>De</span> <span class='ocrx_word' id='word_1_192' title='bbox 560 2116 716 2137; x_wconf 85' lang='lat' dir='ltr'>usurarum</span> <span class='ocrx_word' id='word_1_193' title='bbox 738 2106 961 2145; x_wconf 83' lang='lat' dir='ltr'>quaestionibus</span> 
     </span>
     <span class='ocr_line' id='line_1_40' title="bbox 251 2150 962 2195; baseline -0.003 -15"><span class='ocrx_word' id='word_1_194' title='bbox 251 2151 574 2195; x_wconf 44' lang='lat' dir='ltr'>nonvgzognoscendum</span> <span class='ocrx_word' id='word_1_195' title='bbox 594 2150 630 2180; x_wconf 85' lang='lat' dir='ltr'>ab</span> <span class='ocrx_word' id='word_1_196' title='bbox 659 2150 897 2188; x_wconf 84' lang='lat' dir='ltr'>inquisitoribus.</span> <span class='ocrx_word' id='word_1_197' title='bbox 924 2166 962 2171; x_wconf 94' lang='lat'>—</span> 
     </span>
     <span class='ocr_line' id='line_1_41' title="bbox 254 2192 961 2232; baseline -0.003 -8"><span class='ocrx_word' id='word_1_198' title='bbox 254 2193 280 2224; x_wconf 87' lang='lat'>7.</span> <span class='ocrx_word' id='word_1_199' title='bbox 305 2192 451 2224; x_wconf 85' lang='lat' dir='ltr'>Haeredes</span> <span class='ocrx_word' id='word_1_200' title='bbox 478 2203 535 2223; x_wconf 90' lang='lat' dir='ltr'>non</span> <span class='ocrx_word' id='word_1_201' title='bbox 563 2193 686 2231; x_wconf 87' lang='lat' dir='ltr'>cogendi</span> <span class='ocrx_word' id='word_1_202' title='bbox 708 2193 743 2223; x_wconf 84' lang='lat' dir='ltr'>ad</span> <span class='ocrx_word' id='word_1_203' title='bbox 769 2193 961 2232; x_wconf 84' lang='lat' dir='ltr'>poenitentias</span> 
     </span>
     <span class='ocr_line' id='line_1_42' title="bbox 243 2236 964 2278; baseline -0.003 -10"><span class='ocrx_word' id='word_1_204' title='bbox 243 2237 393 2278; x_wconf 27' lang='lat' dir='ltr'>rdssflmcm</span> <span class='ocrx_word' id='word_1_205' title='bbox 411 2247 468 2267; x_wconf 86' lang='lat' dir='ltr'>non</span> <span class='ocrx_word' id='word_1_206' title='bbox 489 2237 647 2267; x_wconf 87' lang='lat' dir='ltr'>iniunctas.</span> <span class='ocrx_word' id='word_1_207' title='bbox 665 2253 704 2259; x_wconf 98' lang='lat'><strong>—</strong></span> <span class='ocrx_word' id='word_1_208' title='bbox 722 2237 749 2265; x_wconf 89' lang='lat'>8.</span> <span class='ocrx_word' id='word_1_209' title='bbox 765 2236 902 2266; x_wconf 87' lang='lat' dir='ltr'>Facultas</span> <span class='ocrx_word' id='word_1_210' title='bbox 917 2237 964 2266; x_wconf 92' lang='lat' dir='ltr'>in—</span> 
     </span>
     <span class='ocr_line' id='line_1_43' title="bbox 252 2281 962 2322; baseline -0.004 -10"><span class='ocrx_word' id='word_1_211' title='bbox 252 2281 390 2322; x_wconf 76' lang='lat' dir='ltr'>qtiirentli</span> <span class='ocrx_word' id='word_1_212' title='bbox 418 2290 470 2320; x_wconf 87' lang='lat' dir='ltr'>per</span> <span class='ocrx_word' id='word_1_213' title='bbox 497 2291 528 2311; x_wconf 90' lang='lat' dir='ltr'>se</span> <span class='ocrx_word' id='word_1_214' title='bbox 551 2281 594 2310; x_wconf 83' lang='lat' dir='ltr'>vel</span> <span class='ocrx_word' id='word_1_215' title='bbox 625 2290 676 2319; x_wconf 86' lang='lat' dir='ltr'>per</span> <span class='ocrx_word' id='word_1_216' title='bbox 703 2281 792 2310; x_wconf 82' lang='lat' dir='ltr'>alium</span> <span class='ocrx_word' id='word_1_217' title='bbox 817 2281 962 2319; x_wconf 88' lang='lat' dir='ltr'>quomodo</span> 
     </span>
     <span class='ocr_line' id='line_1_44' title="bbox 252 2324 961 2364; baseline -0.004 -8"><span class='ocrx_word' id='word_1_218' title='bbox 252 2325 452 2364; x_wconf 81' lang='lat' dir='ltr'>intelligenda.</span> <span class='ocrx_word' id='word_1_219' title='bbox 474 2341 513 2347; x_wconf 94' lang='lat'>—</span> <span class='ocrx_word' id='word_1_220' title='bbox 532 2326 560 2355; x_wconf 82' lang='lat'>9.</span> <span class='ocrx_word' id='word_1_221' title='bbox 582 2324 713 2354; x_wconf 88' lang='lat' dir='ltr'>Clericus</span> <span class='ocrx_word' id='word_1_222' title='bbox 737 2330 873 2363; x_wconf 89' lang='lat' dir='ltr'>perpetuo</span> <span class='ocrx_word' id='word_1_223' title='bbox 903 2326 961 2354; x_wconf 90' lang='lat' dir='ltr'>im-</span> 
     </span>
     <span class='ocr_line' id='line_1_45' title="bbox 253 2367 962 2407; baseline -0.003 -8"><span class='ocrx_word' id='word_1_224' title='bbox 253 2369 417 2400; x_wconf 74' lang='lat' dir='ltr'>mutandus</span> <span class='ocrx_word' id='word_1_225' title='bbox 446 2369 634 2407; x_wconf 83' lang='lat' dir='ltr'>degradatur.</span> <span class='ocrx_word' id='word_1_226' title='bbox 658 2385 695 2389; x_wconf 95' lang='lat'>—</span> <span class='ocrx_word' id='word_1_227' title='bbox 718 2368 763 2398; x_wconf 78' lang='lat' dir='ltr'>to.</span> <span class='ocrx_word' id='word_1_228' title='bbox 782 2367 962 2398; x_wconf 82' lang='lat' dir='ltr'>instruentes</span> 
     </span>
     <span class='ocr_line' id='line_1_46' title="bbox 254 2411 963 2452; baseline -0.001 -10"><span class='ocrx_word' id='word_1_229' title='bbox 254 2413 358 2444; x_wconf 83' lang='lat' dir='ltr'>citatos</span> <span class='ocrx_word' id='word_1_230' title='bbox 381 2412 417 2442; x_wconf 87' lang='lat' dir='ltr'>ab</span> <span class='ocrx_word' id='word_1_231' title='bbox 438 2412 667 2452; x_wconf 86' lang='lat' dir='ltr'>inquisitoribus</span> <span class='ocrx_word' id='word_1_232' title='bbox 691 2412 725 2440; x_wconf 81' lang='lat' dir='ltr'>ad</span> <span class='ocrx_word' id='word_1_233' title='bbox 745 2411 895 2441; x_wconf 80' lang='lat' dir='ltr'>celandam</span> <span class='ocrx_word' id='word_1_234' title='bbox 915 2421 963 2441; x_wconf 92' lang='lat' dir='ltr'>ve-</span> 
     </span>
     <span class='ocr_line' id='line_1_47' title="bbox 253 2455 961 2496; baseline -0.004 -10"><span class='ocrx_word' id='word_1_235' title='bbox 253 2455 370 2487; x_wconf 83' lang='lat' dir='ltr'>ritatem</span> <span class='ocrx_word' id='word_1_236' title='bbox 393 2457 544 2496; x_wconf 86' lang='lat' dir='ltr'>puniendi.</span> <span class='ocrx_word' id='word_1_237' title='bbox 561 2472 599 2478; x_wconf 93' lang='lat'><em>-</em></span> <span class='ocrx_word' id='word_1_238' title='bbox 617 2456 663 2485; x_wconf 81' lang='grc'>11.</span> <span class='ocrx_word' id='word_1_239' title='bbox 687 2455 827 2493; x_wconf 77' lang='lat' dir='ltr'>Religiosi</span> <span class='ocrx_word' id='word_1_240' title='bbox 845 2455 961 2494; x_wconf 83' lang='lat' dir='ltr'>gravius</span> 
     </span>
     <span class='ocr_line' id='line_1_48' title="bbox 255 2498 962 2540; baseline -0.003 -10"><span class='ocrx_word' id='word_1_241' title='bbox 255 2500 457 2531; x_wconf 79' lang='lat' dir='ltr'>saecularibus</span> <span class='ocrx_word' id='word_1_242' title='bbox 487 2500 639 2540; x_wconf 88' lang='lat' dir='ltr'>puniendi.</span> <span class='ocrx_word' id='word_1_243' title='bbox 666 2515 704 2521; x_wconf 87' lang='lat'><em>-</em></span> <span class='ocrx_word' id='word_1_244' title='bbox 726 2498 772 2528; x_wconf 72' lang='lat'>12.</span> <span class='ocrx_word' id='word_1_245' title='bbox 800 2498 962 2529; x_wconf 83' lang='lat' dir='ltr'>Declaratio</span> 
     </span>
     <span class='ocr_line' id='line_1_49' title="bbox 254 2539 963 2584; baseline -0.003 -10"><span class='ocrx_word' id='word_1_246' title='bbox 254 2539 332 2574; x_wconf 76' lang='lat' dir='ltr'>circa</span> <span class='ocrx_word' id='word_1_247' title='bbox 347 2553 457 2584; x_wconf 86' lang='lat' dir='ltr'>poenas</span> <span class='ocrx_word' id='word_1_248' title='bbox 474 2544 620 2574; x_wconf 78' lang='lat' dir='ltr'>fautorum</span> <span class='ocrx_word' id='word_1_249' title='bbox 641 2543 854 2572; x_wconf 82' lang='lat' dir='ltr'>haereticorum</span> <span class='ocrx_word' id='word_1_250' title='bbox 871 2547 898 2572; x_wconf 91' lang='lat' dir='ltr'>et</span> <span class='ocrx_word' id='word_1_251' title='bbox 913 2552 963 2572; x_wconf 89' lang='lat' dir='ltr'>eo-</span> 
     </span>
     <span class='ocr_line' id='line_1_50' title="bbox 253 2586 963 2625; baseline -0.004 -7"><span class='ocrx_word' id='word_1_252' title='bbox 253 2588 388 2620; x_wconf 84' lang='lat' dir='ltr'>rumdem</span> <span class='ocrx_word' id='word_1_253' title='bbox 411 2589 550 2619; x_wconf 90' lang='lat' dir='ltr'>filiorum.</span> <span class='ocrx_word' id='word_1_254' title='bbox 565 2604 604 2610; x_wconf 89' lang='lat'><strong>—</strong></span> <span class='ocrx_word' id='word_1_255' title='bbox 619 2587 664 2617; x_wconf 84' lang='lat'>13.</span> <span class='ocrx_word' id='word_1_256' title='bbox 688 2586 762 2616; x_wconf 88' lang='lat' dir='ltr'>Haec</span> <span class='ocrx_word' id='word_1_257' title='bbox 781 2586 877 2616; x_wconf 73' lang='lat' dir='ltr'>omnia</span> <span class='ocrx_word' id='word_1_258' title='bbox 895 2595 963 2625; x_wconf 90' lang='lat' dir='ltr'>pru-</span> 
     </span>
     <span class='ocr_line' id='line_1_51' title="bbox 255 2632 572 2671; baseline -0.009 -8"><span class='ocrx_word' id='word_1_259' title='bbox 255 2632 359 2663; x_wconf 81' lang='lat' dir='ltr'>denter</span> <span class='ocrx_word' id='word_1_260' title='bbox 375 2632 572 2671; x_wconf 86' lang='lat' dir='ltr'>adimplenda.</span> 
     </span>
    </p>
   </div>
   <div class='ocr_carea' id='block_1_11' title="bbox 1060 371 1767 540">
    <p class='ocr_par' dir='ltr' id='par_1_14' title="bbox 1060 371 1767 540">
     <span class='ocr_line' id='line_1_52' title="bbox 1061 371 1767 409; baseline 0.003 -9"><span class='ocrx_word' id='word_1_261' title='bbox 1061 372 1127 400; x_wconf 76' lang='lat' dir='ltr'>tuiis</span> <span class='ocrx_word' id='word_1_262' title='bbox 1140 371 1277 400; x_wconf 74' lang='lat' dir='ltr'>frati-thus</span> <span class='ocrx_word' id='word_1_263' title='bbox 1293 373 1394 401; x_wconf 85' lang='lat' dir='ltr'>ordinis</span> <span class='ocrx_word' id='word_1_264' title='bbox 1405 373 1545 406; x_wconf 80' lang='lat' dir='ltr'>Minoi-um.</span> <span class='ocrx_word' id='word_1_265' title='bbox 1559 373 1767 409; x_wconf 80' lang='lat' dir='ltr'>inquisitoribus</span> 
     </span>
     <span class='ocr_line' id='line_1_53' title="bbox 1060 417 1766 452; baseline 0.004 -8"><span class='ocrx_word' id='word_1_266' title='bbox 1060 417 1214 445; x_wconf 79' lang='lat' dir='ltr'>haereticae</span> <span class='ocrx_word' id='word_1_267' title='bbox 1226 417 1376 452; x_wconf 76' lang='lat' dir='ltr'>pravitatis</span> <span class='ocrx_word' id='word_1_268' title='bbox 1388 418 1415 446; x_wconf 88' lang='lat' dir='ltr'>in</span> <span class='ocrx_word' id='word_1_269' title='bbox 1425 418 1666 447; x_wconf 80' lang='lat' dir='ltr'>administratione</span> <span class='ocrx_word' id='word_1_270' title='bbox 1675 418 1766 448; x_wconf 75' lang='lat' dir='ltr'>sancti</span> 
     </span>
     <span class='ocr_line' id='line_1_54' title="bbox 1060 461 1765 496; baseline 0.004 -8"><span class='ocrx_word' id='word_1_271' title='bbox 1060 461 1204 494; x_wconf 64' lang='lat' dir='ltr'>nancisci,</span> <span class='ocrx_word' id='word_1_272' title='bbox 1234 462 1423 496; x_wconf 81' lang='lat' dir='ltr'>praesentibus</span> <span class='ocrx_word' id='word_1_273' title='bbox 1441 468 1472 490; x_wconf 82' lang='lat' dir='ltr'>ec</span> <span class='ocrx_word' id='word_1_274' title='bbox 1495 461 1611 496; x_wconf 78' lang='lat' dir='ltr'>futuris,</span> <span class='ocrx_word' id='word_1_275' title='bbox 1645 462 1765 491; x_wconf 81' lang='lat' dir='ltr'>salutem</span> 
     </span>
     <span class='ocr_line' id='line_1_55' title="bbox 1060 505 1522 540; baseline 0.002 -7"><span class='ocrx_word' id='word_1_276' title='bbox 1060 506 1090 534; x_wconf 87' lang='lat' dir='ltr'>et</span> <span class='ocrx_word' id='word_1_277' title='bbox 1108 505 1286 540; x_wconf 79' lang='lat' dir='ltr'>apostoticam</span> <span class='ocrx_word' id='word_1_278' title='bbox 1302 506 1522 534; x_wconf 79' lang='lat' dir='ltr'>benedictionem.</span> 
     </span>
    </p>
   </div>
   <div class='ocr_carea' id='block_1_12' title="bbox 1003 571 1763 2666">
    <p class='ocr_par' dir='ltr' id='par_1_15' title="bbox 1013 571 1763 801">
     <span class='ocr_line' id='line_1_56' title="bbox 1065 571 1762 618; baseline 0.003 -13"><span class='ocrx_word' id='word_1_279' title='bbox 1065 571 1157 613; x_wconf 89' lang='lat' dir='ltr'>Quod</span> <span class='ocrx_word' id='word_1_280' title='bbox 1202 583 1296 618; x_wconf 88' lang='lat' dir='ltr'>super</span> <span class='ocrx_word' id='word_1_281' title='bbox 1340 571 1498 606; x_wconf 89' lang='lat' dir='ltr'>nonnullis</span> <span class='ocrx_word' id='word_1_282' title='bbox 1540 572 1762 618; x_wconf 88' lang='lat' dir='ltr'>quaestionum</span> 
     </span>
     <span class='ocr_line' id='line_1_57' title="bbox 1015 620 1762 667; baseline 0.003 -13"><span class='ocrx_word' id='word_1_283' title='bbox 1015 620 1165 660; x_wconf 83' lang='lat' dir='ltr'>articulis,</span> <span class='ocrx_word' id='word_1_284' title='bbox 1189 621 1218 654; x_wconf 92' lang='lat' dir='ltr'>in</span> <span class='ocrx_word' id='word_1_285' title='bbox 1241 620 1360 666; x_wconf 89' lang='lat' dir='ltr'>quibus</span> <span class='ocrx_word' id='word_1_286' title='bbox 1382 632 1472 655; x_wconf 87' lang='lat' dir='ltr'>causa</span> <span class='ocrx_word' id='word_1_287' title='bbox 1508 620 1578 656; x_wconf 83' lang='lat' dir='ltr'>fidei</span> <span class='ocrx_word' id='word_1_288' title='bbox 1615 621 1762 667; x_wconf 81' lang='lat' dir='ltr'>tangitur,</span> 
     </span>
     <span class='ocr_line' id='line_1_58' title="bbox 1016 669 1763 709; baseline 0.003 -7"><span class='ocrx_word' id='word_1_289' title='bbox 1016 681 1072 704; x_wconf 88' lang='lat' dir='ltr'>nos</span> <span class='ocrx_word' id='word_1_290' title='bbox 1106 669 1269 704; x_wconf 86' lang='lat' dir='ltr'>consulere</span> <span class='ocrx_word' id='word_1_291' title='bbox 1293 669 1444 709; x_wconf 89' lang='lat' dir='ltr'>voluistis,</span> <span class='ocrx_word' id='word_1_292' title='bbox 1471 669 1695 705; x_wconf 82' lang='lat' dir='ltr'>sollicitudinis</span> <span class='ocrx_word' id='word_1_293' title='bbox 1713 683 1763 704; x_wconf 91' lang='lat' dir='ltr'>ve-</span> 
     </span>
     <span class='ocr_line' id='line_1_59' title="bbox 1013 718 1761 765; baseline 0.001 -13"><span class='ocrx_word' id='word_1_294' title='bbox 1013 726 1094 752; x_wconf 88' lang='lat' dir='ltr'>strae</span> <span class='ocrx_word' id='word_1_295' title='bbox 1127 718 1324 765; x_wconf 83' lang='lat' dir='ltr'>prudentiam</span> <span class='ocrx_word' id='word_1_296' title='bbox 1358 718 1389 752; x_wconf 92' lang='lat' dir='ltr'>in</span> <span class='ocrx_word' id='word_1_297' title='bbox 1424 718 1562 753; x_wconf 92' lang='lat' dir='ltr'>Domino</span> <span class='ocrx_word' id='word_1_298' title='bbox 1597 731 1761 754; x_wconf 88' lang='lat' dir='ltr'>commen-</span> 
     </span>
     <span class='ocr_line' id='line_1_60' title="bbox 1013 766 1133 801; baseline 0.017 -2"><span class='ocrx_word' id='word_1_299' title='bbox 1013 766 1133 801; x_wconf 86' lang='lat' dir='ltr'>damus.</span> 
     </span>
    </p>

    <p class='ocr_par' dir='ltr' id='par_1_16' title="bbox 1004 815 1760 1837">
     <span class='ocr_line' id='line_1_61' title="bbox 1060 815 1760 862; baseline 0.003 -13"><span class='ocrx_word' id='word_1_300' title='bbox 1060 816 1134 862; x_wconf 64' lang='lat' dir='ltr'>Sl.</span> <span class='ocrx_word' id='word_1_301' title='bbox 1160 815 1286 850; x_wconf 87' lang='lat' dir='ltr'>Primus</span> <span class='ocrx_word' id='word_1_302' title='bbox 1319 815 1414 861; x_wconf 84' lang='lat' dir='ltr'>igitur</span> <span class='ocrx_word' id='word_1_303' title='bbox 1446 822 1566 850; x_wconf 85' lang='lat' dir='ltr'>vestrae</span> <span class='ocrx_word' id='word_1_304' title='bbox 1599 816 1760 852; x_wconf 85' lang='lat' dir='ltr'>consulta-</span> 
     </span>
     <span class='ocr_line' id='line_1_62' title="bbox 1013 864 1756 905; baseline 0.004 -8"><span class='ocrx_word' id='word_1_305' title='bbox 1013 864 1105 898; x_wconf 89' lang='lat' dir='ltr'>tionis</span> <span class='ocrx_word' id='word_1_306' title='bbox 1140 864 1291 899; x_wconf 88' lang='lat' dir='ltr'>articulus</span> <span class='ocrx_word' id='word_1_307' title='bbox 1326 864 1516 905; x_wconf 91' lang='lat' dir='ltr'>continebat,</span> <span class='ocrx_word' id='word_1_308' title='bbox 1553 871 1658 899; x_wconf 90' lang='lat' dir='ltr'>utrum</span> <span class='ocrx_word' id='word_1_309' title='bbox 1697 865 1756 900; x_wconf 93' lang='lat' dir='ltr'>dici</span> 
     </span>
     <span class='ocr_line' id='line_1_63' title="bbox 1011 912 1758 960; baseline 0.003 -13"><span class='ocrx_word' id='word_1_310' title='bbox 1011 912 1122 947; x_wconf 87' lang='lat' dir='ltr'>debeat</span> <span class='ocrx_word' id='word_1_311' title='bbox 1154 913 1294 960; x_wconf 84' lang='lat' dir='ltr'>relapsus</span> <span class='ocrx_word' id='word_1_312' title='bbox 1320 913 1351 948; x_wconf 91' lang='lat' dir='ltr'>in</span> <span class='ocrx_word' id='word_1_313' title='bbox 1378 913 1531 948; x_wconf 90' lang='lat' dir='ltr'>haeresim</span> <span class='ocrx_word' id='word_1_314' title='bbox 1566 914 1619 960; x_wconf 89' lang='lat' dir='ltr'>qui</span> <span class='ocrx_word' id='word_1_315' title='bbox 1653 914 1758 960; x_wconf 88' lang='lat' dir='ltr'>lapsus</span> 
     </span>
     <span class='ocr_line' id='line_1_64' title="bbox 1010 962 1756 1009; baseline 0.001 -13"><span class='ocrx_word' id='word_1_316' title='bbox 1010 962 1105 996; x_wconf 90' lang='lat' dir='ltr'>estin</span> <span class='ocrx_word' id='word_1_317' title='bbox 1128 974 1195 997; x_wconf 90' lang='lat' dir='ltr'>eam</span> <span class='ocrx_word' id='word_1_318' title='bbox 1226 971 1294 1008; x_wconf 89' lang='lat' dir='ltr'>post</span> <span class='ocrx_word' id='word_1_319' title='bbox 1315 962 1541 997; x_wconf 86' lang='lat' dir='ltr'>abiurationem</span> <span class='ocrx_word' id='word_1_320' title='bbox 1564 962 1686 1009; x_wconf 83' lang='lat' dir='ltr'>ipsius,</span> <span class='ocrx_word' id='word_1_321' title='bbox 1726 963 1756 997; x_wconf 92' lang='lat' dir='ltr'>in</span> 
     </span>
     <span class='ocr_line' id='line_1_65' title="bbox 1010 1019 1756 1057; baseline 0 -12"><span class='ocrx_word' id='word_1_322' title='bbox 1010 1023 1068 1057; x_wconf 88' lang='lat' dir='ltr'>qua</span> <span class='ocrx_word' id='word_1_323' title='bbox 1096 1023 1159 1045; x_wconf 93' lang='lat' dir='ltr'>non</span> <span class='ocrx_word' id='word_1_324' title='bbox 1183 1020 1341 1046; x_wconf 79' lang='lat' dir='ltr'>invenitur</span> <span class='ocrx_word' id='word_1_325' title='bbox 1353 1019 1441 1045; x_wconf 86' lang='lat' dir='ltr'>antea</span> <span class='ocrx_word' id='word_1_326' title='bbox 1455 1022 1664 1052; x_wconf 74' lang='lat' dir='ltr'>commisisse3</span> <span class='ocrx_word' id='word_1_327' title='bbox 1683 1023 1756 1046; x_wconf 93' lang='lat' dir='ltr'>cum</span> 
     </span>
     <span class='ocr_line' id='line_1_66' title="bbox 1009 1059 1756 1106; baseline 0.001 -13"><span class='ocrx_word' id='word_1_328' title='bbox 1009 1060 1183 1094; x_wconf 89' lang='lat' dir='ltr'>secundum</span> <span class='ocrx_word' id='word_1_329' title='bbox 1219 1060 1441 1106; x_wconf 82' lang='lat' dir='ltr'>proprietatem</span> <span class='ocrx_word' id='word_1_330' title='bbox 1483 1059 1648 1094; x_wconf 89' lang='lat' dir='ltr'>verborum</span> <span class='ocrx_word' id='word_1_331' title='bbox 1693 1072 1756 1095; x_wconf 92' lang='lat' dir='ltr'>non</span> 
     </span>
     <span class='ocr_line' id='line_1_67' title="bbox 1010 1108 1757 1155; baseline 0.003 -14"><span class='ocrx_word' id='word_1_332' title='bbox 1010 1108 1149 1143; x_wconf 75' lang='lat' dir='ltr'>videatur</span> <span class='ocrx_word' id='word_1_333' title='bbox 1171 1108 1324 1155; x_wconf 84' lang='lat' dir='ltr'>relapsus,</span> <span class='ocrx_word' id='word_1_334' title='bbox 1358 1109 1412 1154; x_wconf 88' lang='lat' dir='ltr'>qui</span> <span class='ocrx_word' id='word_1_335' title='bbox 1449 1120 1512 1143; x_wconf 89' lang='lat' dir='ltr'>non</span> <span class='ocrx_word' id='word_1_336' title='bbox 1553 1108 1653 1143; x_wconf 81' lang='lat' dir='ltr'>fuerat</span> <span class='ocrx_word' id='word_1_337' title='bbox 1686 1117 1757 1143; x_wconf 88' lang='lat' dir='ltr'>ante</span> 
     </span>
     <span class='ocr_line' id='line_1_68' title="bbox 1009 1156 1754 1204; baseline 0.003 -14"><span class='ocrx_word' id='word_1_338' title='bbox 1009 1156 1124 1203; x_wconf 87' lang='lat' dir='ltr'>lapsus.</span> <span class='ocrx_word' id='word_1_339' title='bbox 1142 1157 1190 1191; x_wconf 85' lang='lat' dir='ltr'>Ad</span> <span class='ocrx_word' id='word_1_340' title='bbox 1210 1157 1292 1204; x_wconf 89' lang='lat' dir='ltr'>quod</span> <span class='ocrx_word' id='word_1_341' title='bbox 1305 1157 1404 1192; x_wconf 89' lang='lat' dir='ltr'>taliter</span> <span class='ocrx_word' id='word_1_342' title='bbox 1417 1157 1656 1204; x_wconf 77' lang='lat' dir='ltr'>respondemuS,</span> <span class='ocrx_word' id='word_1_343' title='bbox 1670 1157 1754 1204; x_wconf 92' lang='lat' dir='ltr'>quod</span> 
     </span>
     <span class='ocr_line' id='line_1_69' title="bbox 1009 1206 1756 1253; baseline 0.003 -14"><span class='ocrx_word' id='word_1_344' title='bbox 1009 1206 1088 1246; x_wconf 82' lang='lat' dir='ltr'>talis,</span> <span class='ocrx_word' id='word_1_345' title='bbox 1115 1206 1139 1240; x_wconf 94' lang='lat' dir='ltr'>si</span> <span class='ocrx_word' id='word_1_346' title='bbox 1164 1214 1320 1252; x_wconf 87' lang='lat' dir='ltr'>tamquam</span> <span class='ocrx_word' id='word_1_347' title='bbox 1353 1215 1521 1241; x_wconf 88' lang='lat' dir='ltr'>accusatus</span> <span class='ocrx_word' id='word_1_348' title='bbox 1558 1206 1605 1240; x_wconf 84' lang='lat' dir='ltr'>vel</span> <span class='ocrx_word' id='word_1_349' title='bbox 1644 1218 1756 1253; x_wconf 86' lang='lat' dir='ltr'>suspe-</span> 
     </span>
     <span class='ocr_line' id='line_1_70' title="bbox 1007 1255 1754 1299; baseline 0.001 -11"><span class='ocrx_word' id='word_1_350' title='bbox 1007 1264 1077 1289; x_wconf 89' lang='lat' dir='ltr'>ctus</span> <span class='ocrx_word' id='word_1_351' title='bbox 1094 1255 1133 1289; x_wconf 90' lang='lat' dir='ltr'>de</span> <span class='ocrx_word' id='word_1_352' title='bbox 1148 1255 1281 1298; x_wconf 79' lang='lat' dir='ltr'>haeresi,</span> <span class='ocrx_word' id='word_1_353' title='bbox 1303 1267 1371 1289; x_wconf 87' lang='lat' dir='ltr'>eam</span> <span class='ocrx_word' id='word_1_354' title='bbox 1394 1255 1424 1288; x_wconf 91' lang='lat' dir='ltr'>in</span> <span class='ocrx_word' id='word_1_355' title='bbox 1449 1255 1563 1289; x_wconf 90' lang='lat' dir='ltr'>iudicio</span> <span class='ocrx_word' id='word_1_356' title='bbox 1584 1255 1754 1299; x_wconf 88' lang='lat' dir='ltr'>abiuravit,</span> 
     </span>
     <span class='ocr_line' id='line_1_71' title="bbox 1007 1303 1755 1349; baseline 0.001 -12"><span class='ocrx_word' id='word_1_357' title='bbox 1007 1311 1036 1337; x_wconf 88' lang='lat' dir='ltr'>ct</span> <span class='ocrx_word' id='word_1_358' title='bbox 1059 1311 1166 1349; x_wconf 87' lang='lat' dir='ltr'>postea</span> <span class='ocrx_word' id='word_1_359' title='bbox 1182 1303 1354 1338; x_wconf 88' lang='lat' dir='ltr'>committat</span> <span class='ocrx_word' id='word_1_360' title='bbox 1373 1304 1403 1337; x_wconf 90' lang='lat' dir='ltr'>in</span> <span class='ocrx_word' id='word_1_361' title='bbox 1423 1304 1500 1349; x_wconf 85' lang='lat' dir='ltr'>ipsa,</span> <span class='ocrx_word' id='word_1_362' title='bbox 1519 1305 1641 1338; x_wconf 90' lang='lat' dir='ltr'>censeri</span> <span class='ocrx_word' id='word_1_363' title='bbox 1662 1303 1755 1338; x_wconf 85' lang='lat' dir='ltr'>debet</span> 
     </span>
     <span class='ocr_line' id='line_1_72' title="bbox 1007 1352 1754 1398; baseline 0.001 -13"><span class='ocrx_word' id='word_1_364' title='bbox 1007 1352 1141 1398; x_wconf 87' lang='lat' dir='ltr'>quadam</span> <span class='ocrx_word' id='word_1_365' title='bbox 1167 1352 1244 1387; x_wconf 87' lang='lat' dir='ltr'>iuris</span> <span class='ocrx_word' id='word_1_366' title='bbox 1266 1352 1391 1387; x_wconf 84' lang='lat' dir='ltr'>fictione</span> <span class='ocrx_word' id='word_1_367' title='bbox 1419 1353 1572 1398; x_wconf 88' lang='lat' dir='ltr'>relapsus,</span> <span class='ocrx_word' id='word_1_368' title='bbox 1595 1353 1754 1387; x_wconf 86' lang='lat' dir='ltr'>licetante</span> 
     </span>
     <span class='ocr_line' id='line_1_73' title="bbox 1006 1401 1753 1447; baseline 0.003 -14"><span class='ocrx_word' id='word_1_369' title='bbox 1006 1401 1342 1436; x_wconf 83' lang='lat' dir='ltr'>abiurationem‘suam</span> <span class='ocrx_word' id='word_1_370' title='bbox 1367 1401 1457 1446; x_wconf 89' lang='lat' dir='ltr'>plene</span> <span class='ocrx_word' id='word_1_371' title='bbox 1485 1401 1652 1447; x_wconf 88' lang='lat' dir='ltr'>probatum</span> <span class='ocrx_word' id='word_1_372' title='bbox 1691 1413 1753 1435; x_wconf 92' lang='lat' dir='ltr'>non</span> 
     </span>
     <span class='ocr_line' id='line_1_74' title="bbox 1008 1448 1753 1496; baseline 0.001 -14"><span class='ocrx_word' id='word_1_373' title='bbox 1008 1448 1099 1483; x_wconf 83' lang='lat' dir='ltr'>luerit</span> <span class='ocrx_word' id='word_1_374' title='bbox 1139 1450 1257 1484; x_wconf 88' lang='lat' dir='ltr'>crimen</span> <span class='ocrx_word' id='word_1_375' title='bbox 1293 1449 1430 1484; x_wconf 83' lang='lat' dir='ltr'>haeresis</span> <span class='ocrx_word' id='word_1_376' title='bbox 1470 1457 1578 1484; x_wconf 88' lang='lat' dir='ltr'>contra</span> <span class='ocrx_word' id='word_1_377' title='bbox 1626 1449 1728 1496; x_wconf 88' lang='lat' dir='ltr'>ipsum</span> <span class='ocrx_word' id='word_1_378' title='bbox 1744 1478 1753 1488; x_wconf 92' lang='grc'><em>,</em></span> 
     </span>
     <span class='ocr_line' id='line_1_75' title="bbox 1006 1497 1754 1545; baseline 0.003 -15"><span class='ocrx_word' id='word_1_379' title='bbox 1006 1497 1180 1533; x_wconf 87' lang='lat' dir='ltr'>dummodo</span> <span class='ocrx_word' id='word_1_380' title='bbox 1203 1498 1382 1532; x_wconf 90' lang='lat' dir='ltr'>huiusmodi</span> <span class='ocrx_word' id='word_1_381' title='bbox 1402 1497 1490 1545; x_wconf 90' lang='lat' dir='ltr'>prius</span> <span class='ocrx_word' id='word_1_382' title='bbox 1511 1506 1577 1533; x_wconf 88' lang='lat' dir='ltr'>orta</span> <span class='ocrx_word' id='word_1_383' title='bbox 1603 1498 1754 1545; x_wconf 83' lang='lat' dir='ltr'>suspicio,</span> 
     </span>
     <span class='ocr_line' id='line_1_76' title="bbox 1006 1546 1755 1591; baseline -0.001 -10"><span class='ocrx_word' id='word_1_384' title='bbox 1006 1546 1139 1581; x_wconf 84' lang='lat' dir='ltr'>violenta</span> <span class='ocrx_word' id='word_1_385' title='bbox 1168 1546 1273 1591; x_wconf 77' lang='lat' dir='ltr'>suerit,</span> <span class='ocrx_word' id='word_1_386' title='bbox 1295 1555 1325 1582; x_wconf 88' lang='lat' dir='ltr'>et</span> <span class='ocrx_word' id='word_1_387' title='bbox 1343 1547 1436 1582; x_wconf 88' lang='lat' dir='ltr'>certis</span> <span class='ocrx_word' id='word_1_388' title='bbox 1459 1559 1493 1582; x_wconf 91' lang='lat' dir='ltr'>ac</span> <span class='ocrx_word' id='word_1_389' title='bbox 1514 1547 1595 1582; x_wconf 88' lang='lat' dir='ltr'>veris</span> <span class='ocrx_word' id='word_1_390' title='bbox 1629 1546 1755 1581; x_wconf 89' lang='lat' dir='ltr'>indiciis</span> 
     </span>
     <span class='ocr_line' id='line_1_77' title="bbox 1006 1595 1752 1642; baseline 0.001 -13"><span class='ocrx_word' id='word_1_391' title='bbox 1006 1595 1218 1642; x_wconf 88' lang='lat' dir='ltr'>comprobata.</span> <span class='ocrx_word' id='word_1_392' title='bbox 1242 1595 1275 1630; x_wconf 87' lang='lat' dir='ltr'>Si</span> <span class='ocrx_word' id='word_1_393' title='bbox 1317 1607 1391 1630; x_wconf 87' lang='lat' dir='ltr'>vero</span> <span class='ocrx_word' id='word_1_394' title='bbox 1423 1596 1500 1630; x_wconf 91' lang='lat' dir='ltr'>levis</span> <span class='ocrx_word' id='word_1_395' title='bbox 1538 1603 1569 1630; x_wconf 86' lang='lat' dir='ltr'>et</span> <span class='ocrx_word' id='word_1_396' title='bbox 1608 1595 1752 1635; x_wconf 85' lang='lat' dir='ltr'>modica,</span> 
     </span>
     <span class='ocr_line' id='line_1_78' title="bbox 1004 1644 1753 1691; baseline 0.003 -14"><span class='ocrx_word' id='word_1_397' title='bbox 1004 1656 1196 1691; x_wconf 88' lang='lat' dir='ltr'>quamquam</span> <span class='ocrx_word' id='word_1_398' title='bbox 1219 1657 1256 1678; x_wconf 76' lang='lat' dir='ltr'>cx</span> <span class='ocrx_word' id='word_1_399' title='bbox 1281 1645 1340 1679; x_wconf 89' lang='lat' dir='ltr'>hoc</span> <span class='ocrx_word' id='word_1_400' title='bbox 1362 1645 1540 1690; x_wconf 81' lang='lat' dir='ltr'>sitgravius</span> <span class='ocrx_word' id='word_1_401' title='bbox 1563 1644 1753 1691; x_wconf 83' lang='lat' dir='ltr'>puniendus,</span> 
     </span>
     <span class='ocr_line' id='line_1_79' title="bbox 1006 1692 1753 1739; baseline -0.001 -12"><span class='ocrx_word' id='word_1_402' title='bbox 1006 1693 1196 1739; x_wconf 87' lang='lat' dir='ltr'>relapsorum</span> <span class='ocrx_word' id='word_1_403' title='bbox 1216 1700 1320 1728; x_wconf 90' lang='lat' dir='ltr'>tamen</span> <span class='ocrx_word' id='word_1_404' title='bbox 1344 1693 1374 1727; x_wconf 93' lang='lat' dir='ltr'>in</span> <span class='ocrx_word' id='word_1_405' title='bbox 1397 1693 1550 1727; x_wconf 87' lang='lat' dir='ltr'>haeresim</span> <span class='ocrx_word' id='word_1_406' title='bbox 1575 1705 1637 1727; x_wconf 93' lang='lat' dir='ltr'>non</span> <span class='ocrx_word' id='word_1_407' title='bbox 1660 1692 1753 1727; x_wconf 89' lang='lat' dir='ltr'>debet</span> 
     </span>
     <span class='ocr_line' id='line_1_80' title="bbox 1006 1742 1754 1788; baseline 0.001 -13"><span class='ocrx_word' id='word_1_408' title='bbox 1006 1753 1102 1786; x_wconf 86' lang='lat' dir='ltr'>poena</span> <span class='ocrx_word' id='word_1_409' title='bbox 1126 1742 1243 1788; x_wconf 83' lang='lat' dir='ltr'>puniri,</span> <span class='ocrx_word' id='word_1_410' title='bbox 1270 1753 1311 1776; x_wconf 87' lang='lat' dir='ltr'>ex</span> <span class='ocrx_word' id='word_1_411' title='bbox 1333 1753 1396 1788; x_wconf 93' lang='lat' dir='ltr'>quo</span> <span class='ocrx_word' id='word_1_412' title='bbox 1418 1742 1576 1788; x_wconf 85' lang='lat' dir='ltr'>praesumi</span> <span class='ocrx_word' id='word_1_413' title='bbox 1609 1753 1671 1776; x_wconf 87' lang='lat' dir='ltr'>non</span> <span class='ocrx_word' id='word_1_414' title='bbox 1701 1753 1754 1788; x_wconf 93' lang='lat' dir='ltr'>po-</span> 
     </span>
     <span class='ocr_line' id='line_1_81' title="bbox 1005 1789 1690 1837; baseline 0 -13"><span class='ocrx_word' id='word_1_415' title='bbox 1005 1798 1063 1824; x_wconf 86' lang='lat' dir='ltr'>test</span> <span class='ocrx_word' id='word_1_416' title='bbox 1091 1790 1299 1824; x_wconf 81' lang='lat' dir='ltr'>verisimiliter</span> <span class='ocrx_word' id='word_1_417' title='bbox 1319 1798 1390 1824; x_wconf 91' lang='lat' dir='ltr'>ante</span> <span class='ocrx_word' id='word_1_418' title='bbox 1411 1789 1519 1837; x_wconf 87' lang='lat' dir='ltr'>lapsus</span> <span class='ocrx_word' id='word_1_419' title='bbox 1545 1790 1576 1824; x_wconf 92' lang='lat' dir='ltr'>in</span> <span class='ocrx_word' id='word_1_420' title='bbox 1609 1801 1690 1824; x_wconf 89' lang='lat' dir='ltr'>eam.</span> 
     </span>
    </p>

    <p class='ocr_par' dir='ltr' id='par_1_17' title="bbox 1003 1838 1753 2666">
     <span class='ocr_line' id='line_1_82' title="bbox 1052 1838 1749 1886; baseline -0.001 -14"><span class='ocrx_word' id='word_1_421' title='bbox 1052 1840 1072 1886; x_wconf 66' lang='lat' dir='ltr'>g</span> <span class='ocrx_word' id='word_1_422' title='bbox 1093 1841 1125 1873; x_wconf 78' lang='lat'>2.</span> <span class='ocrx_word' id='word_1_423' title='bbox 1154 1839 1357 1880; x_wconf 81' lang='lat' dir='ltr'>Quaesivistis</span> <span class='ocrx_word' id='word_1_424' title='bbox 1383 1839 1475 1873; x_wconf 87' lang='lat' dir='ltr'>etiam</span> <span class='ocrx_word' id='word_1_425' title='bbox 1497 1839 1579 1873; x_wconf 88' lang='lat' dir='ltr'>circa</span> <span class='ocrx_word' id='word_1_426' title='bbox 1606 1838 1702 1879; x_wconf 89' lang='lat' dir='ltr'>idem,</span> <span class='ocrx_word' id='word_1_427' title='bbox 1724 1839 1749 1872; x_wconf 84' lang='lat' dir='ltr'>si</span> 
     </span>
     <span class='ocr_line' id='line_1_83' title="bbox 1006 1886 1751 1934; baseline 0.001 -14"><span class='ocrx_word' id='word_1_428' title='bbox 1006 1887 1031 1921; x_wconf 91' lang='lat' dir='ltr'>is</span> <span class='ocrx_word' id='word_1_429' title='bbox 1052 1888 1105 1933; x_wconf 91' lang='lat' dir='ltr'>qui</span> <span class='ocrx_word' id='word_1_430' title='bbox 1128 1888 1283 1922; x_wconf 89' lang='lat' dir='ltr'>haeresim</span> <span class='ocrx_word' id='word_1_431' title='bbox 1305 1887 1471 1928; x_wconf 84' lang='lat' dir='ltr'>abiuravit,</span> <span class='ocrx_word' id='word_1_432' title='bbox 1498 1894 1528 1922; x_wconf 87' lang='lat' dir='ltr'>et</span> <span class='ocrx_word' id='word_1_433' title='bbox 1563 1899 1620 1934; x_wconf 88' lang='lat' dir='ltr'>per</span> <span class='ocrx_word' id='word_1_434' title='bbox 1652 1886 1751 1922; x_wconf 87' lang='lat' dir='ltr'>solam</span> 
     </span>
     <span class='ocr_line' id='line_1_84' title="bbox 1005 1936 1752 1982; baseline 0 -13"><span class='ocrx_word' id='word_1_435' title='bbox 1005 1936 1248 1971; x_wconf 83' lang='lat' dir='ltr'>inexcusabilem</span> <span class='ocrx_word' id='word_1_436' title='bbox 1289 1936 1502 1982; x_wconf 85' lang='lat' dir='ltr'>receptionem</span> <span class='ocrx_word' id='word_1_437' title='bbox 1528 1937 1574 1970; x_wconf 90' lang='lat' dir='ltr'>vel</span> <span class='ocrx_word' id='word_1_438' title='bbox 1611 1945 1752 1982; x_wconf 89' lang='lat' dir='ltr'>recepta-</span> 
     </span>
     <span class='ocr_line' id='line_1_85' title="bbox 1004 1984 1752 2029; baseline 0.001 -11"><span class='ocrx_word' id='word_1_439' title='bbox 1004 1984 1133 2029; x_wconf 76' lang='lat' dir='ltr'>tionem,</span> <span class='ocrx_word' id='word_1_440' title='bbox 1160 1992 1214 2019; x_wconf 90' lang='lat' dir='ltr'>aut</span> <span class='ocrx_word' id='word_1_441' title='bbox 1235 1984 1457 2020; x_wconf 86' lang='lat' dir='ltr'>deductionem</span> <span class='ocrx_word' id='word_1_442' title='bbox 1480 1996 1536 2019; x_wconf 87' lang='lat' dir='ltr'>seu</span> <span class='ocrx_word' id='word_1_443' title='bbox 1563 1984 1752 2019; x_wconf 87' lang='lat' dir='ltr'>associatio-</span> 
     </span>
     <span class='ocr_line' id='line_1_86' title="bbox 1004 2033 1753 2075; baseline 0 -8"><span class='ocrx_word' id='word_1_444' title='bbox 1004 2045 1075 2068; x_wconf 89' lang='lat' dir='ltr'>nem</span> <span class='ocrx_word' id='word_1_445' title='bbox 1108 2033 1155 2068; x_wconf 84' lang='lat' dir='ltr'>vel</span> <span class='ocrx_word' id='word_1_446' title='bbox 1184 2034 1391 2068; x_wconf 87' lang='lat' dir='ltr'>visitationem</span> <span class='ocrx_word' id='word_1_447' title='bbox 1425 2033 1666 2075; x_wconf 83' lang='lat' dir='ltr'>haereticorum,</span> <span class='ocrx_word' id='word_1_448' title='bbox 1688 2033 1753 2068; x_wconf 88' lang='lat' dir='ltr'>sive</span> 
     </span>
     <span class='ocr_line' id='line_1_87' title="bbox 1003 2081 1752 2123; baseline -0.001 -7"><span class='ocrx_word' id='word_1_449' title='bbox 1003 2081 1160 2116; x_wconf 87' lang='lat' dir='ltr'>dationem</span> <span class='ocrx_word' id='word_1_450' title='bbox 1178 2109 1185 2123; x_wconf 87' lang='lat'>,</span> <span class='ocrx_word' id='word_1_451' title='bbox 1208 2082 1255 2117; x_wconf 88' lang='lat' dir='ltr'>vel</span> <span class='ocrx_word' id='word_1_452' title='bbox 1278 2082 1459 2117; x_wconf 88' lang='lat' dir='ltr'>missionem</span> <span class='ocrx_word' id='word_1_453' title='bbox 1486 2094 1667 2122; x_wconf 78' lang='lat' dir='ltr'>munerum,</span> <span class='ocrx_word' id='word_1_454' title='bbox 1698 2089 1752 2117; x_wconf 89' lang='lat' dir='ltr'>aut</span> 
     </span>
     <span class='ocr_line' id='line_1_88' title="bbox 1003 2130 1753 2177; baseline 0 -12"><span class='ocrx_word' id='word_1_455' title='bbox 1003 2131 1096 2165; x_wconf 88' lang='lat' dir='ltr'>etiam</span> <span class='ocrx_word' id='word_1_456' title='bbox 1127 2131 1202 2166; x_wconf 85' lang='lat' dir='ltr'>alias</span> <span class='ocrx_word' id='word_1_457' title='bbox 1223 2131 1252 2165; x_wconf 92' lang='lat' dir='ltr'>in</span> <span class='ocrx_word' id='word_1_458' title='bbox 1277 2130 1412 2165; x_wconf 87' lang='lat' dir='ltr'>favorem</span> <span class='ocrx_word' id='word_1_459' title='bbox 1435 2143 1557 2171; x_wconf 85' lang='lat' dir='ltr'>eorum,</span> <span class='ocrx_word' id='word_1_460' title='bbox 1584 2131 1638 2177; x_wconf 93' lang='lat' dir='ltr'>qui</span> <span class='ocrx_word' id='word_1_461' title='bbox 1661 2142 1753 2165; x_wconf 85' lang='lat' dir='ltr'>excu-</span> 
     </span>
     <span class='ocr_line' id='line_1_89' title="bbox 1003 2180 1751 2226; baseline 0 -13"><span class='ocrx_word' id='word_1_462' title='bbox 1003 2180 1063 2213; x_wconf 87' lang='lat' dir='ltr'>sari</span> <span class='ocrx_word' id='word_1_463' title='bbox 1087 2191 1148 2213; x_wconf 90' lang='lat' dir='ltr'>non</span> <span class='ocrx_word' id='word_1_464' title='bbox 1179 2180 1293 2226; x_wconf 87' lang='lat' dir='ltr'>possit,</span> <span class='ocrx_word' id='word_1_465' title='bbox 1327 2181 1395 2214; x_wconf 87' lang='lat' dir='ltr'>sine</span> <span class='ocrx_word' id='word_1_466' title='bbox 1435 2180 1613 2214; x_wconf 86' lang='lat' dir='ltr'>adoratione</span> <span class='ocrx_word' id='word_1_467' title='bbox 1649 2186 1751 2213; x_wconf 86' lang='lat' dir='ltr'>tamen</span> 
     </span>
     <span class='ocr_line' id='line_1_90' title="bbox 1004 2228 1753 2274; baseline 0 -13"><span class='ocrx_word' id='word_1_468' title='bbox 1004 2232 1049 2271; x_wconf 86' lang='lat' dir='ltr'>(ut</span> <span class='ocrx_word' id='word_1_469' title='bbox 1077 2228 1178 2263; x_wconf 91' lang='lat' dir='ltr'>verbis</span> <span class='ocrx_word' id='word_1_470' title='bbox 1207 2229 1316 2263; x_wconf 82' lang='lat' dir='ltr'>vestris</span> <span class='ocrx_word' id='word_1_471' title='bbox 1338 2232 1473 2272; x_wconf 90' lang='lat' dir='ltr'>utamur)</span> <span class='ocrx_word' id='word_1_472' title='bbox 1489 2229 1594 2274; x_wconf 88' lang='lat' dir='ltr'>lapsus</span> <span class='ocrx_word' id='word_1_473' title='bbox 1609 2235 1655 2261; x_wconf 87' lang='lat' dir='ltr'>est</span> <span class='ocrx_word' id='word_1_474' title='bbox 1672 2234 1753 2274; x_wconf 92' lang='lat' dir='ltr'>post-</span> 
     </span>
     <span class='ocr_line' id='line_1_91' title="bbox 1003 2276 1750 2323; baseline 0 -13"><span class='ocrx_word' id='word_1_475' title='bbox 1003 2276 1145 2318; x_wconf 88' lang='lat' dir='ltr'>modum,</span> <span class='ocrx_word' id='word_1_476' title='bbox 1181 2285 1310 2323; x_wconf 87' lang='lat' dir='ltr'>propter</span> <span class='ocrx_word' id='word_1_477' title='bbox 1331 2277 1391 2312; x_wconf 88' lang='lat' dir='ltr'>hoc</span> <span class='ocrx_word' id='word_1_478' title='bbox 1412 2277 1526 2311; x_wconf 88' lang='lat' dir='ltr'>debeat</span> <span class='ocrx_word' id='word_1_479' title='bbox 1548 2276 1678 2310; x_wconf 90' lang='lat' dir='ltr'>iudicari</span> <span class='ocrx_word' id='word_1_480' title='bbox 1707 2287 1750 2310; x_wconf 90' lang='lat' dir='ltr'>re·</span> 
     </span>
     <span class='ocr_line' id='line_1_92' title="bbox 1004 2324 1751 2372; baseline -0.001 -13"><span class='ocrx_word' id='word_1_481' title='bbox 1004 2325 1130 2371; x_wconf 89' lang='lat' dir='ltr'>lapsus:</span> <span class='ocrx_word' id='word_1_482' title='bbox 1154 2333 1184 2359; x_wconf 88' lang='lat' dir='ltr'>et</span> <span class='ocrx_word' id='word_1_483' title='bbox 1218 2325 1344 2372; x_wconf 90' lang='lat' dir='ltr'>quidem</span> <span class='ocrx_word' id='word_1_484' title='bbox 1385 2325 1411 2359; x_wconf 89' lang='lat' dir='ltr'>si</span> <span class='ocrx_word' id='word_1_485' title='bbox 1438 2325 1575 2370; x_wconf 82' lang='lat' dir='ltr'>legitime</span> <span class='ocrx_word' id='word_1_486' title='bbox 1601 2324 1751 2368; x_wconf 88' lang='lat' dir='ltr'>constitit,</span> 
     </span>
     <span class='ocr_line' id='line_1_93' title="bbox 1003 2372 1752 2419; baseline 0 -12"><span class='ocrx_word' id='word_1_487' title='bbox 1003 2374 1050 2408; x_wconf 85' lang='lat' dir='ltr'>vel</span> <span class='ocrx_word' id='word_1_488' title='bbox 1073 2374 1164 2408; x_wconf 86' lang='lat' dir='ltr'>etiam</span> <span class='ocrx_word' id='word_1_489' title='bbox 1180 2386 1264 2408; x_wconf 90' lang='lat' dir='ltr'>nunc</span> <span class='ocrx_word' id='word_1_490' title='bbox 1285 2380 1452 2414; x_wconf 87' lang='lat' dir='ltr'>constaret,</span> <span class='ocrx_word' id='word_1_491' title='bbox 1474 2372 1559 2419; x_wconf 91' lang='lat' dir='ltr'>quod</span> <span class='ocrx_word' id='word_1_492' title='bbox 1582 2372 1660 2407; x_wconf 85' lang='lat' dir='ltr'>tales</span> <span class='ocrx_word' id='word_1_493' title='bbox 1680 2380 1752 2407; x_wconf 87' lang='lat' dir='ltr'>ante</span> 
     </span>
     <span class='ocr_line' id='line_1_94' title="bbox 1004 2421 1751 2457; baseline 0.001 -2"><span class='ocrx_word' id='word_1_494' title='bbox 1004 2422 1184 2457; x_wconf 90' lang='lat' dir='ltr'>huiusmodi</span> <span class='ocrx_word' id='word_1_495' title='bbox 1219 2422 1446 2457; x_wconf 87' lang='lat' dir='ltr'>abiurationem</span> <span class='ocrx_word' id='word_1_496' title='bbox 1469 2422 1500 2456; x_wconf 93' lang='lat' dir='ltr'>in</span> <span class='ocrx_word' id='word_1_497' title='bbox 1527 2421 1648 2456; x_wconf 85' lang='lat' dir='ltr'>haeresi</span> <span class='ocrx_word' id='word_1_498' title='bbox 1671 2433 1751 2456; x_wconf 89' lang='lat' dir='ltr'>com-</span> 
     </span>
     <span class='ocr_line' id='line_1_95' title="bbox 1004 2469 1751 2517; baseline -0.001 -12"><span class='ocrx_word' id='word_1_499' title='bbox 1004 2472 1173 2512; x_wconf 89' lang='lat' dir='ltr'>misissent,</span> <span class='ocrx_word' id='word_1_500' title='bbox 1199 2483 1261 2505; x_wconf 89' lang='lat' dir='ltr'>non</span> <span class='ocrx_word' id='word_1_501' title='bbox 1294 2479 1340 2506; x_wconf 87' lang='lat' dir='ltr'>est</span> <span class='ocrx_word' id='word_1_502' title='bbox 1366 2470 1497 2505; x_wconf 86' lang='lat' dir='ltr'>dubium</span> <span class='ocrx_word' id='word_1_503' title='bbox 1529 2481 1583 2505; x_wconf 88' lang='lat' dir='ltr'>eos</span> <span class='ocrx_word' id='word_1_504' title='bbox 1611 2481 1667 2517; x_wconf 88' lang='lat' dir='ltr'>per</span> <span class='ocrx_word' id='word_1_505' title='bbox 1691 2469 1751 2505; x_wconf 91' lang='lat' dir='ltr'>hoc</span> 
     </span>
     <span class='ocr_line' id='line_1_96' title="bbox 1003 2518 1750 2566; baseline 0.001 -13"><span class='ocrx_word' id='word_1_506' title='bbox 1003 2520 1098 2555; x_wconf 86' lang='lat' dir='ltr'>fuisse</span> <span class='ocrx_word' id='word_1_507' title='bbox 1135 2520 1292 2566; x_wconf 90' lang='lat' dir='ltr'>relapsos:</span> <span class='ocrx_word' id='word_1_508' title='bbox 1328 2520 1400 2566; x_wconf 82' lang='lat' dir='ltr'>quia</span> <span class='ocrx_word' id='word_1_509' title='bbox 1434 2527 1507 2553; x_wconf 92' lang='lat' dir='ltr'>tunc</span> <span class='ocrx_word' id='word_1_510' title='bbox 1525 2518 1662 2553; x_wconf 86' lang='lat' dir='ltr'>dubitari</span> <span class='ocrx_word' id='word_1_511' title='bbox 1689 2530 1750 2554; x_wconf 89' lang='lat' dir='ltr'>non</span> 
     </span>
     <span class='ocr_line' id='line_1_97' title="bbox 1009 2567 1751 2615; baseline -0.001 -11"><span class='ocrx_word' id='word_1_512' title='bbox 1009 2570 1114 2613; x_wconf 85' lang='lat' dir='ltr'>debet,</span> <span class='ocrx_word' id='word_1_513' title='bbox 1148 2580 1185 2603; x_wconf 79' lang='lat' dir='ltr'>ex</span> <span class='ocrx_word' id='word_1_514' title='bbox 1217 2568 1379 2615; x_wconf 83' lang='lat' dir='ltr'>approbati</span> <span class='ocrx_word' id='word_1_515' title='bbox 1419 2580 1435 2602; x_wconf 92' lang='lat' dir='ltr'>a</span> <span class='ocrx_word' id='word_1_516' title='bbox 1470 2579 1503 2602; x_wconf 87' lang='lat' dir='ltr'>se</span> <span class='ocrx_word' id='word_1_517' title='bbox 1524 2567 1611 2614; x_wconf 80' lang='lat' dir='ltr'>prius</span> <span class='ocrx_word' id='word_1_518' title='bbox 1636 2567 1751 2603; x_wconf 73' lang='lat' dir='ltr'>errori·</span> 
     </span>
     <span class='ocr_line' id='line_1_98' title="bbox 1003 2616 1428 2666; baseline -0.007 -13"><span class='ocrx_word' id='word_1_519' title='bbox 1003 2617 1226 2666; x_wconf 87' lang='lat' dir='ltr'>consequentia</span> <span class='ocrx_word' id='word_1_520' title='bbox 1252 2617 1283 2652; x_wconf 94' lang='lat' dir='ltr'>id</span> <span class='ocrx_word' id='word_1_521' title='bbox 1305 2616 1428 2652; x_wconf 85' lang='lat' dir='ltr'>fecisse.</span> 
     </span>
    </p>
   </div>
   <div class='ocr_carea' id='block_1_13' title="bbox 1784 271 1965 298">
    <p class='ocr_par' dir='ltr' id='par_1_18' title="bbox 1784 271 1965 298">
     <span class='ocr_line' id='line_1_99' title="bbox 1784 271 1965 298; baseline 0.006 -1"><span class='ocrx_word' id='word_1_522' title='bbox 1784 271 1834 298; x_wconf 76' lang='grc' dir='ltr'>Αη.</span> <span class='ocrx_word' id='word_1_523' title='bbox 1854 271 1965 298; x_wconf 62' lang='grc'><strong>01958</strong></span> 
     </span>
    </p>
   </div>
   <div class='ocr_carea' id='block_1_14' title="bbox 1772 828 1955 909">
    <p class='ocr_par' dir='ltr' id='par_1_19' title="bbox 1772 828 1955 909">
     <span class='ocr_line' id='line_1_100' title="bbox 1787 828 1955 854; baseline 0.006 -6"><span class='ocrx_word' id='word_1_524' title='bbox 1787 828 1888 854; x_wconf 74' lang='lat' dir='ltr'>Relapsus</span> <span class='ocrx_word' id='word_1_525' title='bbox 1936 831 1955 849; x_wconf 86' lang='lat' dir='ltr'>tn</span> 
     </span>
     <span class='ocr_line' id='line_1_101' title="bbox 1773 859 1955 886; baseline -0.005 -6"><span class='ocrx_word' id='word_1_526' title='bbox 1773 859 1878 880; x_wconf 61' lang='lat' dir='ltr'>haeresim</span> <span class='ocrx_word' id='word_1_527' title='bbox 1910 861 1955 886; x_wconf 73' lang='lat' dir='ltr'>quis</span> 
     </span>
     <span class='ocr_line' id='line_1_102' title="bbox 1772 889 1868 909; baseline 0 0"><span class='ocrx_word' id='word_1_528' title='bbox 1772 889 1852 909; x_wconf 78' lang='lat' dir='ltr'>dicatur</span> <span class='ocrx_word' id='word_1_529' title='bbox 1864 897 1868 909; x_wconf 90' lang='lat'>:</span> 
     </span>
    </p>
   </div>
   <div class='ocr_carea' id='block_1_15' title="bbox 1765 1850 1949 1932">
    <p class='ocr_par' dir='ltr' id='par_1_20' title="bbox 1765 1850 1949 1932">
     <span class='ocr_line' id='line_1_103' title="bbox 1780 1850 1949 1877; baseline -0.006 -6"><span class='ocrx_word' id='word_1_530' title='bbox 1780 1850 1845 1871; x_wconf 69' lang='lat' dir='ltr'>Euam</span> <span class='ocrx_word' id='word_1_531' title='bbox 1856 1851 1890 1877; x_wconf 83' lang='lat' dir='ltr'>qni</span> <span class='ocrx_word' id='word_1_532' title='bbox 1902 1853 1949 1876; x_wconf 75' lang='lat' dir='ltr'>post</span> 
     </span>
     <span class='ocr_line' id='line_1_104' title="bbox 1782 1882 1935 1902; baseline -0.007 -1"><span class='ocrx_word' id='word_1_533' title='bbox 1782 1882 1935 1902; x_wconf 66' lang='lat' dir='ltr'>abt-irationem</span> 
     </span>
     <span class='ocr_line' id='line_1_105' title="bbox 1765 1911 1949 1932; baseline 0 -1"><span class='ocrx_word' id='word_1_534' title='bbox 1765 1911 1949 1932; x_wconf 63' lang='lat' dir='ltr'>{evethaei-nicie-</span> 
     </span>
    </p>
   </div>
  </div>
 </body>
</html>
