2129 3223
162 241 214 267 An.
233 240 261 267 C.
277 241 342 268 ¹2st

161 384 206 403 ord.
249 382 270 403 et
274 384 342 403 uuinc

161 414 242 471 ilpnps·
277 414 342 434 dinei-

166 1635 317 1655 At-hatihnsum

159 1667 193 1686 dat
212 1665 317 1687 reform-ti
313 1671 341 1686 ι-ο

159 1704 206 1720 netu

176 2329 290 2355 Capitulum
308 2333 345 2354 ge-

165 2360 236 2380 nerale
253 2359 344 2386 quotibet

165 2392 335 2413 annotenendum

407 231 477 264 274

957 238 1142 263 uvantum
1171 239 1332 262 ROMANUM

358 297 418 331 vita
442 308 476 331 ac
501 295 611 330 merito
628 294 767 341 gloriosi.
791 293 881 330 Nunc
899 302 1001 329 antem
1022 293 1105 342 quod
1126 293 1309 328 ’Benedicti
1334 294 1471 341 regulam
1500 293 1613 329 fuerint
1641 293 1780 328 instituta
1801 292 1896 327 firmi-

176 350 197 372 ¹=
210 352 344 373 monuteri·
358 353 534 382 moerentes
558 344 703 386 dicimus,
726 346 784 380 etsi
807 356 869 380 non
884 355 900 378 a
921 344 1044 380 cunctis
1076 356 1106 377 in

356 394 520 438 omnibus,
539 406 556 428 a
576 393 734 442 plerisque
762 402 864 429 tamen
891 405 928 437 eit
961 393 1048 428 vobis
1077 393 1105 427 in

355 444 499 490 pluribus
533 444 649 478 dicitur
682 443 872 479 declinatum
908 444 937 477 in
974 452 1105 480 tantum

355 493 438 540 quod
460 493 553 530 vestri
577 492 707 528 Ordinis
727 493 866 539 regulam
892 505 986 527 manu
1011 493 1106 527 nimis

354 543 442 579 avida
470 543 653 590 colligentes
680 542 733 578 ubi
765 543 893 578 forsitan
921 555 982 577 non
1018 554 1106 596 spar-

354 593 450 649 sistis,
478 592 554 628 dum
582 592 703 628 loculos
725 593 868 640 proprios
890 592 1009 639 replere
1032 591 1107 625 niti-

355 642 445 687 mini,
463 642 544 678 hona
561 642 789 682 Ecclesiarum
806 653 897 697 qwuae
904 649 1004 676 vestro
1023 652 1107 675 coin-

354 692 522 727 mittuntur
543 692 689 739 regimini
712 693 848 727 vacuatis
874 692 920 726 sic
941 690 1105 725 ambitioni

354 750 511 783 vacantes,
537 742 622 789 quod
656 742 686 776 in
713 741 792 776 locis
825 741 940 788 quibus
967 740 1106 788 praeestis

353 799 494 827 terrenae
527 791 717 839 paupertatis
748 803 825 838 opes
859 790 1020 838 quaeritis,
1043 801 1103 824 non

352 853 444 888 opem
478 841 659 888 impenditis
687 840 810 876 consilii
839 840 996 874 salutaris.
1022 839 1105 874 Ecce

353 890 434 925 inter
450 891 511 927 alia
530 891 600 930 loca
623 899 722 925 testra
745 889 990 937 praesidentium
1014 889 1103 936 culpa

352 940 501 996 depressa
523 940 677 988 prioratus
699 939 738 974 de
756 939 926 983 Charitate‚
949 938 1001 986 qui
1029 938 1103 973 olim

353 990 384 1024 in
419 990 633 1038 spiritualibus
665 990 804 1030 florens
826 988 857 1022 in
880 987 1105 1043 temporalibus

353 1039 491 1074 abundat
505 1047 588 1074 tanta
605 1038 793 1085 corruptela
809 1038 985 1081 marcescit,
998 1045 1028 1072 et
1041 1044 1103 1072 tam

353 1089 438 1124 arida
473 1088 662 1136 deprimitur
694 1095 890 1136 paupertate,
925 1086 1009 1134 quod
1044 1086 1103 1121 nisi

353 1139 482 1174 aliorum
503 1139 658 1174 relevetur
674 1137 802 1178 auxilio,
825 1137 875 1171 vix
895 1136 1029 1171 adiicere
1053 1149 1105 1184 po-

353 1189 424 1224 terit
449 1196 492 1225 ut
506 1195 656 1235 resurgat.
682 1187 772 1223 Alias
792 1187 899 1230 etiam,
920 1186 996 1220 sicut
1012 1198 1104 1222 acce-

354 1238 470 1288 piramus,
490 1246 553 1276 tam
587 1238 619 1272 in
658 1237 745 1272 vobis
778 1249 871 1284 quam
909 1235 978 1271 aliis
1012 1248 1104 1271 curae

353 1297 475 1325 vestrae
502 1287 691 1328 commissis,
721 1286 800 1322 adeo
834 1285 1002 1341 perniciosi
1033 1285 1104 1321 facti

353 1338 427 1372 estis
461 1337 623 1384 exemplo,
663 1335 747 1384 quod
788 1336 926 1382 antiquis
950 1335 1104 1391 patribus,

354 1387 424 1422 loco
452 1395 571 1421 tantum
600 1394 631 1421 et
657 1385 779 1426 habitu,
801 1397 864 1420 non
893 1386 1103 1432 praerogativa

356 1437 504 1471 virtutum
527 1436 673 1471 videmini
689 1435 893 1478 successisse,
910 1433 966 1468 sed
981 1446 1018 1469 eo
1033 1435 1104 1482 plu-

355 1498 403 1520 res
438 1485 584 1532 contagio
617 1484 830 1532 corruptionis
864 1461 1006 1524 irificitis
1043 1496 1104 1531 quo

355 1535 497 1590 pluribus
510 1534 563 1575 illi,
578 1546 714 1590 quornm
726 1534 792 1569 loca
805 1542 930 1578 tenetis,
939 1541 1106 1568 correctio

356 1598 405 1619 nis
424 1583 566 1631 exempla
591 1585 670 1619 vitae
696 1583 876 1630 magisterio
905 1582 1103 1617 exhibebant.

320 1634 400 1669 nNe
427 1647 500 1669 vero
522 1633 649 1680 indigue
676 1633 800 1668 illorum
829 1632 1041 1687 privilegiisD
1023 1645 1104 1666 oau-

355 1683 466 1725 demis,
494 1695 629 1731 quorum
658 1695 719 1718 non
749 1683 879 1717 servatis
906 1694 937 1716 in
963 1681 1105 1716 moribus

356 1733 567 1780 disciplinam
595 1745 648 1780 per
677 1732 847 1780 apostolica
876 1731 964 1766 vobis
991 1732 1104 1778 scripta

356 1784 559 1826 mandamus,
593 1790 748 1829 quatenus
784 1781 970 1828 incipientes
1005 1780 1106 1816 facere

354 1833 438 1879 quod
458 1832 585 1880 possitis
617 1832 745 1866 liberius
765 1830 897 1865 edocere
919 1832 948 1864 in
972 1829 1061 1864 vobis
1077 1838 1106 1864 et

355 1881 506 1921 subditis,
533 1882 608 1916 haec
643 1890 673 1916 et
705 1881 753 1916 liis
785 1880 894 1914 similia
925 1880 1105 1926 corrigatis,

355 1939 505 1978 tantoque
528 1930 598 1978 plus
620 1930 744 1966 luceant
773 1941 867 1976 opera
896 1938 995 1964 vestra
1025 1929 1105 1964 bona

356 1992 460 2016 coram
487 1979 682 2035 hominibus3
712 1988 743 2014 ut
773 1979 949 2025 glorificent
981 1978 1104 2014 Patrem

356 2039 508 2070 vestrum
533 2030 585 2077 qui
607 2038 654 2064 est
676 2030 705 2063 in
729 2028 846 2073 Coelis⁷
868 2036 986 2074 quanto
1008 2029 1107 2073 magis

357 2080 435 2115 mala
459 2079 622 2127 praeterita
649 2078 722 2113 facti
745 2056 899 2113 evideiitia
922 2077 1105 2124 publicavit,

357 2137 387 2164 et
408 2129 462 2165 ubi
491 2141 591 2165 maior
612 2129 701 2163 ruina
726 2127 907 2175 praecessit,
939 2125 978 2160 ibi
1007 2127 1106 2161 maio-

359 2179 402 2215 ris
434 2178 640 2226 reparationis
670 2177 848 2212 sollicitudo
879 2185 1044 2223 sequatur
1079 2185 1107 2210 et

358 2229 508 2264 damnum
541 2228 624 2275 quod
662 2227 816 2273 divulgata
854 2226 970 2260 malitia
1004 2226 1106 2260 intulit

358 2277 542 2314 manifestae
563 2277 711 2312 bonitatis
734 2276 884 2322 suffragio
907 2282 1106 2309 restauretur.

359 2327 439 2370 Quia
461 2340 534 2366 vero
561 2328 717 2373 integrum
741 2326 903 2360 consuevit
929 2336 997 2359 esse
1021 2325 1108 2359 iudi-

359 2378 455 2418 cium,
473 2377 556 2424 quod
580 2376 787 2423 plurimorum
809 2374 974 2410 sententiis
994 2374 1108 2409 conlir-

360 2434 461 2461 matur
482 2435 513 2461 et
534 2438 614 2474 quae
637 2426 812 2473 profectum
838 2436 1038 2460 communem
1067 2436 1108 2458 re—

360 2476 511 2522 spiciunt,
546 2476 668 2510 tractari
699 2474 798 2509 solent
821 2474 934 2508 melius
960 2474 990 2508 in
1019 2486 1109 2508 com-

361 2525 465 2566 muni3
491 2526 651 2560 annuatim
680 2526 832 2559 interesse
854 2524 990 2571 capitulo
1010 2534 1109 2569 gene-

362 2573 416 2607 rali
438 2576 522 2608 omni
554 2574 719 2609 occasione
748 2574 916 2621 postposita
944 2572 1108 2614 studeatis,

361 2635 440 2669 quae
469 2623 583 2658 ibidem
612 2623 786 2658 secundum
814 2623 934 2668 Deum,
963 2631 993 2657 et
1024 2622 1106 2658 beati

1147 352 1193 378 ter
1213 322 1386 384 servaturi?
1399 352 1430 379 et
1446 352 1507 379 tam
1531 344 1561 378 in
1584 343 1644 388 his,
1665 354 1760 390 quam
1779 342 1809 376 in
1827 341 1895 376 aliis

1146 392 1260 427 dilecto
1291 392 1353 428 filio
1384 393 1488 429 abbati
1517 393 1701 430 Cluniacen.
1735 399 1893 448 tamquam

1145 442 1249 477 devoti
1273 442 1325 477 filii
1347 443 1442 485 Patri,
1464 452 1493 478 et
1517 443 1657 478 membra
1675 442 1894 478 convenientia

1145 492 1239 539 capiti
1253 491 1466 528 obedientiam
1485 502 1514 527 et
1534 493 1738 528 reverentiam
1755 491 1893 526 debitam

1146 541 1376 589 impendenteS‚
1399 543 1480 578 circa
1500 542 1752 577 reformationem
1779 541 1895 588 priora·

1145 599 1195 626 tus
1207 591 1244 626 de
1264 590 1422 627 Chai-itate
1445 604 1570 627 manum
1590 591 1699 626 auxilii
1721 598 1751 625 et
1772 590 1892 626 consilii

1144 642 1323 688 apponatis,
1339 650 1484 689 tantaque
1499 642 1528 676 in
1541 642 1721 689 praemissis
1731 640 1893 686 diligentia

1145 691 1291 746 vigiletis,
1314 691 1397 738 quod
1421 703 1479 726 nec
1502 691 1532 725 in
1561 690 1648 725 vobis
1675 703 1730 738 per
1754 689 1892 737 culpam

1144 752 1202 775 nec
1227 740 1257 775 in
1286 741 1434 776 subiectis
1465 753 1520 788 per
1546 740 1767 787 negligentiam
1795 739 1894 774 offen—

1144 789 1254 825 dentes
1288 791 1449 837 corrigatis
1477 791 1706 846 imposterum,
1743 789 1826 836 quod
1862 789 1891 823 in

1146 840 1312 885 praeterito
1338 840 1552 875 commisistis.
1580 839 1644 875 Vos
1671 838 1818 886 denique,
1838 837 1892 873 filii

1144 888 1283 930 abbates
1299 902 1394 937 super
1408 890 1524 924 vohis
1518 890 1605 937 ipsis
1620 897 1651 925 et
1666 887 1785 923 credito
1807 887 1894 922 vobis

1144 950 1239 985 grege
1254 939 1356 973 taliter
1370 940 1498 985 vigilare
1514 939 1690 987 procuretis
1705 937 1893 985 extirpando

1146 988 1216 1022 titia
1242 996 1273 1023 et
1301 989 1470 1036 plantando
1493 991 1635 1032 virtutes,
1665 996 1701 1023 ut
1733 988 1764 1022 in
1787 987 1893 1023 novis-

1143 1037 1225 1073 simo
1259 1038 1391 1074 districti
1426 1039 1579 1073 examinis
1607 1038 1656 1073 die
1685 1049 1789 1073 coram
1823 1045 1892 1071 tre-

1144 1086 1260 1122 mendo
1284 1087 1392 1123 Iudice
1417 1088 1471 1135 qui
1506 1087 1613 1123 reddet
1642 1087 1816 1134 unicuique
1841 1098 1892 1121 se-

1144 1137 1284 1172 cundum
1311 1149 1407 1185 opera
1432 1150 1500 1179 sua,
1522 1137 1649 1184 dignam
1672 1137 1798 1185 possitis
1820 1136 1893 1170 red-

1144 1186 1217 1222 dere
1238 1187 1402 1222 rationem.

1192 1236 1307 1272 Datum
1329 1237 1475 1272 Laterani
1503 1236 1608 1272 idibus
1630 1236 1745 1277 martii,
1768 1234 1893 1283 pontifi-

1143 1294 1230 1321 catus
1253 1287 1350 1322 nostri
1370 1299 1455 1322 auno
1481 1287 1704 1322 sextodecimo.

1182 1343 1243 1374 Dat.
1264 1345 1310 1374 die
1332 1345 1367 1374 15
1386 1345 1481 1374 martii
1502 1345 1588 1380 1214,
1607 1350 1683 1384 pont.
1703 1353 1779 1374 anno
1797 1351 1851 1373 xvt.

1467 1514 1566 1550 xctt.

1145 1593 1195 1625 Ad
1210 1593 1363 1626 universos
1378 1590 1590 1639 Christifideles
1601 1605 1656 1638 per
1674 1595 1908 1639 Mayuneinam—

1191 1644 1382 1686 procinctam
1395 1645 1570 1677 constitutos
1584 1644 1620 1676 de
1642 1646 1763 1688 negocio
1782 1645 1893 1678 Terrae

1194 1694 1325 1726 Sam-tae
1347 1692 1411 1736 (l).

1410 1767 1622 1798 SUMMARIUM

1145 1824 1311 1856 Exordium.
1334 1843 1373 1848 —
1400 1825 1543 1856 Utilitates
1571 1835 1603 1855 ex
1630 1835 1714 1856 sacro
1740 1825 1816 1856 bello
1837 1826 1892 1856 de-

1185 1870 1299 1900 ductae.
1326 1887 1365 1893 —
1390 1870 1556 1901 plenariam
1580 1876 1764 1910 peccatorum
1791 1871 1892 1902 indul-

1186 1915 1313 1952 gentiam
1337 1914 1439 1944 tribuit
1461 1915 1599 1945 omnibus
1623 1924 1707 1945 sacro
1728 1915 1808 1948 hello
1822 1925 1893 1946 coo-

1185 1959 1367 1998 perantibus.
1390 1976 1428 1981 -
1450 1960 1597 1990 Auxilium
1631 1960 1758 1999 postulat
1778 1960 1814 1992 ab
1842 1970 1892 1991 ar-

1185 2003 1299 2042 chiep„
1321 2004 1413 2043 episc.
1427 2028 1434 2041 ‚
1456 2004 1541 2041 abb.‚

1185 2057 1341 2079 numerum
1362 2058 1428 2079 curn
1448 2050 1584 2089 expensis
1607 2049 1643 2079 ad
1665 2049 1833 2079 triennium.
1856 2065 1894 2071 —

1185 2092 1304 2124 Innovat
1331 2094 1642 2125 excommunicationis
1664 2093 1837 2124 sententiam
1863 2094 1893 2124 in

1184 2146 1234 2167 eos
1252 2138 1302 2176 qui
1319 2136 1489 2169 Sarracenis
1507 2138 1696 2178 opitulantur.

1146 2208 1317 2237 innocentius
1331 2208 1475 2245 episcopus
1489 2215 1586 2238 servus
1603 2215 1743 2237 servorum
1757 2209 1814 2238 nei.
1836 2210 1893 2239 uui·

1190 2258 1277 2287 versis
1312 2258 1538 2288 Christtfidelibus
1574 2265 1622 2295 per
1662 2257 1894 2298 &guatinensem

1190 2308 1358 2344 provinciam
1377 2308 1549 2338 constitutis

1195 2370 1276 2413 Quia
1290 2371 1389 2406 maior
1408 2384 1493 2407 nunc
1508 2372 1600 2406 instat
1615 2371 1785 2406 necessitas
1798 2383 1892 2418 quam

1148 2432 1284 2467 unquam
1312 2421 1456 2462 extiterit,
1484 2430 1516 2456 ut
1537 2421 1652 2456 Terrae
1677 2422 1810 2455 Sanctae
1837 2433 1893 2455 ne-

1147 2471 1342 2506 cessitatibus
1367 2480 1584 2515 succurratur,
1612 2478 1641 2504 et
1675 2470 1713 2504 de
1740 2482 1892 2505 succursu

1147 2528 1289 2566 speratur
1316 2521 1414 2556 maior
1435 2532 1530 2568 quam
1553 2531 1691 2567 unquam
1716 2521 1894 2566 provenerit

1148 2569 1263 2604 utilitas
1279 2579 1479 2618 proventura,
1494 2581 1567 2605 ecce
1583 2578 1745 2617 resumpto
1759 2569 1893 2605 clamore

1183 2636 1221 2671 (l)
1240 2636 1275 2662 Ex
1297 2635 1397 2668 Baluz.,
1416 2637 1459 2663 tib,
1480 2644 1538 2664 xii,
1560 2635 1642 2670 Epist.
1661 2635 1703 2662 28.

1571 2009 1635 2042 etc,
1666 2009 1694 2035 et
1719 2005 1908 2043 bellatorum·

1910 239 1963 265 Αι.
1974 236 2006 264 C.
2025 237 2089 266 ¹2¹1·

1938 2371 2057 2401 Exordium.
