2129 3223
166 286 216 313 An.
234 287 262 313 C.
280 289 346 316 ¹255

965 293 1148 317 aumonius
1168 294 1204 317 tx
1226 294 1274 317 PP-

673 345 782 382 XLIII.

356 426 530 460 Prohibiu'o
573 429 772 473 aedificandi,

402 486 504 514 castra
525 482 557 514 ιή
583 488 664 516 terra
685 483 841 521 Sabt'niae‚
866 485 971 518 Status
994 485 1097 518 Eccle-

402 534 528 575 siastiei,
559 536 671 581 absque
697 538 817 572 licentia
848 539 935 573 Sedis
967 539 1096 584 Aposto-

403 588 487 622 licae.

352 668 497 705 Gregorius
514 670 652 708 episeopus
670 679 766 702 servus
798 680 937 702 servorum
962 674 1018 707 nei.
1038 675 1095 704 uni·

395 719 483 748 versis
499 719 622 749 fidelibus
640 722 754 755 nostris,
774 729 822 758 per
836 722 972 751 sabiniam
994 724 1096 752 consti-

394 768 477 801 tutis.
494 769 612 799 salutem
631 772 659 800 et
677 772 855 807 apostolicam
872 773 1094 802 benedictionem.

399 839 479 875 Cum
504 848 565 875 tota
595 850 673 876 terra
695 842 842 877 Sabiniae
864 843 942 879 iuris
962 852 992 879 et
1019 857 1095 893 pro-

348 894 492 942 prietatis
526 894 562 930 Β.
604 895 687 931 Petri
724 897 854 938 existat,
889 898 927 934 de
964 898 1091 934 fratrum

348 955 526 984 nostrorum
543 950 675 985 consilio
692 952 846 999 praesenti
870 953 1093 989 constitutione

347 1002 525 1044 sancimus3
543 1011 576 1038 ut
602 1004 632 1038 in
649 1017 685 1039 ea
708 1005 827 1040 nullum
846 1015 982 1042 castrum
1005 1008 1093 1043 aedi-

348 1057 443 1097 ficari,
478 1057 526 1093 vel
553 1058 734 1095 reaedificari
769 1060 807 1095 de
837 1070 960 1097 caetero
994 1062 1092 1098 valeat

345 1110 463 1158 absque
480 1111 573 1147 Sedis
589 1112 789 1160 Apostolicae
807 1114 929 1150 licentia
951 1117 1091 1163 speciali,

344 1164 406 1199 sub
427 1165 681 1202 interminatione
703 1169 920 1214 anathematis,
943 1179 971 1204 et
991 1183 1091 1218 poena

345 1218 429 1254 mille
456 1219 605 1256 librarum
633 1221 886 1263 aedificantibus.¹
915 1236 950 1258 ac
983 1224 1090 1271 viginti

344 1273 476 1320 singulis
501 1274 660 1321 operariis.
689 1274 869 1312 Districtius
903 1278 1090 1324 inhibentes,

327 1339 383 1366 ,ne
409 1328 482 1375 quis
507 1335 614 1364 contra
642 1337 790 1365 statutum
826 1331 1005 1368 huiusmodi
1040 1347 1090 1368 ve-

304 1407 308 1409 ,
343 1381 410 1416 nire
433 1390 622 1428 praesumat.

390 1435 475 1471 Nulli
513 1448 587 1484 ergo
625 1437 755 1473 omnino
793 1438 957 1474 hominum
1000 1440 1087 1476 liceat

342 1489 424 1525 hanc
462 1491 608 1538 paginam
638 1500 763 1527 nostrae
799 1494 1032 1530 constitutionis
1060 1504 1089 1530 et

343 1543 540 1580 inhibitionis
567 1546 749 1593 infringere,
773 1547 818 1583 vel
840 1548 867 1583 ei
889 1561 967 1584 ausu
990 1557 1089 1585 teme-

342 1599 422 1634 rario
441 1600 607 1635 contraire.
635 1600 669 1636 Si
692 1601 761 1648 quis
787 1610 890 1637 autem
914 1603 973 1638 hoc
994 1613 1090 1639 atten-

341 1660 406 1688 tare
440 1655 697 1701 praesumpserit,
721 1655 970 1702 indignationem
992 1659 1090 1693 omni-

342 1707 478 1754 potentis
499 1707 570 1752 Dei,
592 1720 627 1743 ac
658 1708 820 1744 beatorum
844 1709 926 1745 Petri
949 1719 979 1745 et
1000 1711 1088 1747 Pauli

342 1760 555 1807 apostolorum
579 1762 647 1797 eius
669 1775 702 1798 se
728 1764 850 1799 noverit
875 1764 1087 1800 incursurum.

390 1815 506 1850 Datum
528 1815 664 1862 Perusii,
681 1816 918 1865 decimoquinto
933 1818 992 1854 kal.
1012 1821 1088 1867 apri—

342 1868 391 1906 lis,
415 1870 618 1916 pontificatus
644 1871 742 1907 nostri
765 1884 849 1907 anno
876 1880 997 1908 octavo.

381 1929 442 1961 Dat.
458 1931 510 1962 die>
523 1932 559 1962 ¹8
578 1933 675 1963 martii
696 1933 781 1971 1235,
800 1935 901 1974 pontis.
922 1944 967 1965 an.
992 1944 1049 1966 viu.

656 2088 767 2124 XLIV.

342 2170 534 2215 Approbatio
568 2171 686 2204 ordinis
720 2173 852 2216 fratrum
887 2178 914 2204 ot
949 2183 1088 2219 sororum

391 2219 524 2253 Militiae
540 2220 606 2253 Iesu
623 2221 739 2254 Christi
753 2227 996 2266 nuncupatorum
1012 2222 1087 2256 Par·

391 2280 467 2303 mon.

611 2347 825 2380 SUMMARIUM

342 2418 507 2450 Exordium.
529 2435 567 2442 —
585 2419 725 2459 Regulam
750 2420 838 2450 huius
854 2421 966 2451 ordinis
984 2430 1089 2461 appro-

384 2463 441 2494 bat.
462 2480 501 2487 —
533 2462 661 2503 Regulae
682 2470 774 2496 tenor.
796 2482 835 2488 —
869 2465 950 2496 Unus
972 2465 1089 2496 Militiae

383 2509 532 2546 magister.
554 2525 593 2531 —
613 2508 652 2540 De
688 2511 908 2550 praemittendis
935 2515 1088 2550 antequam

384 2554 450 2587 uuis
467 2554 634 2587 recipiatur.
657 2570 695 2576 —
717 2553 861 2594 Receptus
884 2559 981 2585 autem
1013 2554 1090 2584 cbri-

385 2602 477 2627 stiane
487 2598 572 2628 vivat.
589 2614 628 2620 —
646 2597 763 2628 Fratres
782 2603 809 2628 et
827 2607 942 2629 sorores
953 2598 1007 2629 suh
1023 2598 1090 2629 obe-

386 2641 493 2672 dientia
504 2641 534 2672 S.
557 2644 589 2672 A.
608 2648 635 2674 et
647 2644 852 2683 episcoporum
866 2644 960 2675 vivere
974 2642 1090 2674 debent:

384 2699 423 2707 m
440 2684 540 2716 Fidem
556 2687 728 2718 catholicam
748 2687 917 2719 defendere:
939 2705 976 2711 —
992 2688 1091 2719 Liber·

815 442 851 464 ac
892 431 1100 476 reaedificandi

1763 285 1833 319 486

1177 352 1262 378 tatem
1274 349 1516 386 ecclesiasticam,
1530 366 1569 373 —
1585 349 1619 379 Et
1636 350 1744 380 iniuste
1762 359 1883 389 oppres·

1177 402 1234 423 sos.
1260 410 1298 416 ——
1311 393 1350 424 De
1365 403 1514 425 armorum
1537 404 1603 425 usu.
1622 412 1660 418 —
1677 394 1717 425 De
1737 394 1881 425 vestibus:

1175 455 1213 460 -
1237 438 1332 468 Victu:
1350 455 1388 461 —
1407 438 1543 469 Ieiuniis:
1568 456 1607 462 —
1632 439 1692 470 Usu
1714 448 1882 470 sacramen-

1178 487 1271 513 torum
1287 482 1489 513 Eucharistiae
1503 488 1531 514 et
1542 484 1799 515 Poenitentiae:—
1812 483 1881 514 Ora-

1898 295 1949 322 An.
1961 295 1990 323 C.
2011 295 2077 324 ¹²⁵3

1177 528 1263 558 tione:
1288 545 1326 550 —
1347 528 1474 558 Decimis
1496 528 1658 566 Ecclesiae,
1689 528 1879 568 vectigalibus
1932 552 1934 554 .

1177 572 1360 611 principibus
1379 573 1545 603 reddendis.
1565 590 1603 596 —
1632 573 1672 604 De
1690 573 1826 604 infirmis·
1842 590 1882 596 —

1174 615 1270 646 Tenor
1281 617 1474 656 professionis
1492 617 1652 648 faciendae.
1667 635 1705 640 —
1715 617 1879 649 Clausulae.

1135 684 1279 720 Gregorius
1297 684 1438 719 episeopus
1447 691 1542 713 servus
1552 690 1691 713 servorum
1701 684 1758 718 Dei,
1773 685 1881 715 dilectis

1177 733 1242 763 titiis
1258 733 1393 763 tratribus
1412 733 1529 762 Militiae
1546 734 1606 762 tesu
1621 733 1726 763 Christi
1746 734 1878 768 Parnon..

1177 783 1294 812 salutem
1312 783 1341 811 et
1358 783 1539 818 apostolicam
1558 782 1779 813 benedictionem.

1181 846 1271 889 Quae
1298 846 1438 881 omnium
1466 845 1649 882 Conditoris
1670 847 1822 883 honorem
1849 856 1879 883 et

1133 896 1305 944 profectum
1344 896 1507 931 continent
1540 897 1733 938 animarum,
1771 909 1878 934 amore

1133 946 1303 1001 praecipuo
1334 945 1510 992 diligentes,
1541 958 1578 981 eo
1604 945 1688 994 quod
1723 946 1877 995 quidquid

1132 996 1162 1030 in
1197 995 1353 1030 desiderio
1386 1004 1506 1042 praeter
1538 995 1589 1030 illa
1623 996 1759 1044 geritur,
1793 997 1876 1045 apud

1132 1044 1188 1080 Dei
1211 1045 1395 1093 sapientiam
1425 1057 1480 1093 pro
1505 1045 1602 1081 nihilo
1623 1053 1801 1102 reputetur3
1827 1045 1876 1081 di—

1131 1106 1227 1141 gnum
1255 1095 1320 1130 fore
1348 1094 1559 1142 providimus,
1590 1103 1623 1130 ut
1648 1095 1680 1130 in
1707 1095 1765 1141 iis,
1795 1107 1876 1144 quae

1133 1145 1247 1180 intuitu
1269 1144 1377 1179 salutis
1398 1152 1540 1180 aeternae
1562 1144 1687 1193 cupitis,
1707 1157 1764 1181 nos
1788 1145 1876 1180 favo-

1132 1194 1242 1229 rabiles
1265 1194 1301 1229 ad
1328 1193 1549 1240 Redemptoris
1570 1195 1702 1250 gloriam
1723 1194 1873 1230 habeatis.

1130 1243 1213 1279 Hinc
1238 1252 1301 1284 est,
1328 1243 1412 1290 quod
1440 1244 1550 1278 vestris
1585 1244 1644 1291 piis
1669 1244 1875 1292 supplicatio-

1131 1293 1225 1328 nibus
1261 1292 1417 1333 inclinati,
1457 1292 1587 1328 sormam
1622 1293 1702 1329 vitae
1736 1305 1753 1328 a
1785 1293 1913 1335 vobis,³

1131 1343 1292 1390 perpetuis
1314 1342 1509 1397 temporibus
1525 1343 1764 1398 observandam,
1778 1355 1872 1391 quam

1132 1393 1278 1427 virtutum
1300 1392 1437 1427 Domino
1459 1392 1631 1439 inspirante
1649 1392 1875 1430 deliberatione

1130 1442 1257 1488 provida
1284 1442 1448 1482 statuistis,
1484 1450 1643 1490 acceptam
1672 1450 1702 1478 et
1728 1442 1872 1490 placitam

1131 1500 1328 1539 reputantes,
1362 1491 1446 1527 illam
1488 1492 1669 1527 auctoritate
1703 1492 1873 1540 apostolica

1129 1541 1364 1585 confirmamus,
1387 1549 1415 1576 et
1443 1528 1615 1588 praesentis
1635 1541 1743 1589 scripti
1768 1549 1873 1589 patro-

1129 1590 1210 1625 cinio
1237 1591 1480 1625 communimus.
1509 1591 1549 1626 [t
1577 1598 1679 1626 autem
1703 1599 1872 1639 perpetuae

1130 1640 1224 1674 robur
1247 1639 1385 1674 obtineat
1409 1640 1604 1684 firmitatis,
1596 1653 1695 1687 ipsam
1718 1640 1757 1675 de
1776 1641 1872 1677 verbo

1128 1689 1166 1724 ad
1181 1689 1308 1725 verbum
1327 1689 1545 1736 praesentibus
1567 1690 1698 1725 fecimus
1717 1692 1871 1736 annotari,

1128 1739 1220 1774 cuius
1250 1747 1341 1773 tenor
1375 1739 1445 1774 talis
1480 1748 1544 1774 est:
1579 1739 1662 1775 Cum
1695 1739 1870 1776 secundnm

1128 1788 1316 1835 Apostolum
1338 1788 1575 1824 fundamentum
1597 1788 1681 1824 aliud
1703 1801 1797 1824 nemo
1821 1802 1872 1837 po-

1129 1850 1202 1874 nere
1231 1839 1328 1886 possit
1356 1846 1477 1884 praeter
1503 1838 1594 1880 illud,
1621 1838 1707 1886 quod
1733 1839 1871 1887 positum

1128 1896 1191 1930 est,
1227 1887 1311 1935 quod
1347 1895 1393 1922 est
1429 1887 1574 1924 Christus
1605 1887 1712 1933 Iesus,
1745 1888 1777 1924 in
1808 1901 1873 1936 quo

1128 1946 1287 1985 tamquam
1315 1937 1344 1972 in
1364 1937 1467 1984 lapide
1493 1938 1634 1985 angulari
1660 1938 1764 1974 omnis
1784 1939 1874 1975 aedi-

1129 1988 1232 2022 ficatio
1254 1995 1431 2023 constructa
1454 1988 1565 2023 crescit
1587 1988 1618 2023 in
1638 1987 1790 2035 templum
1806 2001 1872 2024 san-

1128 2045 1213 2072 ctum
1236 2037 1266 2072 in
1296 2036 1445 2078 Domino,
1472 2037 1581 2073 eodem
1610 2037 1761 2086 Apostolo
1786 2046 1872 2074 atte-

1127 2094 1240 2131 stante,
1262 2086 1377 2122 salubri
1399 2086 1483 2122 ducti
1506 2086 1649 2127 consilio,
1675 2099 1730 2123 vos
1757 2087 1871 2123 milites

1128 2136 1261 2171 civitatis
1284 2136 1441 2178 Par-meu,
1465 2137 1562 2172 recisa
1589 2137 1705 2172 saeculi
1725 2137 1870 2182 vanitate,

1128 2198 1222 2233 super
1248 2185 1308 2220 hoc
1336 2185 1574 2222 fundamentum
1609 2186 1789 2222 aediticium
1818 2199 1871 2222 ve-

1127 2243 1225 2270 strum
1260 2235 1379 2282 erigere
1419 2243 1647 2284 proponentes,
1682 2244 1711 2271 et
1743 2235 1871 2272 Militiae

1129 2293 1247 2320 vostrae
1273 2297 1399 2320 cursum
1423 2285 1462 2320 ad
1485 2285 1634 2321 honorem
1660 2284 1730 2326 Dei,
1756 2293 1787 2320 et
1808 2285 1871 2321 Ec-

1128 2334 1241 2370 clesiae
1255 2342 1378 2371 sanctae
1392 2343 1609 2371 convertentes
1620 2335 1870 2382 profectum,sub

1128 2392 1210 2419 certa
1233 2384 1398 2432 disciplina
1419 2386 1522 2420 vivere
1536 2384 1602 2420 Deo
1623 2392 1869 2440 accepta‚unum

1130 2433 1279 2469 habentes
1312 2434 1509 2482 magistrum,
1541 2434 1590 2469 eui
1618 2441 1795 2469 reverenter
1821 2434 1870 2469 in-

1129 2482 1273 2524 tendatis,
1301 2483 1340 2518 de
1362 2491 1462 2519 vestra
1490 2483 1588 2519 salute
1620 2482 1744 2518 solliciti
1765 2483 1872 2519 decre·

1129 2533 1223 2568 vistis.
1252 2532 1336 2568 Haec
1364 2540 1466 2568 autem
1495 2531 1619 2567 vivendi
1651 2532 1760 2575 forma,
1788 2533 1869 2569 sicut

1129 2582 1194 2617 ab
1188 2595 1256 2630 ipso
1271 2583 1399 2618 nomine
1419 2581 1489 2618 Iesu
1512 2581 1641 2626 Christi,
1657 2582 1710 2630 qui
1728 2582 1878 2638 omnium.

1130 2631 1282 2667 bonorum
1317 2641 1363 2667 eSl.
1402 2631 1591 2680 prlssCiPium
1633 2640 1662 2666 O!
1697 2644 1802 2678 origo,
1825 2644 1868 2667 rel

1129 2682 1223 2716 sumit
1245 2681 1406 2723 OffeCIum3
1428 2681 1473 2716 SIC
1498 2689 1529 2716 et
1550 2681 1650 2729 lpsluS
1672 2681 1808 2717 nominis
1828 2689 1869 2716 tt-

1901 1250 1999 1278 Rogulam
2007 1251 2042 1273 hui
2037 1258 2069 1273 rue

1888 1284 1968 1304 ordine
1989 1288 2068 1310 appro-

1895 1800 1984 1826 negatae
1997 1804 2066 1822 tenor.
2102 1814 2103 1818 ,

1897 2388 1954 2411 Unus
1979 2395 2005 2410 mi
1999 2390 2022 2410 iii
2024 2390 2066 2411 tin

1883 2425 1938 2446 mugi
1932 2421 1990 2441 'nite
