2129 3223
40 232 91 262 An.
105 231 134 260 C.
155 231 221 260 ¹¹98

33 571 72 587 flue

19 2244 22 2249 Ι
37 2256 146 2282 moreium
154 2278 157 2282 .

828 230 1038 255 inwoctzh‘rms
1060 232 1096 255 ΠΙ
1120 232 1169 255 ΡΡ.

234 287 432 324 Mai-covaldo
445 286 593 321 fidelitate
618 293 692 321 sunt
714 285 760 320 vel
782 293 977 322 sacramento

234 337 368 382 astricti,
398 335 565 384 apostolica
604 335 785 370 auctoritate
819 348 834 370 a
872 348 976 371 sacra-

233 393 338 422 mento
363 384 569 421 absolvimus:
597 392 627 419 et
653 397 691 420 ne
713 385 772 432 ipsi
796 385 974 421 fidelitatem

231 435 407 475 observent,
440 433 543 470 modis
577 434 724 469 omnibus
757 434 974 481 prohibemus:

230 497 301 520 cum
331 484 526 525 fidelitatem,
553 496 646 531 quam
681 483 774 531 aliqui
802 483 973 520 christiano

46 535 214 566 'mmmm-
229 534 362 582 principi
386 534 576 574 iuraverunt,
598 533 676 575 Deo,
703 534 833 581 eiusque
857 535 973 570 sanctis

75 581 80 586 ’
227 583 418 628 adversanti,
444 591 474 619 et
497 595 604 620 eorum
636 590 800 630 praecepta
828 583 971 626 calcanti,

226 633 311 670 nulla
332 633 522 669 mandentur
541 633 725 668 auctoritate
746 644 878 668 servare.
898 633 969 668 Om-

226 694 282 718 nes
307 690 423 724 autem,
450 683 503 730 qui
536 683 563 717 ei
593 691 663 729 post
694 682 967 718 denunciationem

224 733 322 779 ipsam
346 732 448 768 divina
476 740 755 780 praesumpserunt
782 731 880 768 officia
915 745 968 768 ce-

223 781 360 823 lebrare,
398 794 498 829 usquc
532 781 569 817 ad
609 781 790 817 mandatum
824 789 965 818 nostrum

221 831 440 879 suspensionis
464 832 675 880 praecipimus
696 833 868 868 sententiae
889 832 966 868 sub-

222 881 334 917 iacere.
356 881 494 930 Ideoque
520 881 731 929 praesentium
755 881 842 917 vobis
863 890 965 918 aucto-

167 941 170 944 ’
220 930 309 966 ritate
331 932 527 971 mandamus,
550 939 706 978 quatenus
723 943 845 976 omnes,
866 932 920 979 qui
935 933 962 967 ei

219 980 386 1016 iuramenti
424 980 472 1016 vel
499 980 572 1017 fidei
598 980 787 1016 tenebantur
812 981 962 1028 religione

217 1029 346 1072 astricti,
367 1029 565 1066 denuncietis
585 1039 616 1065 et
636 1030 818 1066 denunciari
840 1031 962 1067 faciatis

217 1090 273 1126 per
299 1077 412 1115 Sedem
435 1079 646 1127 Apostolicam
673 1080 842 1116 absolutos.

559 1242 611 1277 111.

214 1318 384 1363 Confirmat
420 1320 542 1363 regulas
577 1322 726 1365 quasdam
752 1334 772 1356 a
804 1324 957 1358 canonicis

261 1368 420 1402 Perusinis
436 1376 540 1403 mutuo
558 1381 679 1404 assensu
698 1371 797 1415 factas
817 1375 860 1407 ad
876 1375 958 1419 quie-

260 1422 317 1450 tem
337 1424 364 1451 et
395 1430 582 1453 communem
604 1420 698 1453 vitam
723 1422 756 1455 in
787 1424 955 1467 capitulum

258 1466 460 1502 inducendam
482 1470 537 1512 (1).

473 1545 686 1579 SUMMARIUM

207 1610 373 1642 Exordium.
396 1631 432 1636 —
454 1612 582 1652 Regulae
604 1614 739 1647 Perusini
758 1621 879 1659 capituli
898 1632 950 1653 co-

244 1664 308 1686 ram
343 1656 477 1695 delegato
520 1659 681 1698 apostolico
718 1670 886 1703 compactae
913 1684 952 1691 -

244 1698 470 1732 Confirmantur.
491 1719 530 1726 —
557 1703 704 1736 Numerus
726 1709 950 1749 capitularium,

243 1746 443 1778 etofficiorum
457 1747 637 1779 distributio.
647 1766 686 1772 —
697 1751 949 1795 Archipresbyter.

240 1807 279 1814 —
295 1790 469 1822 Ordinarius
491 1793 615 1832 eiusque
634 1803 765 1826 munera.
788 1814 825 1820 —
848 1798 950 1830 Came-

241 1836 348 1867 rarius.
365 1852 403 1859 —
420 1835 459 1866 De
477 1836 620 1867 electione
637 1840 892 1882 archipresbyteri.
911 1861 949 1868 —

241 1879 313 1911 Eius
331 1881 463 1911 muneris
479 1886 585 1921 partes.
603 1898 641 1907 -—
658 1883 697 1914 De
715 1886 843 1917 novitiis.
862 1889 948 1920 —De

241 1925 350 1956 vestitu
364 1926 584 1964 canonicorum.
601 1944 640 1950 —
656 1927 695 1959 De
714 1930 801 1961 victu.
815 1948 853 1955 ——
865 1934 947 1965 Aliae

242 1969 372 2009 regulae.
387 1987 425 1993 -
439 1969 478 2001 De
495 1971 580 2003 laicis
593 1974 799 2006 servientibus.
814 1992 852 2000 ——
863 1977 947 2009 Clau-

242 2015 334 2046 sutae.
880 2030 888 2035 ’·

201 2086 370 2116 Innocentius
388 2087 527 2124 episcopus
545 2095 639 2118 servus
663 2097 801 2121 servornm
819 2093 881 2127 Dei,
900 2102 944 2123 ar·

245 2135 459 2173 mpresbytorm
479 2139 508 2167 ot
524 2139 658 2168 canonicis
677 2140 820 2171 Perusinis.

230 2200 233 2202 ’
249 2205 299 2241 Ad
320 2205 475 2242 tollendas
493 2206 563 2242 lites
578 2207 658 2252 illas,
679 2222 756 2257 quas
774 2211 942 2249 fraternum

202 2254 389 2303 plerumque
418 2256 524 2291 odium
559 2258 738 2302 comitatur,
778 2273 833 2308 per
864 2275 943 2309 quas

201 2304 294 2340 etiam
332 2305 439 2353 quies,
480 2305 700 2355 profectusque
733 2310 941 2348 claustralium

201 2353 384 2402 impeditur,
406 2356 532 2403 speciali
560 2356 758 2395 solicitudine
779 2360 942 2398 intendere

202 2415 260 2439 nos
285 2411 422 2452 oportet,
452 2417 630 2453 quanquam
657 2409 842 2454 generaliter
871 2424 942 2447 om-

201 2453 288 2489 nium
311 2453 449 2490 fidelium
470 2454 614 2502 amplecti
643 2469 766 2504 paceni,
793 2468 823 2495 et
844 2473 941 2508 quae-

201 2514 269 2540 rere
295 2515 334 2539 ex
359 2503 518 2540 iniunctae
544 2505 635 2541 nobis
662 2508 824 2553 pastoralis
849 2522 941 2547 curae

202 2551 304 2588 officio
329 2560 501 2589 teneamur.
532 2554 576 2590 Ea
611 2555 766 2603 siquidem
792 2560 941 2597 conside-

237 2617 275 2653 (1)
295 2618 334 2645 Ex
353 2619 453 2652 Baiuz.,
469 2619 519 2648 loc.
536 2618 593 2654 ciet,
610 2622 685 2657 epist.
703 2623 747 2650 [16.

1646 228 1713 260 115
1778 227 1826 266 Αη.
1846 239 1872 266 c.
1895 239 1960 267 ¹198

1020 287 1139 321 ratione
1160 285 1325 332 diligenter
1351 288 1485 334 inducti,
1511 302 1582 325 cum
1605 291 1643 326 ad
1679 292 1762 326 noti·
1790 292 1959 326 Ressutaef'e'ru-

1019 336 1090 370 tiam
1114 345 1251 370 nostram
1279 349 1374 384 super
1398 339 1613 376 observatione
1641 332 1959 388 ordinis3223⁶³¹lssi¹ss¹gffg

1017 385 1047 419 in
1075 384 1216 420 Ecclesia
1244 394 1343 422 vestra
1371 388 1459 423 vobis
1481 388 1587 425 divisis
1617 390 1655 425 ad
1679 391 1956 444 invi-ffgpggtfwwffl·

1016 446 1100 478 cem,
1123 443 1152 470 et
1176 443 1303 483 propter
1334 436 1392 472 hoc
1418 438 1455 472 ad
1482 438 1596 474 Scdem
1620 440 1755 487 Aposto-
1774 429 1785 450 Ρ
1852 441 1854 443 ’

1015 484 1103 518 licam
1127 483 1341 520 laborantibus
1373 489 1513 533 quaestio
1548 490 1757 535 pervenisset,

1013 532 1160 569 dilectum
1194 534 1290 569 fitium
1325 534 1364 570 G.
1393 535 1499 572 Sancti
1525 538 1655 573 Adriani
1687 539 1757 575 dia-

1012 595 1126 618 conum
1170 584 1357 619 cardinalem
1398 586 1485 620 vobis
1524 587 1756 634 designavimus

1011 632 1196 668 auditorem.
1232 633 1387 668 Mediante
1423 636 1525 683 itaque
1551 637 1649 684 ipsius
1672 639 1756 685 vigi-

1010 681 1101 717 lantia
1124 682 1275 722 studiosa,
1304 684 1384 718 inter
1405 697 1459 720 vos
1480 698 1575 732 super
1600 688 1754 727 discordia

1010 730 1059 766 illa
1088 744 1143 778 per
1168 732 1226 767 Dei
1260 734 1390 780 gratiam
1417 735 1618 772 amicabiliter
1639 751 1753 776 conve-

1009 781 1114 816 nistis:
1138 789 1168 816 et
1189 790 1303 817 certam
1327 783 1399 818 inde
1421 786 1673 823 constitutionem
1690 802 1751 825 mu-

1007 838 1060 865 tuo
1083 843 1238 867 consensu
1262 831 1433 868 formastis:
1456 847 1536 882 quae
1551 836 1664 873 futuris
1680 848 1751 876 tem·

1005 879 1134 927 poribus
1160 893 1176 916 a
1205 882 1292 918 vohis
1322 891 1352 918 et
1372 887 1608 922 successoribus
1642 892 1750 927 vestris

1005 938 1155 977 perpetuo
1181 930 1293 967 debeat
1324 937 1511 971 conservari.
1539 936 1616 972 Eam
1644 948 1747 977 autem

1005 979 1094 1015 nobis
1116 979 1247 1016 fecimus
1271 984 1402 1024 recitari,
1430 994 1460 1020 et
1480 986 1616 1023 auditam
1639 999 1748 1025 aucto-

1003 1029 1091 1064 ritate
1125 1031 1303 1066 curavimus
1337 1035 1508 1080 apostolica
1542 1038 1744 1084 confirmare,

1003 1078 1214 1114 rationabilem
1242 1081 1354 1127 ipsam,
1375 1091 1405 1118 et
1427 1085 1495 1121 sine
1522 1090 1681 1133 pravitatis
1700 1092 1745 1127 vi·

1001 1127 1043 1162 tio
1056 1137 1298 1174 cognoscentes:
1323 1132 1403 1167 unde
1425 1135 1461 1169 ad
1479 1137 1577 1172 maius
1593 1139 1742 1177 iudicium

1001 1176 1154 1213 firmitatis
1175 1180 1427 1218 constitutionem
1442 1186 1572 1221 eandem
1589 1192 1743 1234 praesenti

999 1226 1115 1274 scripto
1137 1228 1286 1264 duximus
1307 1230 1516 1269 inserendam.
1538 1235 1596 1272 Est
1614 1250 1689 1286 ergo
1712 1241 1741 1275 in

999 1275 1097 1322 ipsius
1111 1285 1230 1313 vestrae
1249 1281 1485 1327 compositionis
1501 1285 1654 1333 principio
1671 1302 1744 1325 con·
1813 1330 1816 1332 ,

997 1325 1159 1367 stitutum,
1187 1336 1219 1362 ut
1246 1328 1274 1362 in
1298 1329 1440 1367 Ecclesia
1468 1343 1565 1369 vestra
1588 1338 1650 1372 sint
1672 1347 1741 1374 octo
1756 1328 1938 1383 {iissssffldff'ssiffi

998 1374 1155 1420 regulares
1182 1378 1324 1414 canonici
1352 1389 1381 1415 et
1408 1382 1559 1428 professi,
1593 1386 1656 1421 duo
1690 1389 1740 1425 alii
1755 1391 1819 1412 &¹¹1⁰-

996 1424 1112 1470 clerici,
1139 1426 1192 1472 qui
1225 1427 1254 1461 in
1279 1428 1541 1478 subdiaconatus,
1575 1436 1622 1470 vel
1650 1450 1741 1474 acco-

996 1473 1099 1509 litatus
1121 1475 1222 1510 officio
1245 1485 1305 1512 tam
1324 1479 1466 1523 interius,
1485 1495 1577 1530 quam
1601 1488 1740 1524 exterius

994 1522 1147 1559 sufficiant
1173 1525 1346 1562 deservire:
1382 1530 1412 1564 in
1448 1545 1581 1578 qnorum
1611 1537 1739 1573 servitio

995 1573 1098 1608 nullus
1119 1575 1247 1611 omnino
1274 1577 1369 1613 laicus
1395 1579 1592 1618 admittatur:
1620 1588 1740 1632 praedi-

993 1630 1115 1658 ctorum
1137 1633 1238 1659 autem
1262 1635 1343 1667 octo,
1372 1630 1470 1665 maior
1491 1633 1738 1684 archipresbyter

992 1673 1061 1714 erit,
1087 1673 1167 1709 alius
1182 1675 1367 1718 ordinarius,
1390 1692 1525 1727 sequens
1547 1686 1736 1722 camerarius

992 1720 1060 1762 fiet,
1087 1723 1125 1757 ita
1148 1725 1231 1770 quod
1247 1727 1495 1777 archipresbyter
1521 1732 1601 1767 inter
1625 1746 1734 1771 omnes
1750 1746 1925 1775 Archivretbitssr

991 1772 1191 1817 praelationis
1205 1774 1340 1811 officium
1357 1778 1520 1824 obtinebit,
1540 1790 1648 1829 utpote
1662 1798 1733 1821 cum

989 1821 1027 1855 sit
1051 1834 1146 1868 penes
1168 1835 1239 1859 eum
1259 1827 1361 1862 omnis
1383 1828 1462 1864 circa
1485 1830 1613 1867 domum
1633 1834 1732 1881 ipsam

989 1872 1157 1907 auctoritas
1183 1882 1213 1908 et
1240 1874 1309 1922 ipso
1335 1887 1498 1924 praesente
1520 1891 1633 1918 cuncta
1656 1896 1733 1920 ces-

989 1928 1057 1955 sent
1093 1921 1208 1967 officia,
1235 1933 1264 1958 et
1292 1938 1347 1972 per
1381 1939 1470 1970 eum,
1505 1942 1578 1966 cum
1600 1945 1731 1970 assensu

988 1977 1091 2005 tamen
1105 1972 1246 2008 omnium
1261 1973 1401 2018 fratrum,
1425 1979 1470 2013 vel
1483 1980 1609 2016 maioris
1625 1985 1730 2028 partis,

987 2031 1057 2055 cum
1079 2032 1207 2057 necesse
1233 2023 1336 2065 fuerit,
1371 2026 1564 2074 disponatur.
1591 2030 1731 2068 Ordina-

986 2069 1049 2103 rius
1071 2082 1143 2105 vero
1171 2072 1340 2109 claustrum
1370 2075 1462 2112 dehet
1488 2091 1526 2113 ex
1552 2079 1653 2116 officio
1673 2095 1730 2118 cu-

985 2119 1113 2163 stodire,
1139 2121 1264 2167 signare
1278 2123 1462 2171 diligenter,
1481 2135 1511 2162 et
1524 2131 1697 2166 auscultare
1711 2146 1728 2168 a

985 2168 1116 2215 singulis
1144 2170 1307 2208 lectiones:
1344 2175 1414 2222 quia
1437 2176 1541 2212 nullus
1566 2179 1658 2215 debet
1684 2181 1727 2216 le-

985 2230 1068 2263 gere,
1091 2217 1149 2254 nisi
1171 2220 1274 2262 lectio,
1302 2234 1380 2270 quae
1401 2224 1531 2271 legenda
1553 2236 1610 2267 est,
1639 2232 1726 2276 prius

984 2267 1023 2302 ab
1044 2280 1082 2303 eo
1104 2269 1195 2305 fuerit
1226 2273 1414 2308 auscultata:
1441 2275 1543 2310 divina
1571 2277 1672 2314 officia
1693 2280 1724 2316 in

984 2318 1113 2353 ecclesia
1157 2322 1358 2368 temperabit,
1389 2332 1419 2358 et
1445 2337 1506 2371 qua
1535 2338 1608 2362 voce
1635 2338 1724 2365 uten-

983 2366 1058 2401 dum
1080 2368 1131 2409 sit,
1154 2379 1274 2405 servato
1296 2371 1508 2409 moderamine
1531 2377 1721 2422 providebit:

983 2416 1165 2461 religionem
1193 2418 1285 2454 faciet
1306 2421 1479 2467 observari,
1506 2424 1589 2460 vices
1617 2428 1724 2462 archi-

983 2465 1155 2514 presbyteri
1177 2467 1207 2502 in
1230 2469 1329 2516 ipsius
1349 2470 1486 2507 absentia
1503 2477 1721 2521 suppleturus:

983 2527 1128 2551 excessus
1159 2529 1302 2566 quoque,
1333 2520 1357 2554 si
1393 2522 1445 2568 qui
1483 2532 1599 2569 essent,
1621 2528 1722 2574 (quod

981 2565 1077 2609 absit)
1100 2566 1131 2601 in
1148 2568 1282 2613 capitulo
1301 2569 1428 2605 referet:
1451 2579 1482 2606 et
1502 2584 1573 2608 cum
1590 2576 1722 2613 consilio

982 2614 1108 2650 fratrum
1136 2616 1263 2652 absente
1292 2619 1578 2670 archipresbytero,
1612 2627 1722 2673 poeni-

1774 996 1933 1021 confirmantur.

1768 1295 1868 1318 Numerus
1883 1300 1939 1325 capi-

1757 2038 1880 2061 Ordinarius
1900 2045 1924 2060 e-

1743 2071 1817 2095 iusque
1830 2076 1922 2093 munera.
