2129 3223
884 228 984 252 limax
1006 228 1121 251 annm
1652 219 1715 251 821

236 286 371 322 Marchia
402 285 598 320 Anconitana
624 285 739 320 Azzoni
762 285 817 320 Vll
839 285 964 321 Estensi
994 285 1022 319 in
1046 284 1176 320 seudum
1205 297 1368 325 concessa,
1398 288 1467 320 3⁶24
1500 288 1526 319 b.

236 337 332 372 Marci
356 335 411 379 (S.)
435 335 595 370 Mantuan.
624 335 743 370 ordinis
765 336 889 382 regulae
912 336 1147 376 confirmantur,
1171 337 1243 369 458
1264 337 1291 369 b.
1308 335 1386 370 Eius
1409 336 1503 383 priori
1528 337 1677 371 nonnulla
1700 349 1773 373 con-

337 385 492 420 ceduntur
519 384 697 432 privilegia,
719 386 789 419 462
813 388 840 420 b.

235 434 454 471 Marcovaldus
485 434 716 470 ecclesiasticae
740 435 891 470 libertatis
915 434 1055 479 violator,
1079 437 1149 469 114
1171 436 1198 469 b.
1225 434 1460 481 Longanimitas
1481 447 1552 482 erga
1575 448 1645 470 eum
1676 437 1770 471 adhi-

335 485 409 525 bita,
431 485 506 519 ibid.
530 483 709 520 contumax
732 485 1024 520 excommunicatur
1050 492 1081 519 et
1106 485 1441 519 excommunicationis
1467 485 1535 519 eius
1561 487 1713 521 sententia
1733 487 1772 522 ab

335 534 518 569 Innocentio
545 534 587 569 lll
609 533 672 569 ΡΙ).
709 535 922 573 confirmatur,
956 536 1028 569 ibid.
1057 543 1086 569 et
1115 537 1183 569 115
1211 548 1240 569 a.
1276 533 1303 568 Α
1330 535 1472 569 censuris
1498 535 1621 571 solutus
1648 536 1772 571 denun-

333 585 443 628 ciatur,
468 585 535 619 164
563 586 590 618 b.
613 583 754 632 Spondet
786 597 819 619 se
848 585 952 632 Papae
978 584 1134 619 mandatis
1162 584 1470 631 obtemperaturum,
1496 586 1563 620 165
1591 598 1620 620 a.

234 634 348 670 Mariae
378 634 439 678 (B.)
461 634 631 669 Servorum
656 635 744 668 ordo.
778 635 811 668 V.
836 634 1028 669 Servitarum
1051 634 1140 669 ordo.

235 685 350 720 Mariae
374 684 433 728 (B.)
454 683 594 730 Virginis
621 683 774 730 gloriosae
798 684 905 719 militia
933 683 994 719 sub
1022 684 1125 730 regula
1150 683 1187 718 Β.
1216 683 1384 730 Augustini
1407 684 1610 731 approbatur,
1645 687 1716 720 676
1743 687 1770 719 b.

334 734 359 768 Α
391 733 509 781 quibus
532 733 625 768 suerit
653 733 805 772 instituta,
830 736 898 768 677
927 736 954 768 b.
982 733 1102 768 Nomen
1126 741 1156 768 et
1177 734 1284 781 regula
1308 733 1447 777 militiae,
1468 735 1541 769 ibid.

234 784 348 819 Mariae
370 783 430 827 (S.)
457 783 495 817 de
517 782 693 818 Ara-Coeli
722 784 751 817 in
780 783 864 817 Urbe
892 784 1033 818 Ecclesia
1060 795 1095 818 ac
1128 784 1352 818 monasterinm
1386 783 1533 819 fratribus
1560 784 1678 820 ordinis
1705 785 1768 820 Mi·

334 845 445 869 norum
469 832 502 868 S.
526 832 685 868 Francisci
714 833 914 874 conceditur,
939 835 1008 869 558
1032 835 1060 867 b.

233 883 348 919 Mariae
384 881 440 929 (S.)
473 882 512 918 de
539 882 682 918 Ferraria
708 884 934 918 monasterium
969 882 1090 918 ordinis
1121 882 1307 918 Cistercieu.
1335 882 1496 918 Theanen.
1526 883 1681 920 dioecesis
1711 884 1771 919 sub

332 932 742 980 protectioneApostolicae
756 932 849 967 Sedis
872 933 1054 981 suscipitur,
1077 933 1224 981 bonaque
1246 933 1350 968 onmia
1372 934 1399 967 ei
1423 933 1663 978 confirmantur,
1684 936 1728 969 89
1756 936 1773 968 b

331 991 361 1018 et
384 995 413 1016 se
437 1010 443 1017 .

232 1032 347 1068 Mariae
372 996 432 1076 (Sg
458 1032 496 1067 de
524 1031 669 1067 Mercede
693 1032 918 1080 redemptionis
945 1033 1138 1080 captivorum
1176 1032 1303 1067 fratrum
1333 1032 1434 1067 ordini
1461 1033 1643 1068 conceditur
1665 1042 1699 1069 ut
1721 1035 1773 1068 vi-

332 1089 403 1117 vant
424 1081 484 1117 sub
509 1080 614 1127 regula
642 1081 676 1116 S.
708 1082 893 1128 Augustini,
917 1084 987 1117 485
1010 1084 1037 1117 b.

231 1131 348 1168 Mariae
373 1130 433 1176 (S.)
456 1131 496 1166 de
522 1130 627 1166 Monte
654 1131 800 1167 Carmelo
822 1132 943 1168 ordinis
965 1132 1093 1167 fratrum
1124 1131 1249 1178 regulae
1283 1131 1482 1167 declarantur
1508 1140 1538 1167 et
1567 1133 1770 1180 mitigantur.

333 1185 403 1217 555
426 1194 456 1216 α.
486 1180 566 1216 Eius
592 1188 706 1216 statuta
733 1181 888 1217 declarata
915 1182 1150 1222 confirmantur,
1179 1182 1249 1216 628
1277 1183 1305 1216 b.

233 1230 350 1266 Mariae
373 1231 430 1276 (S.)
459 1230 497 1266 de
523 1229 639 1265 Rheno
662 1231 782 1266 fratres.
811 1232 846 1265 V.
870 1231 1020 1267 Praxedis
1047 1230 1105 1275 (S.)
1127 1238 1180 1265 etc.

234 1280 349 1316 Mariae
371 1280 427 1323 (S.)
451 1281 480 1314 iu
509 1279 601 1315 Saxia
629 1280 666 1315 de
685 1280 772 1316 Urbe
795 1281 958 1328 hospitale.
991 1282 1026 1315 V.
1055 1280 1191 1328 Spiritus
1213 1280 1268 1325 (S.)
1292 1280 1445 1328 hospitale
1459 1289 1513 1316 etc.

235 1330 349 1366 Mariae
371 1330 498 1366 Maioris
516 1328 572 1374 (S.)
594 1329 738 1365 basilicae
761 1330 798 1365 de
820 1331 905 1366 Urbe
927 1331 1153 1366 confirmantur
1175 1330 1361 1365 donationes
1383 1331 1481 1366 factae
1504 1330 1541 1365 ab
1566 1331 1711 1378 Eugenio
1731 1331 1773 1366 Ill

335 1388 365 1414 et
391 1377 556 1415 Clemente
578 1378 631 1420 ΙΙΙ,
659 1381 698 1414 81
729 1381 757 1423 b⁷
791 1382 836 1414 8⁶2
858 1393 896 1421 ας
933 1393 990 1416 nec
1024 1392 1085 1414 non
1114 1388 1143 1415 et
1175 1380 1389 1426 indulgentiae
1417 1393 1432 1414 a
1461 1380 1550 1415 Sixto
1574 1380 1615 1415 lll
1641 1390 1669 1415 et
1697 1381 1774 1416 Cle-

334 1437 439 1465 mente
460 1429 503 1464 llt
525 1441 703 1469 concessae,
727 1432 799 1464 585
822 1431 849 1463 b.

235 1479 409 1515 Maritimae
436 1488 465 1513 et
487 1478 676 1524 Campaniae
699 1488 809 1519 castra,
837 1479 947 1521 feuda,
980 1489 1079 1515 terrae
1105 1487 1135 1513 et
1167 1479 1224 1513 alia
1257 1479 1380 1514 nonnisi
1411 1480 1552 1525 personis
1584 1480 1623 1515 de
1651 1480 1771 1516 eisdem

335 1528 503 1576 provinciis
531 1528 674 1563 oriundis
698 1529 799 1571 vendi,
822 1529 930 1564 donari
953 1542 1008 1565 seu
1026 1528 1180 1564 infeudari
1200 1537 1345 1576 possunt,
1374 1531 1443 1563 702
1470 1542 1500 1563 α.

234 1579 447 1614 Massilienses
473 1577 533 1613 sub
565 1578 660 1613 tutela
690 1578 800 1626 Apost.
830 1578 923 1614 Sedis
951 1579 1146 1625 recipiuntur
1167 1591 1238 1613 cum
1264 1592 1365 1613 annua
1398 1580 1605 1625 praestatione
1628 1580 1666 1613 ab
1698 1580 1774 1627 ipsis

332 1637 444 1676 sponte
471 1627 575 1663 oblata
602 1636 730 1663 centum
753 1628 920 1664 obulorum
944 1640 1128 1669 aureorum,
1151 1630 1221 1662 446
1248 1641 1277 1662 α.

234 1677 392 1713 Mathildis
419 1678 595 1712 comitissae
628 1678 795 1713 concordia
830 1689 901 1712 curn
936 1678 1121 1714 Nivernensi
1155 1686 1185 1712 et
1219 1677 1432 1713 Virziliacensi
1470 1679 1659 1714 monasterio
1696 1692 1774 1714 con-

332 1726 485 1770 firmatur.
507 1729 578 1761 289
601 1728 627 1761 b.
663 1726 776 1761 Terras
803 1727 971 1763 nonnullas
993 1728 1088 1763 donat
1122 1726 1282 1762 Ecclesiae
1304 1727 1478 1772 Romanae,
1507 1730 1571 1762 571
1604 1730 1631 1762 b.
1667 1729 1773 1764 Recu-

333 1784 495 1824 peranmr,
519 1777 593 1810 t'btd.
618 1775 879 1824 Recuperationis
900 1785 1053 1812 terrarum
1081 1775 1266 1832 descriptio,
1289 1779 1408 1811 3720.

234 1824 479 1860 Matrimonium.
508 1825 587 1860 Litis
615 1825 784 1882 pendentia
811 1838 906 1874 super
928 1826 1129 1862 matrimonio
1156 1838 1218 1860 non
1247 1826 1377 1874 impedit
1409 1827 1581 1862 secundum
1606 1829 1770 1863 matrimo-

334 1876 419 1910 nium
442 1875 627 1910 contrahere
649 1876 675 1910 si
703 1876 841 1923 primum
865 1884 929 1911 erat
956 1877 1088 1920 nullum
1111 1879 1157 1911 45
1184 1888 1215 1910 α.
1238 1875 1437 1911 Contrahens
1457 1878 1693 1912 matrimonium
1711 1878 1771 1913 sub

335 1924 518 1960 conditione
540 1937 602 1959 non
626 1925 809 1972 improbata,
837 1939 899 1961 non
923 1927 1123 1975 compellitur
1146 1926 1380 1961 matrimonium
1397 1939 1585 1962 consumare
1607 1935 1678 1962 ante
1700 1939 1773 1962 con-

332 1975 460 2010 ditionis
486 1983 645 2017 eventum,
681 1977 754 2010 ibid.
783 1978 810 2011 b.
839 1976 873 2011 In
901 1985 1012 2024 quarto
1046 1977 1329 2023 consanguinitatis
1362 1977 1459 2023 gradu
1489 1990 1550 2011 non
1579 1977 1771 2012 contrahen-

332 2025 420 2069 dum,
444 2026 513 2060 582
536 2027 563 2059 b.

234 2075 367 2110 Matthaei
390 2074 448 2118 (S.)
470 2074 508 2108 de
534 2075 671 2110 Castello
693 2075 813 2110 ordinis
839 2075 1005 2112 Cassinen.
1035 2077 1258 2112 monasterium
1281 2077 1401 2112 obtinet
1422 2078 1693 2113 confirmationem
1716 2077 1768 2112 bo·

333 2137 447 2160 norum
473 2125 612 2158 omnium
637 2133 666 2159 et
693 2126 931 2161 concessionem
957 2127 1194 2175 privilegiorum
1217 2139 1233 2162 a
1254 2127 1354 2162 Lucio
1381 2127 1422 2161 ΙΙΙ
1452 2127 1527 2170 ΡΡ.
1559 2129 1601 2161 14
1631 2129 1658 2161 b
1684 2126 1770 2161 Bona

333 2175 438 2209 omnia
462 2174 488 2208 ei
518 2175 744 2209 confirmantur
765 2184 796 2210 et
823 2176 982 2223 privilegia
1006 2177 1236 2218 conceduntur
1260 2179 1331 2212 615
1353 2190 1382 2210 a.

234 2223 400 2259 Matthaeus
421 2223 518 2258 abbas
539 2223 573 2258 S.
602 2223 760 2259 Laurentii
784 2226 821 2259 de
843 2225 972 2261 Atersa.
1003 2229 1036 2261 V.
1060 2227 1219 2261 laurentii
1244 2227 1300 2270 (St
1324 2227 1361 2260 de
1387 2227 1512 2261 Aversa.

236 2273 412 2309 Matthaeus
437 2273 575 2320 archiep.
604 2273 792 2321 Capuanus
821 2277 867 2310 90
894 2289 922 2309 a.

234 2323 410 2359 Matthaeus
436 2335 487 2371 ep.
511 2323 679 2368 Mazaren.
709 2327 753 2358 12
780 2327 807 2359 b.

235 2372 486 2409 Mediolanenses
519 2374 694 2408 excitantur
714 2374 751 2408 ad
783 2375 962 2410 violentiam
998 2375 1185 2411 Pisanorum
1214 2375 1390 2410 Sardiniam
1419 2376 1640 2423 occupantium
1670 2376 1772 2424 repel-

333 2422 468 2466 lendam,
493 2425 562 2457 545
589 2435 618 2457 α.

236 2472 463 2508 Mediolanensi
486 2472 645 2507 Ecclesiae
667 2472 849 2508 Cremensis
870 2474 1051 2519 subiicitur,
1074 2477 1145 2510 420
1167 2477 1194 2509 b.

236 2521 381 2569 Melgorii
407 2534 463 2558 seu
490 2522 607 2557 Montis
628 2521 778 2558 Ferrandi
802 2525 968 2560 comitatus
990 2525 1192 2559 confirmatur
1214 2524 1373 2559 Ecclesiae
1398 2525 1620 2571 Magalonensi
1645 2528 1716 2561 545
1736 2539 1768 2560 α.

236 2571 430 2620 Metropolis.
452 2571 516 2607 Res
533 2571 671 2616 insolita,
687 2580 720 2607 ut
733 2573 812 2608 duae
826 2574 965 2609 civitates
983 2574 1063 2609 inter
1081 2587 1115 2610 se
1130 2575 1250 2609 vicinae
1266 2575 1458 2622 metropoles
1476 2583 1666 2618 crearentur
1683 2578 1722 2610 11
1741 2577 1770 2610 b.

235 2621 393 2658 Minorum
421 2621 550 2657 fratrum
573 2621 604 2656 S.
633 2621 792 2658 Francisci
820 2623 897 2659 ordo
925 2633 952 2659 et
982 2624 1105 2671 regulae
1132 2623 1364 2672 approbantur,
1393 2626 1461 2659 594
1485 2637 1505 2659 α
1530 2633 1639 2670 etseq.
1676 2625 1770 2673 Apud
