2129 3223
30 291 75 319 m.
95 290 126 319 C.
143 291 208 319 ¹256

73 370 88 390 ’ὁ

822 290 1018 316 ALEXANDRR
1041 292 1074 315 lv
1096 292 1143 315 PP.

220 356 309 380 suam
336 344 449 380 habeat
484 343 669 390 portionem.
709 344 842 393 Insuper
882 357 970 392 prae-

221 393 324 429 dictus
346 394 442 442 prior,
460 401 490 428 et
516 392 626 428 fratres
647 405 757 429 omnes
791 404 821 430 et
856 395 968 442 singuli

220 443 326 479 omnia
360 451 390 477 et
412 441 535 489 singula
567 444 776 490 suprascripta
813 446 969 491 promise-

221 500 293 527 runt
340 491 377 526 ad
407 492 539 527 invicem
580 491 680 527 facere
720 493 885 529 observare
939 504 969 530 et

219 541 402 587 adimplere,
435 548 466 575 et
505 540 581 576 mihi
613 541 813 589 infrascripto
849 545 968 578 notario

219 590 383 638 recipienti
425 601 481 637 pro
507 590 591 624 dicto
618 590 756 637 capitulo
783 599 813 626 et
836 593 969 627 univer—

217 639 310 675 sitate
331 639 598 674 renunciaverunt
621 640 651 674 in
674 640 821 675 omnihus
855 650 885 675 et
906 643 968 676 siu-

217 688 300 734 gulis
333 688 524 735 supradictis
545 688 756 723 decretalibus
773 699 801 724 et
822 690 966 732 decretis,

217 745 247 772 et
273 739 359 772 omni
388 737 447 772 iuri
470 749 626 772 canonum
655 747 685 772 et
706 739 810 785 legum
839 741 965 781 auxilio,

215 785 332 834 quibus
358 794 464 821 contra
488 787 677 833 praedictam
705 800 738 822 se
766 789 870 824 iuvare
894 802 966 836 pos-

215 843 296 871 sent.
324 835 400 871 Acta
441 843 514 871 sunt
553 836 629 871 haec
672 837 754 884 apud
801 839 964 873 ecclesiam

216 884 444 932 praedictorum
472 884 601 920 fratrum
635 886 725 921 sitam
758 899 854 934 prope
889 888 966 923 civi-

214 941 309 970 tatem
337 933 551 969 Florentinam
579 935 608 969 in
632 936 700 970 loco
722 936 805 970 dicto
820 936 964 984 Casagio:

215 983 434 1031 praesentibus
457 983 590 1019 testibus
611 985 707 1031 Arigo
747 985 890 1020 Baldonii
926 987 965 1022 de

213 1032 420 1080 Anguillaria‚
442 1041 472 1068 et
512 1032 640 1080 Rugero
676 1034 740 1069 filio
772 1034 883 1070 Romei
924 1036 963 1071 de

213 1082 343 1126 Antilta,
366 1089 396 1116 et
435 1082 622 1117 Rustichino
656 1083 720 1118 filio
758 1083 889 1119 Gerardi
925 1085 963 1120 de

213 1131 331 1179 populo
351 1130 459 1167 Sancti
482 1131 599 1167 Felicis
622 1133 652 1167 in
676 1132 776 1173 Plaza,
807 1142 836 1167 et
878 1134 963 1169 Bon-

213 1179 332 1216 santino
354 1180 418 1215 filio
445 1180 547 1216 Iacobi
570 1181 608 1216 de
630 1181 703 1216 Yse.
724 1181 789 1228 Ego
825 1182 964 1218 Mansre-

213 1229 286 1271 dus,
307 1230 466 1277 quondam
489 1229 632 1274 Gerardi,
659 1230 752 1266 iudex
779 1240 872 1279 atque
904 1244 964 1267 no-

212 1279 312 1314 tarius
338 1279 508 1327 praedictis
530 1280 668 1324 interfui,
687 1280 822 1328 ideoque
839 1281 962 1328 publice

213 1328 324 1376 scripsi
345 1336 483 1375 rogatus.

262 1377 346 1412 Nulli
374 1389 450 1424 ergo
476 1377 606 1413 omnino
633 1377 796 1413 hominum
833 1387 886 1413 etc.
930 1398 933 1399 ν

257 1427 376 1462 ‘Datum
400 1427 543 1462 Laterani
566 1427 690 1462 decimo
712 1428 858 1463 kalendas
877 1430 961 1476 apri-

211 1475 263 1522 lis,
284 1475 487 1524 pontificatus
508 1477 605 1511 nostri
627 1488 709 1511 anno
735 1477 884 1512 secundo.

369 1536 430 1567 Dat.
463 1537 510 1568 die
530 1547 666 1577 annoque
691 1539 801 1568 eodem.

526 1713 643 1749 xxix.

216 1794 294 1828 Um'o
320 1795 512 1829 diversarum
538 1797 808 1840 conqreqationum
834 1797 961 1829 Eremi—

260 1849 363 1878 tarum
395 1845 449 1877 sub
471 1845 716 1878 denominatione
733 1846 867 1889 fratrum
886 1845 962 1878 Ere-

260 1893 408 1927 milarum
433 1893 542 1926 Sancti
558 1895 738 1937 Auyustini,
757 1895 850 1938 deque
871 1894 961 1928 huius

260 1942 379 1976 ordinis
404 1943 512 1986 requla
533 1954 569 1976 ac
591 1943 753 1987 uniformis
774 1944 894 1977 habitus
912 1945 962 1977 de-

261 1991 383 2025 latione.

480 2067 693 2099 SUMMARtUM

211 2139 444 2171 Prooemium.—
454 2139 480 2169 1.
491 2138 572 2169 Unus
580 2148 613 2169 ex
622 2140 745 2170 diversis
760 2140 880 2171 familiis
892 2151 960 2172 con-

250 2183 370 2215 stitutus
393 2184 473 2214 ordo.
489 2200 527 2207 —
545 2183 572 2214 2.
591 2183 696 2214 Nuncii
718 2193 770 2224 pro
789 2186 960 2216 huiusmodi

250 2228 361 2259 unione
382 2228 504 2259 Romam
524 2229 671 2259 accersiti:
692 2245 730 2252 —
747 2229 774 2259 3.
793 2229 960 2270 Eorumque

251 2277 348 2303 votum
376 2277 405 2302 et
426 2273 536 2312 petitio.
558 2289 597 2295 —
623 2274 651 2303 4.
673 2272 785 2304 Unicus
808 2273 960 2312 eligendus

251 2317 333 2357 prior
359 2317 514 2356 generalis.
546 2333 584 2339 -—-
610 2318 637 2347 6.
665 2316 765 2347 Baculi
796 2323 823 2348 et
849 2317 959 2348 serulae

250 2361 361 2392 eisdem
381 2361 523 2392 sublatae.
543 2377 580 2384 —
597 2362 622 2391 7.
638 2361 718 2397 Quae
735 2363 832 2392 omnia
851 2371 865 2391 a
885 2362 960 2392 Pon-

205 2427 210 2430 ·
250 2405 329 2436 tifice
351 2406 573 2436 confirmantur.
602 2422 639 2428 —
661 2406 687 2436 8.
706 2405 827 2436 Habitus
847 2407 961 2436 unifor-

251 2449 318 2479 mis.
349 2465 387 2472 —
415 2450 442 2480 9.
471 2449 606 2480 Caeterae
635 2449 739 2479 domus
763 2450 829 2480 huic
858 2451 960 2481 unioni

251 2492 379 2523 debeant
399 2502 510 2534 parere.

212 2560 362 2590 Alexander
372 2560 513 2597 episcopus
526 2566 620 2589 servus
633 2566 773 2590 servorum
780 2559 838 2594 Dei,
852 2561 962 2590 dilectis

257 2608 323 2638 filiis
356 2609 505 2639 Lauri-anco
524 2609 654 2646 generali,
678 2609 896 2646 provincialibus.
934 2612 962 2640 et

256 2657 393 2694 prioribus
410 2666 442 2687 ao
472 2659 608 2689 universis
627 2659 762 2688 fratribus
778 2660 881 2689 ordinis
899 2660 962 2690 Ere·

1639 286 1710 322 635

1054 350 1185 379 mitat-um
1204 351 1295 381 sancti
1314 352 1468 388 Augustini.
1488 355 1548 383 tam
1569 355 1761 391 praesentibus

1054 406 1134 436 quam
1152 399 1268 435 futuris.
1288 402 1407 432 satutem
1426 405 1456 433 et
1483 403 1661 441 apostoticam
1680 405 1760 436 bone-2

1052 449 1209 479 dictionem.

1057 520 1146 555 Licet
1172 520 1335 557 Ecclesiae
1356 524 1526 560 catholicae
1547 526 1756 574 integritatem

1008 571 1151 616 corporis
1176 571 1223 605 sui
1251 571 1370 606 sincera
1399 575 1613 610 membrorum
1649 576 1757 612 diver-

1007 619 1082 654 sitas
1103 619 1333 664 subministret,
1355 630 1385 656 et
1406 624 1662 661 circumamictus
1683 639 1757 672 spe-

1007 668 1071 702 cies
1100 668 1324 715 multiplicibus
1351 671 1381 705 in
1410 683 1443 706 ea
1471 674 1671 709 varietatibus
1698 675 1757 710 de-

1007 725 1144 760 coretur,
1175 718 1252 753 nihil
1294 727 1395 754 tamen
1435 722 1464 755 in
1500 723 1566 768 ipsa
1610 725 1758 771 exprimit

1006 767 1234 802 contrarietatis
1261 768 1291 802 in
1320 770 1520 812 continuum,
1542 772 1571 806 in
1595 784 1655 820 qua
1679 786 1758 809 con-

1005 827 1132 850 sensum
1180 818 1279 850 nutrit
1318 818 1541 854 inextimabilis
1588 822 1756 858 concordia

1005 864 1174 905 charitatis,
1196 874 1226 900 et
1258 866 1456 903 individuam
1480 868 1563 904 fovet
1602 871 1758 907 universi-

1006 915 1075 948 tatis
1097 915 1301 950 conformitas
1324 916 1460 964 lideique
1487 919 1673 966 simplicitas
1688 923 1757 955 uni·-

1004 971 1108 998 tatem.
1136 963 1254 999 Verum
1280 966 1360 1000 circa
1395 967 1620 1004 aedificationis
1654 970 1756 1005 sabri-

1004 1023 1085 1053 cam‚
1107 1025 1186 1059 quae
1214 1014 1245 1048 in
1272 1013 1439 1062 Templum
1467 1026 1611 1052 sanctum
1640 1019 1670 1053 in
1694 1019 1757 1055 Do·

1005 1063 1103 1102 mino,
1131 1064 1346 1109 operariorum
1369 1065 1437 1099 eius
1464 1066 1570 1101 studio
1593 1068 1755 1113 moliente,

1003 1112 1183 1153 succrescit,
1199 1111 1356 1147 credimus
1371 1114 1498 1149 assidue
1513 1117 1755 1162 providendum,

1005 1168 1039 1194 ut
1061 1160 1090 1193 in
1119 1161 1322 1196 varietatibus
1345 1164 1491 1208 partium,
1513 1177 1593 1212 quae
1619 1165 1658 1200 ad
1691 1167 1754 1202 de—

1003 1220 1108 1243 corem
1132 1217 1305 1245 structurae
1342 1211 1518 1247 dominicae
1551 1214 1753 1257 adhibentur,

1002 1258 1046 1292 sic
1068 1268 1215 1305 appareat
1242 1259 1388 1295 distincta
1412 1261 1585 1304 diversitas,
1617 1272 1651 1298 ut
1689 1278 1751 1300 uon

1002 1309 1042 1341 sit
1063 1307 1205 1343 confusio
1228 1309 1405 1349 indiscreta,
1425 1323 1484 1345 nec
1504 1311 1633 1346 alterius
1654 1312 1752 1348 forma

1003 1356 1178 1403 importuna
1195 1358 1464 1393 consimilitudine
1486 1362 1623 1407 speciem
1660 1375 1753 1409 prae-

1003 1406 1108 1439 tendat
1133 1406 1274 1446 alterius,
1297 1407 1350 1441 sed
1369 1409 1492 1454 singula
1519 1422 1662 1457 quaeque
1683 1424 1753 1446 cer-

1002 1462 1067 1489 tum
1096 1456 1211 1501 proprii
1236 1456 1321 1490 modi
1345 1457 1486 1491 ordinem
1510 1461 1692 1495 sortiantur.

1049 1503 1119 1550 gl.
1148 1503 1215 1539 Hac
1253 1517 1328 1540 saue
1367 1507 1620 1543 consideratione
1663 1522 1752 1545 com—

1001 1552 1123 1595 moniti,
1148 1564 1220 1588 cum
1242 1566 1380 1589 consona
1407 1556 1438 1590 in
1472 1557 1559 1592 vobis
1594 1558 1751 1594 Eremita-

1001 1613 1069 1635 rum
1088 1603 1266 1648 appellatio,
1279 1611 1310 1637 et
1324 1616 1433 1650 parum
1448 1605 1570 1641 diversa
1587 1607 1752 1654 professio,

1001 1650 1179 1696 disparibus
1201 1653 1313 1696 titulis,
1340 1661 1370 1688 et
1400 1654 1431 1688 in
1464 1654 1623 1702 aliquibus
1657 1658 1750 1693 dissi-

1001 1700 1066 1733 mili
1090 1700 1253 1735 habituum
1277 1702 1436 1737 schemate
1463 1703 1666 1751 discreparet,
1697 1719 1751 1741 co-

1000 1749 1167 1794 gitavimus
1187 1762 1320 1796 sponsae
1342 1751 1472 1792 Christi,
1499 1754 1529 1787 in
1552 1755 1643 1789 cuius
1664 1764 1751 1791 veste

1002 1798 1050 1843 pia
1091 1809 1196 1833 sacrae
1224 1800 1382 1846 religionis
1405 1801 1544 1848 depinxit
1583 1804 1750 1849 institutio,

1001 1854 1109 1881 coetus
1131 1848 1224 1882 vestri
1262 1850 1430 1885 convenire
1469 1851 1591 1895 decori,
1619 1853 1643 1887 si
1676 1853 1751 1888 reli-

1000 1895 1106 1941 giosae
1134 1897 1261 1932 militiae
1284 1907 1404 1934 vestrae
1430 1908 1541 1944 castra,
1578 1913 1658 1948 quae
1691 1905 1750 1938 sub

1002 1957 1063 1978 uno
1087 1946 1239 1981 vocabulo
1260 1959 1322 1981 non
1345 1960 1458 1993 magna
1485 1950 1669 1997 disciplinae
1706 1953 1751 1987 di-

1000 1994 1111 2028 stantia
1133 1995 1327 2040 secernebat,
1360 1998 1419 2031 sub
1453 2001 1616 2035 communi
1649 2002 1750 2048 capite

1001 2042 1201 2084 indifferenti,
1225 2045 1487 2091 incorporationis
1516 2048 1641 2084 foedere
1674 2050 1750 2085 iun-

999 2101 1158 2138 gerentur,
1180 2102 1210 2128 et
1231 2107 1268 2129 ex
1295 2096 1439 2142 pluribus
1461 2099 1569 2133 cuneis
1590 2099 1673 2133 acies
1689 2112 1749 2134 una

999 2151 1203 2187 consurgeret
1226 2143 1346 2184 fortior,
1365 2145 1403 2179 ad
1425 2145 1557 2181 hostiles
1577 2148 1749 2194 spiritualis

1001 2191 1157 2236 nequitiae
1186 2192 1321 2239 impetus
1344 2196 1565 2230 conterendos.

1048 2239 1068 2286 S
1090 2241 1122 2274 2.
1145 2240 1314 2288 Propterea
1338 2243 1455 2277 dudum
1483 2256 1500 2278 a
1527 2244 1619 2280 nobis
1653 2258 1749 2280 mau—

999 2287 1105 2322 datum
1128 2291 1334 2335 apostolicum
1358 2294 1524 2332 emanavit,
1549 2302 1584 2328 ut
1606 2294 1645 2328 de
1676 2297 1748 2330 sin-

999 2337 1080 2382 gulis
1101 2338 1247 2373 domibus
1270 2341 1391 2382 vestris,
1426 2354 1558 2387 quarum
1593 2344 1745 2390 quaedam
1764 2360 1805 2376 su..

999 2386 1033 2420 S.
1061 2385 1234 2431 Guillelmi,
1257 2388 1411 2434 quaedam
1438 2390 1543 2425 Sancti
1579 2392 1746 2438 Augustini

999 2439 1157 2483 ordinum,
1180 2442 1350 2476 nonnullae
1372 2452 1475 2477 autem
1499 2443 1600 2478 fratris
1623 2445 1748 2482 loannis

999 2491 1092 2532 Doni,
1114 2492 1236 2540 aliquae
1260 2506 1332 2529 vero
1353 2495 1392 2530 de
1426 2495 1545 2538 Fabali,
1571 2498 1648 2533 aliae
1677 2512 1749 2536 vero

1000 2546 1039 2580 de
1060 2546 1190 2581 Britinis
1211 2548 1430 2594 censebantur,
1453 2559 1481 2585 et
1499 2552 1580 2598 apud
1604 2552 1748 2590 homines

999 2599 1155 2646 ambiguis
1178 2600 1333 2636 interdum
1375 2606 1662 2652 nuncupationibus
1694 2621 1749 2644 va·-

1000 2652 1158 2698 cillabant,
1177 2653 1240 2688 (luo
1256 2655 1365 2690 fratres
1392 2670 1464 2692 cum
1493 2658 1585 2705 pleno
1602 2660 1749 2697 mandato

1773 296 1823 324 An.
1840 297 1869 325 C.
1890 299 1957 326 1250

1796 543 1919 566 Praemium

1782 1521 1839 1544 t'nus
1865 1529 1890 1544 ex
1919 1524 1954 1545 dl-

1767 1555 1835 1574 versin
1868 1554 1952 1576 seruitiis

1768 1586 1895 1605 constitutus
1914 1590 1952 1605 cr·-

1767 1617 1802 1638 do.

1776 2262 1896 2291 Nunciipru
1907 2265 1948 2285 hu-

1763 2294 1851 2315 iusmodi
1870 2301 1947 2316 uniam:

1764 2325 1847 2346 [tamnu
1872 2331 1947 2346 acce·-
