2129 3223
145 290 231 316 ins.
255 291 318 317 {¹86
383 281 426 312 41

902 286 1000 308 numa
1007 285 1087 308 num
1111 285 1271 309 ROMANUM

1880 282 1925 309 An.
1944 282 1971 309 C.
1992 281 2058 309 ¹¹8⁶

152 346 247 371 “mmm
271 352 317 367 ⁵⁸¹·
333 346 420 380 haec.
455 342 493 378 ad
521 342 615 376 instar
649 340 922 387 praedecessorum
951 347 1074 375 nostro·
1118 339 1201 374 mine
1224 339 1380 374 districtae
1401 338 1512 374 ultioni
1535 339 1705 374 subiaceat.
1729 337 1862 373 Cunctis

138 377 232 396 mutibus
260 376 316 396 labor

205 407 317 432 poeniten·
334 408 399 430 rum
423 392 473 428 fel.
498 390 617 426 record.
646 389 813 425 Alexandri
839 397 870 424 et
895 389 983 424 Lucii
1006 388 1074 423 Ro-

136 444 149 459 ²'
167 445 176 455 Γ
194 441 315 464 ''¹¹¹'”‘³¹''¹¹'
333 454 494 480 manorum
517 439 716 479 Pontificum,
752 439 899 475 omnibus
933 438 1071 484 regulam

332 501 462 528 rostram
489 489 700 534 servantibus,
727 488 807 524 sicut
833 489 863 523 in
894 495 994 523 vestro
1020 499 1073 522 or-

331 545 403 578 iline
425 550 455 576 et
479 539 685 588 suprapositis
713 546 837 574 nostrae
871 536 1074 573 correctionis

330 591 474 640 rapitnlis
507 589 671 625 salubriter
703 589 900 631 continetur,
935 585 1071 621 laborem

329 643 399 678 loco
421 640 630 689 poenitentiae
661 645 691 673 et
717 638 746 672 in
775 645 971 684 peccatorum
998 647 1073 670 suo-

331 706 397 726 rnm
422 690 636 726 remissionem
659 688 863 734 iniungimus.
896 685 1073 720 Institutio-

331 755 400 777 ncm
423 751 548 788 quoqne
576 750 668 785 quam
697 736 734 771 ad
757 735 990 783 castigationem
1019 745 1072 768 ve-

329 800 422 825 stram
456 796 523 837 post
560 787 826 822 confirmationem
862 785 912 820 fet.
954 783 1071 818 record.

331 840 456 876 Adriani
479 838 583 884 Papae
612 835 859 882 praedecessoris
886 834 983 869 nostri
1016 845 1072 868 sa—

330 890 457 924 lubriter
484 886 660 924 addidistis,
688 886 873 920 auctoritate
903 883 1071 931 apostolica

329 939 551 974 confirmamus
588 943 617 970 et
671 934 829 981 perpetuis
874 932 1073 967 decernimus

330 986 522 1035 temporibus
554 984 733 1019 valituram:
771 989 942 1018 statuentes
969 988 1001 1015 ut
1034 981 1073 1015 li-

330 1039 438 1073 berum
461 1035 550 1071 vobis
571 1034 625 1075 sit,
651 1032 825 1067 secundum
853 1031 991 1077 regulam
1022 1043 1072 1065 ve-

329 1097 442 1125 stram,
480 1092 572 1130 atque
611 1082 748 1116 instituta
791 1080 921 1121 ordinis,
954 1079 1072 1126 absque

329 1138 504 1183 aliquorum
545 1130 779 1179 gravaminibus
820 1129 864 1164 vel
901 1129 1072 1171 molestiis,

332 1186 467 1220 nomino
494 1181 646 1218 famulari,
668 1180 750 1215 salva
774 1180 802 1214 in
825 1178 974 1213 omnibus
993 1179 1074 1225 Apo-

330 1236 456 1269 stolicae
483 1232 575 1268 Sedis
603 1230 797 1266 auctoritate.
827 1228 988 1263 Praeterea
1015 1227 1073 1262 do-

332 1296 415 1319 mum
438 1291 466 1317 et
494 1282 560 1317 loca
588 1287 698 1318 vestra,
730 1291 801 1313 cum
824 1277 972 1312 omnibus
993 1289 1073 1323 quae

331 1335 360 1368 in
388 1332 634 1378 praesentiarum
665 1329 743 1362 iuste
765 1336 793 1362 et
822 1326 949 1374 pacifice
973 1326 1073 1373 possi-

331 1384 421 1421 detis,
449 1381 493 1416 vel
523 1381 552 1414 in
576 1379 712 1414 futurum
747 1375 949 1412 concessione
983 1374 1073 1410 Pon-

331 1433 464 1471 tificum,
485 1429 649 1476 largitione
672 1438 792 1473 regum,
814 1425 861 1460 vel
885 1424 1074 1472 principum,

331 1481 487 1516 oblatione
506 1478 656 1516 fidelium,
685 1487 738 1511 sen
763 1474 832 1509 aliis
845 1474 935 1509 iustis
961 1473 1073 1511 modis,

331 1531 398 1565 Deo
417 1528 562 1577 propitio,
590 1525 731 1575 poteritis
744 1523 888 1572 adipisci,
910 1522 969 1558 sub
994 1522 1073 1558 beati

330 1579 415 1614 Petri
437 1587 467 1614 et
490 1585 592 1613 nostra
620 1574 813 1622 protectione
840 1572 1028 1619 suscipimus
1046 1580 1077 1607 et

332 1627 502 1676 praesentis
524 1626 632 1673 scripti
658 1623 816 1669 privilegio
831 1622 1073 1657 communimus:

332 1685 504 1713 statuentes
539 1684 568 1709 ut
597 1688 632 1710 ea
660 1675 746 1708 firma
781 1671 867 1706 vohis
905 1671 1076 1717 vestrisque

333 1725 568 1762 successoribus
590 1732 619 1759 et
642 1723 757 1758 illibata
791 1728 1002 1768 permaneant.

382 1775 590 1812 Decernimus
617 1785 690 1819 ergo
714 1782 745 1807 ut
769 1770 844 1805 nulli
867 1769 997 1804 omnino
1019 1768 1078 1803 ho-

335 1827 453 1860 minum
488 1824 579 1859 liceat
614 1822 781 1870 praefatam
809 1820 938 1854 domum
963 1827 1078 1853 temere

336 1874 526 1922 perturbare,
550 1882 600 1907 aut
619 1872 687 1907 eius
710 1869 923 1917 possessiones
945 1867 1078 1910 anferre,

337 1925 381 1958 iel
403 1924 520 1958 ablatas
543 1922 694 1964 retinere,
730 1919 891 1960 minuere,
923 1929 977 1951 seu
1008 1917 1078 1963 qui-

154 747 161 755 ”
176 747 215 767 wfit
224 751 288 767 matur

146 785 153 793 t
161 796 164 798 ,
172 778 204 797 ula
253 782 311 804 quae-

149 1291 223 1312 nimus
256 1297 313 1317 ipsa.

135 1328 221 1349 ‘vasque
262 1321 315 1341 bona

146 1356 170 1375 nb
184 1357 314 1378 moleri-one

135 1387 193 1405 «atis
224 1386 315 1411 Αμηειιι)ἶ

135 1423 185 1437 «irat
208 1418 315 1443 recipiun-

150 1837 172 1857 [t
190 1842 226 1856 ειη
241 1836 260 1855 in
279 1835 318 1854 im·

138 1861 236 1888 munitat}
268 1870 318 1885 ¹:01)-

138 1904 140 1917 t
153 1902 243 1919 {tuantur
252 1913 256 1919 ,

337 1973 473 2009 buslibet
495 1970 708 2006 vexationibus
732 1969 876 2014 fatigare,
899 1966 953 2001 sed
975 1966 1078 2000 omnia
1098 1987 1101 1998 ι

336 2025 452 2070 integra
472 2029 707 2058 conserventur,
733 2029 839 2052 eorum
865 2029 920 2062 pro
946 2028 1077 2062 quorum

336 2072 562 2119 gubernatione
601 2082 637 2105 ac
672 2066 897 2104 sustentatione
931 2077 1079 2099 concessa

337 2131 409 2157 suut
424 2121 533 2156 usibus
555 2117 747 2154 omnimodis
770 2116 940 2163 profutura.
968 2114 1001 2149 si
1019 2126 1080 2160 qua

202 2217 204 2220 ,
239 2216 241 2219 Ι
339 2174 432 2219 igitur
466 2172 497 2206 in
524 2171 663 2205 futurum
697 2165 905 2202 ecclesiastica
939 2164 1080 2198 saecuta-

143 2218 324 2273 2¹³⁶]Fss‘gnssmfffig
339 2223 419 2257 risve
441 2232 585 2269 persona,
607 2219 687 2253 hanc
702 2223 825 2251 nostrae
850 2213 1081 2248 constitutionis

144 2279 207 2298 'M‘-
342 2272 484 2318 paginam
505 2269 621 2308 sciens,
636 2275 742 2302 contra
762 2276 829 2300 eam
844 2271 962 2297 temere
977 2262 1082 2296 venire

341 2320 515 2358 tentaverit,
549 2317 701 2353 secundo,
725 2315 854 2350 tertiove
874 2311 1081 2351 commonita,

341 2372 399 2405 nisi
424 2377 541 2405 reatum
565 2379 657 2402 suum
677 2366 769 2411 digna
791 2361 1004 2398 satisfactione
1019 2372 1082 2395 cor·

343 2420 464 2460 rexerit,
501 2416 659 2466 potrstatis
694 2414 885 2459 honorisque
906 2411 954 2446 sui
982 2416 1081 2444 careat

341 2469 502 2515 dignitate,
530 2478 676 2512 reamque
699 2477 731 2499 se
758 2463 863 2497 divino
885 2459 998 2495 iudicio
1017 2459 1083 2494 exi-

341 2528 422 2553 stere
448 2518 486 2551 de
514 2523 688 2564 perpetrata
712 2512 872 2559 iniquitate
899 2516 1083 2556 cognoscat,

342 2577 369 2602 et
402 2580 417 2602 a
450 2565 659 2601 sacratissimo
689 2563 831 2608 Corpore
857 2573 893 2595 ac
927 2559 1085 2605 Sanguine

343 2617 399 2652 Dei
422 2629 456 2650 ac
477 2615 603 2650 Domini
634 2613 729 2648 nostri
763 2609 983 2657 Redemptoris
1015 2607 1083 2642 lesu

342 2665 458 2702 Christi
473 2664 594 2700 alienus
612 2664 674 2702 siat.
697 2670 789 2708 atque
812 2660 842 2694 in
860 2666 1000 2694 extremo
1018 2668 1087 2692 exa-

154 2185 193 2205 Soti
207 2187 322 2205 excommu-

1115 396 1217 423 autem
1245 387 1346 423 eidem
1380 388 1450 423 loco
1484 400 1539 423 sua
1574 389 1640 423 iura
1666 386 1863 422 servantibus
1876 389 2058 447 egboffflrgflffiy:

1115 438 1152 472 sit
1175 450 1231 485 pax
1254 437 1380 472 Domini
1403 437 1499 473 nostri
1521 437 1590 472 Iesu
1613 435 1751 478 Christi,
1776 448 1862 484 qua-
1875 450 1898 471 o.
1913 450 1937 472 n.
1952 449 1968 472 t.
1983 450 2005 471 c.

1116 487 1199 522 tinus
1229 495 1259 522 et
1281 487 1332 522 hic
1352 486 1487 522 fructum
1507 486 1606 522 bonae
1628 486 1761 522 actionis
1788 498 1861 534 per-

1114 536 1241 582 cipiant,
1260 545 1289 572 et
1310 536 1391 584 apud
1410 536 1586 571 districtum
1610 535 1747 571 ludicem
1772 547 1861 583 prae-

1115 586 1174 620 mia
1201 593 1346 622 aeternae
1368 586 1453 633 pacis
1476 585 1643 621 inveniant.
1673 585 1785 620 Amen.

1164 634 1236 671 Eoo
1257 635 1413 671 Unssauns
1434 635 1605 670 catholicae
1619 634 1781 670 Ecclesiae
1798 634 1861 681 epi-

1115 697 1230 731 scopus
1251 684 1435 731 subscripsi.

1164 733 1231 781 Ego
1272 733 1388 768 Paulus
1425 733 1647 768 Praenestinus
1690 732 1860 779 episcopus
1874 746 1895 763 οι
1915 743 1935 764 s.
1956 743 1978 764 R.
1999 744 2054 766 acet.

1114 783 1298 830 subscripsi.
1874 774 2042 833 suia-'otiissiii'iffi

1164 832 1230 880 Ego
1250 833 1384 868 Ioannes
1398 833 1443 867 tit.
1460 832 1566 867 Sancti
1582 831 1676 867 Marci
1699 831 1860 878 presbyter

1115 882 1199 917 card.
1224 882 1424 930 susbscripsi.

1163 936 1231 983 Ego
1264 937 1378 972 Petrus
1407 935 1451 971 Le
1482 936 1550 971 Bon
1578 935 1739 983 presbyter
1774 934 1858 970 card.

1116 991 1159 1025 tit.
1189 989 1321 1025 Sanctae
1348 989 1511 1025 Susannae
1534 988 1716 1036 subscripsi.

1163 1043 1229 1090 Ego
1250 1043 1410 1078 Laborans
1437 1043 1599 1090 presbyter
1620 1042 1703 1077 card.
1727 1042 1862 1077 Sanctae

1115 1097 1228 1132 Mariae
1254 1097 1486 1144 Transtyberim
1518 1096 1598 1131 tituli
1634 1095 1758 1131 Callixti
1785 1096 1860 1131 snb—

1114 1151 1234 1198 scripsi.

1165 1205 1230 1251 Ego
1256 1205 1431 1240 Pandulfus
1465 1204 1625 1252 presbyter
1658 1205 1741 1240 rard.
1777 1204 1857 1239 tituli

1116 1258 1171 1294 Xll
1194 1259 1415 1306 Apostolorum
1443 1258 1626 1305 subscripsi.

1164 1312 1231 1359 Ego
1253 1312 1386 1347 Albinus
1408 1312 1569 1360 presbyter
1594 1311 1759 1348 cardinalis
1781 1313 1858 1348 tituli

1115 1367 1146 1401 S.
1175 1367 1288 1402 Crucis
1309 1366 1340 1402 in
1368 1366 1538 1402 Ierusalem
1561 1366 1744 1413 subscripsi.

1164 1420 1232 1466 Ego
1248 1420 1358 1456 Melior
1376 1420 1536 1468 presbyter
1557 1419 1642 1455 card.
1670 1420 1719 1455 Ss.
1736 1420 1859 1456 loannis

1115 1482 1145 1509 et
1170 1474 1257 1509 Pauli
1281 1474 1327 1509 tit.
1351 1473 1543 1509 pammachii
1565 1473 1749 1520 subscripsi.

1164 1528 1233 1576 Ego
1265 1528 1441 1564 Adelardus
1472 1528 1519 1562 tit.
1555 1527 1589 1563 S.
1617 1527 1754 1564 Marcelli
1778 1542 1861 1577 pres-

1117 1582 1203 1630 byter
1224 1581 1309 1617 card.
1332 1581 1516 1629 subscripsi.

1165 1636 1232 1683 Ego
1259 1636 1417 1671 lacinthus
1439 1636 1472 1670 S.
1499 1635 1613 1670 Mariae
1636 1635 1666 1670 in
1690 1636 1860 1673 Cosmedin

1117 1690 1268 1726 diaconus
1286 1690 1368 1725 eard.
1398 1689 1582 1736 subscripsi.

1168 1744 1235 1791 Ego
1257 1743 1344 1778 Bobo
1361 1743 1466 1779 Sancti
1486 1742 1596 1790 Angeli
1613 1743 1766 1779 diaconus
1777 1744 1863 1792 card.

1118 1797 1304 1846 subscripsi.

1170 1851 1236 1899 Ego
1254 1851 1446 1887 Octavianus
1478 1851 1667 1886 Sanctorum
1701 1851 1802 1898 Sergii
1834 1859 1865 1887 et

1120 1906 1234 1942 Bacchi
1261 1905 1412 1941 diaconus
1433 1904 1517 1940 card.
1545 1904 1727 1952 subscripsi.

1169 1960 1237 2008 Ego
1263 1959 1437 1995 Rollandns
1470 1960 1503 1995 S.
1532 1959 1646 1994 Mariae
1680 1959 1710 1994 in
1739 1958 1864 1994 Porticu

1121 2016 1271 2051 diaconus
1295 2014 1379 2049 card.
1405 2012 1588 2059 subscripsi.

1171 2069 1238 2115 Ego
1265 2069 1376 2104 Petrus
1397 2067 1431 2102 S.
1454 2067 1573 2102 Nicolai
1596 2066 1626 2100 in
1648 2066 1782 2101 Carcere
1795 2065 1867 2100 Tul-

1123 2124 1204 2160 liano
1225 2124 1377 2159 diaconus
1398 2121 1483 2156 card.
1506 2120 1690 2166 subscripsi.

1171 2178 1237 2224 Ego
1262 2176 1341 2211 Rad.
1377 2175 1410 2210 S.
1438 2174 1567 2222 Georgii
1599 2173 1638 2209 ad
1662 2172 1771 2207 Velum
1799 2171 1866 2207 Au-

1124 2245 1210 2268 reum
1236 2231 1388 2265 diaconus
1407 2228 1492 2263 card.
1513 2227 1695 2274 subscripsi.

1173 2285 1286 2320 Datum
1322 2283 1463 2318 Veronae
1499 2294 1554 2329 per
1586 2292 1711 2316 manum
1752 2279 1866 2327 Moysis

1125 2332 1342 2374 Lateranensis
1367 2335 1508 2372 canonici
1531 2335 1629 2371 vicem
1651 2334 1773 2380 agentis
1790 2346 1865 2368 can-

1123 2392 1252 2431 cellarii,
1275 2390 1378 2425 idibus
1395 2387 1476 2430 iulii,
1503 2388 1672 2424 indictione
1694 2401 1736 2428 iv,
1764 2388 1866 2423 incar-

1124 2446 1258 2483 nationis
1280 2445 1456 2480 dominicae
1482 2455 1564 2478 anno
1582 2454 1767 2482 metxxxvt.
1794 2453 1866 2490 pon·

1124 2501 1260 2536 tilicatus
1295 2512 1366 2534 vero
1398 2498 1506 2534 domui
1542 2496 1657 2532 Urbani
1691 2496 1794 2544 Papae
1826 2494 1869 2530 111

1124 2568 1208 2592 anno
1235 2554 1346 2602 primo.

1195 2616 1255 2646 Dat.
1273 2616 1321 2646 die
1345 2616 1380 2645 ¹25
1403 2614 1465 2644 iulii
1484 2622 1560 2644 anno
1578 2611 1693 2642 Domini
1715 2611 1801 2645 1186,

1385 2657 1485 2699 pontif.
1502 2665 1578 2687 anno
1596 2665 1614 2686 ι.

1898 644 1974 666 Urbani
1991 644 2028 665 ΡΡ.
