2129 3223
52 252 100 279 An.
118 251 147 278 C.
167 252 232 279 1198

65 1923 183 1946 Exordium.

52 2417 128 2440 civim
140 2417 219 2439 Tuder-

39 2449 83 2470 tina
97 2450 148 2471 inriti
159 2447 220 2470 Sedl-

40 2478 172 2513 Apostoliue

835 250 1043 273 tNNOCENt‘tUS
1066 251 1100 272 tlt
1125 251 1171 273 ΙΨ.

1660 245 1724 275 135

247 307 295 352 ni,
321 314 350 342 et
365 305 463 341 felicis
485 303 708 339 recordationis
728 304 911 349 Alexandri,
928 304 989 339 Lu·
1032 306 1071 339 ita
1089 306 1171 352 quod
1195 307 1240 350 ei,
1267 308 1318 342 cui
1347 308 1427 344 vices
1455 316 1576 345 nostras
1603 310 1775 346 commise-

244 356 296 401 cii,
318 353 637 396 Urbani‚Clementis
657 361 687 389 et
713 352 885 389 Coelestini
904 366 990 401 prae·
1031 354 1127 390 rimus
1141 383 1148 396 ‚
1194 356 1366 391 secundum
1411 358 1588 395 mandatum
1632 369 1773 396 nostrum

243 405 443 441 decessorum
465 411 643 439 nostrorum
671 403 885 438 Romanorum
904 404 988 439 Pon-
1029 403 1169 440 debeatis
1205 406 1324 452 integre
1351 407 1558 454 respondere,
1599 409 1659 445 sub
1693 409 1772 445 beati

242 455 360 490 tificum
387 453 526 501 vestigiis
551 453 582 488 in
617 460 678 488 tam
713 451 862 488 laudabili
892 465 987 501 opere

242 503 454 545 inhaerentes,
476 510 594 544 nostro,
616 510 647 538 et
662 502 790 538 fratrum
806 511 984 538 nostrorum

241 553 345 590 favore
368 553 600 602 prosequimur,
621 560 652 588 et
673 552 812 597 firmum,
833 560 863 586 et
884 552 986 587 illiba-

240 610 306 639 tum
344 604 504 652 perpetuis
545 601 739 650 temporibus
786 601 986 637 decernimus

241 665 436 700 permanere.
458 653 543 688 Nulli
558 664 633 699 ergo
648 659 714 692 etc„
738 651 818 686 hanc
837 652 984 699 paginam

240 711 364 739 nostrae
388 702 633 739 confirmationis
653 710 718 746 eta,
744 701 826 736 salva
854 702 987 748 Aposto-

239 752 316 789 licae
338 752 431 788 Sedis
451 752 643 788 auctoritate.
671 751 704 789 Si
727 763 786 799 qua
815 751 909 794 igitur
929 760 983 786 etc.

286 802 402 838 Datum
425 802 583 842 Laterani,
603 813 655 848 per
683 812 810 836 manum
832 801 982 849 Raynaldi

237 851 358 888 domini
392 851 497 899 Papae
530 852 639 886 notarii
673 850 850 886 cancellarii
884 851 982 886 vicem

237 902 369 949 agentis,
396 914 479 937 nono
510 900 658 936 kalendas
684 900 872 941 decembris,
898 900 985 935 indi-

235 952 340 987 ctione
367 951 522 992 secunda,
551 950 773 986 incarnationis
808 950 983 986 dominicae

235 1013 319 1037 anno
339 1013 499 1045 mcxcvlu,
534 1001 734 1048 pontificatus
760 1011 834 1036 vero
863 1000 981 1036 domini

235 1050 410 1087 Innocentii
429 1050 535 1098 Papae
558 1049 638 1084 tertii
666 1061 748 1085 anno
774 1050 885 1098 primo.

253 1107 314 1139 Dat.
337 1108 384 1139 die
401 1107 439 1139 23
457 1107 625 1138 novembris
647 1117 724 1138 anno
742 1107 856 1138 Domini
877 1108 961 1145 1198,

487 1153 589 1193 pontis.
612 1161 688 1182 anno
707 1161 726 1183 t.

562 1292 645 1328 XVI.

284 1369 402 1415 Populo
430 1370 594 1404 Tudertino
621 1371 751 1415 antiqua
771 1373 931 1417 confirmat

482 1420 646 1464 privilegia
669 1421 721 1462 (1).

499 1493 712 1524 SUMMARIUM

230 1555 396 1586 Exordium.
418 1572 455 1578 -
483 1555 589 1586 Civitas
612 1555 773 1586 Tudertina
791 1556 866 1587 iuris
893 1557 977 1589 Sedis

269 1599 463 1640 Apostolicae.
486 1617 524 1623 --
545 1600 722 1631 Consulatus
741 1602 768 1631 ei
791 1605 820 1630 et
841 1602 977 1642 antiquae

269 1645 501 1675 consuetudines
540 1646 760 1676 confirmantur.
796 1663 834 1669 —
869 1646 977 1678 solitae

269 1689 488 1720 conclusiones.

229 1761 401 1791 Innocentius
419 1761 559 1798 episcopus
577 1768 672 1790 servus
692 1769 832 1792 servorum
848 1762 902 1796 Dei,
917 1770 977 1792 con·

274 1811 388 1845 nunus.
408 1812 438 1840 ot
455 1811 553 1847 populo
569 1811 679 1840 Tuder-t.

278 1878 484 1915 Sacrosancta
522 1878 663 1914 Romana
700 1879 862 1921 Ecclesia,
896 1893 977 1929 quae

230 1928 371 1964 omnium
394 1927 532 1963 fidelium
566 1937 665 1965 mater
691 1938 737 1965 est
762 1937 792 1965 et
818 1931 976 1977 magistra,

231 1977 300 2014 illos
326 1978 513 2025 propensius
535 1977 663 2026 diligere
685 1980 870 2025 consuevit,
897 1993 977 2028 quos

231 2028 262 2062 in
284 2026 462 2072 devotione,
488 2040 525 2063 ac
551 2028 711 2070 fidelitate,
733 2042 789 2064 sua
816 2030 977 2066 novitfer-

230 2077 353 2114 ventius
375 2089 577 2124 permanere;
599 2087 629 2113 et
652 2086 686 2113 ut
704 2079 835 2115 liberius
856 2081 977 2128 possint

229 2126 269 2162 ab
300 2128 445 2163 omnium
480 2127 658 2163 incursibus
697 2141 822 2165 manere
855 2130 975 2175 securi,

230 2189 284 2211 eos
310 2184 457 2224 tanquam
483 2177 531 2223 pia
554 2185 652 2212 mater
679 2180 881 2225 protectionis
901 2191 976 2215 suae

232 2226 406 2261 munimine
427 2225 606 2262 confovere.
631 2227 928 2275 Eapropter,dilecti
944 2230 974 2264 in

232 2275 368 2311 Domino
381 2275 448 2316 filii,
470 2275 681 2321 devotionem,
702 2290 796 2325 quam
818 2290 891 2326 erga
906 2292 975 2321 nos,

231 2333 263 2360 et
274 2323 449 2361 Romanam
471 2325 644 2361 Ecclesiam
666 2326 781 2364 habere
807 2329 974 2364 noscimini

232 2374 441 2417 attendentes,
469 2376 578 2410 vestris
604 2388 729 2423 quoque
759 2378 905 2425 precibus
927 2380 976 2414 in-

233 2424 356 2468 clinati,
382 2424 537 2460 civitatem
571 2424 790 2471 Tudertinam,
825 2441 905 2475 quae
937 2429 974 2463 ad

1028 453 1128 495 Petri,
1159 461 1189 488 et
1215 462 1320 490 nostra
1344 457 1536 503 protectione
1564 459 1772 506 suscipimuS,

1027 512 1057 538 et
1080 504 1251 550 praesentis
1275 505 1381 552 scripti
1403 506 1512 553 pagina
1527 509 1770 544 communimus.

1027 551 1236 588 Consulatum
1259 564 1363 590 autem
1385 568 1457 590 cum
1482 557 1699 594 iurisdictione
1714 571 1769 594 sua

1029 602 1115 637 vobis
1135 604 1319 638 auctoritate
1340 605 1508 650 apostolica
1532 608 1768 644 confirmamus:

1027 652 1247 697 concedentes,
1276 661 1308 688 ut
1339 654 1382 698 hi,
1417 655 1471 701 qui
1501 665 1574 691 sunt
1597 657 1695 705 ipsius
1721 658 1770 693 iu-

1027 702 1197 737 risdictioni
1231 702 1380 743 subiecti,
1415 703 1548 739 liberum
1571 706 1611 741 sit
1632 706 1670 741 ad
1693 719 1770 742 con-

1025 751 1126 791 sules.
1154 752 1205 799 qui
1230 765 1286 799 pro
1309 762 1448 800 tempore
1482 753 1605 800 suerint,
1633 755 1770 802 legitime

1025 801 1201 848 appellare:
1226 802 1264 836 ita
1289 810 1391 837 tamen
1413 803 1496 850 quod
1516 804 1715 852 appellationi
1731 806 1769 841 ad

1024 850 1140 886 Sedem
1169 852 1380 898 Apostolicam
1413 852 1614 900 interpositae
1642 855 1770 890 humili-

1024 908 1070 935 ter
1091 900 1257 936 deferatur.
1282 901 1537 938 Consuetudines
1563 916 1688 951 quoque
1713 917 1770 940 an-

1025 950 1126 997 tiquas
1161 958 1289 989 vestras,
1327 959 1358 987 et
1385 952 1595 995 rationabiles,
1628 962 1659 989 et
1680 966 1770 990 com-

1024 1000 1159 1034 muniter
1180 1000 1359 1036 observatas
1373 1002 1523 1037 duximus
1537 1004 1767 1051 approbandas.

1022 1048 1112 1084 Salva
1137 1050 1166 1084 in
1195 1050 1343 1085 omnibus
1376 1051 1576 1098 Apostolicae
1598 1052 1692 1089 Sedis
1712 1067 1769 1089 au·

1022 1099 1175 1143 ctoritate,
1200 1100 1315 1145 pariter
1333 1108 1361 1136 et
1381 1101 1507 1141 iustitia,
1529 1111 1560 1137 et
1581 1114 1687 1138 earum
1704 1116 1769 1139 om-

1022 1148 1148 1183 nimoda
1176 1149 1327 1185 libertate.

1070 1197 1154 1233 Nulli
1190 1211 1265 1246 ergo
1298 1208 1364 1239 etc„
1402 1209 1526 1237 nostrae
1564 1203 1767 1249 protectionis

1021 1247 1104 1282 cons.
1126 1255 1192 1289 ecc„
1219 1261 1307 1284 conc.
1330 1257 1383 1284 etc.

1344 1394 1441 1430 XVII.

1019 1465 1181 1500 fratribus
1208 1467 1341 1500 Sanctae
1368 1467 1528 1503 Trinitatis
1555 1472 1767 1516 redemptionis

1066 1516 1257 1560 captivorum
1290 1519 1397 1561 regula
1428 1519 1532 1557 datur,
1557 1521 1647 1554 iuxta
1673 1533 1767 1566 quam

1067 1566 1164 1599 vivere
1187 1567 1323 1600 debeant.

1284 1636 1497 1668 st’mtARlUM

1017 1696 1183 1728 Exordium.
1202 1715 1239 1720 —
1259 1698 1398 1737 Regulam
1416 1701 1587 1732 servandam
1608 1703 1650 1732 eis
1670 1705 1764 1734 tradit.

1056 1759 1093 1763 —
1116 1742 1141 1771 1.
1164 1741 1338 1773 Obedientia
1363 1745 1497 1775 ministro
1521 1749 1705 1784 praestanda.
1728 1767 1765 1772 -

1057 1786 1233 1817 Reddituum
1257 1788 1371 1818 divisio.
1387 1806 1426 1812 —
1443 1789 1540 1820 Tertia
1563 1801 1629 1830 pars
1649 1802 1766 1833 semper

1056 1831 1085 1860 in
1108 1832 1326 1871 redemptiones
1349 1833 1499 1864 faciendas
1529 1835 1695 1873 irroganda.
1726 1855 1764 1860 —

1055 1874 1082 1903 2.
1099 1874 1244 1906 Numerus
1264 1876 1316 1906 FF.
1335 1878 1370 1907 ad
1386 1880 1619 1918 componendam
1635 1882 1764 1912 domum.

1056 1936 1093 1941 —
1114 1919 1154 1949 De
1180 1921 1322 1951 vestibus.
1340 1939 1379 1944 —
1399 1922 1490 1962 Equis
1509 1924 1550 1953 uti
1574 1934 1632 1954 non
1648 1925 1763 1956 debent.

1056 1981 1094 1986 —
1109 1965 1135 1994 3.
1151 1964 1191 1994 De
1210 1966 1341 1996 ieiuniis.
1361 1984 1398 1989 -—
1416 1967 1454 1997 De
1474 1968 1559 2005 victu,
1578 1979 1611 1999 ac
1629 1979 1764 2009 praeser-

1058 2009 1106 2039 tim
1132 2019 1185 2039 usu
1214 2011 1322 2040 carnis.
1351 2029 1389 2034 —
1411 2012 1490 2048 Quae
1513 2013 1548 2043 ab
1576 2014 1614 2044 iis
1636 2015 1762 2045 cavenda

1057 2054 1126 2084 sint.
1154 2071 1192 2076 -
1213 2055 1240 2084 4.
1264 2054 1302 2085 De
1325 2056 1449 2086 infirmis
1477 2061 1505 2087 et
1527 2058 1704 2097 hospitibus.
1726 2076 1763 2081 -—-

1056 2098 1082 2127 5.
1117 2097 1156 2128 De
1186 2098 1314 2129 silentio.
1349 2117 1386 2122 —
1413 2100 1542 2139 Capitula
1576 2103 1761 2141 particularia

1057 2143 1183 2181 singulis
1215 2144 1372 2174 dominicis
1402 2145 1546 2175 habenda.
1581 2163 1619 2169 -
1649 2147 1764 2177 Poenae

1057 2187 1220 2226 culparum.
1243 2205 1280 2210 ——
1302 2188 1340 2218 De
1359 2190 1486 2229 capitulo
1510 2191 1649 2228 generali.
1671 2209 1709 2214 -—
1735 2192 1762 2221 6.

1057 2230 1094 2260 De
1113 2231 1256 2262 electione
1281 2232 1417 2263 ministri.
1446 2251 1483 2255 —
1506 2234 1526 2263 Α
1549 2235 1657 2274 quibus
1676 2237 1763 2276 depo-

1056 2277 1180 2306 nendus.
1209 2292 1246 2298 —
1271 2277 1294 2306 7.
1318 2276 1356 2306 De
1388 2277 1425 2306 iis
1448 2279 1497 2316 qui
1528 2278 1615 2309 huius
1649 2281 1762 2310 ordinis

1057 2321 1161 2350 fratres
1177 2329 1243 2350 esse
1261 2320 1415 2350 voluerint.
1431 2338 1468 2344 —
1480 2322 1507 2351 8.
1525 2322 1604 2357 Quae
1622 2324 1761 2354 fratribus

1057 2365 1153 2395 facere
1175 2373 1233 2394 non
1262 2365 1356 2394 liceat.
1378 2382 1414 2388 —
1441 2365 1480 2396 De
1511 2368 1701 2398 orationibus.
1725 2386 1763 2392 —-

1055 2409 1219 2439 Clausulae.

234 2473 284 2509 jus
321 2482 351 2510 et
386 2474 608 2522 proprietatem
641 2474 837 2521 Apostolicae
883 2478 977 2513 Sedis
1017 2470 1185 2499 tnnocentius
1203 2471 1342 2507 episcopus
1360 2478 1453 2500 servus
1483 2480 1619 2504 serrorum
1648 2476 1702 2510 Dei.
1723 2478 1760 2506 Ιο-

235 2523 390 2569 pertinere
411 2523 620 2570 dignoscitur,
647 2536 752 2572 quam,
786 2535 815 2562 et
850 2539 906 2563 nos
939 2527 975 2562 ad

237 2584 348 2608 manus
373 2582 495 2609 nostras
520 2586 645 2622 semper
667 2574 810 2610 volumus
833 2577 976 2617 retinere;

272 2638 311 2672 (1)
326 2638 364 2666 Ex
383 2638 480 2671 Baluz.‚
497 2639 579 2675 Epist.
598 2640 658 2667 ΒΜ.

1060 2520 1140 2548 hanni
1159 2521 1283 2550 ministro
1294 2523 1323 2550 et
1333 2521 1470 2551 fratribus
1480 2523 1593 2553 sanctae
1605 2526 1761 2556 Trinitatis.

1067 2579 1224 2627 Operame
1246 2581 1369 2622 diyinac
1393 2582 1607 2630 dispositionis
1628 2586 1760 2624 clemen-

1016 2637 1070 2668 iia,
1094 2642 1123 2663 tn
1150 2629 1242 2666 Sedis
1273 2632 1471 2679 Apostolieao
1493 2635 1617 2681 specula
1641 2638 1759 2672 consti-

1793 255 1837 282 Αη,
1858 256 1876 282 C
1903 256 1967 282 1198

1798 566 1922 588 Consulatus
1939 573 1956 587 a·

1786 600 1910 625 etantiquae
1919 604 1967 619 cou-

1785 630 1908 650 suetudlnes
1915 635 1968 650 con--

1785 662 1899 683 armantur,

1806 2603 1922 2625 tir-flium.
