2129 3223
134 309 183 337 Au.
201 308 228 337 C.
248 307 315 336 ¹207

152 666 287 686 Sat-ramenta
310 670 322 684 ι

139 698 265 717 dioecesano
285 700 322 716 re-

139 727 236 754 cipienda
259 731 322 753 prae-

140 759 196 784 cipit.

156 1207 272 1228 Libertates
284 1211 327 1227 om-

143 1245 181 1261 nes
196 1240 227 1259 eis
247 1238 327 1259 confir—

143 1276 183 1292 ΒΗΛ

189 2408 305 2429 clausulae.

378 297 448 331 202

903 303 1092 328 BULLARum
1118 299 1280 326 ‘ROMANUM

330 361 441 397 frariae
476 359 586 395 collata
622 366 707 402 sunt,
740 358 847 404 vobis,
868 367 899 394 et
935 370 991 406 per
1024 369 1078 392 vos
1095 363 1098 403 1
1117 356 1210 392 stitia.
1233 354 1267 390 Si
1290 367 1351 402 qua
1374 354 1470 401 igitur
1492 354 1524 388 in
1546 353 1688 389 futurum
1711 351 1861 389 ecclesia-

330 411 389 459 ipsi
416 409 611 453 Confrariae,
638 416 733 456 prout
757 420 918 443 communi
945 419 1077 443 assensu

331 459 458 507 capituli
477 466 628 494 statutum
643 465 702 502 est,
721 466 751 492 et
769 458 888 505 scripto
908 458 1078 501 firmatum,

331 508 531 557 Apostolicae
557 508 652 543 Sedis
674 507 850 542 munimine
880 506 1078 544 roboramus,

333 566 365 594 et
391 558 650 593 constitutionem
674 557 755 592 illam
785 565 880 592 ratam
910 565 940 590 et
962 557 1079 590 incon-

333 607 456 643 vulsam
494 607 610 642 futuris
642 606 839 654 temporibus
877 605 1080 640 decernimus

335 669 533 705 permanere.
559 657 704 692 Chrisma
730 668 824 697 vero,
853 655 968 690 Oleum
1001 665 1080 688 san-

335 715 433 751 ctum,
454 707 710 742 consecrationes
732 706 888 748 altarium,
909 716 965 738 seu
993 703 1080 737 basi-

336 757 486 801 licarum,
516 756 731 791 ordinationes
760 755 995 792 canonicorum,
1023 764 1080 787 seu

336 807 521 841 clericorum
548 814 735 845 vestrorum,
757 805 810 851 qui
833 803 871 838 ad
897 815 1003 838 sacros
1028 814 1081 837 or-

336 856 428 891 dines
454 855 570 890 fuerint
603 854 827 902 promovendi,
850 866 866 887 a
893 853 1081 887 dioecesano

335 905 516 953 suscipietis
537 905 706 952 'episcopm
729 903 883 951 siquidem
909 901 1082 937 catholicus

336 955 442 1000 fuerit,
468 963 498 990 et
523 954 653 1001 gratiam
680 953 882 1001 Apostolicae
907 951 1003 986 Sedis
1024 951 1082 985 lia-

336 1005 453 1049 buerit,
484 1012 516 1040 et
541 1016 576 1039 ea
606 1003 720 1050 gratis,
746 1011 778 1037 et
804 1002 922 1049 absque
951 1000 1082 1048 pecunia

338 1055 385 1090 vel
419 1054 583 1089 exactione
615 1053 719 1100 aliqua
757 1052 889 1087 voluerit
922 1049 1082 1085 exhibere.

338 1104 489 1152 Alioquin
503 1102 541 1137 ad
559 1113 793 1150 quemcumque
813 1100 988 1135 malueritis
1006 1099 1085 1134 anti-

339 1154 442 1189 stitem
460 1152 637 1192 recurratis,
659 1151 712 1199 qui
735 1158 840 1185 nostra
858 1149 954 1184 fultus
975 1156 1085 1184 aucto-

339 1203 441 1243 ritate,
455 1201 538 1250 quod
553 1201 729 1249 postulatur
739 1199 909 1247 indulgeat.
920 1198 1084 1233 Praeterea

340 1265 451 1288 omnes
480 1251 653 1292 libertates,
676 1263 732 1286 seu
755 1251 849 1285 etiam
872 1248 1086 1283 immunitates

1117 406 1193 441 stica
1213 404 1421 440 saecularisve
1437 415 1581 451 persona,
1594 409 1661 444 etc„
1682 415 1775 449 usque
1790 402 1862 437 snb-

1119 456 1215 490 iaceat
1238 454 1360 490 ultioni.
1383 452 1515 488 Cunctis
1537 460 1643 488 autem
1665 453 1770 488 eidem
1794 452 1862 487 loco

1118 517 1174 540 sua
1192 505 1259 540 iura
1281 503 1490 543 servantibus,
1506 511 1571 543 etc„
1594 515 1687 548 usque
1707 505 1740 537 in
1759 504 1860 549 finem.

1167 554 1283 589 Datum
1311 552 1442 588 Viterbii
1469 564 1526 599 per
1556 564 1686 587 manum
1716 551 1863 587 [ohannis

1120 603 1252 639 Sanctae
1273 602 1389 638 Mariae
1408 603 1436 636 in
1459 600 1630 637 Cosmedin
1654 602 1778 637 diaconi
1795 613 1864 637 car-

1120 653 1243 694 dinalis,
1259 661 1385 688 sanctae
1406 651 1568 687 Romanae
1594 651 1757 686 Ecclesiae
1788 663 1865 686 can-

1120 703 1250 747 cellarii,
1264 701 1453 738 duodecimo
1475 700 1624 736 kalendas
1645 700 1788 747 augusti,
1816 701 1865 735 in-

1121 752 1257 788 dictione
1289 764 1392 796 nona,
1431 751 1656 786 incarnationis
1688 750 1866 786 dominicae

1120 814 1203 837 anno
1235 813 1367 843 mccvn,
1401 800 1602 848 pontificatus
1641 812 1714 835 vero
1745 800 1866 835 domini

1122 851 1295 887 innocentii
1319 851 1422 898 Papae
1443 851 1526 886 tertii
1549 862 1632 886 anno
1653 850 1787 885 decimo.

1191 910 1252 939 Dat.
1275 909 1321 939 die
1340 909 1373 939 -21
1396 909 1460 939 iulii
1479 918 1554 939 anno
1572 909 1687 939 Domini
1710 908 1796 944 1207,

1388 953 1489 993 pontif.
1507 963 1583 984 anno
1601 963 1627 984 x.

1443 1078 1557 1113 XLIX.

1182 1146 1301 1180 Poenae
1327 1154 1434 1181 contra
1458 1148 1635 1186 Paterenos,
1659 1159 1823 1192 eorumque

1305 1196 1440 1240 fautores
1466 1203 1598 1231 statutae
1625 1199 1687 1240 (1).

1392 1261 1606 1293 SUMMARIUM

340 1315 376 1337 2⁶
398 1313 501 1349 “³ng
521 1300 766 1336 ⁰⁰¹³S¹¹e¹¹¹d¹¹¹e⁵
787 1312 803 1334 ³
824 1298 1018 1333 Fr³¹¹⁰⁰¹¹¹¹m
1043 1308 1085 1331 re*
1104 1309 1107 1354 l
1127 1318 1270 1350 Haeretici
1293 1321 1440 1350 saeculari
1458 1321 1558 1350 curiae
1576 1320 1718 1351 tradendi.
1738 1337 1776 1344 —
1797 1320 1875 1356 Ouo-

340 1352 433 1399 gibus
450 1351 549 1391 vobis,
571 1358 600 1384 et
614 1350 776 1384 Ecclesiae
799 1356 918 1383 vestrae
939 1347 1085 1391 indultas,

340 1410 370 1436 et
403 1400 512 1448 scripti
545 1399 593 1434 sui
620 1399 797 1434 munimine
824 1397 1000 1437 roboratas,
1029 1407 1087 1430 au-

340 1452 482 1485 ctoritate
509 1449 680 1497 apostolica
702 1448 936 1484 confirmamus,
965 1455 996 1479 et
1026 1445 1087 1479 illi-

342 1500 429 1535 batas
443 1506 599 1547 perpetuo
613 1498 781 1533 statuimus
800 1507 997 1544 permanere.
1012 1493 1086 1529 San-

342 1550 443 1584 cimus
463 1559 601 1596 quoque,
615 1555 646 1582 et
662 1547 816 1594 praesenti
836 1545 962 1580 decreto
981 1544 1089 1578 statui·
1106 1549 1109 1562 ¹

342 1611 425 1639 mus,
444 1606 478 1632 ut
502 1597 578 1632 nulli
597 1596 837 1644 archiepiscopo
858 1595 903 1649 vel
924 1594 1087 1642 episcopo,
1107 1629 1109 1634 ,

343 1660 398 1683 seu
431 1647 557 1682 cuilibet
585 1658 736 1694 personae
769 1656 972 1680 commissam
1000 1643 1088 1677 vobis

343 1697 540 1741 Ecclesiam,
572 1695 620 1731 vel
658 1707 711 1731 vos
746 1703 797 1729 aut
834 1693 965 1729 elericos
1001 1692 1087 1727 chori

344 1747 450 1791 vestri,
472 1747 532 1781 nisi
557 1744 703 1780 Romano
730 1743 891 1787 Pontifici,
918 1742 965 1777 vel
988 1742 1089 1788 legato
1108 1752 1110 1783 ξ

344 1797 424 1840 eius,
445 1804 499 1831 aut
520 1796 614 1830 etiam
633 1794 673 1829 de
689 1794 815 1842 speciali
839 1793 986 1827 mandato
1002 1792 1090 1838 Apo·
1109 1805 1111 1829 ς

345 1845 473 1881 stolicae
500 1845 592 1881 Sedis
613 1844 904 1888 excommunicare,
930 1854 985 1876 seu
1008 1853 1023 1874 a
1046 1840 1111 1875 ‹ii-⁴

346 1895 426 1930 vinis
452 1894 562 1930 officiis
588 1893 775 1928 interdicere
797 1893 896 1926 liceat.
923 1890 1092 1926 Visitatio-

346 1957 417 1980 nem
445 1956 519 1979 vero
551 1943 599 1977 vel
632 1942 882 1990 procurationem
917 1941 1024 1975 nullus
1054 1940 1091 1974 ab

346 1993 488 2029 Ecclesia
516 2001 617 2027 vestra
652 1993 712 2027 nisi
741 1992 921 2026 auctoritate
955 1991 1091 2037 Aposto-

348 2044 424 2078 licae
458 2042 550 2078 Sedis
585 2051 760 2088 praesumat
786 2041 926 2086 exigere,
959 2052 1028 2074 cum
1065 2040 1091 2074 ei

349 2093 436 2128 nullo
455 2093 560 2127 medio
581 2092 621 2126 sit
643 2090 792 2126 subiecta.
817 2090 1024 2124 prohibemus
1043 2091 1093 2124 in-

349 2155 456 2190 super,
478 2150 513 2176 ut
546 2140 624 2176 nulli
645 2140 875 2175 ecclesiasticae
909 2139 955 2174 vel
983 2140 1092 2174 cuius-

349 2204 487 2240 cumque
503 2191 624 2226 ordinis
646 2201 798 2237 personae
816 2189 862 2223 fas
879 2190 919 2223 sit
940 2188 1094 2223 indebitas

350 2243 532 2278 exactiones
557 2240 709 2276 Ecclesiis
737 2238 845 2273 vestris
875 2247 927 2273 aut
955 2239 1093 2286 capellis,

351 2293 399 2327 vel
421 2290 640 2326 sacerdotibus
661 2301 768 2324 earum
795 2289 966 2334 imponere.

401 2340 610 2376 Decernimus
632 2351 718 2385 ergo,
742 2346 774 2372 ut
797 2337 873 2372 nulli
896 2337 1025 2372 omnino
1044 2337 1094 2371 ho·

354 2391 474 2425 minum
493 2390 585 2425 liceat
600 2388 767 2436 praefatam
781 2387 957 2422 Ecclesiam
977 2394 1095 2421 temere

356 2439 550 2487 perturbare,
571 2447 636 2478 eta,
658 2451 750 2483 usque
770 2437 882 2472 usibus
903 2436 1097 2472 omnimodis

357 2489 526 2535 profutura.
543 2488 633 2523 Salva
654 2487 748 2522 Sedis
769 2487 967 2533 Apostolicae
989 2493 1096 2520 aucto—

358 2539 456 2582 ritate,
477 2546 507 2572 et
535 2539 564 2572 in
588 2537 732 2584 praefatis
752 2535 902 2570 Ecclesiis
930 2536 968 2571 de
990 2534 1096 2570 Senti-

358 2588 447 2630 liaeo,
460 2587 499 2621 de
520 2587 635 2626 Ruem‚
657 2586 697 2621 de
708 2585 838 2624 Tiliaco,
857 2585 896 2619 de
912 2584 1096 2625 Fonteneio,
1138 2590 1220 2617 terea
1234 2610 1242 2623 ,
1274 2591 1304 2617 et
1336 2583 1517 2619 defensores
1543 2595 1579 2619 ac
1602 2583 1736 2620 fautores
1769 2596 1880 2621 eorum
1895 2602 1936 2620 ue.

1166 1359 1251 1389 modo
1274 1360 1427 1400 puniendi.
1449 1377 1489 1383 -
1506 1359 1622 1390 Poenae
1645 1365 1746 1391 contra
1772 1370 1874 1391 eorum

1167 1399 1307 1437 fautores,
1323 1405 1373 1430 etc.
1388 1417 1427 1424 —
1439 1400 1628 1431 Sacramenta
1645 1402 1688 1431 eis
1704 1401 1874 1439 deneganda

1165 1456 1204 1461 —
1221 1439 1253 1470 Et
1271 1440 1470 1471 ecclesiastica
1489 1441 1652 1481 sepultura.
1675 1458 1713 1463 —
1735 1440 1795 1471 Hoc
1811 1445 1874 1471 sta-

1167 1484 1231 1510 tutu
1245 1490 1260 1509 u
1285 1489 1299 1509 a
1323 1481 1516 1520 potestatibus
1536 1486 1564 1511 et
1581 1481 1758 1511 consulibus
1776 1481 1877 1511 iuran-

1168 1520 1247 1549 dum.
1269 1537 1307 1542 —
1329 1520 1495 1551 Clausulae.

1127 1586 1297 1616 innocentius
1334 1586 1475 1623 episeopus
1506 1594 1602 1617 servus
1640 1595 1780 1618 servorum
1816 1587 1876 1622 nei.

1173 1631 1307 1660 universis
1339 1631 1463 1660 fidelibus
1484 1633 1589 1661 nostris
1611 1640 1659 1669 per
1682 1634 1878 1668 patrimonium

1173 1677 1248 1705 beati
1267 1676 1341 1706 Petri
1359 1677 1476 1712 apostoli
1499 1678 1675 1707 constitutis.

1178 1740 1227 1774 Ad
1246 1739 1469 1775 eliminandam
1487 1741 1617 1776 omnino
1631 1741 1671 1776 de
1686 1743 1876 1789 patrimonio

1131 1790 1209 1824 beati
1232 1789 1316 1824 Petri
1346 1790 1575 1825 haereticorum
1598 1792 1793 1838 spurcitiam,
1808 1804 1875 1827 ser-

1131 1840 1230 1875 vanda
1267 1841 1296 1874 in
1327 1849 1511 1887 perpetuum
1547 1841 1615 1886 lege
1642 1842 1820 1884 sancimus,
1847 1850 1881 1877 ut

1131 1890 1322 1936 quicumque
1344 1889 1533 1934 haereticus,
1555 1899 1585 1924 et
1607 1891 1741 1926 maxime
1756 1891 1881 1926 Patere-

1133 1951 1203 1981 uus,
1232 1940 1260 1973 in
1289 1951 1325 1973 eo
1354 1940 1446 1973 fuerit
1469 1940 1629 1983 inventus,
1651 1941 1796 1988 protinus
1827 1953 1880 1976 ca-

1134 1989 1245 2034 piatur,
1260 1997 1289 2023 et
1304 1989 1444 2023 tradatur
1457 1989 1607 2024 saeculari
1625 1990 1730 2026 curiae
1746 1991 1881 2038 punien-

1132 2037 1192 2072 dus
1213 2038 1387 2073 secundum
1407 2037 1564 2084 legitimas
1585 2040 1775 2075 sanctiones.
1790 2040 1880 2076 Bona

1134 2099 1206 2122 vero
1233 2087 1331 2134 ipsius
1358 2089 1461 2122 omnia
1485 2087 1704 2135 publicentur,
1732 2091 1808 2124 itaut
1840 2089 1880 2124 de

1135 2137 1211 2190 ipsis
1235 2149 1327 2171 unam
1355 2147 1473 2184 partem
1499 2139 1651 2186 percipiat
1672 2140 1725 2186 qui
1742 2140 1880 2187 caeperit

1135 2187 1233 2227 illum,
1251 2186 1379 2222 alteram
1401 2188 1486 2222 curia
1504 2199 1585 2234 quae
1608 2189 1708 2236 ipsum
1728 2189 1879 2236 punierit,

1136 2236 1221 2270 tertia
1256 2248 1328 2270 vero
1350 2236 1519 2284 deputetur
1545 2237 1585 2273 ad
1612 2238 1879 2274 constructionem

1136 2297 1298 2320 murorum
1322 2286 1404 2321 illius
1427 2296 1525 2322 terrae
1547 2287 1602 2321 ubi
1625 2287 1715 2322 fuerit
1745 2287 1880 2324 interce-

1137 2343 1217 2381 ptus.
1248 2335 1370 2370 Domus
1406 2344 1509 2371 autern
1544 2336 1577 2371 in
1612 2348 1672 2384 qua
1707 2336 1880 2373 haereticus

1136 2383 1226 2419 fuerit
1249 2393 1424 2431 receptatus
1445 2385 1586 2420 funditus
1607 2385 1800 2432 destruatur,
1823 2400 1880 2423 nec

1136 2434 1302 2480 quisquam
1342 2446 1410 2469 eam
1445 2435 1644 2471 reaedificare
1681 2445 1879 2483 praesumat:

1137 2484 1190 2517 sed
1215 2483 1265 2518 liat
1288 2484 1428 2519 sordium
1451 2485 1695 2532 receptaculum,
1719 2498 1799 2533 quae
1825 2486 1881 2521 fnit

1138 2532 1299 2568 latibulum
1337 2534 1539 2580 perfidorum.
1573 2533 1746 2570 Credentes
1786 2547 1882 2583 prae·

358 2636 397 2670 ‹le
429 2635 586 2676 Centolio,
613 2636 652 2670 de
672 2635 771 2670 Chalo
803 2643 833 2669 et
860 2635 898 2669 de
920 2634 1098 2669 Herbiliaco
1137 2640 1244 2678 quarta
1262 2631 1416 2668 bonorum
1434 2645 1565 2668 suorum
1588 2643 1675 2681 parte
1697 2634 1881 2678 multentur,

358 2685 616 2720 dioecesanorum
638 2685 859 2731 episcoporum
883 2686 1033 2719 canonica
1056 2685 1120 2725 iu-'y
1173 2698 1212 2733 (i)
1229 2698 1266 2724 Ex
1284 2698 1382 2730 Batuz„
1401 2699 1482 2733 Epist.
1504 2698 1565 2725 130.

1876 296 1927 323 An.
1943 294 1974 323 C.
1988 291 2056 322 ¹20⁷

1903 1745 2010 1767 Haeretici
2025 1751 2075 1766 sae-

1891 1776 1956 1798 culari
2002 1777 2075 1800 curia·

1890 1807 1994 1829 tradendi.

1905 2193 2013 2220 Quomodo
2035 2197 2076 2219 pa·

1893 2225 1971 2247 aiendi.

1908 2536 1992 2558 Poenae
2004 2538 2078 2557 contr·

1895 2573 1967 2589 eorum
1976 2566 2076 2592 lautores,
