2129 3223
49 265 100 292 Αιι.
113 264 142 291 C.
163 264 230 291 ¹¹82

56 664 117 685 cuins
126 669 187 686 irnor
194 671 226 686 re-

43 697 115 716 lutus.

56 1150 226 1173 Durnomuxorc

52 1181 201 1200 consentiente
213 1195 217 1204 ,

45 1211 152 1236 ιὶιίεοορὶι
189 1211 226 1230 ml-

59 1239 195 1266 probunttbus
206 1256 210 1263 ,

45 1272 108 1290 «tonat
117 1269 227 1290 Ecclesiae

44 1301 152 1322 tiaisinenst
189 1305 227 1321 ec-

45 1332 132 1352 clesium
152 1331 172 1351 S.
190 1330 227 1352 Ni-

44 1362 98 1382 cnlnt
115 1363 140 1382 de
157 1361 227 1387 Gurgo

44 1398 90 1412 runi
131 1393 227 1413 munitius

45 1424 186 1449 pertinentiis.

59 1921 171 1943 Duodeetm
194 1925 228 1942 uut

46 1954 70 1973 ait
87 1953 155 1973 minut
177 1957 228 1979 sep-

47 1987 89 2003 tem
119 1982 228 2003 montenis

46 2014 115 2033 missin
138 2014 164 2033 ait
192 2017 229 2032 re-

47 2043 134 2067 gendam
152 2042 228 2063 Eccle-

46 2075 105 2094 si-un:

62 2439 102 2460 Suh
162 2443 232 2459 annun

48 2475 114 2491 censu
159 2470 231 2495 vtgtntt

890 261 1000 284 [uetus
1027 261 1063 283 ttt
1088 260 1136 283 ΙΨ.

246 319 357 352 nonicc
378 326 624 364 consequutum,
647 317 722 352 sicut
745 317 773 350 in
791 316 906 362 scripto
922 316 991 349 cius

243 366 425 401 authentico
451 367 652 407 continetur,
675 374 705 400 ct
739 377 806 400 eam
844 366 924 399 iuste
955 375 991 398 ac

243 416 311 450 sine
333 416 543 450 controversia
567 415 720 462 possides,
744 414 798 448 tihi
827 422 855 448 ct
884 424 940 460 per
961 420 990 447 tc

243 465 432 499 monasterio
447 472 499 499 tuo
521 464 705 499 auctoritate
727 463 895 510 apostolica
914 474 990 496 con—

243 513 415 557 firmamus,
437 521 465 548 ct
491 513 663 560 praesentis
685 513 791 559 scripti
817 511 990 559 patrocinio

241 563 486 596 communimus.
512 562 558 596 Ad
578 562 728 596 maiorem
762 568 866 595 antem
896 560 990 594 huius

242 611 311 644 l'acti
340 611 480 646 notitiam
505 610 586 645 idcm
615 612 766 658 scriptum
791 610 920 644 inferius
936 608 991 643 du-

242 659 345 694 ximus
371 660 597 694 annotandum.
627 659 659 693 ln
686 660 814 694 nominc
836 658 938 693 Patris
959 665 990 692 et

241 707 310 742 Filii
333 716 363 742 et
383 708 521 755 Spiritus
542 708 660 743 Sancti.
690 709 803 743 Amen.
838 708 990 742 Peccato-

242 769 310 791 rum
342 758 479 804 pondere
507 758 715 804 praegravatis
741 756 912 804 principale
940 767 990 790 re-

242 806 360 852 peritur
391 805 578 846 remedium,
609 814 640 840 ut
674 805 878 852 temporalem
915 804 990 839 suh-

240 854 384 889 stantiam
419 854 536 889 Christi
565 854 757 902 pauperibus
783 866 911 900 erogare
944 853 990 887 fe-

240 903 368 948 stinent,
395 903 534 938 Domino
558 903 626 950 ipso
647 903 781 938 dicente:
804 903 883 938 Date
905 902 990 937 elee-

241 963 423 1000 mosynam,
459 960 489 986 et
526 963 599 986 ecce
634 953 737 987 onmia
765 952 881 987 munda
917 958 990 985 sunt

241 1000 329 1036 vohis
348 1004 405 1045 (l),
426 1008 456 1036 et
476 1002 608 1035 iterum:
631 1000 738 1036 Facite
762 1001 850 1036 vobis
871 1000 990 1036 amicos

240 1051 279 1083 de
304 1062 482 1084 mammona
511 1050 697 1097 iniquitatis,
733 1058 765 1084 ut
797 1062 868 1085 cum
901 1049 990 1083 defc-

241 1098 358 1137 ceritis,
385 1099 535 1146 recipiant
563 1111 618 1133 vos
646 1100 674 1133 in
695 1107 820 1134 aeterna
844 1098 989 1133 taberna-

241 1147 309 1182 cula
340 1149 395 1190 (2).
432 1147 569 1194 ldeoque
605 1148 685 1182 hanc
715 1159 821 1182 vocem
857 1146 990 1181 audiens

242 1207 300 1243 ogo
326 1195 464 1231 Barason
488 1209 542 1232 rex
564 1204 594 1231 et
616 1197 728 1237 index,
763 1197 809 1232 avi
841 1204 872 1230 ct
894 1197 989 1243 patris

244 1246 303 1279 mei
330 1256 467 1292 sequens
489 1257 545 1292 pro
567 1257 660 1292 possc
683 1247 731 1291 pia
749 1245 889 1292 vestigia,
918 1256 991 1279 con-

242 1293 398 1328 sentiente
431 1307 528 1329 uxore
555 1306 621 1328 meu
654 1295 759 1340 regina
792 1294 988 1339 Algaburga‚

243 1353 364 1377 necnon
402 1350 433 1377 et
467 1344 626 1390 episcopis
665 1343 779 1378 uostris
813 1342 989 1378 Mariniano

241 1390 419 1426 Zorachide
427 1391 522 1426 Terra
535 1391 625 1431 Alba,
641 1401 670 1426 ct
684 1393 841 1427 comitano
859 1394 903 1435 (ὅ)
918 1390 990 1425 Pais

241 1440 279 1474 de
299 1440 369 1478 Ata,
398 1452 455 1487 pro
483 1440 699 1487 redemptione
721 1441 896 1476 animarum
931 1452 989 1474 uo-

240 1496 375 1523 strarum
401 1496 432 1523 et
466 1497 628 1536 parentum
658 1498 849 1533 nostrorum,
885 1489 986 1524 tradi—

242 1549 323 1581 mus,
345 1537 501 1573 donamus
527 1548 619 1585 atque
641 1539 849 1573 concedimus
872 1538 988 1572 Eccle—

240 1587 303 1620 siae
324 1585 357 1620 S.
392 1586 555 1622 Benedicti
577 1587 616 1622 de
647 1587 753 1622 Monte
780 1587 907 1628 Casino,
935 1599 988 1621 ec-

241 1634 367 1670 clesiam
391 1634 423 1670 S.
452 1636 572 1671 Nicolai
606 1637 645 1670 de
680 1636 789 1683 Gurgo
821 1649 892 1671 cum
920 1649 991 1671 om-

243 1683 335 1719 nibus
369 1686 567 1731 pertinentiis
601 1686 678 1729 suis,
717 1698 789 1720 cuni
825 1687 922 1721 servis
961 1694 991 1720 et

243 1732 377 1772 ancillis
402 1734 503 1774 terris,
542 1734 643 1769 vincis
677 1735 770 1769 cultis
796 1743 826 1770 et
853 1735 990 1780 incultis,

242 1780 373 1816 saltibus
393 1790 423 1817 et
450 1783 559 1830 pratis,
586 1793 614 1818 et
637 1784 749 1831 sylvis,
773 1793 865 1831 atque
888 1784 990 1830 pisca-

243 1830 393 1874 tionibuS,
416 1843 474 1866 nec
496 1844 559 1866 non
587 1841 617 1866 ct
644 1833 845 1870 animalibus,
868 1841 898 1868 ct
917 1845 988 1867 cum

242 1878 408 1920 omnibus,
434 1891 516 1926 quae
543 1881 572 1914 in
601 1881 740 1916 chartula
764 1882 904 1917 eiusdem
928 1883 991 1917 Ec-

242 1926 356 1962 clesiae
377 1929 578 1963 continentur
599 1931 732 1977 scripta3
756 1930 805 1965 tali
830 1939 921 1977 pacto
943 1940 991 1966 at-

243 1987 306 2022 que
327 1978 546 2021 conventione,
575 1986 605 2012 ut
628 1979 795 2014 duodecim
821 1980 935 2015 ibidem
951 1981 988 2015 ad

243 2024 311 2059 Deo
345 2026 570 2070 serviendum,
606 2028 632 2061 si
667 2037 770 2062 tamen
811 2030 989 2076 supradicta

244 2072 382 2108 Ecclesia
398 2075 454 2108 hos
475 2077 630 2110 sustinere
652 2077 719 2111 sine
738 2079 786 2112 sui
802 2078 990 2113 detrimento

245 2123 396 2169 potuerit,
433 2123 545 2169 dirigat
584 2125 771 2166 monachos,
804 2139 839 2160 ex
874 2128 990 2174 quihus

245 2180 307 2205 tres
337 2172 381 2205 vel
410 2180 545 2218 quatuor
573 2173 611 2206 ita
644 2174 705 2208 sint
733 2175 865 2219 literati,
903 2185 933 2210 ut
964 2178 989 2211 si

245 2221 460 2254 necessarium
484 2220 594 2262 suerit,
622 2222 651 2256 in
684 2223 939 2272 archiepiscopos
961 2234 990 2260 et

245 2268 412 2316 episcopos
445 2270 565 2316 possint
594 2270 682 2316 eligi,
710 2280 740 2306 ct
774 2274 866 2307 ctiam
902 2275 989 2321 regni

246 2319 342 2352 nostri
370 2318 494 2364 negotia
517 2319 581 2353 sive
604 2319 634 2353 in
653 2319 793 2355 Romana
816 2322 921 2366 Curia,
944 2323 991 2357 vel

247 2367 277 2400 in
305 2365 400 2401 Curia
426 2367 638 2413 imperatoris,
666 2377 694 2402 ct
731 2370 846 2416 ubique
873 2372 991 2406 valeant

247 2421 388 2450 tractare.
431 2415 464 2450 Si
503 2428 574 2450 vero
610 2425 711 2452 tantos
737 2420 893 2454 sustinere
929 2433 992 2455 non

248 2464 384 2510 potuerit
405 2464 564 2511 praedicta
599 2465 751 2511 Ecclesia,
785 2475 917 2515 septem.
944 2469 993 2504 vel

283 2524 323 2558 (1)
339 2524 401 2551 Luc.
422 2532 463 2555 xi,
480 2526 522 2551 41.
541 2526 578 2560 (n.
596 2526 635 2560 T.)
672 2526 711 2561 (9)
723 2526 785 2554 Luc.
797 2536 843 2555 xvi
873 2533 888 2557 ti
910 2539 942 2564 Ji.
955 2531 994 2564 τ.)

248 2564 287 2598 (3)
305 2563 472 2596 Uomanum,
492 2573 617 2600 paganus,
640 2568 765 2598 rusticus,
783 2573 899 2602 agrctco
918 2580 992 2601 κωμη,

249 2610 341 2637 pagus,
360 2603 434 2630 vicus
453 2605 493 2638 (n.
514 2606 557 2638 T.)

325 2646 399 2677 Bull.
416 2646 494 2677 Rom*
522 2647 576 2677 Vol.
599 2648 647 2677 111.
837 2652 854 2680 ἓ.)

1709 249 1730 281 9

1032 322 1167 361 quantos
1188 314 1363 348 secundum
1387 314 1551 350 consilium
1576 320 1718 348 nostrum
1737 313 1782 348 vi-

1032 375 1101 397 sum
1130 364 1234 403 fuerit,
1256 363 1454 401 transmittat,
1487 363 1527 398 de
1548 374 1609 410 qua
1638 360 1781 397 Ecclesia

1033 412 1137 457 viginti
1162 412 1333 459 byzantio&
1361 420 1389 445 ct
1417 424 1478 446 non
1502 412 1583 458 plus.
1617 411 1780 446 annuatim

1031 461 1162 507 accipiat
1186 460 1327 495 Ecclesia
1354 460 1459 495 Sancti
1483 460 1644 496 Benedicti
1668 460 1783 495 Montis

1031 510 1153 552 Casini,
1183 510 1242 544 nisi
1266 510 1344 544 sorte
1365 509 1482 556 aliquid
1507 509 1707 544 intervenerit
1730 510 1783 544 ei—

1031 559 1102 593 dem
1136 558 1299 593 Ecclesiae
1334 559 1616 606 impedimentum,
1650 558 1698 593 vel
1726 570 1782 606 pro

1030 607 1124 642 Curia
1147 607 1301 648 Romana,
1329 607 1375 642 vcl
1400 619 1456 655 pro
1474 619 1598 653 guerra,
1629 606 1675 641 vel
1699 616 1782 642 certe

1032 668 1087 703 pro
1107 657 1194 702 regni
1214 657 1261 690 sui
1285 657 1426 702 negotio,
1445 657 1491 691 vel
1514 657 1607 691 etiam
1630 668 1687 703 pro
1701 668 1783 691 com-

1032 705 1190 751 paratione
1229 705 1364 740 alicuius
1396 714 1507 740 terrac.
1548 705 1625 739 Mihi
1664 712 1782 745 autem,

1030 754 1078 788 vel
1106 754 1198 789 alicui
1225 754 1312 788 alteri
1342 766 1405 789 non
1434 753 1524 789 liceat
1555 753 1661 801 aliquo
1687 753 1782 788 modo

1030 802 1242 849 supradictam
1271 801 1306 837 S.
1332 802 1452 837 Nicolai
1486 811 1627 849 repetere
1654 802 1700 836 vel
1733 802 1783 836 in-

1030 852 1170 898 quietare
1196 851 1373 886 Ecclesiam
1396 851 1422 885 si
1444 851 1657 898 supradictam
1677 858 1782 885 tenere

1030 900 1185 934 voluerint
1207 901 1462 935 conventionem.
1491 899 1603 938 Testes
1624 899 1783 934 Marianus

1031 948 1159 983 Zorraki
1188 949 1360 996 episcopus
1387 948 1555 993 Terralbe,
1591 957 1621 983 et
1648 948 1783 983 comita-

1033 1009 1093 1032 nus
1126 997 1198 1032 Pais
1236 999 1407 1044 episcopus
1441 997 1536 1044 Alae,
1574 1006 1605 1034 et
1638 996 1783 1032 Ponthus

1030 1053 1155 1081 curator
1176 1046 1214 1080 de
1228 1046 1411 1087 Bonorzuli,
1434 1055 1465 1081 et
1486 1049 1665 1083 comitanus
1681 1045 1783 1080 Fron-

1031 1102 1137 1129 sacute
1164 1103 1289 1130 curator
1311 1095 1350 1130 de
1373 1095 1595 1142 Campitanno,
1632 1103 1662 1129 et
1684 1096 1783 1130 comi-

1032 1152 1122 1178 tanus
1139 1143 1177 1177 de
1200 1143 1408 1191 Laconpedes
1427 1152 1552 1180 curator
1574 1146 1613 1180 de
1634 1143 1781 1183 Valensa‚

1030 1200 1061 1226 et
1087 1192 1317 1227 Constantinus
1342 1192 1469 1239 spanus
1496 1203 1622 1230 curator
1643 1192 1682 1227 de
1703 1192 1783 1227 Fro-

1031 1240 1172 1281 doriane,
1201 1241 1315 1282 iudex,
1349 1241 1488 1276 Parason
1526 1243 1564 1278 de
1591 1241 1706 1277 Gallun
1726 1253 1783 1276 cu-

1032 1297 1117 1323 rator
1138 1289 1178 1324 de
1199 1289 1294 1330 Mitti,
1322 1288 1468 1325 Orzocho
1492 1290 1531 1326 de
1558 1292 1663 1326 Lacon
1700 1289 1783 1324 filius

1031 1350 1132 1381 mens,
1161 1347 1287 1373 curator
1317 1338 1356 1372 de
1378 1338 1534 1381 Giltiher,
1572 1340 1712 1374 Orzocor
1744 1338 1783 1373 de

1031 1385 1134 1420 Lacon
1163 1386 1386 1429 Arborikesus,
1409 1396 1535 1424 curator
1569 1389 1607 1423 de
1633 1386 1782 1422 Barbaria

1030 1435 1069 1469 de
1096 1435 1218 1477 Meana,
1255 1436 1484 1471 Constantinus
1511 1438 1622 1473 Manca
1658 1443 1784 1471 curator

1030 1484 1068 1518 de
1098 1484 1218 1519 Mantra
1257 1484 1390 1529 Olisaii,
1428 1485 1585 1521 lohanncs
1611 1486 1650 1520 de
1684 1484 1782 1519 Vinea

1030 1532 1258 1568 Bniahesorum
1284 1534 1382 1568 maior
1403 1546 1474 1569 cum
1499 1537 1571 1570 totis
1593 1535 1659 1569 suis
1679 1534 1783 1574 sociis

1032 1580 1142 1616 Petrus
1164 1582 1324 1628 Paganus,
1352 1584 1496 1629 quamvis
1528 1584 1691 1631 indignus,
1726 1594 1783 1617 sa-

1031 1630 1142 1666 cerdos
1167 1632 1219 1677 qui
1244 1631 1321 1666 haec
1343 1633 1449 1666 omnia
1476 1633 1615 1681 scripsit.
1647 1632 1680 1667 Si
1712 1632 1783 1679 quis

1031 1688 1133 1713 autem
1177 1688 1286 1715 contra
1321 1681 1402 1715 hanc
1440 1690 1564 1717 nostrae
1604 1681 1783 1716 donationis

1031 1727 1206 1763 chartulam
1229 1730 1347 1776 aliquid
1377 1730 1477 1764 moliri
1508 1732 1649 1770 voluerit,
1671 1730 1780 1765 omni—

1033 1778 1167 1822 potentis
1205 1778 1262 1812 Dei
1301 1778 1403 1813 Patris
1429 1788 1459 1813 et
1485 1779 1554 1815 Filii
1588 1788 1618 1814 et
1645 1779 1781 1826 Spiritus

1031 1826 1151 1865 Sancti,
1171 1838 1294 1861 necnon
1317 1834 1347 1861 et
1364 1826 1478 1862 Beatae
1500 1840 1626 1876 semper
1643 1828 1781 1874 Virginis

1031 1874 1088 1908 Dei
1117 1874 1287 1910 Genitricis
1314 1875 1446 1921 Mariae,
1479 1885 1509 1912 et
1542 1878 1685 1912 omnium
1708 1888 1782 1912 coe-

1031 1923 1154 1957 lestium
1183 1923 1347 1964 virtutum,
1373 1932 1404 1958 et
1437 1933 1616 1961 sanctorum
1643 1925 1781 1961 Patriar-

1031 1971 1171 2010 charum,
1208 1980 1238 2006 et
1273 1972 1515 2020 Prophetarum,
1542 1974 1780 2021 Apostolorum,

1032 2019 1316 2066 Evangelistarum,
1350 2020 1598 2069 Discipulorum,
1625 2023 1781 2058 Innocen-

1032 2068 1120 2111 tium,
1142 2068 1325 2116 Martyrum,
1347 2069 1574 2106 Confessorum
1596 2079 1690 2118 atque
1707 2071 1780 2106 vir-

1031 2118 1153 2162 ginum,
1176 2126 1203 2152 et
1228 2119 1369 2153 omnium
1398 2120 1556 2155 incurrant
1585 2120 1781 2155 maledictio—

1033 2177 1103 2199 nem
1132 2166 1314 2201 electorum.
1343 2168 1457 2203 Amen.
1486 2169 1546 2211 Qui
1580 2177 1682 2204 autem
1706 2169 1779 2205 huic

1032 2214 1190 2249 chartulae
1213 2218 1447 2262 consenserint,
1469 2227 1499 2253 et
1521 2230 1587 2253 eam
1611 2217 1780 2253 confirma—

1035 2263 1144 2301 verint,
1168 2272 1197 2297 et
1220 2276 1322 2299 veram
1340 2277 1408 2300 esse
1423 2267 1624 2307 crediderint,
1647 2267 1778 2302 habeant

1033 2311 1284 2347 benedictionem
1323 2314 1380 2348 Dei
1418 2316 1642 2361 omnipotentis
1679 2315 1781 2352 Patris

1033 2369 1061 2394 et
1086 2360 1156 2394 Filii
1184 2370 1213 2395 et
1239 2362 1374 2407 Spiritus
1396 2364 1513 2403 Sancti,
1543 2377 1663 2399 necnon
1687 2373 1717 2400 ct
1742 2365 1780 2401 Β.

1034 2420 1158 2455 semper
1199 2410 1337 2456 Virginis
1363 2411 1419 2445 Dei
1452 2410 1620 2448 Genitricis
1646 2413 1782 2459 Mariae,

1034 2467 1063 2491 et
1090 2458 1231 2492 omnium
1259 2460 1441 2493 coelestium
1474 2462 1621 2496 virtutum
1644 2471 1674 2497 et
1707 2475 1782 2499 san-

1035 2513 1156 2540 ctorum
1191 2506 1440 2542 Patriarcharum
1473 2518 1502 2543 et
1533 2509 1782 2558 Prophetarum,

1037 2554 1271 2601 Apostolorum,
1313 2557 1597 2604 Evangfdistarum,
1634 2560 1782 2607 Discipu-

1036 2601 1150 2648 lorum,
1177 2604 1409 2647 Innocentium,
1439 2606 1619 2655 Martyrum,
1647 2609 1782 2647 Confes-

1797 257 1846 283 Αῐι.
1866 255 1894 282 C.
1914 255 1983 282 1182

1796 323 1934 345 btzantiorum
1943 331 1981 351 pru

1796 355 1905 376 eumen-1
1940 355 1981 375 Ec-

1797 385 1874 405 cte-ia:

1812 912 1906 934 restibus
1944 913 1982 933 ad-

1797 943 1869 964 hibitis
1896 945 1920 964 ad
1944 945 1982 963 do-

1797 974 1890 995 nattontn
1921 975 1981 994 fldem

1798 1004 1944 1024 intimandam.

1811 1691 1832 1712 lu
1864 1696 1981 1713 temerato-

1797 1729 1830 1743 ιτς
1859 1724 1979 1744 donationis

1796 1755 1869 1780 ipsius,
1892 1754 1928 1775 Dei
1960 1760 1981 1775 nt

1795 1785 1827 1804 ὃς.
1845 1784 1979 1805 melecta-110-

1796 1823 1821 1834 Δια
1838 1816 1942 1835 invocati:

1809 2230 1849 2251 Pu
1865 2236 1886 2252 et
1911 2232 1978 2252 bene>

1796 2263 1860 2282 ‹tlt-tio
1883 2267 1920 2288 pro
1950 2262 1979 2282 tlh

1809 2293 1968 2313 consentiend-

1865 2322 1912 2341 hus:
