2129 3223
63 242 114 270 Λιι.
135 242 164 270 C.
178 244 246 270 ¹252

310 304 325 343 ἓ
346 303 378 333 2.
401 298 481 334 Cum
497 299 580 334 enim
603 299 725 335 dudum
749 300 937 336 venerabilis
954 301 1010 336 fra-

63 349 246 402 Jfflgggfflssffl
261 356 307 383 ter
326 356 431 384 noster
452 349 632 396 episcopus,
653 358 686 384 et
703 350 838 385 dilectus
866 350 948 386 filius
970 350 1007 385 N.

63 387 108 432 unii
131 388 246 433 nno-‚1¹22
261 405 398 445 potestas
419 405 449 432 et
483 398 694 434 communitas
730 399 878 434 Paduana
919 399 1010 434 nohis

63 443 129 463 ‘'⁰¹¹‘'
262 458 316 493 per
342 447 475 482 nuncios
505 459 582 483 suos
627 455 659 482 et
693 448 810 482 litteras
849 448 1010 483 humiliter

260 495 503 542 supplicassent,
530 504 563 531 ut
605 509 677 531 cuin
714 496 871 532 Dominus
906 498 1008 533 eidem

259 544 377 580 Sancto
404 553 518 580 tantam
551 545 685 580 contulit
723 546 867 593 gloriam,
901 556 934 581 ut
971 547 1008 582 ad

260 593 395 628 dandam
418 595 581 630 scientiam
610 595 729 642 primae
751 595 847 629 stolae
880 596 1010 630 immor-

259 642 387 678 talitatis
409 644 520 690 ipsius,
547 652 577 679 et
603 644 855 690 experimentum
879 645 1010 680 evidens

259 691 299 727 de
318 693 469 733 secunda,
491 692 697 740 sepulchrum
720 694 789 728 eius
806 701 850 728 tot
867 702 897 729 et
916 694 1010 729 tantis

259 740 347 776 daret
369 754 534 777 coruscare
556 742 728 786 miraculis,
755 742 839 789 quod
872 743 939 778 eius
966 743 1010 777 in-

260 798 308 824 ter
328 790 406 825 alios
432 799 559 826 sanctos
585 803 647 825 non
685 791 822 826 inxocari
863 792 1009 838 suffragia

260 848 308 874 est
334 839 509 886 indignum.
528 839 568 874 de
595 840 695 886 ipsius
722 840 881 875 miraculis
916 848 1010 875 testes

260 887 358 935 recipi
381 889 615 924 mandaremus.

310 940 380 980 55.
409 937 479 972 Non
501 938 711 981 attendentes,
747 938 830 985 quod
867 938 937 973 licet
971 937 1008 972 ad

261 985 334 1030 hoc,
357 995 389 1021 ut
415 986 528 1034 aliquis
554 996 683 1022 sanctus
705 988 744 1021 sit
775 986 860 1034 apud
896 987 1011 1022 Domi-

261 1047 351 1079 num,
370 1036 400 1070 in
421 1035 560 1071 Ecclesia
589 1036 817 1083 triumphante,
840 1036 904 1070 sola
937 1036 1010 1071 suf-

261 1083 343 1119 ficiat
370 1084 471 1119 finalis
509 1085 756 1131 perseverantia,
794 1086 876 1119 iuxta
910 1085 1008 1119 illud:

261 1132 338 1168 Esto
360 1133 463 1169 fidelis
481 1146 583 1181 usque
605 1134 643 1168 ad
680 1141 834 1178 mortem,
865 1142 895 1168 et
929 1133 1010 1169 dabo

261 1182 317 1217 tibi
348 1195 497 1218 coronam
530 1183 619 1218 vitae:
660 1183 696 1217 ad
739 1183 799 1217 hoc
837 1191 940 1218 tamen
976 1191 1011 1217 ut

261 1240 390 1267 sanctus
411 1231 564 1267 habeatur
589 1231 671 1279 apud
699 1232 846 1267 homines
879 1232 909 1266 in
943 1232 1011 1267 Ec-

261 1280 354 1316 clesia
375 1281 542 1322 militante,
564 1280 628 1316 duo
650 1289 724 1316 sunt
744 1281 934 1322 necessaria,
948 1281 1011 1315 vir-

261 1338 312 1364 tus
336 1342 460 1365 morum
489 1338 520 1365 et
547 1330 659 1365 veritas
696 1331 870 1376 signorum,
902 1331 1010 1365 merita

261 1378 407 1414 videlicet
428 1388 459 1414 et
484 1379 647 1423 miracula,
667 1387 698 1414 ut
721 1379 799 1414 haec
825 1387 855 1414 et
877 1379 926 1413 illa
949 1379 1010 1413 sibi

260 1427 301 1463 ad
327 1428 463 1464 invicem
490 1435 719 1468 contestentur,
741 1440 811 1463 cum
847 1439 907 1462 nec
941 1440 1012 1463 me-

261 1477 318 1512 rita
348 1477 417 1512 sine
454 1477 628 1518 miraculis,
661 1489 720 1512 nec
759 1477 909 1512 miracula
943 1477 1011 1512 sine

261 1526 381 1561 meritis
401 1526 493 1574 plene
514 1525 670 1562 sufficiant
707 1525 744 1561 ad
783 1526 1010 1572 perhibendum

262 1575 345 1613 inter
378 1575 525 1610 hemines
565 1576 780 1611 testimonium
825 1575 1009 1610 sanctitatis.

261 1623 326 1660 Sed
362 1625 438 1660 dum
473 1625 582 1659 merita
620 1637 695 1660 sana
734 1624 947 1671 praecedunt,
982 1631 1012 1658 et

261 1673 344 1709 clara
365 1674 542 1710 succedunt
563 1674 725 1716 miracula,
763 1682 885 1709 certum
921 1685 1011 1720 prae-

262 1721 355 1759 beant
399 1722 552 1758 indicium
585 1722 768 1763 sanctitatis,
807 1731 840 1757 ut
880 1734 937 1757 nos
974 1722 1010 1757 ad

264 1772 367 1819 ipsius
391 1772 624 1807 venerationem
639 1771 800 1811 inducant,
819 1783 911 1818 quem
924 1771 1013 1806 Deus

263 1833 302 1856 ex
323 1821 445 1856 meritis
466 1820 739 1866 praecedentibus,
766 1829 796 1854 et
818 1820 919 1866 signis
940 1820 1013 1854 sub-

237 1869 472 1917 „sequentibus
497 1868 624 1904 exhibet
660 1869 884 1904 venerandum.
924 1868 1012 1911 Quae

265 1918 329 1953 duo
350 1930 388 1954 ex
407 1917 508 1953 verbis
523 1918 741 1964 Evangelistae
767 1918 892 1965 plenius
924 1917 1013 1952 colli-

265 1975 399 2014 guntur:
427 1967 475 2002 Illi
503 1975 607 2001 autem
649 1966 777 2014 profecti
813 1966 1013 2014 praedicave-

266 2025 339 2051 runt
361 2016 479 2064 ubique
499 2015 636 2050 Domino
662 2024 862 2063 cooperante,
888 2025 919 2050 et
944 2027 1013 2050 ser-

266 2077 394 2101 monem
421 2064 628 2100 confirmante
655 2065 863 2112 sequentibus
897 2065 1013 2110 signi33

266 2113 371 2150 eidem
394 2115 556 2161 episcopo,
578 2122 608 2148 et
629 2113 743 2148 dilecto
769 2113 832 2148 filio
855 2113 937 2148 fratri
953 2113 1014 2148 lor-

267 2163 350 2199 dano
369 2163 476 2199 Sancti
498 2162 676 2204 Benedicti,
698 2162 764 2197 etl.
781 2162 887 2198 Sancti
911 2163 1015 2208 Augu·

269 2213 355 2257 stini,
381 2211 541 2260 prioribus
573 2211 693 2246 ordinis
726 2210 856 2246 fratrum
891 2211 1013 2246 Praedi-

268 2271 409 2297 catorum
432 2261 573 2296 Paduan.
600 2260 811 2307 receptionem
835 2261 960 2296 testium
977 2260 1015 2294 de

269 2311 428 2346 miraculis
449 2309 591 2346 eiusdem
614 2308 721 2344 Sancti
755 2309 905 2345 duximus
930 2321 1017 2345 com-

269 2360 467 2395 mittendam.

319 2409 340 2457 S
360 2412 393 2444 4.
419 2409 529 2456 Nuper
546 2414 648 2442 autem
669 2415 731 2442 tam
754 2418 810 2454 per
835 2407 1016 2442 relationem

272 2458 501 2505 praedictorum
534 2456 673 2504 episcopi
695 2464 725 2490 et
747 2456 900 2503 priorum,
923 2468 1017 2503 quam

77 987 128 1009 na·
145 989 246 1010 commis-

63 1022 96 1040 sto
129 1025 167 1046 pro
195 1024 248 1040 en-

62 1051 119 1071 mlne
134 1050 227 1071 tentum.

273 2519 331 2554 per
351 2507 565 2554 depositiones
591 2506 718 2540 testium
741 2517 836 2551 super
870 2505 930 2540 hoc
969 2517 1021 2540 re-

273 2563 448 2603 ceptorum,
475 2556 514 2591 de
531 2555 632 2602 ipsius
658 2553 827 2588 virtutibus
860 2562 890 2588 et
926 2554 1022 2588 mira-

274 2605 418 2641 culorum
444 2604 586 2651 insigniis
606 2603 756 2639 certiores
783 2601 899 2639 effecti.
921 2611 1023 2638 etex-

353 2661 418 2692 But!
444 2659 523 2690 Rom.
546 2659 600 2690 vot.
619 2658 668 2689 III.
828 2658 866 2688 59

876 246 1059 270 Gnmontrs
1081 247 1114 269 lx
1139 247 1186 269 PP.

1683 237 1752 270 46:⁵3

1051 301 1127 348 perti
1151 301 1317 348 aliquando
1341 314 1394 348 prr
1417 314 1473 336 nos
1496 302 1580 349 ipsos
1603 303 1799 337 sanctitatem

1051 351 1130 385 vitae
1147 378 1154 390 ,
1194 358 1223 385 et
1266 350 1485 386 admirabilem
1527 351 1799 386 conversationem

1052 399 1164 445 ipsius,
1188 407 1295 444 utpote
1317 400 1367 446 qui
1396 400 1478 447 apud
1502 412 1560 436 nos
1581 400 1639 435 suit
1661 400 1799 448 aliquan·

1050 448 1105 483 diu
1134 448 1330 483 laudabiliter
1352 457 1566 492 conversatus,
1593 448 1714 484 eisdem
1730 450 1996 504 epi-effirfflffssfjflj

1050 509 1159 545 scopo,
1182 505 1211 533 et
1238 505 1392 544 potestate
1407 508 1435 533 et
1459 499 1686 533 communitate
1711 511 1875 546 prae-bitur.
1942 490 1983 503 Ἠ

1050 546 1154 591 dictis,
1182 558 1239 594 per
1273 546 1433 582 solemnes
1465 549 1597 582 nuncios
1630 560 1729 591 suos,
1769 556 1800 583 et

1050 595 1178 638 litteras,
1202 595 1294 630 nobis
1321 609 1391 631 cum
1420 597 1564 631 instantia
1588 596 1692 631 denuo
1714 609 1799 643 sup-

1053 644 1252 691 plicantibus,
1275 644 1359 692 quod
1382 645 1528 680 eumdem
1560 645 1685 681 fratrem
1719 659 1800 680 sau-

1051 701 1172 729 ctorum
1194 694 1358 740 cathalogo
1380 694 1562 729 adscribere
1592 707 1775 730 curaremus
1791 724 1798 734 ,

1052 750 1083 777 ut
1109 744 1295 778 auctoritate
1337 743 1419 778 sicut
1451 743 1598 778 convenit
1630 744 1800 790 apostolica

1051 791 1164 838 dignus
1187 792 1286 827 honor
1313 791 1355 826 illi
1379 791 1580 826 exhiberetur
1620 791 1651 825 in
1683 793 1799 837 terris,

1050 841 1116 887 qui,
1130 841 1211 876 sicut
1228 840 1321 875 claris
1347 840 1448 887 signis
1472 849 1501 875 et
1523 840 1722 875 evidentibus
1743 853 1800 875 ar-

1050 890 1211 934 gumentis
1239 897 1381 936 apparet,
1414 889 1584 924 bonoratur
1621 890 1651 923 in
1691 890 1799 931 coelis;

1051 938 1172 982 ipsum,
1194 939 1247 986 qui
1269 938 1474 985 corporaliter
1515 937 1688 973 dissolutus
1726 951 1798 973 cum

1051 985 1178 1022 Christo
1200 999 1269 1022 esse
1302 987 1416 1021 meruit
1454 988 1484 1022 in
1518 986 1718 1026 coelestibus,
1761 1000 1801 1022 ne

1052 1035 1134 1070 illius
1157 1036 1269 1071 honori
1295 1036 1413 1076 debito,
1436 1044 1466 1071 et
1488 1036 1605 1082 gloriae
1633 1035 1800 1071 detrahere

1051 1085 1285 1132 quodammodo
1313 1086 1503 1128 videremur,
1526 1087 1552 1120 si
1591 1084 1800 1130 glorificatum

1051 1146 1067 1168 a
1103 1133 1243 1169 Domino
1282 1135 1537 1181 permitteremus
1571 1133 1704 1169 ulterius
1747 1134 1800 1168 hu-

1052 1194 1141 1217 mana
1161 1183 1327 1218 devotione
1351 1184 1487 1230 privari;
1515 1182 1555 1217 de
1588 1182 1717 1217 fratrum
1750 1195 1803 1217 no-

1052 1239 1187 1266 strorum
1210 1232 1353 1276 consilio,
1375 1240 1406 1267 et
1429 1231 1635 1278 praelatorum
1658 1231 1801 1266 omnium

1053 1281 1216 1327 tuncapud
1236 1280 1351 1316 sedem
1366 1280 1576 1327 Apostolicam
1587 1281 1802 1321 existentium,

1051 1329 1215 1377 cathalogo
1233 1329 1423 1365 Sanctorum
1449 1330 1598 1365 duximus
1623 1329 1805 1365 adscriben-

1052 1379 1139 1414 dum.

1819 247 1996 274 An.C.t·1H

1101 1432 1116 1471 g
1144 1432 1175 1462 5.
1204 1427 1286 1462 Cum
1310 1427 1403 1473 igitur
1429 1426 1605 1462 secundum
1641 1426 2000 1482 evangeli-d¹⁸¹⁶¹¹350=t¹¹¹¹t¹³=

1053 1489 1120 1512 eam
1148 1477 1308 1511 veritatem
1323 1504 1330 1517 ,
1346 1489 1439 1511 nemo
1462 1476 1612 1511 accendat
1630 1475 1802 1520 lucernam,
1817 1466 1937 1514 aiamim
1961 1467 2002 1483 Μ’

1053 1535 1081 1561 et
1110 1535 1204 1572 ponat
1225 1538 1295 1562 eam
1323 1525 1382 1560 sub
1403 1526 1520 1565 modio,
1544 1525 1598 1560 sed
1622 1537 1716 1572 super
1733 1537 1804 1560 can-

1053 1575 1230 1615 delabrum,
1254 1583 1287 1610 ut
1309 1587 1430 1614 omnes,
1453 1575 1505 1621 qui
1530 1575 1558 1608 in
1583 1574 1677 1608 domo
1716 1583 1803 1619 sunt,

1053 1626 1159 1660 lumen
1181 1625 1317 1667 videant,
1339 1632 1369 1658 et
1392 1623 1540 1670 praedicti
1559 1622 1664 1658 Sancti
1679 1623 1804 1658 lucerna

1053 1675 1098 1709 sic
1120 1675 1228 1709 arserit
1250 1674 1402 1708 hactenus
1424 1674 1453 1707 in
1478 1673 1537 1707 hoc
1559 1672 1678 1707 mundo
1694 1699 1702 1716 ,
1718 1672 1804 1719 quod

1055 1736 1110 1770 per
1147 1722 1205 1758 Dei
1236 1723 1368 1769 gratiam
1403 1722 1462 1756 iam
1498 1734 1561 1756 non
1599 1721 1658 1756 sul)
1698 1721 1805 1756 modio

1053 1772 1108 1807 sed
1130 1785 1225 1818 super
1240 1770 1464 1806 candelabrum
1481 1771 1629 1805 meruerit
1646 1770 1804 1811 collocari,

1055 1821 1289 1856 universitatem
1310 1828 1443 1855 vestram
1464 1832 1623 1866 rogamus,
1636 1831 1805 1854 monemus

1053 1871 1205 1906 attentius
1242 1877 1272 1904 et
1313 1869 1475 1904 hortamur
1490 1896 1498 1910 ,
1547 1881 1601 1915 per
1634 1868 1804 1916 apostolica

1055 1919 1143 1954 vobis
1165 1920 1283 1964 scripta
1305 1918 1500 1956 mandantes,
1522 1926 1679 1964 quatenus
1713 1917 1805 1952 devo·

1054 1970 1171 2004 tionem
1213 1967 1353 2002 fidelium
1393 1967 1431 2001 ad
1470 1967 1698 2001 venerationem
1738 1967 1806 2001 eius

1054 2017 1222 2052 salubriter
1259 2018 1441 2055 excitantes,
1470 2015 1667 2050 festivitatem
1708 2015 1806 2062 ipsius

1055 2066 1160 2101 idibus
1186 2066 1262 2100 iunii
1297 2065 1386 2100 annis
1417 2065 1549 2111 singulis
1576 2064 1753 2103 celebretis,
1775 2072 1807 2098 et

1056 2116 1174 2150 faciatis
1193 2115 1301 2150 eadem
1325 2115 1374 2149 die
1396 2114 1581 2149 solemniter
1595 2113 1755 2148 celebrari:
1774 2120 1805 2147 ut

1056 2165 1197 2200 eiusdem
1227 2163 1373 2210 precibus
1398 2163 1552 2197 Dominus
1574 2171 1719 2197 exoratus
1741 2174 1807 2208 gra-

1058 2215 1129 2248 tiam
1147 2214 1176 2248 in
1201 2213 1366 2260 praesenti,
1386 2220 1414 2247 et
1432 2213 1562 2258 gloriam
1583 2211 1674 2246 nobis
1692 2211 1807 2245 tribuat

1058 2264 1086 2297 in
1106 2263 1222 2297 futuro.

1106 2315 1121 2355 ἓ
1148 2312 1181 2345 6.
1208 2309 1274 2345 Nos
1295 2317 1398 2344 autem
1415 2309 1581 2356 cupientes
1603 2308 1805 2355 sepulchrum
1847 2315 1981 2344 luduleontiae

1036 2361 1134 2410 ¹tanti
1157 2359 1361 2399 confessoris,
1389 2359 1442 2404 qui
1477 2357 1700 2392 miraculorum
1739 2357 1806 2392 ful-
1821 2348 1893 2398 Ξζῖζη,
1915 2347 2006 2398 „ffflilss

1059 2409 1187 2456 goribus
1227 2408 1361 2442 illustrat
1398 2407 1570 2442 Ecclesiam
1606 2406 1783 2453 generalem
1798 2435 1807 2451 ,
1822 2408 1877 2429 “hm
1892 2412 2004 2430 ‘⁰⁰⁰⁶'ss

1061 2458 1207 2504 congruis
1229 2456 1405 2492 honoribus
1427 2455 1639 2503 frequentari,
1661 2456 1809 2492 omnibus

1061 2519 1132 2541 vere
1155 2506 1399 2553 poenitentibus,
1422 2513 1452 2540 et
1473 2505 1637 2550 confessis,
1665 2505 1740 2540 illud
1778 2506 1810 2540 in

1063 2555 1223 2590 festivitate
1239 2556 1350 2602 ipsius,
1374 2567 1472 2602 usque
1490 2555 1527 2590 ad
1547 2563 1689 2590 octavum
1713 2554 1810 2600 diem,

1063 2605 1153 2641 annis
1175 2605 1306 2652 singulis
1333 2617 1404 2639 cum
1433 2604 1607 2654 reverentia
1633 2603 1737 2640 debita
1762 2605 1806 2639 vi·
