2129 3223
132 259 182 286 Au.
199 257 229 284 c.
245 256 311 284 1228
378 246 447 278 458
922 252 1108 275 annuarum
1136 252 1297 274 nomaso„
1879 250 1928 275 An.
1945 249 1975 274 C.
1994 246 2063 275 ¹228

131 315 315 374 Ὓὲδῗέωὲοωπζς.
378 309 476 344 ΧΧΙΙ.
506 308 581 342 Item
612 307 800 348 statuimus,
829 317 860 342 ut
891 307 1020 342 abbates
1047 318 1075 340 ct
1118 306 1308 341 monasteria
1330 306 1387 340 lios
1414 306 1638 348 transmittant,
1659 313 1690 339 et
1716 304 1777 338 hoc
1799 306 1865 338 visi-

131 380 192 398 ψῃ,
228 379 314 399 ,mm
330 358 450 406 priores
481 357 704 392 conventuales
737 364 767 391 et
801 356 852 391 alii
885 356 1077 391 sufficienter
1118 363 1234 390 tatores
1266 355 1369 390 facere
1393 367 1453 390 non
1476 354 1636 396 omittant,
1659 354 1682 389 si
1712 353 1864 388 voluerint

131 414 150 427 ⁶*
167 416 247 436 ww
329 407 505 442 necessaria
527 407 593 441 suis
616 405 778 440 monacbis
803 405 1021 440 administrent
1046 405 1074 439 in
1117 405 1331 451 gravissimam
1355 416 1488 451 poenam
1508 405 1634 439 evitare.

129 765 167 789 [tui
184 770 225 784 nen
239 763 313 784 adl-ie<

131 796 170 814 rint
179 795 270 821 capitulo
280 801 314 821 ge-

130 825 196 845 nerali
213 831 252 852 qua
264 831 315 852 pne-

130 861 155 874 ω
171 855 292 876 mulctandi.

146 1699 253 1720 Colleciae
268 1699 316 1719 flant

134 1732 159 1751 ad
192 1729 318 1750 subventio-

135 1766 182 1781 nem
208 1762 318 1781 monaste-

135 1793 220 1812 riorum.

146 2239 175 2260 Do
183 2240 320 2261 restauranda

139 2270 250 2297 disciplina
275 2276 320 2290 rnn-

139 2303 278 2322 anteriorum

328 457 410 491 victu
434 457 560 504 pariter,
582 464 611 491 ct
627 456 751 495 vestitu,
770 454 966 490 considerata
985 454 1076 490 facul·

328 513 390 541 tate
411 505 489 550 loci,
508 514 538 540 et
553 505 704 553 temporis
725 504 886 551 qualitate.
902 504 979 539 Tam
1009 503 1076 550 ipse

327 555 438 596 abbas,
471 566 566 602 quam
601 555 710 589 fratres
744 554 772 588 in
802 554 879 588 viam
913 552 1075 598 redigendi

327 604 584 640 benedictionem
608 604 763 651 accipiant
785 603 816 637 in
839 602 945 637 eundo
972 610 1001 635 et
1026 614 1077 635 re-

328 653 466 689 denudo.

377 703 492 738 XXlll.
515 703 592 738 ltem
623 702 803 741 statuimus,
833 710 865 736 ut
891 700 1020 736 abbates
1047 709 1074 734 et

330 754 470 799 priores,
504 753 558 799 qui
592 753 630 788 ad
666 753 797 799 primam
826 751 911 785 diem
946 750 1076 796 capituli

330 815 391 837 non
427 802 585 842 venerint,
620 810 650 837 et
678 801 912 837 excusationem
947 799 1079 834 canoni-

328 864 395 886 cam
420 864 481 886 non
509 851 664 893 miserint,
686 851 748 885 sint
775 850 804 884 in
838 861 917 896 pane
946 859 975 884 et
998 859 1078 894 aqua

328 902 415 936 omni
450 908 538 937 sexta
584 900 658 935 seria
695 907 781 934 extra
821 898 946 932 stallum
982 910 1077 932 suum

328 962 454 997 semper
494 951 661 996 suspensi,
696 950 797 984 donec
834 948 957 982 veniant
993 946 1077 994 apud

329 999 570 1042 monasterium,
594 998 644 1033 ubi
667 997 803 1034 extiterit
824 996 1013 1044 provinciale
1032 1007 1079 1030 ca-

331 1048 465 1096 pitulum
489 1048 682 1083 celebratum
705 1060 776 1082 cum
801 1046 935 1093 propriis
956 1057 1079 1092 expeu-

329 1099 384 1139 sis,
413 1098 453 1132 ibi
489 1109 608 1132 moram
641 1096 788 1132 faciendo
816 1096 884 1130 sine
912 1107 1021 1137 onere,
1049 1103 1079 1129 et

329 1148 397 1182 sine
412 1147 562 1194 expensis
586 1146 670 1181 illius
692 1145 888 1184 monasterii,
910 1152 941 1179 et
964 1152 1079 1190 ponant

329 1197 371 1233 ibi
396 1204 514 1244 partem
551 1207 640 1230 suam
667 1194 885 1230 communium
921 1205 1080 1240 expensa-

329 1258 398 1280 rum
427 1247 457 1279 in
480 1245 669 1293 quadruplo,
697 1243 734 1278 ad
761 1243 925 1278 arbitrium
959 1242 1079 1277 abbatis

330 1295 472 1330 eiusdem
507 1294 567 1329 loci
602 1295 631 1328 in
671 1292 914 1328 necessitatibus
951 1291 1078 1338 capituli

330 1343 599 1379 distribuendum.
623 1343 669 1377 llli
699 1354 772 1377 vero
793 1342 848 1389 qui
877 1342 1030 1379 miserint,
1050 1349 1078 1375 et

331 1406 393 1429 non
421 1393 614 1428 sufficienter
635 1405 669 1427 se
702 1391 939 1433 excusaverint,
967 1390 1004 1424 ad
1030 1390 1081 1423 ‹li-

330 1450 416 1478 ctum
440 1442 546 1477 locum
574 1443 698 1476 veniant
721 1441 799 1475 infra
821 1440 958 1487 spatium
977 1439 1035 1474 sibi
1064 1452 1079 1473 a

331 1490 585 1539 praesidentibus
607 1490 744 1537 capitulo
766 1489 972 1535 assignatum,
995 1496 1081 1522 ante-

331 1554 426 1589 quam
462 1541 535 1575 inde
571 1541 720 1575 recedant
749 1540 779 1573 iu
815 1537 964 1585 expensis
990 1549 1080 1571 com-

332 1589 485 1625 munibus
510 1589 642 1636 posituri
672 1589 703 1623 iu
725 1587 834 1635 duplo.

380 1639 492 1674 XXIV.
522 1639 598 1673 Item
632 1638 802 1673 statuimus
831 1648 886 1682 pro
908 1635 1081 1670 necessita-

332 1690 418 1725 tibus
445 1697 476 1724 et
502 1687 690 1723 utilitatibus
718 1685 983 1721 monasteriorum
1007 1696 1081 1731 pro-

333 1738 511 1779 movendis,
537 1745 568 1772 et
590 1735 826 1783 gravaminibus
847 1743 877 1769 et
898 1734 1082 1781 oppressio-

333 1788 428 1823 nibus
460 1786 635 1827 evitandis,
667 1785 797 1820 abbates
831 1792 861 1819 et
897 1783 1017 1831 priores
1043 1782 1080 1816 ad

331 1837 494 1874 arbitrium
530 1835 777 1882 praesidentium
813 1832 966 1881 capitulo,
990 1841 1082 1880 prout

332 1899 463 1923 necesse
481 1885 586 1926 fuerit,
609 1884 757 1919 collectas
779 1883 903 1926 faciant,
922 1894 993 1917 cum
1017 1883 1083 1929 qui·

333 1937 393 1973 bus
415 1936 591 1971 visitatores
613 1934 652 1969 de
680 1932 811 1968 consilio
834 1931 1081 1979 praesidentium

335 1986 456 2033 possint
482 1984 617 2030 dirigere
652 1982 787 2018 nuncios
814 1982 851 2016 ad
884 1980 1083 2027 Apostolicae

333 2035 428 2072 Sedis
449 2045 594 2074 examen,
618 2032 664 2067 vel
680 2032 717 2066 ad
742 2031 901 2078 principes
923 2042 978 2064 seu
999 2042 1084 2076 piae-

334 2085 414 2121 latos
439 2082 618 2119 secundum
645 2081 730 2128 quod
760 2080 894 2115 viderint
922 2079 1083 2126 expedire,

334 2147 416 2183 quae
437 2133 587 2169 collectae
609 2144 624 2166 a
649 2129 860 2165 visitatoribus
885 2128 1083 2174 colligantur.

384 2183 482 2219 XXV.
511 2182 589 2217 Item
625 2181 809 2219 statuimus,
846 2186 878 2213 ut
912 2178 1085 2213 visitatores

338 2233 508 2281 plenariam
530 2230 666 2266 babeant
695 2237 878 2276 potestatem
907 2227 945 2262 de
974 2238 1085 2261 mona-

337 2283 440 2318 steriis
467 2281 620 2327 religiosis
647 2279 698 2314 ubi
726 2278 838 2313 melior
864 2277 958 2312 suerit
984 2275 1087 2310 disci—

339 2332 440 2379 plina,
473 2330 646 2366 mouachos
668 2328 830 2374 religiosos
856 2337 1017 2361 assumere
1048 2324 1086 2359 de

337 2393 466 2416 assensu
495 2387 601 2414 tamen
622 2377 773 2413 abbatum
798 2387 947 2419 suorum,
969 2386 1087 2420 eosque

339 2432 370 2465 in
402 2428 604 2465 monasteriis
636 2428 742 2463 minus
773 2425 928 2471 religiosis
959 2435 1087 2472 ponere,

339 2487 373 2514 ut
405 2479 446 2514 ibi
481 2477 625 2513 ordinem
666 2476 810 2515 doceant,
832 2482 863 2509 et
898 2473 1087 2513 reforment,

337 2528 394 2564 sed
422 2536 529 2574 postea
555 2526 594 2562 ad
627 2525 746 2573 proprii
775 2523 896 2559 abbatis
925 2522 1088 2558 arbitrium

340 2585 535 2612 revocentur.
563 2575 654 2618 Quos
677 2586 748 2609 vero
770 2572 906 2608 rebelles
928 2572 974 2608 vel
999 2571 1090 2607 noci-

340 2638 395 2661 vos
431 2625 462 2659 in
497 2625 696 2660 monasteriis
733 2622 925 2666 invenerint,
961 2621 998 2656 ad
1032 2620 1089 2656 alia

1166 453 1278 488 XXVI.
1313 453 1378 496 Qui
1405 453 1471 488 sola
1510 452 1723 488 misericordia
1758 464 1866 487 comes
1894 457 2042 492 velannorum

1118 510 1165 538 est
1190 502 1422 543 defunctorum,
1444 503 1613 537 statuimus
1634 511 1792 550 quatenus
1806 513 1867 536 au-
1880 494 1967 547 32⁸1?ss
1979 489 2063 540 ‘⁰⁶52ss

1119 552 1167 587 nis
1193 551 1326 599 singulis
1348 552 1460 587 breves
1486 551 1525 587 ad
1553 552 1742 600 provinciale
1772 551 1953 597 capi—‘⁹⁰⁶³-

1118 601 1220 637 tulum
1243 610 1460 649 apportentur,
1487 601 1517 635 iu
1539 600 1659 648 quibus
1685 600 1867 635 continean—

1119 659 1170 686 tur
1202 650 1269 686 dies
1310 660 1342 686 et
1376 650 1503 685 nomina
1531 650 1662 685 fratrum
1697 650 1778 685 inter
1804 649 1867 684 duo

1119 700 1254 747 capitula
1279 700 1514 743 defunctorum,
1538 708 1571 734 ut
1590 699 1632 734 ibi
1653 698 1867 739 absolvantur,

1119 759 1149 785 et
1184 751 1231 784 eis
1266 762 1322 785 sua
1359 749 1460 783 debita
1495 749 1726 796 persolvantur.
1764 747 1869 783 Tenon·

1119 808 1222 834 autem
1246 799 1388 834 brevium
1411 807 1456 833 est
1481 798 1566 833 talis:
1590 798 1652 833 Die
1671 798 1722 832 tali
1738 797 1815 832 obiit
1835 797 1867 831 iu

1121 849 1170 884 tali
1195 848 1263 883 loco
1291 848 1343 883 ille
1366 857 1492 883 nostrae
1514 847 1771 893 congregationis
1797 858 1869 881 mo-

1120 898 1250 938 nachus,
1288 898 1400 937 levita,
1435 898 1482 932 vel
1518 897 1666 932 sacerdos
1694 896 1738 931 vel
1774 895 1868 930 etiam

1120 959 1303 982 conversus.

1167 997 1282 1031 Datum
1311 995 1434 1031 Perusii
1462 995 1604 1031 kalendis
1627 996 1711 1039 iulii,
1741 994 1867 1042 pontifi«

1120 1054 1208 1080 catus
1236 1046 1346 1086 nostri,
1369 1057 1451 1080 anno
1473 1049 1626 1080 secundo.

1199 1107 1259 1136 Dat.
1279 1107 1325 1137 die
1348 1108 1358 1136 1
1378 1106 1441 1136 iulii
1471 1106 1554 1143 1228,
1576 1106 1678 1145 pontif.
1696 1116 1743 1136 an.
1761 1115 1790 1136 η.

1461 1255 1529 1291 ΧΠ.

1124 1328 1326 1361 Canoni'zatio
1360 1329 1458 1361 salicti
1486 1328 1645 1360 Francisci
1672 1328 1709 1360 de
1736 1328 1870 1365 Assist'o,

1170 1378 1290 1421 eiusque
1312 1378 1421 1410 relatio
1448 1378 1480 1409 in
1503 1387 1663 1410 numerum
1697 1383 1871 1410 sanctorum

1169 1428 1392 1470 consessorum,
1424 1438 1492 1459 cum
1519 1438 1591 1459 suae
1620 1426 1792 1470 festivitatis
1822 1426 1873 1458 i'n-

1170 1477 1325 1509 stitutione
1348 1487 1407 1520 pro
1429 1476 1478 1508 die
1503 1482 1616 1520 quarta
1643 1475 1783 1508 octobris.

1388 1548 1600 1578 SUMMARtUM

1122 1614 1308 1644 Prooeniium.
1319 1631 1357 1636 —
1380 1614 1401 1642 1.
1415 1613 1444 1642 B.
1461 1613 1636 1643 franciscus
1647 1622 1662 1643 a
1675 1613 1735 1643 Deo
1747 1615 1874 1644 suscita-

1163 1663 1209 1688 tus
1222 1659 1257 1689 ad
1273 1659 1494 1688 conversionem
1509 1658 1677 1688 multorum.
1700 1659 1778 1688 —2.
1796 1658 1874 1690 Sim-

1162 1703 1231 1742 plici
1255 1712 1307 1732 sua
1345 1702 1563 1741 praedicatione
1595 1702 1702 1731 multos
1733 1703 1768 1732 ad
1796 1703 1872 1733 viam

1163 1748 1269 1777 salutis
1292 1748 1414 1777 reduxit.
1433 1746 1509 1776 -3.
1526 1746 1687 1785 Pauperem
1700 1747 1787 1777 vitam
1805 1747 1874 1785 egit,

1163 1792 1294 1828 ieiuniis,
1315 1792 1434 1829 vigiliis,
1467 1796 1494 1821 et
1513 1791 1645 1820 nuditate
1666 1800 1786 1821 carnem
1815 1801 1875 1822 ma-

1163 1836 1282 1872 ceravit,
1303 1836 1465 1875 multisque
1491 1834 1650 1864 virtutibus
1676 1835 1806 1865 emicuit:
1837 1852 1876 1858 —

1162 1881 1189 1910 4.
1226 1880 1469 1919 Religionemque
1492 1879 1614 1909 fratrum
1637 1879 1798 1917 Minorum,
1818 1880 1877 1910 Mo-

1164 1927 1285 1956 nialium
1313 1931 1340 1955 et
1372 1925 1582 1954 Tertiarioruui
1618 1925 1755 1955 instituit:
1781 1942 1821 1948 —
1848 1926 1875 1955 5.

1164 1970 1196 2000 Et
1225 1971 1340 2000 tandem
1365 1969 1541 1999 obdormivit
1564 1969 1593 1999 in
1616 1968 1754 1999 Domino:
1776 1986 1816 1992 —
1848 1971 1875 2000 6.

1165 2014 1372 2053 miraculisque
1390 2013 1526 2051 pluribus
1543 2013 1657 2043 claruit.
1674 2030 1714 2036 —
1726 2014 1752 2044 7.
1767 2013 1874 2044 Catha-

1166 2058 1229 2096 logo
1248 2058 1293 2087 Ss‚
1323 2058 1527 2087 consessorum
1560 2057 1749 2088 adscribitur.
1780 2075 1819 2081 —
1849 2059 1875 2089 8.

1165 2102 1234 2131 Eius
1252 2101 1429 2132 celebranda
1453 2101 1605 2131 festivitas.
1623 2119 1663 2125 --
1676 2103 1703 2132 9.
1719 2101 1828 2132 Omnes
1841 2103 1877 2132 ad

1165 2148 1230 2177 eius
1246 2147 1462 2176 venerationem
1482 2146 1678 2176 solicitantur.

1126 2214 1270 2248 Gregorius
1289 2212 1432 2248 episcopus
1451 2219 1547 2241 servus
1567 2218 1706 2241 servorum
1724 2212 1779 2245 Dei.
1799 2220 1877 2242 veno·

1171 2262 1302 2290 rabilibus
1319 2262 1455 2290 fratribus
1493 2262 1628 2290 universis
1658 2261 1877 2299 archiepiscopis.

1172 2312 1352 2348 episcopis.et
1364 2311 1473 2339 dilectis
1485 2310 1551 2339 filiis
1563 2310 1716 2343 abbatibus,
1731 2311 1878 2348 prioribus.

1172 2360 1429 2396 archipresbyteris.
1451 2359 1657 2392 archidiaconis,
1696 2359 1814 2393 decanis.
1851 2362 1879 2389 et

1173 2410 1237 2438 aliis
1255 2409 1437 2438 aeclesiarum
1456 2408 1602 2445 praetatis,
1630 2407 1663 2436 ad
1683 2414 1749 2443 quos
1766 2408 1879 2438 litterae

1171 2459 1245 2487 istae
1263 2458 1447 2494 pervenerint.
1469 2457 1626 2486 salutemet
1641 2456 1820 2492 apostolicam
1834 2458 1878 2486 ba·

1174 2508 1364 2537 nedictionem.

1178 2567 1256 2602 Mira
1283 2567 1365 2602 cirea
1393 2578 1450 2600 nos
1477 2563 1602 2599 divinae
1625 2563 1747 2611 pietatis
1773 2563 1881 2611 digna·
1919 2568 2043 2590 Prooeminm

1132 2617 1186 2662 tio,
1221 2625 1251 2651 et
1274 2613 1514 2651 inaestimabilis
1546 2613 1673 2648 dilectio
1700 2613 1878 2654 charitatis,
