2129 3223
162 254 211 281 An.
230 254 257 282 C.
275 255 341 282 ¹223

185 558 314 579 Reverentia

159 596 208 611 ert-a
218 591 340 610 sacerdote!

172 1551 195 1572 E!
206 1557 256 1577 erga
266 1554 343 1578 myste-

158 1590 189 1603 ria
204 1584 281 1603 divina.

407 245 475 278 598

355 311 433 344 sime
454 309 590 344 Domine
616 309 687 344 lesu
716 308 850 352 Christe,
870 317 898 344 et
926 308 963 343 ad
991 319 1102 343 omnes

355 359 511 394 Ecclesias
539 367 616 402 tuas,
638 371 718 406 quae
739 366 812 393 sunt
835 360 864 393 iu
888 367 951 393 toto
971 357 1100 396 inundo,

354 416 385 442 et
411 408 630 443 benedicimus
664 408 730 446 tibi.
769 409 839 456 quia
875 420 928 456 per
963 416 1100 442 sanctam

355 457 489 493 Crucem
513 466 596 492 tuam
617 458 775 493 redemisti
801 458 964 492 mundum.

403 508 478 555 §5-
507 507 617 542 Postea
635 507 719 542 dedit
748 507 822 542 mihi
853 507 1031 541 Dominus,
1071 513 1100 539 et

355 557 406 592 dat
427 565 544 592 tantam
577 557 669 592 fidem
706 558 736 591 in
778 556 1015 592 sacerdotibus,
1048 555 1099 600 qui

354 607 462 642 vivunt
483 606 659 642 secundum
706 607 834 641 formam
870 613 994 640 sanctae
1028 604 1100 638 Ro-

354 668 465 691 manae
486 656 648 691 Ecclesiae
678 665 805 704 propter
837 655 977 689 ordinem
1014 654 1100 700 ipso-

355 719 437 750 rum,
459 706 542 753 qnod
565 706 590 740 si
619 706 755 740 facerent
786 704 861 739 mihi
899 704 1099 751 persecutio—

355 768 439 800 nem,
466 755 536 791 volo
559 767 718 791 recurrere
740 754 776 788 ad
800 754 895 800 ipsos.
923 753 962 788 Et
983 753 1009 787 si
1038 753 1099 787 ha—

355 802 1097 852 beremtantamsapientiamquantamSalomon

355 855 472 899 habuit,
494 863 524 889 et
546 855 716 889 invenirem
752 852 960 900 pauperculos
995 864 1098 887 sacer-

353 905 444 940 dotes
470 905 564 939 huius
585 903 701 939 saeculi
724 903 752 937 in
773 902 921 937 Ecclesiis
940 903 969 936 in
985 902 1100 949 quibus

355 962 528 994 morantur,
556 954 628 988 nolo
666 953 844 999 praedicare
874 952 954 986 ultra
989 951 1100 986 voluu-

355 1012 448 1040 tatem
472 1005 624 1051 ipsorum.
652 1002 690 1037 Et
719 1002 816 1049 ipsoS,
835 1010 863 1036 et
890 1013 1002 1035 omnes
1022 1001 1099 1035 alios

354 1053 424 1089 volo
470 1055 592 1093 timere,
625 1064 729 1087 amare
763 1059 793 1086 et
826 1051 979 1085 honorare
1019 1050 1098 1085 sicut

356 1115 443 1139 meos
464 1103 619 1141 dominos,
646 1109 676 1136 et
698 1101 770 1135 nolo
792 1101 821 1134 in
845 1101 930 1148 ipsos
953 1100 1100 1135 conside-

354 1165 422 1188 rare
448 1160 623 1200 peecatum,
645 1152 718 1198 quia
737 1150 837 1185 filium
865 1150 923 1184 Dei
956 1149 1099 1184 discerno

355 1204 384 1237 in
411 1203 470 1243 eis,
496 1210 527 1237 et
548 1201 665 1236 domini
688 1200 750 1234 mei
787 1207 872 1243 sunt,
911 1206 941 1234 et
974 1207 1100 1245 propter

354 1252 415 1287 hoc
442 1251 532 1290 facio,
559 1250 630 1298 quia
658 1249 733 1284 nihil
772 1249 863 1284 video
897 1248 1100 1295 corporaliter

356 1303 387 1336 in
414 1301 474 1336 hoc
511 1300 636 1336 saeculo
663 1299 702 1333 de
744 1298 811 1345 ipso
843 1298 993 1332 altissimo
1019 1297 1100 1332 Filio

354 1350 425 1393 Dei,
453 1350 510 1385 nisi
532 1349 764 1384 sanctissimum
792 1348 928 1395 Corpus,
963 1356 992 1382 et
1027 1360 1100 1382 san-

354 1400 528 1435 ctissimum
557 1398 750 1445 Sanguinem
773 1410 878 1437 suum,
905 1409 999 1444 quem
1044 1398 1099 1443 ipsi

356 1450 524 1497 recipiunt,
551 1457 580 1484 et
603 1448 660 1495 ipsi
683 1446 740 1481 soli
767 1446 835 1481 aliis
870 1446 1098 1481 administrant.

405 1499 475 1547 54.
497 1499 539 1533 Et
560 1498 636 1532 haec
658 1496 852 1531 sanctissima
881 1496 1024 1543 mysteria
1052 1509 1101 1530 su-

357 1561 413 1597 per
434 1548 539 1584 omnia
567 1546 635 1581 volo
649 1546 806 1581 honorare
827 1553 855 1579 et
889 1546 1043 1582 venerari,
1072 1554 1101 1580 et

357 1601 388 1634 in
410 1598 488 1633 locis
510 1596 659 1644 preciosis
680 1595 843 1630 collocare.

404 1649 486 1695 55.
528 1645 733 1682 Sanctissima
773 1645 898 1679 nomina
933 1652 963 1679 et
1010 1644 1101 1679 verba

358 1698 456 1745 ipsius
479 1697 670 1743 ubicumque
697 1694 846 1729 invenero
868 1695 897 1728 in
927 1693 1004 1728 locis
1036 1694 1103 1728 illi-

358 1748 427 1781 citis
449 1747 518 1781 volo
539 1745 701 1792 colligere,
730 1751 762 1778 et
787 1756 865 1790 rogo
899 1743 981 1791 quod
1016 1742 1103 1777 colli-

356 1805 480 1843 gantur,
502 1804 532 1831 et
559 1796 590 1830 in
614 1795 691 1829 locis
719 1793 860 1828 honestis
898 1793 1102 1827 collocentur.

405 1847 426 1894 g
446 1847 477 1880 6.
494 1846 625 1881 Necnon
648 1855 759 1878 omnes
781 1843 954 1889 theologos,
974 1843 1027 1890 qui
1051 1842 1104 1877 mi-

359 1896 491 1931 nistrant
512 1895 603 1930 nobis
625 1893 717 1929 verba
740 1892 857 1932 divina,
880 1892 1034 1926 debemus
1053 1892 1107 1926 ho-

359 1958 470 1981 norare
490 1952 522 1980 et
537 1944 690 1983 venerari,
720 1942 801 1976 sicut
835 1942 888 1989 qui
928 1942 1104 1976 ministram

360 1995 452 2030 nobis
472 1994 619 2042 spiritum
646 2000 676 2027 et
703 1992 808 2026 vitam.

930 253 1117 276 Bet-Lauina!
1143 251 1304 274 ROMANUM

1902 249 1942 276 An
1970 247 1996 276 C.
2016 248 2084 275 ¹223

1142 305 1317 341 secundum
1348 305 1424 341 alios
1459 306 1599 343 clericos,
1634 304 1705 340 laici
1742 303 1887 339 dicebant

1144 358 1235 390 Pater
1257 364 1365 395 noster,
1387 364 1417 390 et
1452 356 1527 391 satis
1564 355 1696 390 libenter
1736 353 1887 388 maneba-

1142 418 1213 440 mus
1246 405 1277 440 in
1303 401 1454 449 ecclssis,
1481 413 1510 440 et
1542 417 1667 440 eramus
1694 403 1826 448 idiotae,
1855 412 1886 438 et

1142 455 1259 489 subditi
1286 467 1406 490 omnes.
1762 485 1763 488 ,

1189 505 1278 552 glo.
1302 505 1340 539 Et
1362 517 1419 551 ego
1441 503 1587 539 manibus
1602 504 1680 538 meis
1695 502 1886 542 laborabam,
1926 513 1999 549 rugan
2039 514 2081 535 mii

1141 561 1169 588 et
1198 554 1266 589 volo
1294 554 1444 598 laborare,
1484 562 1514 588 et
1552 565 1662 588 omnes
1695 553 1744 587 alii
1777 552 1887 587 fratres
1900 547 2036 566 ⁰¹³⁰⁵‘'³''·‘⁷⁸'

1142 604 1200 638 mei
1226 604 1353 638 tirmiter
1374 603 1444 638 volo
1478 602 1563 650 quod
1597 602 1740 637 laborent
1777 601 1817 637 de
1848 603 1888 636 la-

1141 653 1255 687 boritio
1276 653 1358 701 quod
1383 653 1514 700 pertinet
1537 652 1574 685 ad
1609 652 1816 686 honestatem.
1849 651 1887 686 Et

1140 703 1194 749 qui
1219 703 1361 737 nesciunt
1383 702 1516 741 discant,
1536 713 1596 735 non
1616 709 1743 748 propter
1769 701 1886 748 cupidi·

1140 760 1233 786 tatem
1269 752 1439 798 recipiendi
1479 751 1619 798 precium
1658 749 1796 790 laboris,
1833 750 1886 785 sed

1141 809 1269 849 propter
1295 801 1412 835 bonum
1435 800 1614 848 exemplum
1629 827 1638 843 ,
1665 807 1697 834 et
1725 799 1764 834 ad
1786 800 1888 848 repel-

1142 851 1264 886 lendam
1292 851 1498 886 ociositatem.

1189 901 1208 948 ἓ
1233 905 1288 935 tt.
1312 901 1351 935 Et
1369 901 1495 948 quando
1525 912 1588 935 non
1628 899 1756 935 daretur
1797 898 1888 934 nobis

1141 950 1282 995 precium
1311 950 1436 989 laboris,
1459 962 1660 986 recurramus
1686 949 1724 984 ad
1746 960 1886 983 mensam

1139 999 1288 1038 Domini.
1318 1000 1452 1047 petendo
1494 1001 1708 1047 eleemosynas
1740 999 1886 1033 ostiatim.

1189 1049 1209 1096 5
1246 1052 1297 1083 12.
1338 1049 1567 1085 Salutationem
1610 1049 1686 1084 mihi
1731 1047 1888 1083 Dominus

1141 1099 1298 1139 revelavit,
1322 1107 1355 1133 ut
1376 1099 1552 1135 diceremus
1588 1099 1744 1134 Dominus
1766 1098 1819 1133 det
1829 1097 1886 1132 tihi

1141 1161 1261 1196 pacem.

1189 1198 1209 1245 S
1240 1201 1293 1233 13.
1318 1197 1455 1233 Caveant
1481 1198 1540 1233 sibi
1570 1198 1691 1238 fratres,
1718 1204 1751 1232 ut
1785 1197 1886 1233 eccle·
1927 1202 2011 1223 semu
2031 1207 2083 1235 m-

1141 1249 1202 1283 sias
1241 1257 1272 1283 et
1294 1247 1481 1291 habitacula,
1502 1260 1583 1296 quae
1605 1260 1661 1296 pro
1691 1247 1768 1294 ipsis
1810 1259 1888 1282 con·
1901 1235 2010 1285 {3333
2063 1237 2083 1252 '⁰

1141 1305 1326 1340 struuntur,
1349 1298 1476 1345 penitus
1518 1310 1580 1332 non
1615 1298 1794 1345 recipiant,
1827 1297 1887 1331 nisi

1141 1355 1245 1382 essent
1270 1348 1352 1382 sicut
1378 1347 1469 1383 decet
1490 1355 1629 1382 sanctam
1651 1354 1865 1395 paupertatem
1879 1374 1888 1391 ,

1141 1410 1233 1444 quam
1258 1397 1287 1431 in
1317 1397 1423 1444 regula
1460 1397 1664 1444 promisimus
1703 1396 1888 1435 observare.

1121 1459 1266 1493 ,semper
1289 1447 1330 1481 ibi
1352 1447 1528 1481 habitantes
1563 1447 1644 1481 sicut
1672 1447 1828 1494 peregrini
1860 1455 1890 1481 et

1142 1496 1289 1531 advenae.

1190 1546 1210 1592 g
1233 1549 1285 1580 14.
1312 1545 1475 1592 Praecipio
1502 1545 1632 1580 firmiter
1658 1558 1713 1593 per
1738 1545 1891 1581 obedien-

1143 1595 1216 1630 tiam
1239 1595 1385 1630 fratribus
1404 1595 1568 1640 universis⁷
1590 1595 1672 1643 quod
1700 1595 1892 1644 ubicumque

1143 1652 1228 1686 sunt,
1251 1657 1311 1679 non
1335 1644 1471 1680 audeant
1493 1653 1597 1693 petere
1618 1645 1753 1692 aliquam
1768 1645 1890 1680 literam

1146 1695 1175 1728 in
1198 1693 1293 1729 Curia
1315 1694 1475 1738 Romana,
1504 1707 1558 1743 per
1592 1707 1636 1733 se,
1668 1695 1714 1730 vel
1747 1706 1802 1741 per
1836 1695 1890 1729 in—

1145 1744 1324 1790 terpositam
1346 1756 1526 1791 personam,
1561 1756 1664 1792 neque
1696 1756 1753 1792 pro
1783 1744 1891 1779 Eccle-

1145 1794 1203 1837 sia,
1226 1805 1329 1841 neque
1357 1806 1413 1840 pro
1434 1794 1539 1842 aliquo
1569 1795 1661 1834 loco,
1699 1806 1802 1842 neque
1835 1794 1892 1829 suh

1146 1856 1233 1890 spem
1263 1843 1516 1891 praedicationis,
1538 1856 1639 1891 neque
1662 1855 1717 1890 pro
1746 1855 1894 1891 persecu-

1146 1895 1232 1927 tione
1254 1905 1385 1928 suorum
1408 1906 1588 1941 corporum;
1610 1892 1665 1928 sed
1702 1893 1895 1942 ubicumque

1149 1955 1208 1976 non
1232 1942 1348 1977 fuerint
1371 1944 1497 1991 recepti,
1521 1944 1640 1990 fugiant
1662 1943 1693 1978 in
1720 1943 1812 1979 aliam
1831 1951 1895 1978 ter-

1149 2004 1213 2026 ram
1232 1992 1268 2026 ad
1297 1993 1471 2028 faciendam
1495 1993 1717 2041 poenitentiam
1744 2005 1816 2029 cum
1846 1993 1896 2027 be-

175 2100 220 2121 Yna
231 2101 344 2120 secundnm

162 2131 303 2156 Ei-angetium.

408 2046 428 2093 g
457 2049 488 2079 7.
511 2044 551 2078 Et
579 2050 744 2090 postquam
772 2040 859 2075 dedit
885 2040 961 2074 mihi
996 2039 1108 2074 Domi·
1149 2041 1327 2076 nedictione
1350 2042 1417 2077 Dei.

363 2108 421 2130 nus
442 2095 480 2129 de
501 2092 660 2133 fratribus,
683 2103 776 2126 nemo
809 2089 993 2125 ostendebat
1031 2089 1107 2144 mihi
1198 2096 1218 2141 g
1245 2098 1295 2130 15·
1320 2096 1359 2130 Et
1382 2098 1511 2132 firmiter
1534 2098 1601 2133 volo
1632 2096 1761 2133 obeffire
1797 2096 1895 2132 mini,
1920 2097 2092 2134 (κημωθ-

361 2144 437 2192 qnid
458 2143 605 2199 dssbesssm,
628 2142 740 2181 faeese'
768 2140 823 2175 sed
856 2141 923 2187 lpse
943 2139 1110 2194 „DOmfflUS
1150 2142 1214 2184 stro
1241 2151 1378 2197 generali
1410 2151 1505 2186 liuius
1536 2151 1748 2191 fraternitatis,
1788 2159 1818 2186 et
1852 2129 2098 2187 iniigfffflfflersq

363 2194 508 2229 ''evelffi'n
529 2192 619 2231 m'h'*
642 2190 727 2238 q⁰⁰d
750 2190 899 2245 deberem
922 2201 1025 2244 vllem
1059 2201 1109 2223 ⁵⁶·
1129 2221 1132 2253 1
1151 2205 1324 2249 guardiauo
1346 2217 1438 2251 quem
1467 2205 1525 2240 sibi
1550 2205 1699 2253 placuerit
1720 2205 1795 2240 mihi
1811 2205 1896 2244 dare.
1932 2210 1936 2212 ’

362 2243 503 2278 eundum
525 2242 657 2276 f⁰rm³m
681 2248 779 2275 samm
802 2238 976 2285 Evangeln'
1001 2246 1031 2273 et
1052 2250 1110 2284 ‘³3⁰
1129 2262 1132 2291 i
1151 2266 1181 2292 et
1205 2258 1244 2292 ita
1269 2257 1338 2292 volo
1361 2271 1429 2293 esse
1454 2268 1564 2307 captus
1585 2260 1614 2294 iu
1639 2259 1783 2294 manibus
1817 2260 1897 2304 eius,

362 2294 471 2341 paucis
498 2291 600 2327 verbis
622 2299 653 2325 et
674 2289 873 2337 simplicibus
900 2288 955 2323 feci
983 2288 1089 2322 scribi.
1130 2299 1132 2325 i

411 2343 431 2390 ἓ
465 2345 497 2376 8.
534 2341 573 2376 Et
612 2340 761 2375 dominus
794 2338 879 2385 papa
917 2337 1112 2372 confirmavit
1130 2328 1133 2368 ς
1154 2319 1184 2346 ut
1207 2323 1268 2346 non
1292 2312 1407 2359 possim
1437 2313 1480 2347 ire
1520 2313 1564 2347 vel
1587 2312 1687 2372 facere
1712 2321 1819 2348 contra
1848 2326 1898 2348 vo-

365 2392 450 2427 mihi.
479 2391 517 2426 Et
539 2390 594 2430 illi,
621 2390 674 2437 qui
698 2387 862 2423 veniebant
890 2386 927 2422 ad
955 2387 1112 2434 recipien-
1131 2369 1133 2429 Ξ
1153 2365 1302 2431 ¹¹¹mf¹¹em
1325 2378 1425 2406 suam'
1452 2379 1522 2427 qula
1553 2367 1700 2427 d,⁰m¹¹f⁰⁵
1721 2379 1812 2404 “¹0⁰⁵
1839 2377 1896 2429 {³⁵1‘

364 2441 440 2476 dum
461 2442 555 2475 vitam
591 2440 694 2483 istam,
729 2438 832 2472 omnia
875 2448 956 2484 quae
999 2435 1134 2471 haberet
1203 2424 1221 2460 ᾗ
1250 2422 1300 2453 ¹6·
1324 2420 1363 2454 Et
1386 2433 1528 2468 quamv's
1548 2433 1607 2455 ⁵¹⁰¹
1635 2421 1769 2468 ⁵¹mplex
1791 2431 1821 2457 θ(
1843 2436 1899 2457 '¹¹‘

365 2498 519 2538 poterant,
541 2489 657 2524 dabant
683 2486 890 2536 pauperibus.
916 2486 957 2521 Et
989 2497 1113 2521 eramus
1131 2473 1135 2530 l
1156 2474 1276 2517 firmus,
1299 2482 1402 2508 ¹2¹1]OEss
1424 2475 1491 2510 ν010
1519 2487 1643 2522 semper
1683 2475 1795 2510 habere
1835 2477 1899 2512 cle-

364 2540 503 2575 contenti
526 2539 632 2574 tunica
656 2550 729 2578 una,
754 2538 838 2571 intus
859 2545 889 2570 et
907 2535 981 2571 foris
1015 2546 1113 2583 repe·
1132 2531 1135 2577 Ι
1156 2540 1268 2571 mcum,
1290 2529 1343 2575 qul
1372 2530 1446 2582 mihi
1470 2529 1559 2564 facia!
1586 2528 1722 2564 Officium
1758 2531 1836 2566 sicut
1868 2533 1896 2565 in

366 2590 456 2633 cirita,
477 2589 531 2637 qui
554 2587 711 2627 volebant,
732 2594 761 2621 et
780 2586 907 2632 cingulo
928 2593 958 2621 et
978 2586 1112 2620 brachis.
1132 2580 1136 2607 ἶ
1156 2582 1258 2627 regula
1287 2582 1474 2617 continetur.
1503 2582 1543 2617 Et
1569 2595 1679 2618 omnes
1705 2583 1755 2618 alii
1790 2584 1899 2620 fratres

415 2638 435 2685 S
455 2640 488 2672 9.
520 2637 667 2673 Officium
701 2635 886 2671 dicebamus
919 2647 978 2670 nos
1008 2636 1113 2670 clerici
1133 2611 1138 2671 1
1156 2643 1321 2670 teneantur
1343 2648 1398 2683 per
1418 2635 1628 2671 obedientiam
1655 2637 1782 2673 obedire
1803 2642 1899 2685 guar-
