2129 3223
39 233 88 260 An.
107 232 213 261 (3.1251

62 881 179 903 clausurae.

59 2117 176 2139 Exordium.

54 2359 177 2381 concessio,

775 231 961 255 Gnssflontcs
993 232 1023 254 lx
1052 232 1101 254 PR.

233 286 352 321 tionem
375 285 592 326 celebraverit,
620 285 731 320 fratres
754 287 904 333 recipiam
928 298 980 321 or-

232 334 324 371 dines
352 336 391 370 ab
417 347 471 376 eo,
498 335 551 381 qui
583 334 699 369 fuerint
733 334 917 376 ordinandi;
953 335 978 370 si

232 392 336 420 autem
376 396 436 419 non
471 383 691 428 celebraverit,
729 383 819 419 liccat
858 385 904 419 cis
938 383 978 418 de

233 434 379 469 mandato
401 433 514 481 prioris
535 434 582 468 sui
606 433 642 468 ad
670 445 981 480 qucmcumqucma-

233 482 349 518 luerint
375 495 432 529 pro
459 482 658 517 assumendis
679 482 844 517 ordinibus
871 483 980 518 catlto-

231 532 326 567 licum
347 532 434 567 adire
456 533 644 576 antistitem,
678 532 809 578 gratiam
837 540 869 567 ct
892 545 979 567 com·

231 581 414 616 munionem
453 582 654 628 Apostolicae
689 581 764 616 Sedi
793 581 978 625 habentem,

229 631 284 678 qui
307 639 411 666 nostra
439 630 536 666 frctus
556 630 752 675 auctoritate,
787 630 863 677 ipsis
894 631 976 678 quod

230 680 405 728 postulatur
428 680 597 727 impendat.
626 679 711 714 Haec
733 688 837 714 autem
873 681 977 727 regula

228 729 325 765 semel
354 730 384 764 in
421 742 529 765 mense
556 741 659 765 coram
694 729 840 764 fratribus
876 730 978 776 perle-

227 786 329 825 gatar.

275 827 360 863 Nulli
399 840 474 874 ergo
513 828 643 863 omnino
680 827 844 862 bominum
889 828 978 863 liceat

228 877 308 913 banc
331 878 474 924 paginam
495 885 620 912 nostrae
644 877 885 918 emendationis,
908 889 977 912 con-

227 926 413 962 firmationis
458 934 488 962 et
529 927 744 962 concessionis
788 926 976 973 infringere,

226 975 273 1012 vel
295 977 323 1011 ei
345 988 425 1011 ausu
449 977 614 1011 temerario
637 976 800 1011 contraire.
837 976 869 1009 Si
906 976 977 1022 quis

225 1033 330 1060 autern
355 1025 416 1062 hoc
437 1033 589 1060 attentare
613 1025 869 1073 praesumpserit,
889 1025 976 1060 indi-

223 1075 404 1121 gnationem
427 1075 654 1122 omnipotentis
676 1074 733 1110 Dei
756 1086 791 1109 ac
810 1074 974 1109 beatorum

224 1124 309 1160 Petri
331 1132 361 1159 et
382 1124 470 1159 Pauli
495 1124 709 1171 apostolorum
743 1124 812 1159 eius
846 1136 880 1158 se
916 1136 975 1159 no-

223 1173 302 1209 verit
327 1173 538 1209 incursurum.

269 1222 385 1258 Datum
420 1222 540 1267 Reate,
580 1222 724 1257 kalendis
762 1222 974 1269 septembris,

222 1272 426 1320 pontificatus
446 1272 545 1307 nostri
567 1284 651 1307 anno
673 1272 794 1319 quinto.

241 1332 302 1363 Dat.
325 1333 372 1363 die
397 1333 408 1362 1
428 1333 605 1372 septembris
632 1333 715 1369 1231,
739 1333 840 1371 pontif.
864 1342 909 1362 an.
929 1341 954 1362 v.

538 1490 655 1526 xxix.
678 1475 682 1477 *

223 1558 332 1602 obtati
356 1568 474 1602 ordinis
499 1567 719 1601 carthusiensis
744 1567 880 1611 qaudam
908 1578 974 1599 om-

268 1617 358 1651 nibus
383 1617 515 1651 eiusdem
540 1617 658 1650 ordinis
690 1616 919 1661 praeroyaticis
946 1622 973 1648 et

268 1667 409 1700 indultis.

488 1743 704 1774 SUMMARIUM

219 1813 386 1844 Exordium.
405 1830 443 1835 —
463 1814 487 1844 1.
506 1813 676 1844 Concessio.
695 1831 735 1836 —
755 1814 782 1843 2.
805 1814 970 1844 Clausulae.

220 1887 366 1924 Gregorius
379 1888 523 1924 episcopus
535 1895 631 1918 servus
642 1895 783 1918 servorum
793 1889 849 1922 Dei,
862 1889 972 1917 dilectis

264 1937 330 1966 tiliis
346 1938 445 1974 priori.
465 1938 494 1966 et
513 1938 633 1973 capituto
652 1938 834 1971 carthusien..
855 1939 972 1967 satutem

265 1988 295 2016 ot
315 1987 496 2023 apostoticam
513 1988 735 2016 benedictionem.

270 2058 405 2101 Quoties
425 2071 441 2094 a
463 2058 555 2093 nobis
583 2059 708 2106 petitur,
728 2059 812 2106 quod
828 2059 970 2106 religioni

222 2116 255 2144 et
268 2108 426 2144 honestati
449 2109 616 2143 convenire
636 2109 844 2154 dignoscitur,
865 2110 970 2144 animo

222 2170 281 2194 nos
306 2158 398 2194 decet
417 2157 524 2192 libenti
547 2158 733 2201 concedere,
751 2166 781 2193 ct
803 2159 892 2192 iustis
916 2170 970 2205 pe-

223 2208 353 2242 tentium
400 2207 565 2242 desideriis
604 2206 740 2242 savorem
779 2207 968 2242 benevolum

221 2257 385 2304 impertiri.

262 2310 285 2350 -ἓ
305 2309 336 2340 1.
364 2305 445 2342 Cum
466 2305 584 2353 igitur,
610 2305 692 2339 sicut
725 2312 825 2340 vestra
861 2306 969 2352 petitio

222 2355 312 2391 nobis
339 2355 476 2390 exhibita
495 2354 685 2399 continebat,
699 2362 820 2401 septem
837 2355 968 2399 oblatos,

1020 287 1088 321 sine
1116 286 1243 333 proprio
1269 287 1372 323 vivere
1400 295 1585 324 teneantur:
1627 301 1683 325 uos
1718 303 1771 326 ve-

1021 336 1093 370 stris
1119 336 1266 382 precibus
1289 336 1439 379 inclinati,
1463 339 1590 374 eosdem
1612 339 1672 374 sub
1689 339 1771 375 beati

1023 385 1103 419 Petri
1126 392 1156 419 et
1185 393 1291 420 nostra
1326 387 1517 432 protectione
1560 389 1770 436 suscipimus,

1021 434 1203 469 anctoritate
1220 434 1306 470 vobis
1329 437 1539 482 praesentium
1559 437 1771 484 induigentes,

1022 491 1054 518 ut
1082 484 1141 531 ipsi
1169 484 1289 519 eisdem
1316 484 1514 522 libertatibus
1535 495 1565 521 et
1588 487 1772 524 immunita-

1022 533 1105 567 tibus
1126 533 1305 580 gaudeant,
1331 535 1446 581 quibus
1479 536 1618 583 gaudent
1660 538 1770 573 fratres

1021 583 1141 617 ordinis
1167 583 1327 618 antedicti.

1070 631 1152 667 Nulli
1187 644 1262 679 ergo
1303 634 1433 668 omnino
1473 633 1637 670 bominum
1680 635 1769 672 liceat

1022 681 1100 715 banc
1120 681 1267 728 paginam
1289 691 1414 718 nostrae
1431 684 1633 730 protectionis
1655 693 1685 719 et
1699 697 1769 721 con-

1021 731 1172 765 cessionis
1190 731 1372 778 infringem,
1395 733 1441 768 vel
1458 733 1485 767 ei
1502 745 1580 768 ausu
1604 736 1770 770 temerario

1019 780 1185 815 contraire.
1217 780 1250 815 Si
1280 781 1352 828 quis
1386 789 1491 817 autem
1528 783 1586 818 boc
1620 791 1770 819 attentare

1020 829 1278 876 praesumpserit,
1325 830 1574 878 indignationem
1617 833 1769 880 omnipo-

1019 879 1114 913 tentis
1152 878 1211 913 Dei
1239 887 1269 914 et
1295 879 1458 916 beatorum
1492 881 1574 916 Petri
1612 889 1641 916 et
1681 882 1769 917 Pauli

1019 927 1231 975 apostolorum
1256 929 1322 964 eius
1349 942 1382 965 se
1406 930 1526 966 noverit
1558 930 1769 966 incursurum.

1066 977 1183 1012 Datum
1212 978 1323 1020 Reate,
1356 979 1447 1014 tertio
1476 992 1574 1014 nonas
1602 980 1770 1023 februarii,

1019 1026 1218 1072 pontificatus
1240 1028 1336 1063 nostri
1359 1041 1442 1064 anno
1463 1029 1584 1076 quinto.

1058 1088 1118 1118 Dat.
1137 1089 1183 1119 die
1203 1090 1221 1119 3
1249 1089 1390 1121 februarii
1409 1090 1494 1126 1232,
1518 1091 1619 1130 pontif.
1638 1101 1684 1121 an.
1704 1100 1729 1122 v.

1333 1248 1436 1283 XXX.

1020 1325 1113 1365 Quod
1124 1325 1261 1369 praelati
1285 1326 1435 1360 Ecclesias
1450 1338 1533 1365 suas,
1558 1327 1668 1372 quibus
1681 1339 1771 1373 prae-

1065 1381 1146 1418 sunt,
1172 1375 1281 1408 alienis
1303 1376 1408 1409 debitis
1420 1387 1553 1420 qravare
1566 1378 1692 1411 minime
1702 1389 1771 1422 pos-

1065 1424 1126 1457 sint
1148 1424 1202 1472 (υ.

1285 1498 1497 1530 SUMtttARtUttt

1015 1563 1126 1594 Causae
1143 1564 1262 1595 decreti.
1280 1582 1319 1587 —
1336 1565 1501 1596 Decretum.
1516 1583 1556 1588 —
1571 1566 1685 1598 Poenae
1704 1568 1769 1598 ino-

1055 1608 1247 1639 bedientium.

1015 1682 1159 1719 Gregorius
1170 1685 1311 1720 episcopus
1329 1691 1425 1714 servus
1437 1692 1576 1715 servorum
1587 1685 1644 1719 Dei.
1655 1693 1766 1715 venera-

1058 1733 1156 1761 bilibus
1179 1733 1315 1762 fratribus
1331 1733 1552 1770 archiepiscopis
1577 1736 1607 1764 et
1622 1735 1766 1771 episcopis,

1059 1784 1089 1811 et
1107 1783 1217 1812 dilectis
1235 1782 1300 1812 filiis
1311 1783 1464 1816 abbatibus,
1485 1784 1630 1819 prioribus,
1651 1785 1767 1821 aliisque

1058 1831 1236 1860 Ecclesiarum
1255 1832 1389 1867 praetatis
1413 1834 1573 1868 praesentes
1591 1833 1707 1863 litteras
1725 1834 1768 1863 in-

1058 1881 1204 1917 specturis.
1225 1881 1342 1910 satutem
1355 1883 1385 1910 et
1405 1882 1582 1918 apostoticam
1597 1883 1767 1912 benedictio-

1058 1937 1131 1959 nem.

1062 2001 1096 2037 Si
1124 2002 1333 2049 quorumdam
1365 2003 1575 2050 praelatorum
1603 2016 1765 2050 praesum-

1014 2052 1151 2098 ptionem
1176 2051 1315 2087 inolitam
1351 2052 1421 2087 Deo
1442 2061 1474 2087 et
1495 2053 1678 2091 bominibus
1709 2066 1764 2088 ex-

1013 2100 1201 2135 horrendam
1230 2102 1309 2136 iuste
1338 2114 1469 2149 pensare
1497 2103 1660 2144 vellemus,
1683 2115 1764 2150 pene

1013 2163 1073 2185 non
1094 2159 1176 2185 esset
1197 2150 1375 2185 adhibenda
1398 2151 1516 2191 dilatio,
1543 2151 1599 2186 sed
1623 2153 1653 2186 in
1669 2160 1763 2186 trans-

1012 2212 1174 2246 gressores
1200 2199 1311 2234 celeris
1332 2200 1488 2235 vindictae
1514 2201 1662 2235 severitas
1674 2212 1764 2235 exer-

1012 2248 1120 2283 cenda.
1149 2248 1238 2283 Sicut
1260 2249 1345 2283 enim
1372 2249 1410 2283 ad
1439 2261 1496 2284 nos
1523 2250 1623 2284 valido
1649 2257 1680 2284 et
1699 2257 1764 2284 stu-

1013 2299 1116 2344 pendo
1148 2297 1284 2332 clamore
1323 2298 1489 2344 pervenit,
1527 2298 1655 2345 quidam
1699 2311 1761 2333 non

1011 2347 1161 2390 contenti,
1186 2347 1282 2393 quod,
1298 2348 1433 2394 propriis
1455 2348 1630 2382 commodis
1653 2348 1762 2383 inhae-

221 2405 275 2451 qui
293 2404 405 2440 redditi
427 2404 594 2450 vulgariter
616 2403 825 2450 appellantur⁷
848 2404 877 2438 in
897 2417 968 2451 qua·
987 2403 991 2442 ξ
1011 2404 1115 2431 semes
1131 2405 1160 2430 et
1183 2404 1367 2451 quaeseflle}
1386 2396 1588 2451 POllusfluae
1613 2409 1669 2451 §¹¹5³
1688 2406 1762 2432 5⁰⁰1

221 2453 297 2489 libet
322 2454 416 2489 domo
438 2454 532 2489 vestri
560 2453 681 2487 ordinis
705 2452 846 2488 babeatis
885 2456 968 2499 agri·
987 2461 991 2499 j
1011 2458 1103 2493 quam
1126 2457 1207 2492 <31¹³ss
1234 2445 1364 2500 Christi.
1385 2457 1572 2500 900111115535
1601 2446 1659 2480 Slbt
1695 2446 1762 2481 EC-

221 2501 362 2539 ctilturae
383 2511 502 2539 vestrae
531 2503 616 2550 operi
644 2502 822 2549 deputatos,
849 2510 879 2537 et
896 2503 967 2550 ipsi,
987 2502 991 2549 ξ
1011 2495 1120 2530 (3185ῐᾶ8
1160 2503 1332 2529 θῦΟΓῐΠῑῑθΓ
1366 2494 1539 2550 ῲῖθρξάὓξὶῑ
1571 2502 1602 2529 et
1641 2508 1761 2551 C‘JUSQ-

221 2552 330 2588 relicto
343 2553 482 2597 saeculo,
504 2552 715 2588 continentiae
730 2559 801 2586 voto
816 2551 968 2593 adstricti,
1011 2552 1111 2585 munt,
1135 2544 1211 2578 dum
1240 2556 1319 2579 Ι10νο
1337 2544 1533 2579 ³¹⁸⁰¹¹2¹¹0¹¹¹S
1574 2553 1604 2579 et
1642 2545 1761 2592 <Matu-

221 2601 375 2650 promissa
397 2601 455 2637 loci
479 2601 659 2647 stabilitate,
686 2600 745 2636 sub
788 2600 968 2637 obedientia

1045 2614 1084 2650 (ι)
1101 2613 1138 2639 Ex
1156 2613 1259 2649 Regest.
1279 2613 1360 2640 vatic.

1653 224 1724 258 465
1789 234 1840 261 An.
1854 234 1883 262 c.
1902 236 1967 263 ηδε

1816 645 1935 666 clausulae.

1785 2012 1863 2034 Causae
1872 2014 1960 2034 decreti.
