2129 3223
137 262 186 288 Αη.
206 262 234 289 C.
252 262 314 289 ΗΓ,

386 253 454 284 556

335 316 458 361 rigatis,
486 326 578 361 quam
614 314 703 350 vobis
726 327 781 362 per
807 314 936 350 eosdem
975 314 1104 349 fratres¹

335 365 394 399 sub
409 364 519 410 sigillis
540 364 656 399 nostris
671 365 825 400 mittimus
846 365 877 399 in
892 364 951 399 hac
973 364 1081 398 forma.

481 421 628 457 Albertus
656 421 713 458 Dei
744 423 841 469 gratia
875 430 934 458 etc.

334 481 510 526 (Reliquum
531 482 662 516 invenies
683 483 716 515 in
735 482 860 515 Constit.
881 482 1002 515 Honor.
1018 481 1082 520 III,

384 544 400 562 ε(
420 529 459 565 Ut
474 530 599 566 vivendi
619 545 633 563 »
654 530 815 578 incipien.,
828 532 966 576 usquein
980 532 1082 576 finem,

377 591 452 624 pay.
484 580 580 621 415).

380 636 466 672 Nulli
489 649 564 684 ergo
585 645 638 672 etc.
661 637 695 673 Si
719 638 790 684 quis
810 646 864 671 etc.

381 685 497 721 Datum
525 686 685 733 Lugduni,
720 686 844 721 kalend.
880 686 1081 733 septembris,

332 735 536 783 pontificatus
562 736 660 771 nostri
684 748 767 770 anno
793 736 915 783 quinto.

345 796 406 828 Dat.
422 798 469 828 die
485 799 497 828 1
517 797 696 838 septembris
716 798 802 835 1247,
820 797 922 837 pontif.
938 806 1014 827 anno
1032 806 1058 827 v.

916 259 1103 282 BULLARlUM

672 955 742 990 XV.

331 1036 445 1069 Civitas
471 1037 655 1070 Auaeimana
686 1036 851 1080 episcopali
881 1037 1003 1080 privata
1030 1037 1080 1070 di-

376 1086 492 1128 qm'tate
512 1085 796 1119 Humanatensibus
825 1085 984 1119 subiicitur
1015 1087 1081 1131 epi-

375 1135 473 1180 scopis
498 1137 554 1178 (1).

591 1183 809 1235 summatum

327 1275 487 1306 Auximana
519 1275 622 1306 civitas
653 1263 814 1315 episcopali
843 1276 984 1313 dignitate
1015 1275 1078 1314 pri-

366 1324 442 1350 vata:
459 1329 552 1359 eaque
569 1320 709 1358 dignitato
732 1324 832 1350 ornata
852 1319 1079 1350 Recanatensis:

365 1380 405 1388 —
423 1363 458 1394 Et
472 1364 635 1394 Auximana
657 1364 760 1394 civitas
775 1362 987 1394 Humanatensi
1009 1362 1081 1393 sub-

366 1409 450 1438 iecta.

325 1483 498 1512 innocentius
514 1482 655 1519 episcopus
675 1490 773 1511 servus
791 1489 931 1512 servorum
946 1482 1002 1516 Dei,
1033 1489 1080 1511 ve-

369 1531 486 1561 nerabili
500 1531 590 1567 tratri
612 1533 708 1560 nostro
727 1532 851 1568 episcopo
875 1531 1079 1564 Humanatensi.

370 1581 488 1610 salutem
517 1582 545 1610 et
564 1580 741 1617 apostoticam
769 1581 988 1610 benedictionem.

375 1653 457 1688 Cum
479 1653 555 1687 olim
578 1652 781 1700 Apostolicae
800 1651 892 1698 Sedis
914 1652 1080 1700 providen-

326 1703 379 1742 tia,
406 1702 498 1737 cuius
520 1702 645 1749 praesul
667 1701 756 1736 Illius
784 1702 884 1743 vices,
921 1702 994 1736 licet
1028 1702 1078 1736 in-

326 1751 555 1787 sufficientibus
578 1752 709 1791 meritis,
736 1751 815 1798 gerit
838 1751 869 1784 in
894 1751 997 1792 terris,
1024 1751 1077 1798 qui

326 1801 500 1848 unicuique
527 1813 584 1848 pro
610 1801 733 1835 meritis
764 1800 920 1846 condigna
942 1799 1077 1835 retribu-

326 1849 412 1885 tione
434 1850 621 1897 respondet,
648 1850 687 1885 de
714 1850 806 1884 cuius
827 1849 972 1885 manibus
999 1862 1080 1896 pen-y

327 1899 379 1933 det
405 1900 572 1946 aequitatis
593 1907 718 1940 statera,
740 1899 953 1934 subiectorum
975 1899 1077 1933 actio-

325 1960 382 1983 nes
408 1948 588 1983 diiudicans
609 1948 788 1995 diligenter,
810 1960 846 1983 ac
860 1947 939 1983 bene
957 1948 1076 1982 meritis

325 2005 356 2032 et
388 1997 527 2044 indignis
567 1998 650 2032 iuxta
685 2009 816 2032 suorum
849 2005 976 2032 actuum
1010 1998 1077 2031 exi-

323 2046 461 2092 gentiam
475 2058 731 2093 recompensans,
741 2046 877 2093 vit-isque
891 2046 1087 2082 meritorumv

140 2102 255 2122 Auximum
278 2102 311 2122 οἱ·
324 2107 455 2130 suorum
482 2095 639 2142 stipendia
668 2095 848 2138 inferendo,
881 2095 984 2129 villam
1007 2095 1076 2129 Au—

127 2134 180 2152 sita-
193 2130 311 2159 episcopati
347 2145 353 2150 ·

126 2164 228 2189 dignitate
265 2164 311 2190 prl-

127 2198 184 2214 vaia:
201 2199 268 2221 eaque
281 2193 311 2215 di-

127 2226 205 2250 gnitate
235 2227 310 2244 ornatu

127 2254 287 2275 liccanatensie:

324 2156 496 2185 ximanam,
525 2152 652 2192 propter
679 2143 907 2186 infidelitatem,
934 2144 1076 2178 rebellio-

326 2205 395 2229 nem
425 2201 457 2228 et
490 2194 723 2229 indevotionem
741 2194 911 2228 incolarum
930 2193 1073 2228 eiusdem

324 2243 528 2290 episcopatus
554 2242 674 2278 honore
697 2243 874 2289 privaverit,
900 2254 936 2277 ac
956 2250 1075 2277 statue-

324 2292 378 2333 rit,
405 2292 489 2339 quod
520 2299 656 2327 castrum
684 2291 834 2327 Recanat.
861 2291 901 2326 ob
927 2292 1074 2326 devotio—

323 2353 395 2375 nem
412 2349 443 2375 et
465 2341 647 2376 fidelitatem
671 2340 876 2375 habitantium
900 2340 930 2375 in
951 2341 1074 2383 eodem,

322 2389 409 2436 quod
445 2399 511 2425 erat
548 2390 776 2425 Humanatensi
812 2390 972 2425 Ecclesiae
1007 2391 1075 2436 lege

323 2440 508 2474 dioecesana
536 2440 727 2481 subiectum,
749 2439 845 2474 huius
871 2440 989 2474 honore
1004 2441 1074 2486 pol-

324 2487 412 2533 leret,
439 2500 498 2523 nos
525 2490 554 2523 in
579 2489 903 2536 recompensationem
926 2488 999 2523 dicti
1022 2500 1073 2523 ca-

324 2537 378 2570 stri
405 2537 581 2584 spiritualia
611 2538 695 2581 iura,
728 2538 812 2585 quod
836 2539 867 2572 in
897 2538 960 2584 ipsa
985 2537 1073 2579 villa,

358 2601 397 2635 (ί)
414 2601 451 2627 Ex
470 2602 585 2636 Ughell.,
604 2603 662 2630 ltal.
679 2603 749 2635 sac„
777 2606 841 2630 torn.
860 2611 878 2635 ι,
898 2602 941 2630 ubi
960 2602 993 2630 de
1017 2602 1073 2629 Ilu-

322 2644 454 2667 manaten.
471 2642 613 2676 episcopis.
801 2662 803 2665 -
936 2665 940 2667 .

1128 259 1290 282 ROMANUM

1124 322 1155 348 ct
1181 314 1261 349 circa
1289 326 1357 349 eam
1380 314 1589 350 Humanaten.
1615 313 1774 362 quondam
1800 315 1870 362 epi-

1124 375 1238 410 scopus
1260 363 1404 404 babebat,
1439 363 1581 399 eiusdem
1616 363 1683 403 tibi,
1711 373 1741 399 et
1763 376 1818 411 per
1839 373 1869 399 te

1124 413 1225 448 dictae
1247 412 1475 448 Humanatensi
1503 413 1663 448 Ecclesiae
1685 414 1869 449 auctoritate

1123 462 1294 509 apostolica
1316 464 1521 498 concedimus
1536 464 1565 497 in
1583 472 1769 511 perpetuum
1789 475 1872 498 eam-

1124 511 1196 547 dem
1223 511 1326 547 villam
1366 512 1422 547 tibi
1456 513 1643 548 dioecesana
1674 512 1742 559 lege
1776 513 1870 560 spiri-

1124 562 1248 596 tualiter
1274 561 1500 597 submittendo.

1171 610 1256 645 Nulli
1279 623 1354 657 ergo
1388 611 1516 646 omnino
1548 610 1712 646 hominum
1746 619 1870 646 nostrae

1122 660 1337 695 concessionis
1369 661 1513 707 paginam
1559 659 1728 706 infringere
1762 661 1868 701 liceat,

1122 709 1170 743 vel
1196 709 1224 743 ei
1245 721 1322 744 ausu
1351 710 1516 744 temerario
1542 710 1707 744 contraire.
1741 709 1774 744 Si
1797 710 1870 757 quis

1121 767 1227 793 autem
1254 758 1313 794 hoc
1334 767 1486 794 attentare
1521 759 1780 806 praesumpserit,
1814 759 1869 794 in-

1122 806 1335 853 dignationem
1358 808 1583 855 omnipotentis
1608 807 1678 849 Dei,
1705 820 1741 843 ac
1761 808 1869 843 beato-

1123 869 1191 891 rum
1214 857 1297 892 Petri
1325 866 1355 892 et
1382 857 1470 892 Pauli
1493 857 1707 905 apostolorum
1734 858 1809 895 eius,
1835 870 1869 892 se

1123 913 1243 940 noverit
1268 907 1482 941 incursurum.

1171 954 1285 990 Datum
1314 955 1483 1002 Lugduni,
1510 957 1600 991 tertio
1631 955 1702 991 idus
1719 956 1869 997 octobris,

1122 1005 1323 1051 pontificatus
1349 1005 1447 1040 nostri
1471 1017 1554 1041 anno
1576 1006 1695 1053 quinto.

1883 258 1935 286 An.
1953 257 1981 284 C.
1999 257 2067 284 ΗΠ

1897 318 1920 341 Bt
1953 319 2068 341 Auum-n·

1883 351 1958 371 civitas
1967 349 2068 371 flnnann-

1883 383 1939 402 tensi
1964 379 2067 402 subtecto.

1140 1066 1201 1097 Dat.
1225 1067 1272 1097 die
1295 1067 1332 1098 13
1353 1067 1481 1098 octobris
1502 1067 1587 1105 1247,
1606 1066 1707 1107 pontis.
1732 1077 1808 1098 anno
1824 1077 1850 1099 v.
1893 1097 1895 1099 .

1452 1202 1535 1260 ‘xvi

1124 1297 1243 1341 Populo
1268 1297 1446 1331 Placentino
1467 1292 1601 1344 {aculens
1626 1299 1800 1332 conceditur
1815 1310 1872 1343 pu-

1170 1347 1282 1379 blicam
1299 1347 1479 1381 instituendi
1491 1347 1716 1386 Accademiam,
1733 1348 1870 1394 episcopo
1925 1347 1929 1350 ’

1169 1407 1239 1430 vero
1261 1396 1399 1430 tauream
1418 1398 1593 1442 conserendi
1604 1397 1790 1431 doctoralem
1807 1398 1868 1441 (Ι).

1388 1466 1603 1497 SUMMARIUM

1120 1526 1286 1557 Exordium.
1309 1528 1532 1566 -Concessio‚
1560 1529 1593 1558 de
1622 1531 1723 1568 quain
1752 1529 1870 1566 rubrica,

1159 1581 1225 1601 cum
1258 1572 1480 1611 privilegiorum
1512 1572 1693 1612 elargitione.
1719 1590 1757 1596 —
1784 1572 1869 1604 Clau—

1160 1616 1253 1646 sulae.

1118 1687 1288 1717 Innocentius
1306 1688 1448 1724 opiscopus
1476 1694 1570 1717 servus
1586 1695 1727 1719 servotum
1748 1688 1804 1723 Dei,
1825 1696 1868 1718 ve·

1163 1737 1280 1767 nerabili
1298 1737 1386 1766 fratri
1397 1738 1531 1774 episcopo,
1546 1739 1575 1766 et
1591 1738 1699 1767 dilectis
1710 1737 1776 1767 filiis
1787 1738 1868 1772 clero.

1163 1787 1193 1814 et
1210 1786 1308 1822 populo
1327 1786 1490 1821 Placentino.
1510 1786 1628 1816 salutem
1639 1788 1669 1815 et
1687 1787 1864 1823 apostolicam

1163 1835 1387 1864 benedictionem.

1167 1898 1248 1940 Quia
1284 1898 1458 1945 profectum
1498 1891 1657 1934 terracin
1693 1899 1868 1936 visceribus

1912 1907 2032 1928 Exordium.

1118 1948 1318 1994 amplectitur
1338 1948 1515 1993 charitatis,
1543 1949 1696 1983 vellemus
1717 1948 1866 1989 libenter,
1920 1962 1925 1967 ·

1118 1996 1201 2044 quod
1235 1997 1276 2031 ibi
1304 1997 1443 2044 schypus
1466 1998 1652 2045 reperiretur
1677 2007 1866 2045 argenteus,
1904 2039 1908 2042 ,

1119 2046 1198 2080 idest
1219 2046 1359 2081 studium
1383 2047 1574 2087 litterarum,
1610 2047 1640 2081 in
1663 2060 1727 2094 quo
1753 2047 1866 2094 Ioseph

1117 2095 1275 2130 subtiliter
1297 2096 1382 2130 novit
1399 2096 1534 2142 ingenua
1552 2097 1683 2143 auguria
1699 2097 1866 2144 explicare,

1117 2145 1233 2191 quique
1256 2144 1297 2179 ibi
1313 2153 1478 2191 argentum
1495 2145 1693 2192 eloquentiae
1716 2158 1864 2180 venarum

1117 2205 1244 2228 suarum
1272 2194 1412 2229 obtineat
1435 2195 1601 2241 principia,
1624 2202 1655 2229 ct
1680 2194 1768 2229 locus
1783 2203 1866 2230 esset

1118 2243 1147 2276 in
1171 2254 1233 2289 quo
1255 2255 1367 2278 aurum
1394 2244 1564 2290 sapientiae
1591 2243 1750 2278 conflaret.
1786 2243 1866 2278 Cre-

1116 2291 1222 2326 dimus
1243 2294 1341 2334 enim,
1368 2301 1397 2327 et
1413 2304 1467 2338 pro
1483 2293 1572 2327 firmo
1598 2300 1753 2332 tenemus,
1780 2293 1864 2339 quod

1116 2352 1153 2375 ex
1183 2341 1241 2376 lioc
1269 2342 1329 2389 ipsi
1352 2342 1465 2377 civitati
1488 2341 1666 2377 Placentiae
1700 2353 1763 2376 non
1796 2354 1865 2375 mo-

1115 2390 1218 2425 dicum
1243 2390 1374 2426 honoris
1395 2391 1569 2433 accederet,
1601 2398 1631 2425 et
1652 2389 1711 2425 sibi
1735 2401 1864 2437 possent

1116 2439 1229 2474 exinde
1251 2440 1455 2487 spiritualiter
1481 2448 1512 2475 et
1538 2439 1752 2486 temporaliter
1778 2448 1863 2486 grata

1115 2489 1281 2524 commoda
1317 2489 1491 2536 provenire.
1529 2488 1660 2535 Propter
1689 2488 1774 2535 quod
1801 2501 1862 2524 non

1116 2545 1176 2572 tam
1212 2538 1463 2574 consideratione
1496 2537 1684 2582 missi-ater
1715 2537 1862 2584 Alberte,

1126 2642 1130 2646 .
1149 2602 1190 2637 (1)
1207 2603 1245 2630 Ex
1257 2603 1372 2638 Ughell.‚
1385 2606 1449 2631 tom.
1467 2610 1497 2635 11,
1516 2602 1559 2630 ubi
1575 2602 1608 2630 de
1624 2602 1739 2630 Ecclesia
1756 2602 1862 2630 Placen-

1114 2645 1176 2668 tina.
