2129 3223
0 310 2 313 ,
35 286 88 314 ΑΒ.
102 285 130 313 C.
148 284 218 312 ¹19⁰

75 857 192 886 Exordium.

26 1033 30 1040 Γ
61 1030 136 1053 bocum
147 1030 173 1051 ds
187 1029 228 1049 Cs-

49 1062 127 1084 Ιιιῐιη
135 1060 172 1082 snb
183 1065 229 1087 pro-

49 1094 141 1114 tectione
153 1091 228 1118 recipit

50 1123 171 1151 apostolica.

20 1284 33 1322 ‘—
63 1298 160 1322 Instituta
175 1304 206 1320 eis
221 1305 232 1319 ι

22 1340 35 1362 ¹2
51 1329 227 1352 &curci-ustum

42 1362 127 1387 ,tradita
154 1361 233 1382 contir-

16 1387 101 1414 >Vni-t.

90 2331 117 2353 De
132 2330 232 2352 restibus.

111 2599 140 2621 D·
155 2600 210 2620 victu

817 279 1028 305 misecamus
1049 279 1087 301 ΙΙΙ
1110 278 1159 301 FP.

272 339 515 370 cisterciensibus
532 338 635 368 tradita
651 337 813 367 confirmat.
826 334 912 364 -De
928 343 976 363 ve-

273 383 378 415 stibus.
394 400 433 407 —
444 383 483 414 De
499 384 586 413 victu.
598 398 636 406 -
650 381 691 412 De
706 381 837 411 ieiuniis.
852 396 887 402 —
898 377 976 408 Bona

273 428 369 459 omnia
388 428 431 458 eis
453 428 616 459 confirmat.
634 435 709 466 quae
727 425 823 455 omnia
850 423 978 463 propriis

273 473 442 504 nominibus
460 476 678 503 enumerantur.
699 487 734 493 -—
754 469 895 499 Nonnulla
909 477 979 498 con-

269 517 351 548 *cedit
368 517 530 557 privilegia.

234 592 404 622 Innocentius
433 591 573 628 episcopus
596 597 690 619 servus
717 595 854 618 servorum
877 587 931 619 Dei.
952 588 981 616 it.
1000 605 1002 618 .

278 641 425 678 magistro.
452 642 482 670 ot
498 640 634 670 tratribus
652 638 756 668 ordinis
773 638 806 666 dc
835 636 983 666 calatrava

281 692 339 722 tam
353 690 545 728 praesentibus
565 696 645 727 quam
657 688 759 718 tuturis
779 686 922 716 secuudum
939 686 982 714 or-

281 740 336 771 din.
356 741 514 770 cistercien.
532 740 652 768 fratrum
671 738 835 767 viventibus.

272 811 419 856 *Quoties
441 826 457 848 a
480 812 572 847 nobis
595 812 711 858 petitur
731 818 802 846 etc..
832 821 922 854 usque
944 810 985 842 ad

239 870 362 903 uerbum
393 868 573 906 annuimus,
595 875 627 901 et
656 865 707 900 fel.
732 877 793 899 rec.
818 862 985 898 Alexandri

240 932 270 958 et
304 921 448 967 Gregorii
488 920 764 967 praedecessorum
807 926 986 953 nostrorum

241 970 456 1012 Romanorum
496 973 686 1010 Pontificum
723 972 864 1018 vestigiis
886 971 989 1006 inbae-

243 1037 359 1069 rentes,
382 1029 555 1077 praefatum
577 1027 683 1063 locum
711 1027 749 1061 de
772 1026 944 1066 Calatrava,
959 1032 989 1059 et

243 1085 347 1121 locum
375 1085 414 1119 de
442 1082 628 1126 Salvaterra,
655 1082 687 1116 in
710 1094 772 1128 quo
795 1079 833 1115 ad
855 1079 990 1115 servien-

243 1138 320 1174 dum
347 1137 414 1173 Deo
446 1137 553 1171 divino
579 1136 653 1171 estis
685 1135 838 1182 obsequio
866 1134 991 1169 manci-

244 1192 319 1240 pati,
341 1191 401 1227 sub
417 1190 498 1226 beati
513 1190 610 1233 Petri,
633 1197 663 1224 et
678 1197 781 1224 nostra
798 1188 992 1234 protectione

245 1246 458 1294 suscipimus,
484 1252 513 1279 et
537 1243 712 1291 praesentis
738 1242 844 1289 scripti
880 1242 992 1288 pagina

246 1299 490 1337 communimus.
531 1298 564 1332 lu
600 1297 710 1345 primis
735 1297 893 1344 siquidem
929 1304 993 1331 sta-

247 1363 393 1394 tuentes,
428 1361 459 1388 ut
498 1353 676 1395 institutio,
709 1363 803 1398 quam
839 1350 934 1384 abbas
964 1357 995 1384 et

249 1411 358 1445 fratres
390 1407 578 1443 Cistercien.
608 1404 695 1440 vobis
719 1406 750 1439 in
779 1404 892 1439 eodem
927 1404 996 1439 loco

248 1462 458 1504 morantibus,
482 1472 542 1495 non
571 1468 605 1494 ut
632 1459 849 1499 familiaribus,
885 1458 938 1493 sed
964 1466 994 1491 ut

250 1518 331 1553 veris
352 1515 500 1552 fratribus
521 1515 634 1549 fecisse
653 1513 813 1557 dicuntur,
836 1513 998 1560 perpetuis

250 1570 447 1618 temporibus
482 1568 599 1604 ibidem
634 1567 857 1603 inviolabiliter
889 1566 998 1601 obser-

251 1634 353 1670 vetur,
375 1624 530 1661 videlicet,
567 1631 599 1657 ut
620 1621 807 1657 militaribus
829 1622 925 1657 armis
945 1633 998 1656 ac-

251 1680 345 1716 cincti
382 1685 490 1714 contra
536 1676 727 1712 Sarracenos
774 1688 830 1723 pro
865 1676 999 1711 tuitione

252 1733 411 1769 christiani
435 1730 543 1778 populi
567 1729 700 1764 fideliter
718 1729 885 1765 dimicetis.
909 1729 1002 1764 Prae-

254 1797 337 1823 terea
359 1798 407 1826 ea,
429 1797 509 1832 quae
532 1784 571 1819 de
594 1784 675 1818 victu
703 1792 733 1817 et
766 1784 877 1818 vestitu
898 1793 1001 1819 vestro

256 1840 382 1889 praefati
410 1839 517 1882 abhas,
544 1847 574 1873 et
599 1837 711 1872 fratres
738 1837 937 1880 Cistercien.,
971 1847 1001 1873 et

256 1896 438 1930 universum
464 1891 636 1938 capitulum
665 1891 805 1926 eiusdem
839 1892 959 1928 ordinis
987 1907 1001 1927 a

258 1947 346 1984 vobis
379 1946 564 1994 regulariter
592 1944 782 1980 observanda
815 1955 1002 1984 sanxerunt.

258 2001 347 2037 vobis
369 1999 574 2035 nihilominus
591 1998 828 2034 confirmamus:
859 2000 1003 2037 videlicet

259 2064 293 2091 ut
311 2054 405 2090 lineis
438 2054 467 2088 in
495 2052 731 2089 femorabilibus
758 2062 878 2090 tantum
916 2055 1005 2091 vobis

259 2108 435 2148 liceatuti3
458 2115 559 2143 vestes
585 2119 713 2155 quoque
739 2107 929 2148 moderatas,
953 2110 1005 2144 ho-

262 2171 366 2198 nestas
386 2169 417 2196 et
434 2161 618 2196 commodas
643 2162 819 2198 secundum
837 2163 1004 2199 consilium

262 2215 495 2252 Morimunden.
518 2213 650 2253 abbatis,
680 2224 709 2250 et
736 2217 874 2263 magistri
902 2218 1007 2261 vestri,

263 2284 337 2307 cum
370 2270 524 2318 scapulari
547 2282 603 2317 pro
630 2269 735 2305 habitu
761 2272 920 2318 religionis
951 2273 1007 2307 ha·-

265 2324 388 2360 bebitis.
427 2324 539 2359 Vestiti
573 2331 603 2358 et
636 2324 728 2358 cincti
765 2325 943 2361 dormietis:
980 2336 1007 2360 et

265 2381 296 2415 in
318 2380 466 2418 oratorio,
498 2378 693 2416 dormitorio,
723 2381 882 2415 refectorio
917 2390 944 2415 et
979 2382 1008 2417 io

266 2433 402 2482 coquina
433 2432 592 2467 silentium
628 2432 739 2477 iugiter
766 2434 921 2470 tenebitis.
949 2436 1011 2471 Ca—

267 2487 380 2523 vebitis
412 2495 515 2522 autem
543 2498 583 2521 ne
615 2487 643 2520 in
667 2487 889 2536 qualicumque
914 2500 1011 2534 veste,

270 2549 324 2576 aut
349 2540 572 2588 superfluitatis
605 2541 706 2587 argui,
739 2550 791 2576 aut
823 2544 1013 2580 curiositatis

274 2595 370 2630 notari
406 2594 542 2641 possitis.
581 2594 698 2629 Tribus
730 2607 802 2630 vero
836 2597 866 2631 in
894 2597 1013 2634 hebdo-

275 2647 363 2682 mada
390 2647 522 2687 diebus,
551 2648 628 2682 idest
659 2649 733 2683 seria
755 2649 864 2693 tertia⁷
895 2651 1014 2698 quinta,

1641 264 1701 295 tt!

1016 342 1045 369 et
1068 332 1118 367 die
1144 331 1312 376 dominica,
1347 344 1419 367 cum
1445 330 1622 379 praecipuis
1642 329 1761 365 solem-

1018 386 1168 422 nitatibus
1190 384 1278 420 vobis
1291 385 1438 420 carnibus
1454 385 1533 420 vesci
1552 384 1675 419 licebit:
1699 395 1763 418 uno

1019 449 1138 476 tantum
1160 439 1291 477 ferculo,
1320 447 1351 473 et
1381 440 1474 474 unius
1494 439 1632 485 generis,
1663 450 1764 485 quan-

1020 504 1084 530 tum
1111 495 1148 530 ad
1183 506 1294 530 carnes
1322 494 1465 541 pertinet,
1492 493 1627 528 contenti
1661 493 1764 533 eritis,

1021 557 1050 583 et
1073 548 1109 583 ad
1133 561 1274 584 inensam
1292 548 1407 595 ubique
1425 547 1587 581 silentium
1609 545 1765 582 tenebitis.

1023 602 1070 636 Ab
1097 603 1283 638 exaltatione
1318 613 1442 649 quoque
1470 600 1602 635 Sanctae
1637 599 1766 638 Crucis.

1023 669 1125 703 usque
1157 657 1194 691 ad
1217 656 1337 691 Pascha
1361 656 1463 690 tribus
1490 655 1617 694 diebus,
1649 654 1769 690 scilicet

1024 711 1159 745 secunda
1195 711 1281 752 feria.
1317 720 1425 756 quarta
1455 717 1483 743 et
1517 718 1619 752 sexta,
1649 716 1772 756 praeter-

1026 764 1131 798 Natale
1153 764 1294 804 Domini,
1326 764 1551 812 Epiphaniam,
1575 762 1770 810 Hypapante,

1026 827 1054 853 et
1069 819 1248 854 festivitates
1261 819 1412 854 Omnium
1436 818 1624 853 Sanctorum
1646 824 1676 851 et
1691 817 1774 863 Apo-

1027 872 1198 913 stolorum,
1232 886 1343 908 omnes
1380 873 1432 920 qui
1473 878 1654 919 praesentes
1688 870 1772 906 domi

1029 927 1153 977 suerint,
1179 928 1208 962 in
1225 928 1397 975 septimana
1426 926 1565 974 qualibet
1580 926 1773 961 ieiunabunt.

1028 983 1090 1025 Qui
1114 992 1218 1018 autem
1243 983 1273 1017 in
1296 983 1406 1017 castris
1429 981 1553 1016 militiae
1571 981 1699 1021 fuerint,
1720 993 1775 1027 pro

1031 1038 1167 1083 magistri
1221 1037 1347 1072 arbitrio
1393 1036 1507 1070 ieiunia
1552 1034 1774 1070 observabunt.

1032 1092 1194 1126 Praeterea
1229 1103 1436 1138 quascunque
1469 1089 1686 1137 possessiones
1711 1096 1778 1133 eta,

1033 1159 1123 1191 usque
1155 1148 1196 1180 ad
1222 1148 1344 1180 verbum
1372 1144 1531 1179 vocabulis
1562 1142 1777 1191 exprimenda.

1032 1199 1193 1235 Calatrava
1219 1212 1291 1235 curn
1317 1198 1514 1247 pertinentiis
1536 1198 1613 1241 suis,
1639 1204 1670 1232 et
1691 1196 1783 1244 quin-

1012 1276 1013 1280 «
1035 1254 1090 1298 tis,
1112 1262 1141 1289 et
1169 1253 1317 1289 omnibus
1339 1253 1535 1300 pertinentiis
1557 1253 1634 1287 suis.
1658 1250 1780 1286 Castel-

1035 1309 1099 1342 lum
1123 1308 1161 1343 de
1183 1307 1315 1343 Caracui
1344 1318 1416 1342 cum
1443 1305 1591 1341 omnibus
1622 1305 1782 1352 pertinen-

1036 1363 1088 1396 tiis
1115 1362 1191 1397 suis.
1218 1361 1391 1396 Castellum
1415 1360 1569 1395 Dolarcus
1594 1372 1665 1395 cum
1689 1361 1783 1407 perti-

1037 1416 1151 1451 nentiis
1168 1415 1245 1451 suis.
1267 1414 1440 1450 Castellum
1459 1414 1498 1449 de
1513 1414 1695 1449 Benevento
1709 1427 1782 1450 cum

1037 1469 1185 1505 omnibus
1213 1469 1410 1517 pertinentiis
1437 1469 1513 1503 suis.
1541 1467 1715 1503 Castellum
1745 1468 1784 1503 de

1037 1524 1158 1559 Suffera
1191 1537 1261 1559 cum
1285 1524 1481 1571 pertinentiis
1508 1524 1582 1558 suis.
1612 1522 1783 1559 Castellum

1038 1579 1076 1613 de
1102 1578 1245 1625 Malagon
1268 1590 1340 1613 curn
1368 1577 1538 1625 portaticis,
1566 1585 1597 1612 et
1622 1577 1692 1612 aliis
1715 1589 1785 1624 per-

1039 1632 1180 1667 tinentiis
1205 1633 1281 1667 suis.
1309 1632 1481 1667 Castellum
1512 1632 1550 1666 de
1579 1631 1784 1668 Gualdaserza

1039 1698 1110 1727 cum
1139 1687 1335 1734 pertinentiis
1360 1687 1436 1721 suis.
1468 1686 1605 1721 Domum
1627 1686 1666 1720 de
1687 1687 1785 1722 Nom-

1042 1740 1133 1775 broca
1160 1753 1231 1776 cum
1269 1741 1465 1788 pertinentiis
1492 1742 1573 1780 suis;
1608 1740 1720 1775 domos
1749 1742 1787 1776 (le

1042 1794 1148 1828 Toleta
1170 1807 1241 1829 cum
1271 1795 1393 1839 tendis,
1427 1795 1633 1833 molendinis,
1668 1795 1786 1832 vineis.

1042 1850 1147 1889 terris,
1169 1858 1197 1884 et
1208 1849 1327 1889 'hortis;
1349 1850 1513 1885 eeclesiam
1528 1849 1633 1884 Sancti
1652 1849 1787 1885 Romani

1046 1903 1123 1937 ultra
1150 1902 1272 1950 Tagum
1295 1916 1368 1939 cum
1392 1904 1591 1952 pertinentiis
1618 1904 1695 1939 suis.
1729 1904 1790 1939 Do-

1045 1970 1112 1992 mos
1147 1957 1185 1992 de
1211 1956 1371 1993 Talaveira
1397 1971 1470 1993 cum
1498 1959 1615 2003 vineis,
1653 1959 1789 2001 olivetis,

1044 2011 1154 2056 hortis,
1191 2011 1392 2053 molendinis,
1418 2012 1591 2053 canalibus,
1623 2020 1653 2047 et
1677 2014 1789 2060 puteis.

1045 2075 1076 2102 et
1097 2079 1167 2101 cum
1194 2066 1310 2107 aldeis,
1342 2074 1374 2101 et
1406 2067 1475 2102 aliis
1498 2068 1693 2115 pertinentiis
1714 2068 1789 2102 suis.

1045 2119 1165 2155 Domos
1186 2120 1226 2155 de
1246 2120 1473 2157 Salamancella
1495 2134 1566 2156 cum
1597 2122 1792 2168 pertinentiis

1046 2175 1123 2211 suis.
1149 2175 1269 2210 Domos
1289 2174 1329 2209 de
1342 2175 1492 2210 Macheda
1510 2188 1581 2210 cum
1595 2176 1703 2219 vineis,
1726 2176 1791 2210 hor-

1048 2229 1099 2273 tis,
1127 2229 1225 2268 tertis,
1252 2236 1282 2263 et
1304 2228 1374 2263 aliis
1388 2230 1586 2276 pertinentiis
1603 2230 1680 2264 suis.
1703 2229 1792 2264 Men-

1048 2283 1130 2318 deno
1154 2295 1225 2317 curn
1254 2284 1548 2329 suis'pertinentiis.
1575 2283 1694 2318 Sotello
1720 2296 1792 2318 cuni

1049 2338 1115 2372 suis
1142 2336 1346 2384 pertinentiis.
1380 2334 1551 2371 Castellum
1587 2337 1625 2371 de
1656 2337 1791 2373 Assoclia

1050 2403 1120 2425 cuin
1145 2390 1209 2424 suis
1236 2390 1441 2436 pertinentiis.
1464 2388 1609 2425 Casasola
1632 2404 1703 2426 cum
1730 2393 1794 2427 suis

1052 2443 1259 2491 pertinentiis.
1279 2442 1455 2489 Alfondega
1469 2455 1541 2478 cum
1558 2445 1625 2479 suis
1640 2446 1792 2492 pertinen>

1053 2498 1112 2533 tiis.
1141 2496 1282 2542 Figarola
1310 2508 1381 2531 cum
1404 2497 1468 2531 suis
1490 2498 1699 2544 pertinentiis.
1730 2500 1794 2535 Ca-

1053 2551 1177 2586 stellum
1211 2551 1250 2586 de
1271 2551 1365 2598 Cyrol
1394 2563 1466 2586 cum
1493 2552 1559 2586 suis
1586 2553 1794 2598 pertiuentiis.

1053 2600 1225 2635 Castellum
1243 2600 1282 2635 de
1297 2600 1397 2635 Sorita
1419 2613 1490 2636 cum
1514 2603 1684 2649 portaticis,
1706 2604 1797 2650 quiu-

1055 2650 1104 2694 tis‚
1126 2649 1234 2691 aldeis,
1261 2658 1291 2685 et
1317 2649 1385 2684 aliis
1416 2650 1610 2698 pertinentiis
1632 2653 1707 2687 suis.
1736 2653 1793 2688 Ca-

1777 271 1824 295 Λη.
1845 267 1873 294 C.
1889 266 1955 293 ¹¹99

1802 608 1829 629 De
1845 612 1936 629 ieiunus,

1813 1094 1868 1115 nona
1906 1094 1973 1114 omnia

1793 1128 1824 1147 eis
1853 1125 1973 1146 confirmat,

1794 1162 1847 1184 quae
1884 1156 1975 1182 proprii·

1794 1186 1913 1209 nominibus
1926 1191 1977 1206 suu-

1794 1220 1909 1239 metuntur.
