2129 3223
156 259 204 285 An.
224 257 250 285 C⁴
272 260 339 288 ¹¹99

405 254 472 287 152

350 329 418 352 cam
447 324 517 365 post
554 317 719 353 ecclesiam
754 319 924 356 Salvatoris
960 321 998 356 de
1025 321 1100 356 Sta-

350 374 426 406 tera.
453 379 532 414 quas
560 368 680 403 emistis
717 369 756 404 ab
796 369 982 406 haeredibus
1013 370 1097 406 Petri

349 415 389 449 de
410 417 536 451 Ascesa.
565 416 671 452 Unum
693 418 864 455 casalinum
902 420 931 454 in
969 421 1097 467 regione

349 464 455 500 Sancti
498 465 657 502 Theodori
699 468 730 503 in
771 469 850 516 pede
888 470 1095 517 Canapariae:

347 514 409 549 duo
431 515 565 551 casalina
595 517 676 552 iuxta
711 518 890 554 columnam
926 519 1096 566 perfectis—

347 564 470 599 simam:
503 578 599 601 unum
634 567 806 603 casalinum
847 570 932 604 iuxta
964 569 1094 605 domum

347 613 475 660 Rogerii
503 615 542 650 de
561 615 664 657 Rozo,
686 625 717 652 et
747 618 829 653 iuxta
866 619 994 654 domum
1018 618 1094 654 Urb.

346 664 457 698 turrim
486 664 516 699 in
538 666 640 701 casale
668 666 855 703 Barbarian.
884 681 955 703 cum
991 669 1094 714 terris,

346 713 455 753 vineis,
477 714 584 762 sylvis,
609 717 714 763 pratis,
749 717 921 759 montibus,
948 718 1094 759 collibus,

346 763 482 809 pascuis,
528 764 668 806 salictis,
716 766 881 802 arboribus
924 767 1095 803 fructiferis

345 820 376 846 et
415 812 640 857 infructiferis,
676 817 794 862 puteis,
829 816 979 862 fontibus,
1010 818 1092 860 rivis,

344 862 499 898 aedificiis
522 864 695 910 parietinis,
716 873 747 900 et
769 866 837 901 aliis
858 867 926 901 suis
941 867 1093 902 omnibus

345 912 566 959 pertinentiis:
589 926 669 961 quae
693 915 771 950 infra
805 915 1003 963 subscriptos
1030 924 1093 951 ter-

345 962 448 996 minos
475 963 687 999 continentur.
714 964 743 998 A
765 965 869 1011 primo
890 965 987 1000 latere
1009 966 1092 1001 rivus

344 1010 383 1045 de
430 1011 550 1053 Luzan,
592 1022 623 1048 et
664 1014 874 1049 tenimentum
918 1014 1091 1051 haeredum

343 1059 437 1095 Fusci
462 1062 500 1096 de
527 1061 631 1107 Berta,
654 1071 684 1098 et
710 1064 922 1099 tenimentum
957 1064 1092 1100 Sanctae

344 1112 537 1146 Anastasiae:
560 1123 578 1147 a
603 1112 745 1148 secundo
767 1113 863 1148 latere
891 1114 938 1149 via
968 1114 1091 1162 publica

342 1159 514 1195 Ardeatina
537 1174 637 1209 usque
658 1162 696 1197 ad
719 1163 868 1198 fossatum
895 1163 1003 1198 Sancti
1042 1164 1091 1198 Ni·

342 1209 462 1244 candri:
485 1223 501 1245 a
523 1212 615 1246 tertio
637 1211 733 1247 latere
753 1213 834 1248 idem
863 1212 997 1248 fossatus
1011 1214 1091 1249 inter

342 1271 397 1294 vos
439 1268 469 1294 et
511 1261 675 1296 ecclesiam
713 1261 847 1298 Sanctae
889 1262 1005 1298 Mariae
1050 1263 1089 1298 de

342 1309 486 1344 Aventin.
510 1319 541 1345 et
563 1312 773 1347 tenimentum
817 1311 924 1347 Sancti
962 1312 1089 1360 Georgii

342 1366 373 1392 et
399 1358 543 1401 Quatuor
568 1359 757 1396 Sanctorum
791 1361 1049 1397 Coronatorum:
1073 1375 1088 1397 a

341 1416 452 1454 quarto
474 1408 570 1444 latere
593 1410 802 1446 tenimentum
824 1410 958 1447 Sanctae
973 1411 1088 1447 Mariae

342 1456 479 1497 Maioris,
521 1467 551 1494 et
589 1460 798 1495 tenimentum
837 1461 1019 1496 monasterii
1053 1461 1087 1497 S.

341 1506 456 1541 Mariae
480 1508 510 1542 in
533 1508 655 1556 Campo
677 1509 796 1553 Martis,
820 1522 920 1557 usque
941 1511 979 1546 ad
1002 1523 1089 1558 prae-

341 1556 459 1591 dictum
483 1558 584 1593 rivum
616 1559 734 1594 Luzan.
770 1559 915 1602 Quatuor
955 1560 1087 1596 vinealia

342 1606 425 1641 iuxta
451 1606 621 1643 Cantatum
649 1608 763 1644 Alban.
788 1618 901 1644 terram
925 1622 1018 1657 quam
1038 1610 1087 1645 ha-

340 1655 422 1690 betis
441 1656 471 1690 in
500 1658 655 1693 territorio
684 1658 808 1694 Ariciae
852 1671 945 1705 supra
983 1660 1085 1694 lacum

339 1705 378 1739 de
396 1704 507 1741 Nemo:
531 1706 595 1743 duo
615 1708 664 1743 fila
685 1708 857 1744 salinarum
893 1709 923 1743 in
963 1709 1085 1745 Borda-

340 1755 438 1800 naria,
462 1756 492 1790 in
516 1756 597 1798 loco,
640 1759 695 1804 qui
718 1758 833 1793 dicitur
854 1757 959 1805 Caput
990 1758 1085 1794 Bovis

341 1805 424 1840 iuxta
439 1805 528 1841 filum
554 1806 662 1842 Sancti
677 1807 842 1842 Pancratii.
858 1807 1085 1844 Tenimentum

339 1853 507 1889 Tusculani
543 1856 643 1896 vohis,
680 1865 710 1891 et
752 1857 912 1892 Ecclesiae
952 1856 1083 1893 Sanctae

338 1902 454 1938 Mariae
477 1905 506 1939 in
530 1905 668 1947 Porticu,
690 1919 706 1941 a
730 1907 832 1941 felicis
862 1907 1085 1943 recordationis

338 1952 521 1989 Coelestino
561 1954 645 2003 Papa
688 1955 932 2003 praedecessore
975 1965 1083 1992 nostro

338 2015 536 2039 concessum:
560 2005 644 2052 quod
672 2005 750 2040 infra
772 2005 829 2041 hos
852 2005 932 2040 fines
959 2007 1084 2041 conclu-

338 2052 431 2088 ditur.
455 2053 482 2088 A
505 2054 608 2101 primo
627 2054 722 2090 latere
751 2055 795 2090 via
823 2054 956 2100 Cavon.‚
989 2068 1005 2090 a
1039 2068 1082 2091 se-

337 2103 440 2138 cundo
473 2103 570 2138 latere
605 2104 750 2145 fossatus,
779 2105 832 2151 qui
865 2104 1006 2139 ascendit
1045 2106 1082 2140 ad

337 2153 516 2188 columnam
539 2152 654 2188 felleris
674 2166 772 2201 usque
788 2154 818 2188 in
834 2162 929 2201 caput
944 2155 1080 2201 pantani:

337 2215 353 2237 a
370 2203 463 2237 tertio
485 2202 579 2238 latere
605 2216 704 2251 super
724 2212 814 2251 caput
839 2204 965 2251 pantani
980 2217 1080 2252 usque

337 2253 374 2286 ad
410 2251 543 2287 limitem
580 2254 744 2292 maiorem,
789 2262 820 2287 et
856 2266 912 2300 per
944 2254 1080 2288 eundem

337 2302 467 2337 limitem
493 2315 591 2349 usque
614 2302 651 2337 ad
666 2302 816 2338 fossatum
843 2302 975 2338 Berardi
992 2304 1079 2338 Ana--

336 2352 434 2397 gniniz
457 2364 472 2386 a
495 2361 605 2399 quarto
627 2353 722 2388 latere
747 2365 802 2400 per
825 2353 908 2388 idem
930 2352 1080 2388 fossatum

337 2413 436 2448 usque
463 2402 500 2436 ad
525 2402 606 2437 viam
636 2402 782 2437 Cavonis.
811 2402 970 2438 Inferioris
1009 2415 1080 2438 vero

336 2450 541 2486 Camellariae
565 2452 755 2499 parochiam,
783 2462 812 2486 et
848 2452 991 2487 eiusdem
1025 2452 1079 2487 Ca·

336 2500 494 2535 mellariae
522 2502 769 2550 proprietatem,
797 2503 835 2535 ita
874 2502 959 2549 quod
995 2502 1079 2537 nulla

337 2550 446 2584 iniuria
469 2549 618 2586 inferatur
640 2550 865 2586 habitatoribus
903 2551 1001 2598 ipsius
1023 2550 1078 2586 Ca·

337 2598 505 2633 mellariae.
553 2601 603 2634 Ab
639 2600 867 2636 habitatoribus
907 2601 1079 2648 superioris

335 2647 554 2690 Camellariae,
578 2650 701 2684 hortum
725 2660 851 2697 quoque
867 2648 973 2684 Sancti
1002 2650 1078 2684 Lau-

932 266 1120 290 BULLARIUM
1140 267 1305 290 ROMANUM

1139 322 1247 365 rentii,
1273 323 1337 356 sive
1364 333 1456 369 supra
1479 326 1630 357 Sanctum
1665 321 1885 362 Laurentium,

1139 380 1266 415 terram,
1287 382 1367 418 quae
1393 371 1553 419 quondam
1591 371 1647 406 fuit
1675 370 1835 406 Olivetum
1869 384 1886 407 a

1138 420 1220 456 Cava
1241 432 1343 468 usque
1365 420 1403 456 ad
1425 420 1629 456 Salvatorem.
1647 420 1775 456 Terram
1792 433 1886 468 supra

1137 470 1299 505 Olivetum
1340 482 1438 518 usque
1477 471 1514 506 ad
1563 470 1772 511 Balneariam‚
1820 471 1886 505 sive

1138 519 1280 555 Vascam.
1304 520 1438 555 Hortum
1461 520 1567 556 Sancti
1591 520 1706 567 Sergii,
1727 521 1792 555 sive
1815 530 1884 568 post

1137 569 1288 605 Sanctum
1334 570 1481 617 Sergium
1498 598 1506 610 ,
1552 578 1582 604 et
1631 570 1756 605 hortum
1804 570 1886 605 inter

1136 619 1301 655 columnas
1329 632 1429 667 usque
1455 620 1494 655 ad
1516 619 1699 660 Abscidam,
1725 628 1755 655 et
1782 632 1883 667 usque

1135 669 1173 704 ad
1196 669 1372 704 custodiam
1395 669 1625 704 Mamortinam:
1653 680 1748 716 super
1767 669 1884 716 quibus

1135 719 1216 754 inter
1238 731 1305 764 vos,
1327 727 1358 754 et
1385 719 1557 754 Ecclesiam
1595 718 1728 754 Sanctae
1767 718 1882 754 Mariae

1135 767 1174 803 de
1196 768 1353 816 Capitolio
1379 769 1522 815 quaestio
1543 768 1664 804 diutius
1688 768 1788 803 fuerat
1821 769 1883 815 agi-

1135 826 1207 859 tata,
1235 827 1264 853 et
1291 832 1328 853 ex
1351 818 1546 864 delegatione
1574 817 1671 852 felicis
1710 818 1882 853 memoriae

1133 866 1304 903 Coelestini
1348 868 1452 915 Papae
1491 867 1747 915 praedecessoris
1782 868 1880 902 nostri

1134 929 1191 964 per
1215 917 1347 952 dilectos
1375 917 1456 952 filios
1476 917 1499 951 Ι.
1529 918 1574 951 tit.
1598 916 1704 952 Sancti
1725 916 1880 964 Stephani

1133 967 1164 1001 in
1187 966 1297 1001 Coelio
1323 967 1442 1012 Monte,
1469 976 1501 1001 et
1534 966 1615 1002 Sofr.
1656 967 1701 1001 tit.
1745 966 1880 1001 Sanctae

1132 1015 1285 1051 Praxedis
1326 1016 1527 1064 presbyteros
1561 1016 1738 1052 cardinales
1771 1015 1880 1051 amica-

1133 1065 1185 1099 bili
1209 1066 1438 1113 compositione
1457 1067 1570 1113 sopita,
1593 1067 1675 1100 sicut
1706 1067 1736 1100 in
1761 1065 1880 1112 scripto

1132 1115 1317 1150 eorumdem
1352 1115 1561 1151 cardinalium
1591 1115 1704 1150 exinde
1736 1115 1880 1150 confecto

1133 1165 1256 1213 plenius
1277 1167 1467 1210 continetur,
1491 1166 1589 1209 vobis,
1611 1173 1642 1200 et
1664 1177 1720 1212 per
1738 1176 1792 1200 vos
1823 1164 1879 1200 Ec-

1131 1215 1246 1250 clesiae
1269 1223 1389 1250 vestrae
1415 1216 1598 1250 auctoritate
1617 1213 1787 1261 apostolica
1809 1226 1879 1249 con-

1131 1265 1305 1300 firmamus.
1324 1264 1412 1300 Duas
1430 1265 1561 1313 insuper
1583 1264 1682 1312 petias
1715 1263 1878 1299 vinearum

1131 1314 1163 1349 in
1187 1314 1310 1350 Vivario
1333 1314 1411 1349 infra
1433 1327 1540 1350 muros
1573 1314 1677 1355 urbis,
1711 1322 1743 1348 et
1783 1325 1878 1348 unam

1130 1372 1216 1399 extra
1238 1371 1359 1411 portam
1379 1364 1485 1399 Sancti
1503 1364 1593 1399 Pauli
1618 1365 1648 1398 in
1675 1363 1877 1404 Castannola‚

1130 1423 1161 1449 et
1202 1414 1296 1449 aliam
1331 1415 1445 1460 petiam
1478 1413 1553 1449 foris
1580 1413 1706 1448 Portam
1733 1412 1877 1447 Latinam

1129 1476 1201 1498 cum
1224 1463 1352 1511 cryptis,
1380 1463 1599 1503 torcularibus,
1622 1470 1652 1497 et
1674 1463 1742 1497 aliis
1767 1474 1876 1497 earum

1130 1513 1326 1559 pertinentiis
1350 1513 1437 1547 vobis
1471 1513 1679 1547 nihilominus
1713 1511 1878 1547 confirma·

1129 1575 1210 1597 mus.
1234 1562 1444 1597 Decernimus
1465 1574 1540 1608 ergo
1577 1570 1643 1607 etc,
1677 1561 1759 1597 salva
1783 1560 1876 1596 Sedis

1128 1612 1328 1658 Apostolicae
1347 1612 1539 1647 auctoritate.
1569 1611 1600 1646 Si
1620 1623 1681 1659 qua
1709 1611 1803 1657 igitur
1819 1618 1872 1645 etc.

1178 1661 1246 1696 Dat.
1278 1661 1422 1697 Laterani
1461 1673 1517 1708 per
1558 1674 1686 1696 manum
1727 1660 1873 1696 Rainaldi

1127 1711 1338 1746 Acheruntini
1395 1711 1640 1758 archiepiscopi,
1692 1709 1872 1745 cancellarii

1127 1761 1226 1795 vicem
1253 1762 1386 1807 agentis,
1419 1769 1508 1796 sexto
1544 1772 1644 1796 nonas
1679 1759 1759 1800 iulii,
1796 1759 1872 1794 indi-

1126 1811 1230 1845 ctione
1259 1811 1409 1854 secunda,
1438 1810 1660 1846 incarnationis
1697 1809 1874 1844 dominicae

1125 1872 1209 1895 anno
1231 1873 1378 1901 mcxctx,
1411 1860 1610 1908 pontificatus
1645 1871 1718 1894 vero
1751 1858 1872 1893 domini

1126 1909 1299 1945 innocentii
1322 1910 1425 1957 Papae
1451 1909 1494 1944 ΙΙΙ
1519 1921 1602 1945 anno
1628 1908 1781 1944 secundo.

1165 1967 1265 1997 Datum
1290 1968 1336 1997 die
1354 1967 1371 1996 2
1392 1967 1456 1997 iulii
1476 1968 1560 2005 1199,
1584 1966 1684 2007 pontis.
1709 1975 1783 1996 anno
1801 1975 1831 1996 1¹.

1435 2082 1550 2117 xxtll.

1126 2157 1365 2202 Compostellano
1392 2158 1613 2202 archiepiscopo
1660 2155 1870 2189 Uliaebonensis

1172 2214 1196 2239 et
1213 2207 1239 2238 E
1241 2208 1384 2240 lborensis
1397 2208 1586 2251 episcopatus
1597 2205 1798 2238 subii'ciuntur
1812 2205 1838 2246 (fl
1848 2209 1867 2246 ).

1389 2275 1602 2305 sulimatum!

1123 2340 1220 2369 Status
1254 2339 1470 2369 controversiae
1506 2340 1581 2369 inter
1613 2336 1866 2375 archiepiscopum

1160 2383 1426 2423 Compostellanuin
1439 2389 1467 2414 et
1478 2385 1632 2423 episcopos
1640 2380 1866 2411 Ulixbonensem

1160 2433 1187 2458 et
1205 2428 1404 2459 Elborensem.
1423 2446 1461 2450 —
1481 2428 1543 2464 Quo
1563 2428 1626 2456 iure
1645 2426 1699 2455 hae
1717 2423 1866 2454 Ecclesiae

1159 2473 1383 2513 archiepiscopo
1401 2471 1636 2511 Compostellano
1655 2469 1814 2499 subiectae.
1829 2484 1866 2490 -

1160 2516 1223 2547 lura
1246 2518 1459 2557 archiepiscopi
1490 2516 1604 2546 violata.
1630 2531 1667 2536 --
1694 2514 1737 2544 Ab
1769 2514 1865 2543 archi-

1159 2563 1297 2602 episcopo
1320 2564 1484 2603 propositae
1505 2560 1644 2591 rationes.
1674 2576 1712 2581 —
1729 2559 1864 2598 Archiep.

1158 2605 1346 2637 Bracarensis
1383 2612 1536 2637 momenta.
1569 2623 1606 2627 -
1639 2603 1863 2643 Couipostellani

1154 2664 1191 2697 (l)
1210 2664 1246 2690 Ex
1266 2665 1363 2695 Bahrz„
1382 2665 1464 2700 Epist.
1486 2665 1529 2691 59.

1902 269 1950 295 An.
1968 268 1995 296 C.
2016 269 2083 297 1199

1903 1577 2013 1600 clausulae
2024 1583 2075 1600 con·

1890 1612 1971 1630 suetae.

2122 2854 2127 2950 —ffl-,
2120 2734 2129 2825 -ψ
2122 2690 2127 2697 ;
2122 2661 2129 2668 a
