2129 3223
163 293 212 320 An.
228 292 256 320 C.
275 293 344 321 1199

187 522 308 545 {homanum

410 283 478 317 158

357 351 528 381 Innocentius
547 349 689 385 episcopus
708 355 802 378 servus
815 355 954 377 servorum
972 347 1027 381 Dei,
1045 347 1103 375 uni·

401 407 479 429 verso
498 399 570 429 clero
589 400 618 429 et
635 399 733 435 populo
756 397 933 427 Cremonensi.

406 463 487 505 Quia
515 462 613 510 pietas
643 461 885 510 promissionem
908 461 1002 497 habet
1023 461 1103 496 vitae

356 529 435 565 quae
458 530 542 552 nunc
569 525 616 552 est
641 524 671 552 et
692 516 832 558 futurae,
859 516 960 551 iustus
985 524 1015 550 et
1037 515 1103 549 mi-

355 572 489 606 sericors
511 570 667 606 Dominus
689 570 798 606 fideles
813 582 899 614 suOS,
922 581 1001 617 quos
1018 581 1104 617 prae-

355 625 522 660 destinavit
554 625 594 660 ad
626 625 742 670 vitam,
776 624 956 671 frequenter
982 624 1012 658 in
1044 622 1102 658 hac

354 679 415 714 vita
436 679 605 726 glorificat,
633 687 664 714 et
685 691 811 726 semper
832 679 861 712 in
886 678 988 713 futura
1010 690 1103 713 coro-

354 743 424 772 uat,·
451 733 567 781 quibus
592 741 623 769 et
644 746 700 781 per
727 733 916 781 Prophetam
937 732 1099 780 promittit:

354 785 443 822 Dabo
465 800 520 823 vos
542 788 573 822 in
593 788 729 829 laudem,
752 787 882 834 gloriam
898 794 928 822 et
950 786 1100 822 honorem

354 840 386 875 in
408 842 531 876 cunctis
559 842 700 889 populis,
727 849 756 876 et
784 853 838 888 per
864 852 897 875 se
915 840 1099 888 pollicetur:

352 893 533 942 Fulgebunt
556 896 627 930 iusti
650 896 730 930 sicut.
757 895 803 930 sol
826 895 856 929 in
885 906 981 941 regno
1005 895 1101 941 patris

352 961 472 984 eorum.
500 949 650 985 Mirabilis
677 949 761 984 enim
792 949 823 983 in
846 960 879 983 se
902 948 969 995 ipso
991 947 1101 983 Domi-

352 1014 425 1043 nus,
443 1003 596 1038 mirabilis
615 1004 645 1037 in
665 1003 793 1041 sanctis,
816 1001 971 1037 mirabilis
986 1002 1016 1036 iu
1031 1014 1101 1037 om-

352 1056 447 1092 nibus
474 1058 625 1105 operibus
645 1058 722 1097 suis,
756 1069 863 1092 verum
897 1055 988 1091 nobis
1010 1057 1101 1091 exhi-

352 1110 405 1145 bet
427 1123 503 1147 suae
533 1112 656 1147 virtutis
679 1111 851 1150 indicium,
877 1119 906 1145 et
929 1110 1101 1157 frigescen-

351 1172 414 1214 tem
438 1166 500 1201 iam
522 1166 552 1200 in
582 1165 723 1214 pluribus
749 1164 887 1201 caritatis
914 1164 1099 1211 igniculum,

351 1219 542 1256 mirabilium
570 1233 700 1256 suorum
729 1219 828 1266 signis
859 1218 1015 1259 accendit,
1048 1231 1100 1254 as-

352 1274 487 1322 sumptis
505 1275 536 1309 in
557 1274 687 1321 gloriam
710 1286 798 1309 suam
823 1274 876 1320 qui
905 1282 1101 1308 certaverunt

351 1327 492 1376 legitime
529 1330 561 1364 in
593 1329 653 1365 lioc
686 1328 825 1373 mundo,
859 1327 899 1363 ad
932 1328 1100 1363 memorias

351 1394 461 1418 eorum
487 1382 616 1418 innovat
642 1382 748 1430 signa,
780 1390 811 1416 et
836 1380 990 1416 mirabilia
1018 1381 1099 1416 iuxta

355 1434 544 1484 Prophetam
579 1436 725 1471 immutat
747 1439 801 1480 (1):
830 1443 864 1470 ut
892 1434 945 1482 qui
974 1443 1100 1470 sanctus

352 1499 399 1525 est
417 1491 499 1539 apud
524 1491 627 1539 ipsum
645 1518 652 1533 ,
675 1497 803 1525 sanctus
824 1489 915 1525 etiam
938 1488 977 1523 ab
999 1488 1101 1523 homi-

352 1543 446 1580 nibus
480 1544 648 1587 habeatur,
683 1553 714 1580 et
748 1544 779 1579 in
816 1543 877 1579 hoc
917 1543 1099 1591 praesertim

352 1597 581 1635 haereticorum
636 1598 848 1634 confundatur
895 1597 1100 1644 perversitas,

352 1665 423 1688 cum
460 1653 499 1689 ad
533 1653 759 1689 catholicorum
794 1652 933 1687 tumulos
968 1651 1102 1686 viderint

352 1707 496 1755 prodigia
519 1708 682 1756 pullulare.
706 1707 795 1743 Licet
818 1715 921 1742 autem
953 1707 1035 1741 iuxta
1055 1714 1103 1741 te—

352 1762 539 1797 stimonium
562 1762 714 1802 veritatis,
737 1761 803 1796 sola
831 1760 933 1796 finalis
957 1772 1102 1808 perseve-

353 1816 453 1851 rantia
477 1817 620 1863 exigatur
643 1816 681 1852 ad
704 1815 899 1850 sanctitatem
927 1814 1049 1849 animae
1070 1815 1101 1849 in

352 1869 495 1905 Ecclesia
520 1870 745 1917 triumphanti,
779 1869 928 1916 quoniam
951 1869 1004 1915 qui
1030 1881 1102 1915 per-

352 1924 542 1959 severaverit
568 1936 668 1971 usque
701 1923 739 1958 ad
773 1923 885 1967 finem,
913 1922 963 1957 hic
998 1922 1104 1958 salvus

353 1977 428 2019 erit,
454 1978 516 2013 duo
535 1985 652 2022 tamen,
679 1977 777 2011 virtus
799 1976 943 2011 videlicet
968 1988 1102 2017 morum,

354 2039 384 2066 et
406 2031 505 2067 virtus
519 2032 695 2079 signorum,
723 2043 817 2078 opera
839 2030 959 2065 scilicet
981 2030 1104 2077 pietatis

354 2086 387 2121 in
409 2086 482 2131 vita,
514 2093 544 2121 et
566 2085 791 2121 miraculorum
821 2084 911 2131 signa
933 2092 1001 2131 post
1025 2096 1105 2119 mor-

355 2149 431 2185 tem,
466 2149 498 2175 ut
519 2140 591 2188 quis
615 2148 777 2188 reputetur
803 2146 944 2180 sanctus,
972 2139 1003 2173 in
1028 2138 1103 2173 mili·

356 2196 431 2231 lanti
452 2194 596 2231 Ecclesia
615 2195 829 2242 requiruntur.
854 2193 933 2228 Nam
951 2193 1024 2240 quia
1044 2192 1105 2228 fre-

356 2257 489 2298 quenter
521 2249 649 2296 angelus
668 2248 801 2284 Satanae
823 2259 856 2283 se
878 2248 908 2282 in
930 2247 1025 2282 Lucis
1053 2259 1105 2282 an-

356 2303 460 2360 gelum
500 2303 721 2351 transfigurat,
759 2310 791 2338 et
824 2301 952 2350 quidam
988 2301 1106 2336 faciunt

357 2370 452 2406 opera
474 2370 530 2394 sua
556 2358 656 2400 bona,
691 2367 723 2393 ut
750 2357 914 2392 videantur
940 2355 979 2391 ab
1007 2355 1107 2390 homi-

359 2411 464 2451 nibus,
487 2411 614 2460 quidam
636 2411 728 2447 etiam
748 2417 913 2446 coruscant
936 2408 1106 2452 miraculis,

359 2478 493 2513 quorum
530 2474 635 2501 tamen
675 2466 733 2500 vita
773 2464 884 2500 merito
923 2462 1107 2510 reprobatur

361 2520 458 2562 (sicut
492 2519 531 2556 de
556 2519 657 2567 Magis
696 2518 808 2565 legitur
835 2516 1045 2559 Pharaonis),
1077 2523 1108 2550 et

361 2573 454 2608 etiam
484 2574 702 2616 antichristus,
735 2571 789 2620 qui
814 2570 931 2606 electos
953 2570 1059 2615 etiam,
1082 2569 1106 2604 si

363 2627 429 2662 fieri
458 2635 569 2674 potest,
592 2626 719 2662 inducet
736 2623 896 2660 miraculis
918 2623 982 2658 suis
1007 2623 1039 2658 in
1064 2635 1107 2659 er·

396 2689 435 2725 (t)
456 2687 488 2721 11,
506 2688 573 2716 Tim.

941 289 1075 312 nunant
1082 289 1125 311 ΕΜ
1150 287 1309 311 ΠΟΜΑΝΠΜ

1144 354 1258 386 rorem,
1285 341 1323 376 ad
1355 340 1385 375 id
1421 352 1478 376 nec
1513 351 1606 387 opera
1638 338 1797 374 sufficiunt
1824 336 1889 372 sola

1144 407 1200 430 nec
1227 396 1334 442 signa,
1364 393 1418 429 sed
1446 405 1517 429 cum
1544 393 1605 428 illis
1628 390 1888 441 praecedentibus

1143 449 1198 484 ista
1236 448 1426 490 succedunt,
1466 460 1571 483 rerum
1613 447 1703 482 nobis
1739 445 1888 494 praebent

1144 503 1295 539 indicium
1332 503 1520 544 sanctitatis;
1555 514 1612 537 nec
1640 501 1799 536 immerito
1829 513 1888 535 nos

1143 556 1179 592 ad
1212 557 1311 605 ipsius
1346 557 1577 592 venerationem
1613 555 1767 591 inducunt
1791 567 1885 602 quem

1142 610 1300 647 Dominus
1328 624 1403 647 suus
1434 611 1572 646 ostendit
1599 610 1757 645 miraculis
1792 622 1887 645 vene-

1143 664 1285 701 randum.
1307 665 1393 701 Haec
1414 673 1517 700 autem
1541 665 1603 700 duo
1618 677 1655 700 ex
1670 664 1773 699 verbis
1786 663 1887 699 Evan-

1140 719 1267 765 gelistae
1295 721 1418 767 plenius
1445 719 1647 766 colliguntur,
1668 719 1721 753 uhi
1745 718 1783 753 de
1798 718 1886 765 Apo-

1140 773 1227 808 stolis
1262 774 1395 822 loquens
1432 774 1488 809 ait:
1533 773 1580 807 Illi
1615 781 1717 808 autem
1754 771 1884 819 profecti

1142 827 1504 875 praedicabantubique,
1527 827 1664 862 Domino
1685 835 1886 875 cooperante,

1141 888 1171 915 et
1191 893 1369 918 sermonem
1389 882 1606 926 confirmante,
1623 881 1828 929 sequentibus
1848 881 1886 917 si-

1140 935 1210 981 guis
1232 939 1287 979 (1).
1312 937 1345 971 ln
1368 949 1406 972 eo
1432 949 1568 984 namque
1594 936 1678 983 quod
1701 937 1744 971 ait
1769 947 1886 984 coope-

1140 997 1239 1035 rante,
1266 1002 1321 1025 eos
1342 998 1487 1039 operatos
1505 1003 1574 1026 esse
1596 991 1833 1031 demonstrans,
1855 1000 1886 1026 et

1140 1043 1169 1077 in
1197 1055 1234 1078 eo
1269 1045 1351 1092 quod
1379 1046 1522 1093 sequitur
1548 1045 1754 1093 sequentibus
1775 1045 1885 1092 signis,

1140 1108 1194 1132 eos
1220 1110 1382 1145 exponens
1403 1100 1499 1135 immo
1521 1099 1694 1134 Dominum
1718 1100 1748 1134 in
1771 1100 1817 1135 eis
1831 1101 1887 1135 mi-

1141 1152 1254 1188 raculis
1293 1153 1456 1190 claruisse.
1492 1154 1560 1190 Hoc
1597 1155 1692 1190 etiam
1729 1153 1886 1190 Dominus

1140 1218 1238 1254 usque
1265 1208 1360 1243 hodie
1393 1217 1541 1256 operatur
1568 1209 1599 1243 in
1626 1209 1756 1254 sanctis,
1781 1217 1812 1244 et
1833 1222 1886 1256 po-

1141 1261 1266 1296 tentiam
1296 1274 1385 1297 suam
1407 1263 1504 1309 signis
1526 1263 1725 1299 evidentibus
1747 1264 1885 1300 manife-

1140 1324 1210 1354 stat,
1240 1316 1314 1351 dum
1337 1317 1478 1352 vivorum
1505 1326 1591 1353 curat
1613 1317 1826 1364 aegritudines
1846 1320 1885 1355 ad

1140 1371 1323 1405 memoriam
1347 1379 1559 1414 mortuorum,
1580 1379 1611 1406 et
1632 1383 1685 1406 eos
1707 1371 1779 1420 plus
1793 1385 1886 1420 posse

1141 1433 1212 1472 post
1239 1434 1383 1467 mortem,
1409 1434 1440 1461 et
1462 1426 1585 1462 felicius
1606 1426 1710 1462 vivere
1733 1435 1885 1473 mortuos,

1139 1479 1192 1526 qui
1216 1478 1246 1513 in
1269 1479 1406 1515 Domino
1427 1481 1616 1520 moriuntur,
1645 1492 1738 1528 quam
1766 1482 1820 1529 qui
1839 1482 1887 1517 vi-

1141 1534 1260 1568 vuntin
1284 1533 1403 1569 mundo
1425 1533 1629 1569 demonstrat.
1657 1533 1742 1570 Sane
1756 1535 1887 1571 veniens

1140 1587 1177 1623 ad
1206 1588 1414 1635 praesentiam
1449 1596 1587 1623 nostram
1615 1588 1804 1624 venerabilis
1825 1588 1888 1624 fra-

1141 1650 1187 1677 ter
1208 1651 1314 1677 noster
1346 1643 1517 1690 episcopus
1545 1650 1658 1687 vester,
1685 1642 1792 1678 multis
1814 1643 1888 1679 viris

1141 1695 1296 1743 religiosis
1314 1704 1345 1731 et
1370 1696 1422 1731 alii
1445 1696 1586 1731 honestis
1608 1697 1752 1744 personis
1773 1697 1812 1733 de
1832 1710 1888 1733 sua

1142 1750 1277 1785 dioecesi
1305 1751 1489 1794 comitatus,
1526 1749 1689 1785 cuiusdam
1725 1750 1805 1787 beati
1833 1751 1888 1787 viri

1142 1812 1172 1839 et
1205 1816 1238 1839 re
1273 1813 1304 1840 et
1340 1805 1466 1839 nomine
1500 1803 1702 1846 Hotnoboni,
1731 1805 1823 1840 vitam
1858 1814 1888 1841 et

1142 1866 1229 1893 actus
1255 1871 1379 1894 necnon
1411 1867 1441 1893 et
1472 1858 1601 1893 modum
1623 1859 1774 1894 transitus
1799 1860 1888 1901 eius,

1143 1912 1304 1948 humiliter
1338 1913 1430 1947 nobis
1469 1913 1607 1960 aperuit3
1643 1913 1674 1947 in
1709 1912 1825 1960 quibus
1858 1922 1889 1948 et

1143 1976 1268 2002 sanctae
1299 1967 1398 2013 ipsius
1418 1967 1653 2013 degustavimus
1674 1969 1890 2003 conversatio-

1144 2020 1192 2055 nis
1204 2020 1346 2065 odorem,
1365 2020 1534 2068 Deumque
1547 2021 1721 2056 mirabilem
1736 2029 1767 2056 et
1785 2022 1889 2057 omnia

1144 2086 1237 2121 opera
1260 2075 1330 2109 eius
1354 2075 1383 2108 in
1407 2074 1467 2109 fide
1490 2075 1698 2122 cognovimus
1718 2084 1749 2111 et
1770 2076 1890 2122 praedi-

1144 2129 1285 2164 cavimus
1318 2129 1464 2176 gloriosa.
1498 2129 1584 2164 Idem
1618 2130 1733 2165 etenim
1762 2138 1890 2166 sauctus

1145 2191 1291 2230 tanquam
1314 2183 1446 2230 lignum,
1468 2184 1551 2230 quod
1576 2182 1745 2231 plantatum
1770 2192 1816 2219 est
1837 2197 1889 2219 se-

1145 2248 1202 2272 cus
1236 2236 1388 2272 decursus
1426 2249 1598 2284 aquarum,
1634 2236 1717 2284 quod
1752 2236 1889 2272 fructum

1145 2303 1235 2326 suum
1258 2292 1309 2325 dat
1332 2291 1361 2325 in
1386 2299 1527 2338 tempore
1553 2303 1627 2333 suo,
1659 2298 1751 2338 prout
1771 2303 1889 2328 eorun-

1145 2345 1219 2396 dem·
1245 2344 1337 2380 nobis
1362 2346 1494 2381 assertio
1516 2345 1595 2381 facta
1623 2353 1682 2380 tam
1709 2344 1772 2380 viva
1795 2357 1888 2388 voce,

1145 2400 1238 2447 quam
1261 2396 1392 2434 aliorum
1413 2400 1549 2447 plurium
1573 2399 1774 2434 honestorum
1791 2398 1889 2434 literis

1147 2452 1300 2500 patefecit,
1327 2453 1404 2488 adeo
1435 2454 1465 2488 in
1493 2453 1561 2500 lege
1586 2451 1730 2496 Domini,
1757 2453 1889 2488 medita-

1146 2506 1260 2541 bantur
1292 2507 1342 2542 die
1375 2520 1411 2542 ac
1445 2515 1554 2552 nocte,
1582 2515 1614 2541 ut
1647 2506 1673 2539 ei
1695 2507 1833 2542 serviens
1857 2507 1888 2541 in

1147 2562 1257 2596 timore
1289 2570 1319 2596 et
1351 2561 1526 2597 secundum
1561 2560 1748 2608 Prophetam
1787 2560 1890 2596 media

1147 2623 1237 2651 nocte
1257 2628 1392 2663 surgens
1413 2616 1450 2652 ad
1480 2615 1694 2652 confitendum
1719 2614 1760 2661 ei,
1786 2623 1890 2651 matu-

1181 2681 1221 2717 (1)
1237 2681 1318 2709 Marc.
1337 2689 1396 2714 xvi,
1413 2681 1456 2710 20.

1904 280 1952 306 An.
1975 278 2002 306 C⁴
2019 278 2087 306 ¹1⁹9

1917 1817 1938 1838 Β.
1966 1815 2083 1838 flomotmnt

1901 1849 1998 1870 virtutos.
