2129 3223
378 260 447 292 784

326 324 386 359 loci
416 321 613 370 praediorum
644 320 813 367 pertinent,
834 318 958 358 habeat,
980 331 1073 365 quam

326 385 383 419 per
409 384 442 406 se
476 380 506 406 et
539 370 629 408 alios,
663 381 743 416 quos
776 369 811 402 ad
840 368 917 403 baec
943 367 1074 403 idoneos

327 421 460 464 noverit,
482 429 512 455 et
535 419 585 454 illa
608 418 837 456 tantummodo,
859 429 939 464 quae
965 417 1002 452 ad
1026 417 1073 451 so-

326 483 393 504 rum
414 468 637 517 poenitentiale
661 468 830 514 pertinent,
854 474 1014 506 exerceat;
1034 467 1074 500 vi-

325 519 437 554 delicet
471 517 688 553 confessiones
721 515 882 551 audiendo
902 523 931 550 et
960 516 1073 561 poeni-

325 568 436 602 tentias
463 566 675 613 iniungendo:
699 566 736 600 ad
760 577 808 609 ca,
835 577 915 612 quae
938 564 1072 598 iudicia-

325 617 386 652 lem
411 616 602 663 indaginem,
629 615 878 650 iurisdictionem
909 625 964 648 seu
1000 625 1071 647 cor-

325 665 495 701 rectionem
518 666 594 700 alias
612 665 754 710 exigunt,
777 671 962 710 potestatem
982 675 1070 697 suam

324 715 456 750 minime
477 722 675 749 extensurus.
698 713 877 760 Episcopus
895 724 970 746 vero
997 711 1072 746 Ani-

324 764 440 799 ciensis
469 764 567 811 ipsius
594 763 704 798 decani
735 774 841 797 curam
874 769 957 795 iuxta
987 761 1071 796 hunc

325 813 468 858 modum,
502 813 556 860 qui
592 812 694 847 eidem
718 811 836 846 decano
870 810 952 845 circa
980 822 1071 856 prae-

323 862 426 897 dictos
449 862 592 901 traditur,
620 872 730 907 gerere
752 859 846 895 debet
880 868 909 894 et
943 859 1070 894 babere.

322 911 471 958 Magister
492 923 564 946 vero
587 909 751 956 hospitalis
782 921 956 956 pauperum
982 920 1071 955 prae-

322 960 492 1004 dictorum,
514 960 568 1007 qui
600 971 686 994 nunc
719 966 766 993 est
789 966 818 992 et
850 969 907 1005 pro
929 964 1071 1003 tempore

323 1010 427 1053 fuerit,
456 1021 564 1044 curam
589 1009 729 1055 ipsorum
754 1018 927 1054 pauperum
955 1018 990 1040 ac
1013 1006 1071 1040 do-

322 1068 466 1093 natorum
502 1058 666 1104 hospitalis
701 1056 841 1091 eiusdem
877 1064 907 1090 et
936 1055 1069 1089 aliorum

321 1107 452 1147 habeat,
492 1119 586 1154 quam
629 1119 644 1140 a
687 1106 807 1141 decano
856 1104 1069 1151 recipiendam

323 1156 495 1204 praedicto,
530 1168 585 1202 per
619 1167 652 1189 se
685 1163 715 1189 et
742 1154 819 1189 alios
854 1154 996 1192 idoncos,
1032 1153 1071 1187 de

323 1205 439 1253 quibus
460 1205 636 1241 secundum
653 1203 756 1239 Deum
776 1203 888 1238 viderit
909 1202 1071 1250 expedire,

324 1255 423 1290 valcat
445 1267 602 1290 exercere.

374 1308 431 1338 62.
458 1303 626 1338 Caeterum
659 1302 729 1349 quia
767 1313 874 1347 parum
907 1300 1071 1347 prodesset

123 1351 230 1402 m'ssffffi·
247 1353 470 1403 Jlfffistatuisse
492 1353 681 1399 praemissa,
714 1351 773 1385 nisi
800 1350 966 1385 conatibus
986 1362 1072 1384 con—

122 1413 187 1434 cffle
204 1413 240 1448 ue.
263 1417 309 1434 su-
325 1402 426 1436 trariis
447 1401 714 1448 praesumentium
741 1400 900 1440 obvietur,
936 1398 1070 1434 ordina-

123 1444 259 1494 ss‘ssffissfm‘
273 1444 309 1464 ⁰¹³⁴
322 1462 394 1485 mus
412 1459 442 1485 et
454 1449 610 1494 volumus,
629 1449 712 1496 quod
730 1449 877 1495 magister
891 1448 1069 1483 scholarum

322 1499 476 1545 praefatus
502 1507 533 1534 et
555 1499 690 1533 dilectus
717 1498 799 1532 lilius
830 1496 926 1532 abbas
958 1509 1071 1531 mona-

321 1549 405 1583 sterii
421 1548 521 1584 Casae
543 1548 602 1582 Dei
625 1547 745 1582 ordinis
766 1546 872 1581 Sancti
904 1545 1067 1581 Benedicti

320 1597 590 1632 Claromontensis
611 1597 784 1639 dioecesis,
816 1595 871 1642 qui
900 1607 957 1642 pro
987 1602 1070 1629 tem-

321 1659 396 1693 pore
418 1646 543 1687 suerint,
571 1645 618 1681 vel
641 1645 717 1680 alter
739 1657 868 1688 eorum,
895 1657 950 1691 per
965 1656 999 1678 se
1023 1644 1068 1678 vel

320 1696 414 1734 alios.
449 1707 507 1730 seu
545 1695 641 1730 alium
678 1693 817 1740 requisiti
858 1706 954 1740 super
991 1693 1068 1732 boc,

320 1745 442 1792 possint
464 1752 494 1779 et
516 1744 653 1779 debeant
674 1743 710 1778 ad
736 1743 890 1790 praedicta
914 1742 1018 1777 omnia
1041 1750 1070 1777 et

320 1793 442 1840 singula
459 1793 678 1828 inviolabiliter
699 1792 895 1827 observanda
924 1803 979 1838 per
999 1803 1072 1825 cen-

321 1855 425 1877 suram
464 1842 707 1877 ecolesiasticam
753 1850 782 1876 et
824 1853 942 1888 poenas
976 1841 1069 1875 etiam

320 1891 396 1926 alias
418 1891 596 1927 moderatas
617 1890 801 1926 auctoritate
824 1899 927 1925 nostra
951 1899 1072 1924 contra-

321 1941 457 1975 dictores
492 1952 604 1986 cogere
647 1939 806 1986 quoslibet
845 1951 880 1973 ac
919 1939 1070 1981 rebelles,

321 1990 404 2036 quod
443 1988 578 2024 fideliter
616 1988 838 2035 exequendum
879 1988 996 2022 eisdem
1040 1988 1069 2022 in

323 2039 435 2073 virtute
457 2038 653 2073 obedientiae
681 2037 878 2083 iniungimus
907 2045 936 2070 et
965 2037 1070 2071 ‹listri-

321 2096 370 2122 cte
393 2088 604 2134 praecipimus
625 2095 655 2121 et
682 2086 879 2120 mandamus.

372 2139 430 2171 63.
461 2136 652 2171 Ordinamus
681 2136 821 2182 insuper,
858 2134 941 2181 quod
969 2146 1071 2181 quau-

126 2188 191 2238 'iffi’
205 2185 504 2238 ¹22¹ii1iissd⁰⁰u¹¹¹q⁰⁰
532 2185 561 2219 in
586 2194 748 2232 posterum
779 2184 885 2218 sedem
908 2184 1072 2229 contigerit

152 2250 287 2275 episcopatu·
323 2235 525 2268 Anicienscm
542 2246 663 2278 vacare,
685 2233 802 2268 dictum
830 2234 998 2267 Aniciense
1020 2245 1072 2266 ca-

125 2278 460 2330 fss'fflss'mmmss‘pitulum
483 2283 562 2318 duos
596 2283 642 2318 vel
678 2291 742 2317 tres
774 2283 812 2316 de
844 2283 913 2328 ipso
940 2281 1072 2327 collegio

327 2333 407 2366 viros
434 2332 565 2367 idoneos
585 2340 616 2367 et
638 2332 723 2367 omni
751 2332 932 2378 suspicione
961 2342 1072 2365 caren-

326 2390 370 2416 tcs
396 2383 465 2416 sine
480 2393 584 2416 morae
604 2380 770 2428 dispendio
785 2392 945 2415 assumere
959 2387 1074 2414 tenea—

325 2438 390 2473 tur,
424 2431 540 2477 quibus
574 2430 615 2465 ab
638 2430 706 2477 ipso
733 2443 805 2464 cura
833 2428 1072 2464 administrandi

326 2478 406 2514 bona
429 2479 575 2514 universa
603 2480 805 2526 episcopatus
827 2479 939 2525 ipsius,
961 2490 1074 2524 quam-

325 2526 378 2562 diu
413 2529 576 2567 vacaverit,
620 2528 852 2563 committatur:
896 2528 935 2561 ita
970 2535 1073 2561 tamen

325 2576 410 2621 quod
441 2576 497 2621 illi,
526 2578 579 2624 qui
607 2577 644 2611 ad
668 2589 749 2611 onus
776 2576 956 2611 huiusmodi
985 2588 1074 2610 assu-

326 2632 461 2662 mentur,
494 2626 561 2659 sinc
588 2626 738 2659 dilatione
764 2626 900 2672 qualibet
923 2625 962 2659 de
985 2624 1075 2659 bonis

131 269 180 296 An,
200 270 229 295 C.
245 271 310 296 ¹267

910 264 1097 287 nctssatttt'n
1124 263 1286 286 ROMANUM

1879 264 1929 292 An.
1948 263 1976 290 C.
1994 263 2045 293 ¹26

1115 317 1192 364 ipsis
1225 316 1396 352 mobilibus
1433 317 1640 352 inventarium
1677 316 1778 352 facere
1811 325 1864 352 te-

1115 374 1259 406 neantur,
1278 379 1313 402 ac
1331 366 1498 402 interdicto
1524 367 1571 402 eis
1600 365 1771 401 cuiuslibet
1785 365 1864 401 alie-

1114 417 1250 450 nationis
1275 427 1391 463 genere
1419 416 1457 451 de
1491 415 1707 451 conservando
1740 423 1770 450 et
1806 415 1863 450 de-

1113 465 1272 500 fendendo
1300 464 1431 500 fideliter
1452 465 1532 500 bona
1554 474 1583 500 et
1606 465 1671 500 iura
1694 465 1862 511 episcopa-

1112 523 1163 549 tus
1184 522 1214 549 et
1235 515 1329 549 etiam
1359 514 1398 550 de
1425 513 1561 549 tenendo
1592 525 1649 549 seu
1683 513 1861 549 exercendo

1113 564 1281 603 iustitiam,
1307 576 1361 610 per
1391 575 1424 598 se
1452 564 1497 598 vel
1527 575 1582 610 per
1613 562 1710 607 alios,
1737 575 1860 598 necnon

1111 612 1150 646 de
1170 613 1326 648 reddenda
1348 612 1630 648 administrationis
1655 624 1731 647 suae
1758 611 1861 647 futuro

1111 662 1259 709 episcopo
1287 662 1416 702 ratione,
1439 674 1511 696 cum
1535 661 1733 696 restitutione
1755 661 1861 696 bono-

1112 723 1197 751 rum,
1228 723 1307 758 quae
1334 711 1480 745 deductis
1508 710 1695 746 necessariis
1716 710 1862 757 expensis

1111 760 1147 794 ad
1172 772 1227 795 eos
1251 760 1464 807 pervenerint,
1500 759 1559 794 sub
1586 759 1778 805 obligatione
1803 758 1863 793 bo-

1112 821 1226 844 norum
1244 821 1375 844 suorum
1395 809 1577 856 promittant
1599 808 1701 843 eidem
1722 808 1861 855 capitulo

1112 858 1272 905 recipienti
1294 870 1350 904 pro
1372 858 1482 893 eodem
1511 857 1680 904 episcopo,
1715 857 1861 903 praestito

1111 919 1206 953 super
1226 907 1286 942 boc
1307 907 1344 942 ab
1362 907 1409 942 eis
1429 907 1466 942 ad
1493 914 1597 941 saneta
1616 906 1674 941 Dei
1692 905 1861 952 Evangelia

1111 956 1315 1003 corporaliter
1337 957 1528 991 iuramento:
1552 967 1649 1001 super
1667 955 1784 1002 quibus
1797 967 1862 989 om-

1111 1005 1206 1040 nibus
1236 1006 1348 1041 confici
1375 1005 1522 1040 volumus
1548 1004 1712 1051 publicum
1743 1004 1862 1039 instru-

1111 1062 1263 1089 mentum.
1291 1055 1394 1097 Quam
1416 1055 1509 1090 etiam
1533 1054 1695 1094 rationem,
1722 1053 1747 1088 si
1762 1053 1861 1099 ipsam

1110 1102 1227 1139 Sedem
1244 1104 1366 1139 diutius
1384 1115 1491 1139 vacare
1506 1103 1646 1144 forsitan,
1665 1101 1751 1150 quod
1767 1102 1860 1146 absit,

1111 1154 1286 1199 contigerit,
1309 1161 1474 1188 teneantur
1488 1153 1547 1199 ipsi
1564 1151 1702 1199 capitulo
1716 1151 1862 1196 reddere,

1111 1201 1151 1236 de
1172 1214 1227 1237 sex
1249 1203 1412 1237 mensibus
1435 1203 1464 1236 in
1488 1214 1542 1237 sex
1571 1213 1710 1237 menses.
1733 1200 1783 1235 Ad
1812 1212 1861 1235 su-

1111 1251 1309 1298 scipiendum
1351 1260 1455 1286 autem
1499 1250 1636 1286 officium
1677 1249 1860 1285 huiusmodi

1111 1312 1167 1347 per
1193 1300 1458 1335 substractionem
1500 1299 1745 1341 beneficiorum,
1781 1310 1862 1346 quae

1110 1349 1149 1384 ab
1181 1349 1246 1396 ipsa
1283 1349 1470 1384 obtinebunt
1505 1349 1665 1389 Ecclesia,
1701 1347 1800 1396 possit
1831 1355 1861 1383 et

1110 1398 1222 1433 debeat
1248 1398 1331 1433 idem
1360 1399 1532 1446 capitulum
1554 1397 1744 1446 compellere
1763 1408 1862 1444 qnos-

1110 1447 1187 1482 libet
1211 1447 1404 1483 refractores⁴

1159 1496 1323 1532 Praedicta
1348 1505 1452 1532 autem
1475 1497 1580 1532 omnia
1606 1496 1776 1531 statuimus
1801 1494 1860 1530 ob·
1887 1508 1992 1536 Ρεψεωι
2016 1509 2058 1530 im-

1109 1545 1260 1580 servanda
1297 1558 1357 1580 non
1384 1545 1582 1580 obstantibus
1607 1544 1766 1592 aliquibus
1791 1544 1859 1579 aliis
1872 1545 1917 1560 “¹¹¹¹
1932 1542 2058 1560 ⁵¹³⁸¹¹¹⁰⁸¹¹¹²

1892 1571 2040 1595 observantia,

1110 1594 1393 1630 consuetudinibus
1419 1594 1465 1629 vel
1487 1594 1611 1630 statutis
1635 1594 1775 1629 eiusdem
1801 1593 1860 1628 Ec·
1872 1600 1936 1622 nutus
1952 1601 2058 1622 obstanti<

1110 1642 1224 1677 clesiae
1253 1643 1404 1678 hactenus
1427 1643 1617 1683 observatis,
1646 1655 1701 1678 seu
1723 1642 1859 1690 quibus·
1873 1631 1918 1653 ¹¹⁰⁵*
1935 1635 1976 1652 ‘¹⁰‘

1110 1703 1246 1739 cumque
1289 1692 1459 1739 privilegiis
1495 1693 1540 1727 vel
1576 1691 1780 1738 indulgentiis
1820 1692 1860 1726 ab

1110 1741 1292 1787 Apostolica
1323 1741 1408 1777 Sede
1429 1741 1684 1788 quibuscumque
1706 1741 1860 1788 personis,

1110 1789 1199 1835 locis,
1232 1790 1438 1837 dignitatibus
1465 1791 1510 1825 vel
1540 1790 1706 1826 ordinibus
1728 1801 1861 1836 genera-

1110 1839 1180 1873 liter
1201 1840 1248 1874 vel
1277 1840 1454 1887 specialiter
1485 1840 1545 1875 sub
1567 1851 1769 1887 quacumque
1791 1850 1862 1874 ver-

1112 1887 1223 1923 borum
1246 1887 1344 1923 forma
1364 1889 1535 1931 concessis,
1562 1898 1615 1924 aut
1636 1889 1728 1924 etiam
1751 1900 1862 1924 conce-

1111 1937 1234 1979 dendis,
1259 1950 1312 1985 per
1327 1950 1407 1985 quae
1422 1938 1546 1972 nullum
1560 1946 1667 1974 contra
1689 1937 1862 1985 praemissa

1112 1986 1257 2022 volumus
1291 1987 1488 2022 obstaculum
1533 1988 1714 2034 interponi,
1744 1998 1800 2022 seu
1834 1986 1860 2020 si

1111 2035 1271 2082 aliquibus
1298 2037 1509 2071 communiter
1530 2044 1562 2071 et
1589 2036 1713 2071 divisim
1742 2035 1780 2070 ab
1808 2047 1862 2070 ea-

1112 2089 1182 2123 dem
1205 2088 1289 2124 Sede
1311 2089 1470 2124 indultum
1491 2090 1603 2124 existat
1632 2089 1678 2124 vel
1701 2089 1863 2134 contingat

1112 2143 1143 2177 in
1183 2151 1342 2189 posterum
1376 2142 1549 2189 indulgeri,
1580 2142 1666 2189 quod
1699 2141 1861 2184 interdici,

1112 2194 1276 2242 suspendi,
1305 2195 1351 2230 vel
1366 2196 1632 2230 excommunicari
1657 2207 1719 2231 non
1740 2194 1863 2242 possint

1114 2261 1168 2296 per
1191 2249 1308 2284 litteras
1329 2249 1519 2296 apostolicas
1547 2261 1608 2284 non
1632 2248 1784 2284 facientes
1803 2248 1861 2294 ple-

1114 2314 1183 2338 nam
1211 2311 1241 2337 et
1269 2315 1450 2349 expressam
1477 2315 1513 2337 ac
1544 2303 1583 2338 de
1604 2302 1700 2337 verbo
1725 2302 1765 2337 ad
1792 2313 1862 2336 vet·-

1114 2357 1188 2391 bum
1212 2356 1250 2391 de
1265 2356 1388 2392 indulto
1410 2356 1590 2391 huiusmodi
1612 2355 1818 2399 mentionem,
1832 2362 1862 2388 et

1113 2409 1251 2456 qualibet
1274 2410 1332 2444 alia
1355 2410 1551 2457 indulgentia
1573 2408 1676 2444 dictae
1693 2408 1786 2444 Sedis
1806 2419 1862 2454 ge-

1116 2463 1210 2498 nerali
1240 2463 1287 2498 vel
1321 2465 1448 2511 speciali
1484 2465 1716 2509 cuiuscumque
1743 2462 1863 2497 tenoris

1115 2517 1239 2561 existat,
1274 2529 1330 2564 per
1362 2530 1457 2565 quam
1491 2517 1620 2553 effectus
1647 2516 1862 2563 praesentium

1118 2572 1215 2618 possit
1240 2571 1479 2619 quomodolibet
1506 2570 1665 2618 impediri,
1687 2577 1719 2605 et
1743 2569 1783 2606 de
1803 2582 1865 2617 qua

1117 2625 1147 2658 in
1171 2625 1217 2658 eis
1241 2626 1306 2659 fieri
1330 2625 1441 2659 debeat
1468 2625 1587 2660 mentio
1614 2623 1774 2670 specialis.
