2129 3223
376 257 446 290 418

326 325 455 353 Honorius
474 322 614 358 episcopus
632 326 728 350 servus
745 326 885 349 servorum
895 318 954 350 Dei,
965 316 1074 346 dilectis

370 373 434 400 filiis
465 370 604 399 fratribus
622 368 865 400 Praedicatoribus.
884 366 1073 401 fratribusque

370 420 515 449 Minoribus
531 420 559 448 in
576 425 659 454 regno
682 417 866 447 marochitano
896 417 928 445 de
946 415 1073 444 mandato

369 471 442 499 sedis
456 469 626 505 apostoticae
643 468 881 500 commorantibus.
908 465 1026 494 salutem
1045 465 1072 492 et

369 519 547 555 apostolicam
565 518 785 547 benedictionem.

132 270 182 296 An.
198 268 226 295 C.
248 269 312 295 ¹226

375 581 420 615 Ex
441 590 527 629 parte
550 588 648 616 vestra
668 580 724 615 fuit
747 580 942 628 propositum
964 588 1069 611 coram

130 630 439 685 s⁸¹¹³x÷fsz¹¹0⁹⁵-nobis,
465 630 549 678 quod
580 642 650 665 cum
685 630 723 665 ad
761 629 943 664 mandatum
977 626 1070 661 Sedis

131 673 195 686 ΜΝ
223 672 283 687 '⁰¹⁰⁵‘
325 681 524 728 Apostolicae
548 681 721 715 voluntarie
745 692 798 714 vos
819 677 989 714 discrimini
1018 675 1071 710 ob-

326 731 460 766 tuleritis
492 730 532 765 ob
565 730 737 764 multorum
766 729 917 771 salutem,
940 724 1069 773 provido

325 782 369 815 nsi
405 781 548 823 consilio,
575 780 733 814 interdum
755 779 884 813 mutatis
907 775 1068 819 habitum,

324 830 451 866 barbam
479 830 604 865 nutritis
626 839 655 864 et
683 841 824 869 comam,
852 839 914 862 non
939 835 1000 860 tam
1031 825 1067 858 ad

323 880 545 915 declinandum
578 879 616 914 ad
644 887 770 926 tempus
790 878 893 924 gentis
919 874 1068 910 barbarae

323 930 495 971 feritatem,
522 941 602 977 quae
633 928 663 962 in
697 927 875 963 christianis
908 924 1069 960 crudelius

322 979 554 1018 debacchatur,
590 990 683 1025 quam
721 977 814 1012 etiam
849 984 883 1011 ut
918 974 1069 1021 prodesse

324 1029 464 1076 pluribus
496 1037 525 1063 et
560 1028 688 1062 liberius
724 1027 847 1062 visitare
880 1024 1068 1060 cliristianos

323 1081 352 1113 in
388 1078 568 1114 carceribus
600 1086 630 1112 et
664 1077 742 1111 locis
769 1077 838 1111 aliis
872 1074 1000 1110 valeatis
1028 1072 1066 1108 ad

323 1128 553 1175 iniungendum
573 1127 618 1162 eis
642 1126 866 1174 poenitentiam
882 1153 891 1168 ‚
928 1122 1066 1157 dandum

321 1178 430 1213 salutis
462 1177 596 1221 monita,
623 1176 835 1211 exhibendum
857 1172 1067 1210 ecclesiastica

322 1235 526 1262 sacramenta.
548 1226 696 1272 Cumque
730 1227 760 1260 in
790 1234 868 1260 terra
897 1223 945 1258 illa
973 1221 1068 1268 gratis

322 1290 384 1312 non
423 1277 548 1325 possitis
587 1276 729 1310 victualia
763 1275 918 1318 invenire,
946 1284 1000 1320 pro
1031 1283 1068 1305 eo

323 1326 407 1374 quod
433 1339 494 1361 non
529 1325 636 1373 panis,
658 1324 713 1359 sed
745 1325 880 1372 pecunia
904 1329 1068 1358 consuevit

325 1377 438 1411 ibidem
463 1375 656 1424 pauperibus
675 1374 706 1408 in
733 1374 911 1409 subsidium
934 1371 1067 1417 erogari,

325 1438 443 1472 urgens
471 1425 640 1460 necessitas
669 1435 724 1458 vos
750 1423 908 1470 compellit
935 1421 1069 1456 ebarita-

327 1476 386 1510 uve
415 1476 561 1522 recipere,
589 1473 643 1508 sed
672 1484 763 1520 parce
785 1473 930 1507 denarios
951 1482 1069 1517 expen-

324 1526 408 1563 dere,
437 1534 467 1559 et
500 1522 720 1559 tantummodo
748 1531 875 1571 propter
907 1520 1010 1555 cibum
1039 1527 1069 1553 et

327 1583 442 1616 reste53
471 1574 553 1608 unde
583 1585 654 1607 cuni
682 1572 758 1607 haec
791 1575 853 1606 sint
880 1579 986 1605 contra
1016 1581 1068 1602 re-

325 1625 378 1659 stri
405 1624 526 1659 ordinis
554 1623 712 1666 instituta,
745 1623 815 1657 licet
844 1621 984 1655 videatur
1015 1631 1068 1653 vos

324 1674 362 1708 ab
403 1674 439 1707 iis
484 1684 633 1708 excusare
661 1671 847 1707 inevitabilis
877 1669 1068 1712 necessitas7

325 1735 360 1758 ac
388 1722 515 1770 grandis
555 1732 585 1757 et
612 1721 742 1756 evidens
772 1721 888 1756 utilitas
921 1720 1069 1761 aliorum,

325 1773 395 1819 quia
419 1781 521 1807 tamen
545 1783 616 1807 cum
640 1770 694 1804 lob
723 1770 872 1806 teremini
897 1770 1000 1803 omnia
1026 1780 1070 1801 ve-

325 1831 385 1857 stra
413 1834 526 1869 opera,
550 1820 680 1855 districti
716 1832 844 1855 examen
868 1819 981 1853 iudicis
1017 1829 1071 1851 re-

326 1872 486 1909 colentes,
534 1870 694 1905 humiliter
734 1869 915 1917 postulastis
954 1876 1072 1901 vestrae

327 1933 423 1967 snper
456 1922 503 1955 liis
526 1933 580 1967 per
607 1919 722 1954 Sedent
745 1919 958 1967 Apostolicam
994 1916 1072 1951 sub-

328 1972 423 2005 reniri
446 1970 656 2005 conscientiae
678 1981 770 2017 atque
793 1970 903 2003 famae.
924 1967 1005 2002 Cum
1023 1967 1071 2012 igi-

329 2030 378 2054 tur
416 2033 453 2055 cx
484 2031 574 2054 causa
611 2018 710 2053 Daxid
749 2030 853 2054 coram
888 2017 1071 2051 Abimelecli

329 2072 448 2116 legatur
482 2069 622 2104 habitum
651 2078 876 2108 commutasse,
903 2079 938 2101 ac
964 2066 1074 2101 Domi-

330 2132 402 2154 num
430 2132 462 2154 se
486 2119 626 2153 iunxisse
655 2118 684 2152 in
713 2118 816 2165 specie
841 2116 997 2163 peregrini
1030 2115 1076 2149 di-

329 2170 459 2216 scipulis
493 2169 522 2203 in
557 2168 708 2202 Emmaus
744 2169 773 2201 in
809 2167 958 2201 fractione
988 2165 1076 2212 panis

329 2220 374 2253 eis
400 2218 598 2266 postmodum
617 2222 799 2252 revelatum:
823 2216 875 2262 qui
903 2217 994 2250 etiam
1014 2223 1074 2249 tam

330 2269 430 2303 dictos
456 2279 572 2316 pueros
594 2279 689 2314 super
711 2279 765 2310 eo,
792 2266 877 2313 quod
907 2266 936 2299 in
966 2277 1077 2299 neces—

332 2318 419 2353 sitate
453 2318 652 2352 comederant
686 2316 788 2350 Panes
825 2323 965 2354 sanctos,
999 2326 1078 2361 quos

153 2030 286 2055 [liquet—satzi·

333 2384 386 2406 ¹¹0⁵
418 2373 599 2419 emungere
634 2384 694 2406 ¹¹⁰¹!
725 2370 852 2411 licebat*
874 2381 969 2417 ‘luam
991 2369 1079 2416 APo·
1098 2382 1099 2424 ξ
1120 2392 1191 2428 que,
1216 2391 1247 2416 ut
1269 2394 1408 2417 sororem
1432 2382 1576 2429 diligens,
1597 2389 1628 2416 et
1646 2390 1680 2416 ut
1701 2392 1861 2428 sponsam,

334 2427 429 2460 stolos
450 2427 620 2470 excusavit,
642 2426 718 2461 dum
748 2426 834 2472 ipsos
854 2423 1014 2459 Pharisaei
1035 2435 1080 2457 ar—

335 2489 486 2523 guerent,
526 2480 611 2527 quod
647 2481 823 2515 esurientes
859 2479 978 2514 alienas
1019 2486 1101 2512 non‘

338 2534 407 2568 lotis
435 2534 580 2569 fricantes
615 2535 716 2582 spicas
751 2533 897 2568 manibus
927 2533 1080 2568 comede-

339 2588 420 2622 bant.
444 2588 508 2623 Nos
531 2588 686 2624 laudabile
708 2601 788 2636 opus
811 2596 959 2628 restrum,
983 2588 1082 2635 pium·

337 2652 396 2687 que
419 2643 611 2688 propositum
641 2642 850 2685 attendentes.
875 2643 983 2676 restris
1006 2653 1103 2689 sup-V

904 258 1090 282 anLAmml
1117 256 1279 279 ROMANUM

1116 310 1335 358 plicationibus
1373 309 1529 350 inclinati,
1566 321 1662 356 super
1687 307 1858 356 praedictis

1115 360 1274 394 vobiscum
1308 360 1338 394 in
1377 359 1438 394 illis
1471 359 1673 406 regionibus,
1706 357 1856 405 quamdiu

1115 409 1303 456 praescripta
1332 421 1387 445 vos
1419 417 1513 444 arctat
1541 408 1723 452 necessitas,
1749 414 1780 442 et
1806 407 1858 441 in-

1114 459 1187 493 vitat
1209 459 1336 500 utilitas,
1356 457 1600 494 misericorditer
1620 458 1856 505 dispensamus,

1112 508 1285 544 dnmmodo
1311 517 1414 543 tamen
1449 508 1534 543 fraus
1560 519 1623 543 non
1650 506 1856 548 interveniat,

1112 558 1175 593 sive
1201 558 1303 602 dolus,
1327 558 1373 593 vel
1399 557 1610 593 sinceritatem
1637 565 1770 593 vestram
1798 568 1855 591 cu-

1113 608 1225 654 piditas
1247 621 1308 643 non
1336 607 1476 642 seducat.

1160 656 1272 692 Datum
1296 657 1440 692 Laterani
1467 656 1681 691 sextodecimo
1707 656 1856 691 kalendas

1110 707 1233 754 aprilis,
1257 706 1456 754 pontificatus
1483 707 1580 741 nostri
1611 717 1694 741 anno
1719 705 1853 740 decimo.

1149 767 1210 798 Dat.
1233 769 1279 798 die
1308 769 1341 798 Γι
1365 768 1460 798 martii
1483 767 1570 805 1226,
1597 767 1699 807 pontif.
1721 777 1768 798 an.
1791 777 1816 798 x.

1415 935 1540 971 LXXX.

1109 1011 1147 1044 In
1162 1011 1349 1045 Sanctorum
1364 1012 1578 1057 Confessorum
1593 1012 1779 1056 Pontificum
1796 1023 1856 1044 nu-

1157 1072 1275 1094 merum
1302 1062 1432 1106 refertur
1462 1063 1503 1095 B.
1540 1061 1730 1095 Willhelmus
1762 1061 1857 1094 Ebo-

1157 1122 1260 1144 racen.
1285 1112 1318 1144 in
1339 1113 1457 1157 Anylia
1478 1112 1720 1156 archiepiscopus
1741 1111 1796 1155 (l).

1379 1184 1591 1215 §Etiamnum

1108 1251 1298 1282 Procemium.
1319 1269 1359 1275 -—-
1372 1251 1475 1282 Petilio
1491 1251 1527 1282 de
1543 1250 1574 1281 B.
1592 1251 1750 1281 villhelmo
1767 1259 1857 1280 cano-

1147 1298 1282 1327 nizando.
1305 1314 1345 1319 —
1365 1296 1520 1336 Inquisitio
1539 1297 1574 1326 de
1590 1296 1655 1326 eius
1674 1297 1730 1325 vita
1749 1300 1777 1325 et
1801 1296 1856 1324 mi-

1148 1342 1257 1372 raculis
1289 1341 1373 1372 sacta.
1390 1357 1430 1364 —
1446 1340 1492 1371 Ss.
1518 1340 1585 1370 albo
1608 1340 1796 1370 adscribitur.
1818 1355 1857 1361 —

1147 1385 1217 1416 Eius
1240 1386 1361 1416 colenda
1384 1386 1550 1416 celebritas.

1109 1465 1237 1494 Honorius
1261 1467 1401 1502 episcopus
1423 1472 1518 1494 servus
1539 1473 1679 1495 servorum
1706 1466 1763 1499 Dei.
1797 1465 1858 1494 uni-

1152 1517 1241 1543 versis
1259 1515 1478 1551 archiepiscopis,
1491 1516 1522 1544 et
1531 1515 1672 1552 episcopis,
1687 1517 1717 1545 et
1735 1516 1800 1544 aliis
1810 1515 1857 1543 Ec-

1153 1564 1250 1593 clesiae
1268 1566 1413 1601 praelatis,
1430 1566 1460 1593 et
1475 1565 1584 1594 clericis
1602 1572 1633 1594 ao
1648 1566 1729 1595 laicis
1744 1572 1797 1606 per
1807 1565 1856 1594 An·

1154 1614 1239 1649 gnam
1257 1615 1428 1648 constitutis,
1466 1615 1583 1643 satutem
1616 1616 1645 1643 et
1681 1615 1857 1651 apostolicam

1152 1664 1373 1693 benedictionem.

1160 1736 1222 1777 Qui
1253 1736 1360 1771 statuit
1391 1737 1541 1771 terminos
1568 1736 1710 1783 gentium
1738 1747 1855 1771 secun—

1112 1786 1185 1820 dum
1226 1798 1392 1821 numerum
1424 1786 1631 1832 angelorum,
1667 1795 1698 1820 ut
1734 1786 1856 1820 ruinam

1115 1837 1395 1882 praevaricatorum
1425 1837 1592 1882 spirituum
1622 1845 1778 1871 rectorum
1800 1835 1858 1870 lio-

1115 1885 1233 1919 minum
1271 1886 1470 1932 suppletione
1507 1893 1716 1926 restauraret,
1750 1884 1859 1920 volens

1114 1935 1324 1969 diversitate-ni
1356 1936 1496 1980 gentium
1525 1936 1555 1969 in
1582 1935 1778 1970 confessione
1808 1947 1857 1968 sui

1117 1985 1252 2018 nominis
1278 1986 1433 2024 adunare,
1466 1994 1656 2019 coaeteruum
1686 1984 1804 2019 scilicet
1829 1992 1859 2019 et

1118 2034 1412 2068 consubstantialem
1446 2033 1558 2068 Filium
1590 2035 1623 2070 in
1649 2043 1772 2069 uterum
1799 2034 1860 2067 im-

1117 2084 1289 2118 maculatae
1312 2083 1451 2130 Virginis
1472 2084 1602 2119 caelitus
1622 2083 1779 2119 irroravit:
1807 2085 1858 2130 qui

1116 2133 1271 2179 siquidem
1294 2146 1331 2167 ex
1354 2146 1387 2167 ea
1416 2133 1552 2168 bumana
1578 2145 1671 2168 carne
1696 2132 1861 2179 dignanter

1116 2182 1380 2229 assumpta‚Fons
1390 2183 1459 2228 Dei,
1473 2194 1502 2218 et
1517 2184 1681 2218 hominum
1695 2182 1859 2221 Mediator,

1120 2232 1291 2267 Ecclesiam
1326 2233 1364 2266 de
1399 2232 1546 2268 omnibus
1578 2233 1724 2279 gentibus
1755 2243 1861 2278 aggre-

1118 2294 1205 2327 gans,
1232 2293 1260 2317 et
1290 2283 1344 2329 qui
1366 2282 1405 2317 de
1430 2283 1523 2317 latere
1549 2295 1607 2317 suo
1633 2281 1772 2317 formans
1792 2292 1859 2316 eam

1121 2344 1150 2365 in
1173 2332 1333 2378 Sanguine
1354 2344 1412 2367 suo
1435 2332 1568 2367 redemit
1589 2340 1620 2367 et
1638 2332 1725 2371 lavit,
1749 2331 1862 2378 ipsam-

1120 2431 1262 2465 eamdem
1284 2431 1343 2466 sibi
1370 2432 1471 2466 iunxit
1496 2430 1667 2466 invincibili
1689 2431 1861 2466 charitate:

1121 2492 1201 2527 quae
1223 2482 1331 2528 utique
1353 2494 1431 2517 nova
1445 2493 1571 2528 semper
1588 2479 1676 2528 prole
1697 2479 1864 2523 foecunda,

1100 2573 1101 2576 Ἴ
1121 2532 1222 2564 donec
1243 2531 1409 2578 impleatur
1430 2543 1580 2566 numerus
1600 2531 1784 2570 electorum,
1800 2541 1866 2576 par-

1123 2580 1177 2614 tim
1210 2581 1239 2614 in
1279 2589 1359 2616 terra
1393 2588 1499 2616 contra
1534 2580 1642 2615 hostes
1674 2579 1866 2627 multiplices

1158 2651 1198 2685 (t)
1215 2650 1301 2677 Edidit
1318 2651 1468 2682 Fontanin.,
1484 2650 1573 2678 Codex
1593 2650 1730 2682 Canoniz.‚
1746 2658 1805 2687 pag.
1821 2651 1865 2677 57.

1873 253 1922 280 An.
1940 253 1969 280 C.
1989 254 2054 281 1226

1896 1749 2018 1770 Prooemmn

2080 140 2099 179 ab*
