2129 3223
96 268 146 298 An.
164 272 193 298 C.
209 271 276 298 ¹267

111 476 233 498 Distributio
249 475 280 497 ol-

98 509 165 528 fitium
183 507 280 527 rationu-

98 540 135 559 rus

120 1545 255 1567 emerendae
264 1551 296 1565 sa-

113 1576 239 1600 cerdotales,
250 1575 297 1596 dia-

113 1606 199 1628 conales
215 1609 235 1626 et
251 1606 297 1626 sub-

113 1637 243 1659 diaconales.

130 2275 149 2296 lti
163 2283 195 2297 sut
210 2283 241 2296 i.'!
258 2283 305 2298 §et-

124 2309 205 2327 vientes
238 2307 305 2328 officio

124 2341 221 2362 {uniendi

349 260 418 294 780

294 325 362 362 tari.
393 322 628 358 distributiones
649 320 755 358 etiam,
778 325 872 365 prout
892 329 1042 353 commo-

294 374 366 408 dius
395 371 457 406 steri
489 370 613 416 poterit,
640 375 893 414 augmententur.

344 425 400 456 ⁶26.
424 421 514 462 ltetn,
535 418 619 466 quod
641 417 814 452 canonicus
839 415 979 451 officiatis
1012 414 1041 448 in

296 472 391 505 rboro
415 468 573 516 praedicto
609 466 748 513 qualibet
783 465 850 501 vice
894 464 1043 511 percipiat

295 534 348 556 sex
386 518 531 553 denarios
570 517 752 563 podienses,
796 514 930 549 clericus
971 525 1044 547 tero

296 568 438 604 canonici
469 566 622 613 supplens
657 564 827 604 defectum,
863 563 909 598 rel
951 562 1043 597 etiam

296 618 373 652 alias
391 616 542 657 onicinus,
563 623 696 661 quatuor
719 613 828 648 babeat
844 612 883 647 de
904 623 1046 646 cominu-

298 667 391 701 nibus
413 664 689 700 distributionibus
715 662 916 709 supradictis.

346 718 403 749 ⁶27.
428 714 518 753 ltem,
541 713 624 759 quod
648 713 677 746 in
702 712 767 758 ipsu
790 710 929 745 Ecclesia
965 708 1046 742 duae

299 763 495 811 praebendae
528 762 668 808 proxime
691 760 765 794 inibi
786 767 947 794 vacaturae
965 765 1047 804 post-

298 825 391 860 quam
420 812 476 851 illi,
503 811 554 858 qui
580 811 638 844 iam
668 811 697 844 in
727 809 895 843 canonicos
918 806 1047 852 recepti,

299 862 416 896 ibidem
441 859 634 907 praebendas
660 859 773 893 suerint
808 856 952 895 assecuti,
986 855 1049 889 sint

299 910 508 946 sacerdotales
529 917 556 942 rt
582 907 836 946 ltebdoinadales,
868 905 946 940 ultra
980 903 1049 938 illas

300 968 445 1006 quatuor,
468 970 548 1004 quae
570 966 643 991 sunt
663 965 692 990 et
715 968 783 990 esse
807 955 924 989 debent
945 965 1050 988 sacer-

300 1009 420 1044 dotales
443 1008 473 1042 in
497 1019 544 1046 ea,
559 1013 587 1040 et
605 1005 812 1051 praebendam
835 1003 940 1039 etiam,
955 1014 1048 1049 quam

300 1056 427 1092 tenebat
455 1055 572 1090 ibidem
600 1053 783 1089 iamdudum
808 1052 1000 1087 Guillelmus
1012 1051 1051 1086 de

303 1106 407 1140 Monte
434 1104 565 1139 Rex-ello
591 1103 715 1143 senior,
743 1114 823 1148 quac
851 1100 1054 1136 sacerdotalis

303 1155 401 1189 extitit
428 1154 466 1188 ab
488 1153 628 1198 antiquo,
657 1164 710 1186 seu
735 1151 827 1185 etiarn
855 1163 912 1185 sex
945 1149 1053 1184 diaco-

304 1204 392 1238 nales
414 1201 624 1249 praebendae,
647 1201 695 1234 illa
719 1212 813 1246 quam
837 1207 919 1234 tenet
936 1198 1052 1233 ibidem

305 1252 417 1286 Petrus
459 1250 592 1297 Aspasii,
628 1262 708 1296 quae
746 1248 918 1282 diaconalis
939 1248 1056 1290 extitit,

308 1301 439 1341 inclusa,
462 1308 491 1333 et
506 1312 558 1334 sex
572 1297 822 1335 subdiaconales,
840 1309 917 1344 quas
935 1296 1056 1331 baben-

308 1357 354 1383 tes
369 1348 505 1383 officinm
523 1360 578 1394 per
597 1359 630 1382 se
657 1347 702 1380 vel
727 1358 781 1394 per
807 1346 1055 1381 concanonicum

309 1397 422 1431 diebus
443 1396 650 1434 solemnibus,
672 1404 701 1429 et
736 1407 847 1429 novem
884 1394 1055 1441 lectionum

310 1447 407 1485 festis,
422 1444 586 1479 serviendo
609 1444 716 1478 maiori
734 1443 832 1483 altari,
854 1440 1056 1489 adimpleant,

311 1502 403 1541 prout
424 1506 439 1529 a
467 1501 651 1528 succentore
677 1492 871 1527 ordinabitur
890 1492 975 1526 iuxta
1005 1503 1058 1525 or-

310 1543 416 1577 dinem
439 1543 515 1577 ricis
540 1554 628 1585 suae,
649 1550 679 1576 et
703 1540 818 1575 ibidem
856 1540 1058 1575 residentiam

312 1592 426 1627 faciant
449 1590 656 1637 personalem.

361 1642 418 1675 28.
447 1640 538 1682 Item,
565 1638 650 1686 quod
671 1638 876 1672 subdiaconis
897 1645 927 1671 et
953 1636 1060 1671 diaco-

313 1690 360 1724 nis
392 1688 552 1723 canonicis
588 1686 755 1734 praedictis
788 1686 848 1733 ipsi
877 1685 963 1720 altari
993 1697 1060 1720 ma-

313 1739 368 1772 iori
391 1736 612 1775 servientibus,
635 1735 773 1770 clericuli
802 1734 988 1769 subdiaconi
1029 1742 1060 1768 et

312 1787 414 1821 clerici
437 1785 574 1829 diaconi,
596 1785 650 1831 qui
678 1784 824 1818 assistere
848 1783 877 1817 in
915 1783 983 1830 ipso
1012 1782 1062 1816 of-

313 1835 384 1869 ficio
406 1842 550 1869 tenentur
571 1832 702 1872 eisdem,
718 1832 868 1878 recipiant
887 1831 970 1878 quod
990 1844 1062 1866 con-

313 1891 482 1918 sueverunt
507 1882 646 1929 recipere
665 1881 703 1915 ab
725 1882 865 1927 antiquo.

363 1935 420 1968 29.
437 1932 526 1966 ltem.
539 1930 622 1978 quod
634 1930 823 1976 ipsidiaconi
841 1929 1062 1964 etsubdiaconi

315 1981 455 2016 canonici
483 1980 655 2027 supradicti
679 1979 717 2013 de
744 1979 836 2014 dictis
866 1978 1063 2013 distributio-

316 2030 409 2064 nibus
431 2029 598 2064 duodecim
626 2028 772 2063 denarios
801 2027 968 2074 podienses
998 2040 1064 2073 per-

315 2080 432 2125 cipiant
450 2078 562 2112 diebus
584 2077 719 2122 singulis
739 2077 867 2124 quibus,
890 2084 923 2110 ut
944 2077 1062 2111 dictum

316 2136 375 2170 est,
402 2126 594 2163 exercebunt
615 2126 765 2169 officium,
784 2134 904 2172 praeter
925 2125 1001 2160 alias
1017 2126 1064 2159 di-

318 2176 525 2212 stributiones
553 2175 715 2222 praefatas.

369 2229 426 2260 50.
456 2225 545 2269 ltem,
567 2223 649 2270 quod
674 2224 732 2270 ipsi
767 2223 889 2257 diaconi
925 2231 955 2257 et
991 2223 1066 2257 sub-

320 2274 442 2308 diaconi
466 2273 622 2310 canonici,
645 2272 743 2319 quiin
767 2271 868 2306 officio
889 2284 948 2306 suo
975 2285 1068 2318 prae-

322 2323 403 2357 dicto
451 2334 506 2369 per
544 2334 577 2356 se
619 2321 664 2356 vel
711 2321 959 2356 concanonicum
1006 2334 1066 2355 non

322 2372 529 2406 desertierint
556 2371 606 2405 illa
629 2370 679 2404 die
704 2371 733 2404 iu
749 2369 852 2404 media
886 2370 1068 2405 liberatione

323 2420 460 2459 claustri,
501 2420 547 2454 vel
573 2432 666 2467 quam
703 2419 839 2466 primum
875 2418 1068 2459 liberabitur,

324 2470 504 2514 puniantur:
528 2481 608 2515 quae
635 2468 776 2502 liberatio
803 2467 963 2514 supplenti
1007 2467 1070 2502 de·-

324 2517 438 2552 sectum
462 2517 530 2552 eius
554 2518 584 2552 in
616 2517 719 2552 officio
753 2516 933 2552 huiusmodi
968 2516 1071 2563 depu-

306 2572 416 2605 stetur.

376 2618 433 2648 51.
455 2614 544 2658 Item,
567 2613 650 2661 quod
679 2613 942 2660 Quandocumque
975 2625 1072 2667 0³¹3&

876 262 1062 287 neu-amm!
1089 260 1251 284 ROMANUM

1846 253 1896 280 An.
1913 252 1943 280 C.
1957 252 2024 279 {267

1084 315 1172 350 nicos
1194 313 1295 348 dictae
1321 312 1484 348 Ecclesiae
1509 319 1540 346 et
1566 310 1735 357 dignitates
1772 321 1830 345 seu
1845 305 1973 363 efflgfflem
1993 306 2031 356 ⁵3}

1084 371 1269 411 personatus
1290 361 1443 397 babentes
1463 372 1560 408 super
1594 359 1721 406 capituli
1762 366 1831 394 tra-
1846 373 1901 388 uum-

1083 413 1218 448 ctatibus
1241 411 1406 457 contigerit
1429 411 1459 445 in
1482 410 1550 457 ipso
1578 409 1718 455 capitulo
1753 420 1832 443 con-

1085 463 1190 496 venire
1214 461 1244 496 in
1267 472 1380 505 unum,
1403 460 1545 507 pulsetur
1575 458 1677 493 tribus
1715 457 1835 492 vicibus

1084 522 1235 557 campana
1257 509 1295 544 ad
1323 509 1400 544 baec
1425 508 1602 556 specialiter
1627 506 1667 541 ab
1689 506 1757 554 ipso
1782 518 1836 541 ca·

1087 560 1186 605 pitulo
1208 558 1400 606 deputanda,
1424 565 1517 605 prout
1543 557 1574 591 in
1608 556 1679 590 aliis
1715 555 1836 591 Galliae

1087 609 1239 644 Ecclesiis
1259 608 1454 651 observatur,
1478 615 1545 653 post
1568 605 1659 640 cuius
1689 604 1839 652 pulsatio-

1088 671 1160 694 nem
1190 657 1324 697 tertiam,
1364 657 1394 691 in
1436 656 1497 694 his,
1537 666 1618 702 quae
1658 662 1838 700 praesentes

1087 707 1227 754 expediri
1265 712 1511 743 consueverunt,
1539 702 1738 750 procedatur,
1764 702 1840 737 alio-

1089 768 1157 792 rum
1192 755 1331 790 absentia
1355 767 1418 789 nou
1451 753 1619 796 obstante,
1649 760 1681 787 et
1719 751 1839 786 valeant

1088 817 1169 852 quae
1197 804 1275 839 facta
1298 804 1413 839 fuerint
1438 803 1477 838 ab
1505 801 1638 837 eisdem.

1139 856 1197 888 5⁰2.
1227 853 1317 892 ltem,
1343 852 1428 900 quod
1456 861 1501 887 ter
1522 851 1561 886 ad
1585 851 1690 885 minus
1708 850 1739 884 in
1766 849 1986 902 heb-‚¹¹¹¹1ss204‘0
2007 854 2041 900 ²3:

1090 902 1248 941 domada,
1286 901 1399 936 diebus
1435 901 1553 935 scilicet
1592 900 1722 939 Lunae,
1757 887 2014 940 ator-'essgenim‘lm

1091 951 1169 987 curii
1192 959 1223 985 et
1243 950 1388 993 Veneris,
1412 951 1470 996 ipsi
1498 949 1638 984 canonici
1665 957 1696 982 et
1739 948 1843 994 digni-

1091 1009 1169 1035 tates
1194 1012 1249 1035 seu
1278 1007 1464 1046 personatus
1497 998 1648 1032 babentes
1688 998 1719 1031 in
1754 997 1843 1043 capi-

1093 1049 1159 1085 tulo
1185 1048 1375 1083 conveniant
1401 1047 1440 1082 de
1464 1046 1598 1093 negotiis
1619 1058 1655 1081 ac
1681 1046 1721 1081 de
1758 1046 1844 1080 utili-

1094 1106 1155 1134 tate
1177 1097 1336 1133 Ecclesiae
1359 1096 1519 1131 tractaturi
1536 1109 1552 1138 ι,
1580 1096 1620 1131 ita
1654 1095 1739 1142 quod
1776 1102 1846 1142 post

1094 1148 1190 1182 horae
1211 1147 1332 1194 primae
1353 1146 1484 1189 exitum,
1512 1140 1626 1180 tefvet
1653 1154 1763 1191 quater
1782 1152 1847 1178 tan·

1096 1195 1259 1232 tunimodo
1281 1195 1423 1242 pulsetur
1436 1194 1475 1229 ad
1499 1194 1636 1233 ianuam,
1661 1201 1728 1240 post
1756 1193 1848 1228 cuius

1097 1246 1217 1281 tertiam
1242 1244 1450 1292 pulsationem
1488 1244 1534 1278 vel
1577 1250 1737 1290 quartam,
1773 1254 1849 1276 snc-

1096 1302 1225 1329 centore
1246 1294 1315 1328 sine
1336 1292 1486 1328 dilatione
1503 1291 1638 1336 adeam,
1659 1292 1741 1326 sicut
1754 1291 1850 1325 moris

1098 1353 1157 1383 est,
1180 1355 1251 1378 cum
1283 1342 1485 1390 processione
1506 1349 1624 1381 eunte,
1660 1340 1726 1387 ipsa
1761 1351 1851 1374 cam-

1100 1404 1178 1438 pana
1204 1399 1281 1426 tunc
1309 1391 1516 1426 incontinenti
1547 1389 1712 1437 pulsetur,
1746 1395 1778 1422 et
1810 1388 1850 1423 ab

1099 1441 1172 1482 illis,
1197 1441 1281 1476 sicut
1302 1440 1422 1475 dictum
1444 1447 1503 1483 est,
1527 1439 1581 1486 qui
1604 1439 1748 1478 venient,
1774 1449 1852 1484 pro-

1099 1489 1240 1525 cedatur.

1151 1540 1207 1572 55.
1250 1537 1342 1580 Quod
1389 1537 1420 1571 in
1468 1536 1546 1584 ipsis
1588 1535 1772 1571 tractatibus
1819 1542 1849 1569 et
1875 1534 1899 1587 ¹¹:
1921 1540 1962 1562 ‘³¹²⁰
1981 1541 2050 1572 ΡΜ·

1102 1586 1247 1632 negotiis,
1270 1587 1353 1621 sicut
1388 1585 1464 1620 iuris
1496 1584 1676 1619 communis
1709 1595 1779 1618 esse
1801 1583 1850 1618 di·
1863 1570 1935 1618 1:133
1946 1572 2012 1623 '1¹:32‘
2028 1569 2050 1587 ω

1101 1635 1275 1682 gnoscitur,
1294 1643 1394 1671 stetur
1415 1634 1523 1669 maiori
1553 1642 1583 1668 et
1618 1633 1733 1668 saniori
1772 1633 1849 1679 parti

1103 1685 1201 1732 ipsius
1215 1683 1343 1730 capituli
1367 1683 1476 1731 partis,
1498 1694 1560 1717 non
1581 1681 1724 1716 obstante
1747 1681 1852 1716 minus

1103 1732 1280 1768 rationabili
1313 1731 1561 1767 contradictione
1594 1730 1749 1770 minoris,
1795 1742 1851 1765 seu

1103 1781 1189 1830 quod
1232 1781 1425 1816 contrarium
1463 1779 1579 1815 ibidem
1613 1788 1771 1814 servatum
1806 1787 1854 1814 cst

1105 1832 1257 1866 hactenus
1284 1842 1337 1877 per
1358 1829 1520 1872 abusum,
1553 1829 1593 1863 ita
1627 1836 1730 1863 tamen
1767 1828 1851 1875 quod

1105 1879 1249 1914 voluntas
1271 1880 1495 1914 canonicorum
1519 1879 1659 1925 ipsorum
1692 1890 1752 1913 non
1786 1878 1853 1912 sin-

1104 1929 1255 1976 gulariter
1281 1937 1365 1964 extra
1388 1927 1573 1974 capitulum.
1610 1926 1667 1961 sed
1702 1926 1732 1961 in
1766 1927 1854 1972 capi-

1106 1978 1171 2013 tulo
1194 1979 1262 2024 ipso
1282 1977 1496 2012 communiter
1516 1976 1640 2017 saltem,
1661 1984 1690 2010 et
1728 1974 1854 2010 officio-

1106 2040 1175 2063 rum
1217 2026 1432 2074 quorumlibet
1474 2025 1600 2060 collatio
1635 2024 1750 2060 amodo
1793 2038 1855 2072 pa·-

1106 2077 1166 2112 lam
1189 2083 1219 2110 et
1246 2087 1308 2110 non
1330 2075 1452 2110 occulte
1473 2075 1504 2109 in
1533 2075 1601 2122 ipso
1645 2074 1697 2109 fiat
1727 2073 1769 2110 ab
1806 2074 1855 2109 his

1105 2125 1145 2160 ad
1166 2137 1245 2172 quos
1266 2131 1385 2171 spectat
1406 2124 1560 2159 ordinatio
1581 2123 1778 2159 eorumdem.

1157 2176 1213 2209 54.
1235 2173 1313 2208 Item
1340 2173 1425 2220 quod
1456 2173 1635 2219 dignitates,
1661 2184 1715 2207 seu
1747 2184 1855 2218 perso-

1108 2230 1211 2266 natus,
1232 2221 1345 2263 officia‚
1373 2230 1472 2258 terras
1496 2229 1526 2256 et
1542 2222 1712 2269 pensiones
1732 2220 1855 2255 haben-

1109 2279 1155 2306 tes
1174 2283 1270 2310 nunc,
1290 2271 1336 2305 vel
1356 2272 1450 2306 etiam
1473 2271 1503 2305 iu
1527 2279 1686 2317 posterum
1705 2269 1855 2314 babituri,

1110 2327 1273 2355 teneantur
1297 2319 1414 2355 ibidem
1437 2319 1637 2355 residentiam
1661 2318 1761 2354 facere
1783 2330 1857 2366 per-

1109 2368 1250 2404 sonalem
1280 2376 1311 2403 et
1337 2376 1444 2404 tenere
1476 2368 1626 2415 hospitia,
1647 2368 1767 2403 scilicet
1799 2368 1858 2402 de-

1111 2429 1220 2461 canus,
1243 2418 1440 2464 praepositus
1461 2425 1492 2452 ct
1513 2417 1619 2461 abbas,
1637 2429 1694 2452 seu
1716 2417 1856 2463 ipsorum

1111 2466 1244 2514 quilibet
1269 2466 1306 2501 ad
1338 2467 1444 2501 minus
1475 2479 1547 2501 cum
1569 2478 1624 2501 sex
1655 2465 1776 2500 clericis
1803 2478 1859 2500 su-

1113 2515 1330 2562 perpellicium
1373 2515 1583 2562 portantibus,
1623 2514 1669 2549 vel
1700 2514 1860 2549 canonicis

1115 2563 1275 2598 Ecclesiae
1302 2571 1504 2608 memoratae,
1538 2575 1672 2611 quorum
1701 2563 1860 2598 liberatio-

1115 2625 1170 2648 nes
1196 2612 1382 2660 percipiant,
1409 2612 1491 2648 sicut
1515 2612 1669 2648 hacteuus
1686 2612 1751 2647 lieri
1778 2624 1862 2648 cou-

1882 2171 1911 2192 De
1937 2171 2055 2192 residentia

1868 2204 1889 2222 et
1905 2201 2010 2227 hospitus
