2129 3223
155 229 203 255 An.
222 229 249 255 C.
270 230 332 255 12th

154 888 271 908 l'trnii'iam
281 893 328 914 [ec-

146 922 238 939 mierum
259 919 328 940 indul-

146 951 234 970 2‘21'3Jm
256 951 326 971 tribuit

146 981 240 1001 ommibus
266 987 326 1002 §acro

145 1012 199 1031 *rw*
212 1017 327 1039 cooperan-

144 1046 149 1061 t
163 1044 205 1062 hus,

398 218 468 251 ⁶27ss

349 285 419 319 (ulo
455 284 615 319 residuum
656 292 752 318 terrae
788 283 883 318 huius
922 283 1089 322 invadere,

347 347 417 369 cum
441 335 479 368 sit
503 333 621 368 viribus
647 341 677 367 et
704 332 818 380 opibus
839 332 966 380 penitus
994 332 1090 367 desti-

347 391 420 418 tuta.
445 382 500 418 Eia
523 383 629 429 igitur,
657 382 850 418 dilectissimi
878 382 944 427 tilii,
967 382 1091 418 dissen-

345 434 450 468 siones
472 442 501 467 et
523 431 749 468 aemulationes
771 432 921 468 fraternas
950 433 980 467 in
1004 432 1090 480 pacis

345 490 374 517 et
401 482 578 517 dilectionis
606 481 731 517 foedera
765 489 1005 522 commutantes,
1037 494 1090 516 ac·

345 532 506 578 cingimini
538 532 575 566 ad
612 531 800 580 obsequium
839 531 1004 571 Crucifixi,
1027 543 1089 566 non

344 581 525 617 dubitantes
548 595 604 630 pro
627 581 680 616 illo
702 594 751 617 res
773 593 930 629 exponere
959 593 995 616 ac
1018 593 1089 627 per—

343 644 438 666 sonas
459 632 512 678 qui
536 643 592 678 pro
612 631 699 666 vobis
720 631 855 666 animam
879 643 967 666 suam
987 630 1090 678 posuit

343 681 575 728 etsanguinem
604 693 697 716 suum
732 680 822 721 fudit,
861 680 935 716 certi
976 680 1091 727 pariter

343 740 374 764 et
394 731 498 766 securi
525 730 608 778 quod
632 731 656 765 si
678 743 748 765 vere
786 731 984 777 poenitentes
1021 729 1090 764 fue-

344 780 421 819 ritis,
459 792 515 828 per
550 780 635 815 hunc
672 780 877 827 temporalem
926 779 1089 823 laborem,

342 830 428 877 qnasi
467 830 604 877 quodam
640 829 840 875 compendio,
876 829 912 863 ad
950 829 1088 876 requiem

343 880 532 927 pervenietis
553 888 724 914 aeternam.
752 879 817 913 Nos
843 879 927 913 enim
952 878 989 912 de
1018 891 1088 913 om-

343 929 511 976 nipotentis
533 929 590 963 Dei
619 928 848 968 misericordia,
870 937 900 963 et
926 927 1087 962 beatorum

341 978 553 1026 apostolorum
577 978 661 1013 Petri
676 986 705 1012 et
718 977 807 1012 Pauli
822 977 1005 1012 auctoritate
1017 989 1090 1011 con-

343 1028 400 1069 fisi,
416 1041 453 1063 cx
469 1028 519 1063 illa
533 1040 626 1074 quam
642 1027 838 1066 nobisDeus
854 1027 926 1061 licet
940 1026 1088 1073 indignis

342 1077 458 1124 ligandi
480 1086 573 1124 atque
603 1076 744 1111 solvendi
768 1076 900 1111 contulit
923 1084 1088 1130 potestate,

341 1127 502 1171 omnibus,
542 1127 594 1182 qui
633 1125 770 1161 laborem
820 1127 913 1160 istum
952 1138 982 1160 ιιι
1016 1138 1089 1172 pro-

341 1177 417 1222 priis
431 1178 574 1223 personis
584 1175 738 1210 subierint
753 1185 783 1211 et
797 1176 944 1223 expensis
964 1175 1087 1222 plenam

341 1238 472 1261 suorum
498 1226 728 1273 peccaminum,
752 1225 790 1260 de
809 1225 924 1272 quibus
940 1225 1089 1260 veraciter

342 1275 457 1310 fuerint
496 1275 590 1310 corde
624 1275 749 1309 contriti
789 1283 819 1309 et
858 1287 912 1309 ore
938 1274 1087 1315 confessi

342 1324 462 1359 veniam
501 1324 716 1371 indulgemus,
748 1332 778 1358 et
814 1324 844 1358 in
885 1323 1088 1359 retributione

342 1375 494 1409 iustorum
513 1374 624 1408 salutis
645 1381 789 1408 aeternae
809 1373 995 1420 pollicemur
1016 1386 1088 1419 aug-

341 1432 494 1458 mentum.
536 1423 588 1458 Eis
627 1430 731 1458 autem
766 1423 819 1470 qui
853 1434 913 1457 non
948 1422 979 1456 in
1017 1435 1088 1469 per-

341 1473 428 1507 sonis
454 1472 587 1519 propriis
616 1472 691 1507 illuc
728 1472 929 1515 accesserint,
966 1471 1020 1506 sed
1056 1472 1085 1506 in

341 1523 407 1557 suis
429 1522 589 1557 dumtaxat
615 1522 762 1568 expensis
797 1522 879 1556 iuxta
911 1521 1085 1556 facultatem

340 1579 371 1606 et
393 1571 574 1619 qualitatem
598 1584 686 1606 suam
718 1572 800 1606 viros
835 1570 963 1605 idoneos
996 1571 1087 1605 desti-

342 1622 455 1661 narint,
479 1629 510 1655 et
533 1621 594 1654 illis
616 1621 758 1655 similiter
773 1621 823 1667 qui
841 1620 910 1654 licet
935 1620 965 1654 in
979 1620 1088 1655 alienis

341 1683 499 1725 expensis,
522 1683 551 1704 in
577 1671 711 1717 propriis
739 1679 841 1704 tamen
870 1670 1014 1716 personis
1041 1682 1088 1704 ae-

341 1720 504 1759 cesserint,
542 1719 663 1766 plenam
702 1732 831 1754 suornm
884 1719 1089 1753 concedimus

342 1770 461 1803 veniam
483 1776 696 1816 peecatorum.
737 1768 839 1803 Huius
878 1780 1005 1816 quoque
1039 1781 1088 1803 re-

341 1819 500 1853 missionis
530 1818 674 1853 volnmus
708 1827 738 1853 et
776 1818 982 1853 concedimus
1020 1830 1088 1853 esse

343 1869 512 1915 participes
543 1869 626 1902 iuxta
658 1868 864 1914 quantitatem
892 1867 1023 1902 subsidii
1060 1877 1089 1902 et

341 1918 518 1953 devotionis
543 1918 687 1952 affectum
711 1929 821 1952 omnes
854 1918 907 1964 qui
947 1917 984 1951 ad
1021 1917 1088 1952 sub-

342 1968 517 2002 ventionem
541 1967 655 2002 Terrae
681 1966 813 2002 Sanctae
844 1967 882 2001 de
912 1966 1002 2001 bonis
1024 1967 1090 2001 suis

341 2029 482 2063 congrue
505 2016 738 2051 ministrabunt.
774 2016 928 2051 Personas
963 2028 1089 2062 quoque

342 2068 482 2114 ipsorum
502 2075 532 2100 et
555 2066 635 2100 bona
662 2078 701 2100 ex
722 2078 784 2113 quo
806 2078 930 2100 crucem
964 2078 1090 2100 assum-

343 2117 463 2163 pserint
488 2116 548 2150 sub
571 2115 650 2149 beati
672 2115 754 2150 Petri
782 2124 813 2150 et
845 2123 948 2150 nostra
984 2123 1089 2162 prote-

342 2166 445 2200 ctione
471 2165 676 2212 suscipimus,
704 2177 827 2199 rit-cnon
851 2173 881 2199 et
906 2164 964 2199 sub
986 2164 1090 2198 archi-

343 2216 576 2262 episcoporum,
598 2223 626 2248 et
650 2215 886 2261 episcoporum,
905 2221 934 2248 et
947 2213 1089 2248 omnium

344 2264 551 2311 praelatorum
595 2263 754 2299 Ecclesiae
802 2263 858 2298 Dei
909 2262 1090 2298 defensione

344 2315 528 2353 consistant,
547 2321 719 2348 statuentes
735 2321 767 2347 ut
779 2313 880 2348 donec
894 2312 932 2348 de
950 2313 1089 2360 ipsorum

344 2363 430 2398 obitu
455 2364 499 2398 vel
531 2363 633 2398 reditu
663 2363 838 2398 certissime
868 2371 1090 2409 cognoscatur,

347 2422 462 2459 integra
494 2420 640 2448 maneant
685 2420 716 2447 et
757 2413 862 2459 quieta
908 2413 1089 2447 consistant.

346 2463 436 2502 Quod
465 2463 490 2497 si
517 2463 683 2509 quisquam
710 2470 816 2497 contra
835 2463 1091 2509 praesumpserit,

349 2523 402 2557 per
443 2511 652 2547 Ecclesiarum
690 2512 855 2559 praelatos,
882 2511 1092 2559 appellatione

348 2562 529 2606 postposita,
561 2574 693 2596 censura
727 2561 936 2596 ecclesiastiea
963 2571 1092 2608 compe-

346 2618 461 2643 scatur
486 2610 518 2644 Si
547 2611 598 2658 qui
627 2623 699 2646 vero
721 2610 986 2658 proficiscentium
1021 2610 1094 2645 illuc

923 228 1022 250 BELLA
1029 229 1058 250 ut
1065 228 1108 250 CM
1136 228 1246 250 RUMAN
1253 228 1296 250 [m

1134 282 1170 317 ad
1195 282 1396 337 praestandas
1417 294 1526 317 usuras
1542 283 1718 317 iuramento
1732 286 1877 315 tenentur

1132 331 1264 375 astricti,
1289 331 1459 367 creditores
1472 343 1581 367 eorum
1605 343 1660 386 per
1673 329 1877 366 eeclesiarum

1134 381 1300 436 praelatos,
1329 388 1362 416 ut
1400 382 1573 417 remittatur
1612 393 1658 416 eis
1694 378 1877 434 praestitum

1134 432 1356 476 iuramentum,
1383 439 1413 466 et
1444 431 1483 466 ab
1520 443 1684 466 usurarum
1715 428 1879 464 exactione

1132 480 1296 526 desistant,
1323 480 1431 516 eadem
1451 480 1667 536 praecipimus
1685 479 1879 515 districtione

1133 530 1291 578 compelli.
1314 530 1405 573 Quod
1434 530 1458 565 si
1495 542 1660 577 quisquam
1688 528 1877 564 creditorum

1133 591 1186 615 eos
1213 580 1250 615 ad
1288 579 1476 615 solutionem
1513 579 1650 625 coegerit
1688 591 1879 632 usurarum,

1132 641 1204 664 eum
1232 629 1270 664 ad
1299 630 1527 664 restitutionem
1550 641 1656 663 earum
1685 627 1779 663 simili
1810 627 1878 674 cogi

1133 679 1402 714 animadversione
1426 678 1624 714 mandamus.
1648 677 1779 713 ludaeos
1807 689 1879 711 vero

1132 728 1168 763 ad
1196 729 1399 764 remittendas
1426 729 1503 776 ipsis
1530 740 1643 763 usuras
1670 739 1724 774 per
1744 727 1880 762 saecula-

1133 790 1198 813 iem
1231 778 1377 826 compelli
1420 778 1630 826 praecipimus
1668 783 1879 832 potestatem,

1132 835 1162 862 et
1188 828 1289 863 donee
1316 827 1385 863 illas
1420 827 1609 871 remiserint,
1652 827 1691 862 ab
1727 826 1880 861 universis

1131 876 1389 912 christifidelibus
1411 885 1476 912 tum
1494 877 1522 911 in
1531 876 1763 932 mercimoniis,
1783 887 1878 923 quam

1132 927 1162 961 in
1181 927 1249 961 aliis
1271 939 1326 974 per
1339 926 1673 962 excommunicationis
1692 925 1877 960 sententiam

1131 977 1176 1010 eis
1215 988 1343 1010 omnino
1384 976 1565 1011 communio
1610 975 1794 1022 denegetur
1837 973 1876 1009 Ut

1131 1034 1235 1060 autem
1257 1025 1373 1061 Terrae
1394 1026 1528 1061 Sanctae
1549 1024 1725 1060 subsidium
1741 1024 1876 1059 divisum

1132 1076 1162 1109 in
1191 1074 1345 1122 plurimos
1385 1075 1505 1110 facilius
1530 1075 1750 1122 impendatur,
1782 1071 1901 1109 obse-

1131 1137 1256 1159 «ramus
1276 1137 1387 1160 omnes
1408 1133 1438 1160 et
1451 1124 1618 1170 singulos,
1633 1136 1688 1172 per
1706 1124 1827 1159 Patrem
1846 1130 1877 1158 et

1130 1173 1259 1218 Filium,
1272 1183 1302 1209 et
1315 1174 1467 1222 Spiritum
1485 1152 1649 1214 Sanctuin,
1662 1186 1760 1208 unum
1774 1173 1875 1208 solnm

1131 1236 1250 1263 verum,
1264 1236 1360 1259 unum
1377 1232 1538 1260 aeternum
1553 1224 1656 1258 Deum
1670 1223 1876 1271 postulanteS‚

1131 1274 1195 1308 vice
1210 1272 1340 1318 Christi,
1356 1286 1411 1321 pro
1432 1273 1618 1318 Ctirisio,ab
1635 1272 1879 1320 archiepiscopis

1130 1331 1161 1358 et
1182 1323 1353 1371 episcopis
1381 1323 1547 1358 abbatibus
1580 1330 1610 1357 et
1635 1322 1815 1369 prioribus,
1849 1330 1879 1357 et

1130 1381 1191 1407 tam
1215 1372 1454 1413 cathedralium,
1482 1385 1576 1420 quam
1598 1371 1729 1407 aliarum
1745 1383 1876 1407 conven-

1130 1422 1260 1457 tualium
1280 1422 1492 1457 Ecclesiarum
1515 1421 1673 1469 capitulis,
1699 1430 1729 1457 et
1755 1422 1878 1457 clericis

1130 1472 1309 1516 universis,
1340 1483 1462 1507 necnon
1497 1470 1696 1511 civitatibus,
1736 1471 1817 1506 villis
1847 1478 1878 1505 et

1129 1521 1265 1568 oppidis,
1299 1528 1529 1568 competentem
1572 1532 1740 1555 numerum
1777 1520 1877 1556 bella-

1129 1578 1230 1605 torum
1262 1583 1334 1605 cum
1374 1570 1521 1617 expensis
1546 1570 1583 1604 ad
1616 1570 1787 1604 triennium
1820 1582 1877 1605 ne-

1130 1620 1274 1654 cessariis
1310 1620 1485 1654 secundum
1525 1619 1670 1667 proprias
1703 1619 1875 1655 facultates.

1130 1669 1167 1704 Et
1193 1670 1217 1703 si
1245 1669 1283 1703 ad
1312 1669 1369 1704 hoc
1392 1681 1489 1704 unum
1517 1668 1680 1716 quodlidet
1698 1682 1760 1704 non
1787 1669 1878 1704 suffe-

1130 1719 1217 1757 cerit,
1247 1718 1335 1765 plura
1356 1719 1590 1765 coniungantur
1611 1719 1643 1753 in
1666 1731 1776 1753 unum.
1795 1718 1877 1761 Quia

1132 1781 1187 1815 pro
1210 1775 1295 1802 certo
1317 1780 1490 1814 speramus,
1512 1768 1595 1814 quod
1628 1780 1780 1814 personae
1815 1781 1876 1802 non

1130 1818 1276 1858 deerunt,
1298 1817 1322 1852 si
1345 1830 1501 1865 expensae
1523 1830 1586 1853 non
1615 1817 1730 1853 desint.
1763 1817 1879 1853 Postu-

1132 1867 1231 1902 lantes
1254 1866 1313 1902 hoc
1347 1867 1450 1912 ipsum
1487 1880 1504 1902 a
1544 1867 1671 1914 regibus
1701 1876 1732 1902 et
1760 1867 1880 1915 princi-

1132 1916 1237 1964 pibus,
1260 1917 1430 1951 comitibus
1456 1925 1487 1952 et
1520 1916 1704 1958 baronibus,
1747 1917 1879 1964 aliisque

1132 1966 1341 2012 magnatibus,
1369 1968 1420 2013 qui
1444 1966 1571 2001 forsitan
1601 1979 1656 2014 per
1671 1967 1792 2012 seipsos
1814 1979 1880 2012 per-

1132 2016 1278 2050 sonaliter
1306 2028 1365 2049 non
1397 2016 1585 2051 accesserint
1620 2016 1656 2051 ad
1692 2016 1878 2072 obsequium

1131 2065 1291 2099 Crueifixi.
1339 2066 1363 2099 A
1405 2065 1584 2100 civitatibus
1611 2078 1684 2101 vero
1715 2066 1880 2101 maritimis

1133 2116 1239 2149 natale
1261 2114 1439 2149 subsidium
1464 2115 1670 2163 postulamus,
1691 2123 1723 2149 et
1751 2127 1789 2149 ne
1804 2115 1880 2149 aliis

1132 2177 1225 2199 onera
1268 2165 1373 2210 gravia
1415 2173 1446 2200 et
1485 2164 1722 2212 importabilia
1716 2176 1878 2212 imponere

1133 2213 1305 2253 videamur
1344 2226 1423 2261 quae
1465 2214 1562 2261 digito
1600 2221 1708 2249 nostro
1753 2226 1878 2249 movere

1133 2263 1283 2307 nolimus,
1326 2271 1535 2310 protestamur
1578 2263 1728 2298 veraciter
1772 2275 1876 2298 coram

1132 2313 1211 2353 Deo,
1234 2313 1305 2359 quia
1341 2313 1425 2360 quod
1462 2313 1501 2348 ab
1537 2312 1606 2348 aliis
1637 2312 1789 2359 exigimus
1831 2314 1878 2348 fa-

1133 2362 1292 2402 ciendum,
1321 2362 1379 2398 hoe
1412 2363 1468 2409 ipsi
1501 2369 1646 2410 prompto
1683 2362 1789 2396 animo
1830 2363 1877 2398 fa-

1132 2412 1263 2447 ciemus.
1286 2411 1418 2447 Clericis
1444 2420 1547 2447 autem
1573 2412 1611 2446 ad
1640 2412 1698 2446 boe
1717 2411 1876 2457 negotium

1133 2461 1317 2496 necessariis
1346 2461 1540 2508 providimus
1570 2460 1812 2507 indulgendum,
1843 2470 1877 2496 ut

1133 2511 1217 2546 omni
1231 2511 1481 2546 contradictione
1496 2518 1637 2546 cessante
1649 2509 1876 2546 beneficiorum

1134 2573 1263 2596 suorum
1287 2569 1458 2615 proventus
1495 2568 1622 2607 propter
1656 2559 1716 2594 hoe
1757 2561 1878 2595 valeant

1136 2622 1234 2658 usque
1256 2611 1292 2645 ad
1310 2610 1476 2645 triennium
1497 2621 1617 2656 pignori
1632 2608 1780 2656 obligare.
1795 2610 1875 2652 Quia

1894 222 1944 250 An.
1962 221 2071 248 0¹21ss

1904 1029 2007 1051 Auxilium
2035 1036 2075 1057 po-

1892 1061 1955 1082 stulat
1985 1061 2010 1082 ab
2038 1067 2075 1082 ar-

1891 1092 1974 1119 chiep„
1998 1092 2074 1119 episc..

1890 1123 1951 1148 abb..
1974 1125 2029 1148 οἱα,
2053 1125 2075 1143 et

1891 1154 2016 1176 bellatorum
2033 1160 2075 1175 nu-

1890 1190 1969 1206 merum
1984 1191 2030 1206 cum
2039 1190 2070 1206 ex·

1891 1218 1963 1244 pensis
1971 1217 1997 1238 ad
2004 1216 2073 1238 trien-

1891 1249 1956 1270 ιιίιιιιι
