2129 3223
176 224 224 252 An.
244 222 270 249 c.
292 223 358 249 1265
420 215 488 248 696

955 226 1052 248 BULLA
1059 226 1140 248 num
1168 226 1325 249 ROMANUM

369 280 478 315 tiarum
501 280 639 314 studium
662 279 805 325 generale
833 280 925 315 rudes
950 281 1106 322 erudiens,
1147 284 1266 313 Urbanus
1289 286 1428 321 episcopus
1439 292 1687 326 servusiservorum
1701 284 1757 318 Dei.
1774 290 1886 313 vonera-

367 329 500 365 reddens
514 328 634 364 debiles
650 330 813 370 virtuosos,
828 338 857 364 et
873 331 954 365 viros
970 330 1107 365 efficiens

368 379 514 412 virtutum
548 379 693 413 varietate
720 378 902 419 foecundos,
930 380 1106 427 horumque

365 428 497 474 gratiosa
534 427 726 463 foecunditas
757 428 926 464 litterarum
962 430 1106 476 dogmite

365 477 518 524 plurimos
539 477 721 519 instruebat3
744 486 774 513 et
795 480 866 526 quia
890 492 945 525 per
963 479 1021 513 hoc
1044 491 1104 512 non

363 526 464 561 solum
487 525 637 568 Palentia,
660 527 715 562 sed
738 536 799 563 tota
821 528 936 563 solebat
956 528 1104 575 Hispania

362 575 535 623 spiritualis
561 586 591 612 et
626 579 805 624 temporalis
833 578 992 624 percipeic.
1023 590 1106 612 com-

362 625 519 660 moditatis
539 635 758 671 augmentum,
780 628 978 674 supplicastis
1000 627 1104 661 humi-

361 674 441 719 liter,
454 683 490 709 ut
504 675 541 710 ad
556 675 806 711 reformationem
825 677 972 724 praedicti
988 676 1102 719 studii,

359 724 444 780 quod
472 732 519 759 est
549 737 611 759 non
639 726 704 761 sine
733 727 831 761 multo
863 726 1002 760 eiusdem
1032 739 1104 773 pro—

360 774 479 809 vinciae
515 773 682 821 dispendio
709 775 907 816 dissolutum,
940 775 1100 822 apostolici

359 823 471 858 favoris
493 832 596 871 partes
618 825 817 872 interponere
839 837 1032 860 curaremus.

406 871 487 908 Cum
527 873 631 919 igitur,
670 874 751 909 sicut
780 875 960 922 accepimus
1003 875 1101 922 ipsius

357 921 460 957 Studii
483 922 660 958 reformatio
680 924 778 970 possit
799 924 900 959 eidem
925 925 1100 971 provinciae

342 971 572 1019 multipliciter
601 972 735 1008 existere
762 973 933 1017 fructuosa,
956 985 1013 1008 nos
1040 986 1101 1009 no-

356 1020 467 1065 lentes,
499 1021 583 1069 quod
610 1021 736 1058 lucerna
769 1030 869 1058 tautae
895 1023 1041 1058 claritatis
1069 1024 1098 1058 in

354 1082 524 1106 commune
541 1071 710 1106 multorum
726 1072 926 1120 dispendium
943 1073 989 1107 sic
1003 1073 1100 1108 extin-

354 1128 402 1155 cta
431 1128 606 1161 remaneat;
629 1121 684 1156 sed
711 1123 874 1170 cupientes
901 1122 1004 1168 potius
1026 1135 1098 1170 par-

354 1178 399 1204 tes
439 1179 560 1206 nostras
598 1170 748 1212 adiicere,
787 1180 822 1206 ut
857 1171 948 1206 solito
989 1171 1098 1207 fortius

164 1215 331 1268 οἵζὲᾞξξξζζῧῒ
352 1219 540 1264 attendatur,
562 1220 634 1261 tuis,
651 1220 744 1255 frater
760 1221 918 1269 episcope,
936 1221 1098 1269 supplica-

354 1269 489 1304 tionibus
527 1269 681 1311 inclinati,
716 1271 864 1305 omnibus
903 1278 933 1305 et
966 1272 1098 1317 singulis

352 1317 536 1354 doctoribus
558 1327 587 1354 et
609 1319 814 1363 scholaribus,
836 1332 916 1368 quos
934 1320 962 1355 in
987 1322 1095 1355 eadem

352 1368 474 1403 civitate
502 1369 533 1403 in
564 1381 763 1416 quacumque
790 1369 936 1405 facultate
971 1371 1097 1405 studete

352 1417 528 1474 coitigerit,
562 1418 647 1464 quod
685 1418 743 1454 illis
771 1419 952 1465 privilegiis,
993 1420 1097 1454 indul-

352 1460 482 1512 gentiis,
526 1466 721 1502 libertatibus
766 1475 797 1502 et
844 1469 1097 1503 immunitatibus

352 1516 525 1562 gaudeant,
553 1516 670 1564 quibus
705 1518 842 1563 magistri
877 1526 908 1552 et
939 1519 1096 1553 scholares

351 1565 489 1611 gaudent
522 1565 660 1607 Parisiis,
696 1567 741 1601 vel
777 1567 808 1601 in
846 1567 916 1602 aliis
941 1567 1030 1611 locis,
1065 1568 1094 1601 in

351 1614 471 1662 quibus
497 1615 628 1650 habetur
649 1615 788 1651 studium
810 1616 966 1662 generale,
987 1626 1096 1652 aucto-

351 1665 442 1699 ritate
464 1665 672 1711 praesentium
697 1665 908 1712 indulgemus.

399 1713 484 1749 Nulli
518 1726 592 1761 ergo
630 1715 761 1751 omnino
800 1716 964 1751 hominum
1006 1716 1096 1751 liceat

353 1762 434 1799 hanc
455 1763 599 1811 paginam
617 1772 741 1800 nostrae
760 1764 1097 1801 concessionis'infrin-

352 1825 426 1860 gere
446 1822 499 1848 etc.

401 1861 515 1898 Datum
543 1863 627 1911 apud
652 1863 769 1899 Urbem
793 1864 935 1900 Veterem
957 1865 1096 1900 secundo

354 1911 424 1948 idus
454 1913 540 1958 maii,
574 1913 776 1960 pontificatus
807 1914 904 1949 nostri
930 1926 1013 1950 auno
1046 1927 1097 1950 se-

353 1961 468 1997 cundo.

412 2018 473 2048 Dat.
492 2019 538 2049 die
558 2019 594 2048 14
617 2020 686 2050 maii
709 2020 794 2058 1263,
813 2021 914 2060 pontif.
938 2031 982 2051 an.
1005 2030 1034 2051 u.

188 625 284 652 supplica
287 629 327 645 tunt

167 656 234 682 Papae
255 662 290 682 pru
311 661 346 677 re-

166 687 271 707 formanda

707 2140 745 2174 X.

357 2210 448 2250 Quod
482 2212 669 2245 ecclesiastici
700 2224 756 2258 per
791 2225 820 2246 se
853 2214 895 2247 ad
927 2214 1096 2247 saecularia

402 2261 518 2294 iudicia
545 2262 684 2306 deleyata
704 2263 749 2295 vel
775 2263 937 2297 ordinaria
964 2264 1096 2297 iurisdi—

403 2310 498 2343 ctione
517 2312 622 2345 relicta
643 2312 726 2345 trahi
750 2313 873 2346 minime
891 2313 1006 2357 possint
1035 2314 1095 2356 (1).

623 2380 837 2411 SUMMARIUM

357 2437 382 2466 1.
404 2436 496 2471 Quam
524 2438 562 2467 sit
589 2447 673 2476 grave
695 2439 910 2469 ecclesiasticos
933 2440 968 2469 ad
994 2448 1096 2469 saecu-

395 2477 466 2506 laria
489 2477 596 2508 iudicia
621 2478 705 2509 trahi:
730 2496 769 2501 —
789 2479 817 2508 2.
836 2479 867 2508 Et
893 2480 982 2509 laicos
1011 2480 1039 2509 iu
1061 2480 1096 2509 iis

396 2516 568 2595 {fumiferam
587 2534 626 2540 —
644 2518 670 2548 3.
694 2518 854 2549 Prohibitio
875 2520 919 2558 (de
940 2529 990 2559 qua
1007 2520 1036 2549 in
1051 2529 1097 2549 ru-

415 2566 472 2585 Ναΐα

392 2616 431 2651 (¹)
446 2617 485 2643 Ex
501 2619 603 2653 Regest.
624 2620 704 2647 Vatic.

1190 329 1288 358 bilibus
1309 329 1445 359 fratribus
1468 330 1685 366 archiepiscopis.
1704 329 1845 365 episcopis.
1858 330 1888 357 et

1189 375 1298 404 dilectis
1317 375 1381 404 filiis
1410 375 1559 409 abbatibus,
1590 375 1736 411 prioribus
1760 375 1790 403 et
1827 373 1889 402 aliis

1189 419 1363 449 Ecclesiarum
1387 421 1529 456 praelatis,
1565 420 1693 456 capitatis
1723 421 1753 448 et
1781 418 1889 447 clericis

1190 465 1322 494 univorsis
1336 466 1472 501 exemptis
1490 467 1519 494 et
1536 472 1588 494 non
1600 465 1744 501 exemptis,
1763 471 1812 500 per
1822 463 1886 492 Tar·

1188 517 1358 539 raconensem
1375 511 1539 546 provinciam
1571 510 1742 543 constitutis,
1771 509 1888 538 salutem

1189 556 1218 584 et
1236 556 1414 591 apostoticam
1431 555 1653 584 benedictionem.

1192 634 1206 674 ἕ
1228 633 1257 664 1.
1280 630 1430 672 Quamvis
1452 630 1491 666 sit
1509 642 1600 677 grave
1624 630 1718 664 nimis
1739 638 1769 664 et
1789 629 1883 664 divini

1145 679 1270 726 plenum
1299 681 1482 715 adversione
1517 680 1639 719 iudicii,
1671 679 1754 726 quod
1789 678 1883 726 aliqui

1143 729 1210 763 laici
1235 729 1344 764 falcem
1368 730 1399 763 in
1423 741 1555 764 messem
1579 728 1704 763 Domini
1727 728 1885 774 sacrilegis

1142 778 1270 813 ausibus
1292 780 1480 825 ingerentes,
1497 791 1644 825 personas
1659 777 1885 813 ecclesiasticas

1141 829 1207 863 suis
1228 828 1571 871 suliiiciendoiudiciis,
1594 828 1623 862 in
1642 828 1813 874 periculum
1836 825 1886 861 Fi-

1141 877 1189 912 dei
1216 878 1458 912 ecclesiasticam
1493 877 1669 912 moliuntur
1704 877 1885 912 subvertere

1142 927 1332 968 libertatem;
1361 927 1419 961 hoc
1450 935 1554 962 tamen
1589 927 1747 961 ardentius
1783 925 1884 961 zelum

1140 985 1317 1011 commovet
1340 976 1479 1021 ultionis,
1506 975 1589 1023 quod
1622 976 1715 1010 iidem
1739 975 1808 1010 laici
1837 975 1884 1010 sui

1142 1026 1311 1061 fomentum
1341 1026 1456 1061 erroris
1483 1025 1632 1060 dicuntur
1665 1025 1695 1060 in
1717 1025 1801 1060 clero
1826 1024 1884 1059 ali-

1139 1076 1262 1122 quoties
1285 1076 1435 1120 invenire,
1463 1075 1539 1110 dum
1572 1075 1677 1109 clerici
1710 1087 1724 1108 a
1750 1074 1883 1118 clericis,

1139 1134 1169 1160 et
1191 1126 1273 1173 quod
1301 1133 1347 1160 est
1368 1125 1504 1171 gravius,
1518 1124 1680 1171 religiosis,
1694 1136 1757 1158 nou
1779 1123 1881 1158 solum

1139 1174 1244 1219 inviti,
1283 1175 1338 1209 sed
1376 1175 1532 1209 interdum
1568 1174 1748 1217 voluntarii,
1769 1173 1881 1220 spretis

1138 1224 1359 1259 ecclesiasticis
1386 1223 1611 1269 tribunalibus,
1632 1223 1670 1259 ad
1693 1222 1816 1271 publica
1837 1222 1882 1256 iu—

1138 1273 1217 1308 dicia
1242 1274 1477 1320 pertrahuntur.

1186 1327 1200 1366 §
1234 1327 1267 1357 ⁶2.
1313 1323 1361 1357 Ad
1394 1335 1486 1358 aures
1521 1334 1656 1369 namque
1688 1321 1879 1369 apostolatus

1138 1373 1233 1407 nostri
1269 1372 1420 1419 pervenit,
1453 1371 1536 1420 quod
1565 1371 1707 1406 nonnulli
1742 1379 1878 1405 vestrum

1137 1422 1203 1457 soro
1225 1422 1436 1457 ecclesiastico
1457 1434 1551 1469 super
1573 1421 1619 1462 iis,
1642 1433 1721 1468 quae
1742 1421 1778 1455 ad
1802 1419 1877 1454 illud

1139 1472 1303 1518 pertinent
1324 1484 1358 1506 se
1382 1480 1488 1506 mutuo
1517 1470 1697 1517 pertrahunt
1728 1470 1765 1504 ad
1794 1469 1879 1504 iudi-

1137 1521 1219 1554 cium
1255 1521 1425 1555 saeculare.
1466 1521 1572 1566 Aliqui
1614 1531 1685 1554 vero
1726 1518 1877 1553 iudicium

1136 1570 1380 1605 ecclesiasticum
1405 1569 1560 1604 retardare
1595 1568 1639 1602 vel
1662 1568 1796 1603 totaliter
1817 1567 1878 1602 im-

1138 1619 1243 1666 pedire
1261 1619 1410 1659 volentes,
1429 1620 1528 1665 regias
1548 1618 1772 1665 prohibitiones
1798 1629 1878 1652 con-

1137 1678 1180 1703 tra
1206 1669 1283 1704 alios
1310 1670 1478 1716 impetrare
1507 1675 1721 1715 praesumunt,
1752 1667 1878 1714 aliquo-

1137 1719 1194 1753 ties
1220 1730 1284 1753 rem
1309 1718 1478 1765 litigiosam
1502 1730 1558 1765 per
1580 1729 1685 1763 regem
1708 1717 1813 1764 ipsum
1847 1724 1877 1751 et

1136 1767 1211 1803 alias
1232 1767 1407 1803 saeculares
1427 1779 1577 1816 personas
1592 1768 1739 1813 occupari
1761 1775 1877 1802 temere

1138 1817 1345 1865 procurando.

1185 1870 1200 1910 §
1227 1871 1258 1901 5.
1287 1866 1367 1909 Quia
1391 1867 1484 1913 igitur
1510 1865 1585 1900 illud
1621 1865 1786 1911 indignum
1819 1872 1877 1906 est,

1137 1923 1166 1951 et
1187 1916 1283 1951 divini
1310 1916 1414 1951 iudicii
1442 1914 1710 1950 animadversione
1731 1914 1879 1961 dignissi-

1139 1978 1234 2007 mum,
1261 1974 1291 2000 et
1313 1965 1383 2000 ideo
1415 1965 1545 1999 minime
1567 1964 1776 2005 tolerandum,
1803 1965 1877 1999 uni-

1138 2015 1272 2050 versitati
1296 2023 1415 2050 vestrae
1433 2014 1608 2050 districtius
1624 2013 1816 2058 inhibemus,
1838 2026 1878 2049 ne

1136 2064 1250 2111 aliquis
1283 2074 1424 2099 vestrum
1458 2063 1490 2098 in
1520 2071 1735 2110 contemptum
1759 2063 1876 2110 publici

1137 2113 1297 2157 beneficii,
1335 2113 1419 2161 quod
1451 2114 1635 2148 clericorum
1672 2113 1803 2159 collegio
1837 2113 1877 2147 ita

1137 2163 1355 2199 inviolabiliter
1376 2171 1423 2197 est
1450 2163 1618 2203 indultum,
1647 2169 1677 2196 ut
1699 2163 1727 2196 ei
1751 2162 1877 2209 privatis

1136 2212 1311 2259 aliquorum
1335 2213 1433 2258 pactis
1455 2213 1502 2247 vel
1525 2212 1730 2247 consensibus
1743 2220 1876 2259 nequeat

1137 2261 1392 2308 derogari,aliOS,
1408 2274 1466 2297 suo
1484 2263 1591 2297 relicto
1610 2261 1724 2306 iudice,
1745 2260 1783 2296 ad
1811 2274 1876 2308 pu—

1138 2310 1216 2345 blica
1243 2311 1364 2346 tradere
1386 2312 1498 2346 iudicia
1527 2320 1686 2359 praetextu
1709 2319 1876 2346 cousuetu—

1136 2361 1228 2401 dinis,
1251 2374 1311 2408 qua
1334 2362 1461 2409 quidam
1489 2374 1523 2396 se
1545 2373 1640 2408 super
1666 2360 1735 2405 hoc,
1766 2369 1797 2394 ut
1827 2360 1876 2395 di-

1136 2411 1228 2454 citur,
1256 2412 1378 2446 munire
1412 2411 1624 2451 contendunt,
1660 2410 1802 2456 quamvis
1843 2410 1874 2444 in

1137 2460 1248 2495 talibus
1284 2461 1385 2508 aliqua
1426 2460 1622 2496 consuetudo
1659 2459 1875 2495 convalescere

1137 2517 1282 2556 nequeat,
1304 2511 1351 2544 vel
1375 2511 1538 2557 impetrare
1573 2508 1801 2558 prohibitiones
1822 2517 1875 2544 aut

1136 2560 1357 2605 occupationes
1391 2572 1557 2607 procurare
1596 2558 1774 2593 huiusmodi
1812 2571 1873 2595 non

1137 2617 1325 2656 praesumat.
1360 2607 1424 2644 Nos
1458 2609 1540 2643 enim
1575 2608 1732 2651 timentes,
1756 2620 1794 2644 ne
1821 2621 1876 2644 vos

1873 207 1878 210 ’
1902 221 1952 248 An.
1969 220 2000 249 c.
2014 220 2081 249 noa

2004 280 2027 302 r

1906 636 1970 662 Quam
1980 637 2007 656 sit
2017 641 2080 662 grave

1877 679 1883 684 ·
1911 665 2069 688 ecclesiasticos

1898 698 1922 718 stt
1963 697 2081 719 saecularia

1898 729 1975 749 iudicia
1988 728 2055 749 trahi:

1906 1327 1930 1349 Et
1939 1328 2005 1350 imo·
2014 1329 2036 1348 in
2047 1329 2074 1350 nn
2127 1321 2129 1358 j

1893 1360 2013 1381 immisceri.

1905 1872 2021 1894 prohibitio
2037 1873 2072 1898 (de

1852 1914 1859 1920 ·
1893 1909 1934 1931 qua
1944 1904 1964 1924 in
1971 1903 2072 1930 rubrica).
