2129 3223
397 278 464 311 794

345 353 464 389 presse,
487 352 526 375 ne
548 340 648 387 ipsius
666 339 836 376 Conradini
872 341 1012 377 dominio
1047 342 1093 376 vel

346 390 487 437 regimini
509 402 578 424 sese
600 399 827 437 supponerent,
853 399 907 426 aut
934 403 1020 430 eum,
1048 390 1094 425 vel

345 452 402 486 pro
425 439 503 485 ipso,
531 440 595 474 sive
624 440 653 473 in
682 439 829 482 favorem,
865 441 964 488 ipsius
998 441 1093 476 aliurn

345 490 375 522 in
401 495 583 535 potestatem
619 488 818 524 admitterent
844 491 890 525 vel
930 498 1094 530 rectorem,

343 549 545 585 quocumque
565 538 692 573 nomine
721 547 926 582 censeretur,
961 540 1007 574 vel
1053 539 1094 583 ei,

342 587 407 620 sive
429 586 479 621 alii
504 599 560 634 pro
584 588 665 635 ipso,
687 595 739 622 aut
764 589 794 622 in
822 589 958 623 favorem
996 588 1095 634 ipsius

343 636 372 670 in
389 647 433 675 sc,
454 644 550 672 terras
568 650 622 671 seu
635 637 797 672 districtus
815 650 900 681 suos,
916 638 1092 672 dominium

343 685 388 719 vel
416 685 541 732 aliquod
567 698 659 732 posse
690 687 912 728 concederent,
946 699 1005 721 nec
1039 699 1094 721 so-

342 735 499 778 cietatem,
521 736 772 770 coniurationem
796 745 847 771 ant
886 735 996 770 foedus
1038 736 1092 770 ini-

341 792 411 817 rent
432 796 504 818 cuni
529 785 582 819 illo
608 797 662 820 seu
686 786 747 820 alio
770 786 799 820 in
823 798 915 820 suum
939 785 1091 820 auxilium

342 833 388 867 vel
416 832 565 875 favorem,
588 833 658 869 illos
680 847 764 876 vero,
802 835 854 882 qui
890 847 982 870 secus
1013 847 1093 881 qua-

341 894 479 930 cumque
501 883 733 919 machinatione
756 884 893 919 sacercnt
915 883 1094 919 cuiuscum-

340 943 402 978 que
451 932 551 967 forent
602 934 880 980 praeeminentiae,
931 933 1093 980 dignitatis

340 988 394 1015 aut
410 989 521 1022 status,
542 983 878 1018 excommunicationis
892 982 1093 1027 sententiam,

340 1042 434 1078 quam
463 1043 499 1066 ex
528 1039 603 1066 tunc
625 1031 655 1066 in
678 1044 733 1067 eos
759 1032 902 1074 tulimus,
932 1032 1093 1068 incurrere

340 1080 498 1114 voluimus
526 1081 592 1127 ipso
615 1080 706 1116 facto.

390 1133 405 1172 §5
428 1130 460 1164 3.
484 1129 636 1165 Praelatis
657 1143 784 1178 quoque
810 1130 959 1165 omnibus
999 1143 1092 1178 prae-

143 1177 492 1229 t(2¹25ss{22:¹25ssdiximus,
514 1180 598 1226 quod
620 1180 645 1214 si
673 1188 781 1215 contra
804 1181 973 1227 praemissa
1006 1181 1093 1215 veni-

141 1229 283 1265 buipoenae.
342 1236 421 1267 rent,
443 1228 665 1264 ecclesiasticis
686 1242 741 1265 eos
763 1229 981 1275 dignitatibus,
1001 1238 1093 1277 prout

339 1277 486 1312 suaderet
514 1279 641 1323 iustitia,
663 1286 694 1313 et
720 1279 860 1326 reliquos
883 1279 1017 1314 clericos
1029 1292 1091 1314 non

342 1327 495 1373 praelatos
522 1327 693 1370 beneficiis,
721 1329 744 1362 si
772 1340 832 1375 qua
856 1328 959 1363 forsan
994 1328 1093 1364 habe·

340 1384 420 1416 rent,
460 1377 655 1423 privaremus
691 1385 721 1412 et
760 1377 965 1412 redderemus
999 1378 1092 1413 inha-

341 1424 420 1459 biles
441 1426 478 1459 ad
503 1425 658 1461 habenda.
682 1425 786 1461 Laicis
807 1427 899 1461 etiam
928 1426 1090 1468 omnibus,

339 1485 375 1507 ac
398 1475 566 1522 praecipue
589 1476 751 1522 temporali
785 1476 991 1510 iurisdictioni
1027 1475 1091 1511 Ec-

339 1522 453 1558 clesiae
473 1524 628 1570 praefatae
655 1525 804 1559 subiectis
826 1532 933 1571 aperte
963 1524 1090 1559 denun-

340 1572 504 1614 ciavimus,
540 1573 624 1620 quod
663 1574 687 1608 si
730 1573 910 1608 huiusmodi
952 1582 1090 1609 nostram

340 1621 562 1657 inhibitionem
586 1622 780 1669 negligerent
807 1623 984 1663 observare,
1024 1624 1089 1670 pri-

339 1683 483 1706 varemus
510 1683 566 1707 eos
595 1671 697 1707 feudis
723 1671 928 1720 quibuslibet,
955 1684 1034 1719 quae
1053 1673 1091 1707 ab

339 1719 489 1755 Ecclesiis
510 1729 564 1756 aut
592 1722 734 1768 personis
760 1722 980 1756 ecelesiasticis
1007 1722 1090 1756 obti-

339 1778 460 1804 nerent:
483 1782 519 1805 ac
545 1770 708 1811 vassallos,
736 1770 761 1805 si
785 1782 867 1817 qnos
889 1770 1052 1811 haberent,
1073 1784 1089 1806 a

339 1817 443 1853 fidi-lit.
457 1821 497 1854 t‘s
518 1819 753 1854 absolveremus
776 1820 960 1860 iuramento,
981 1821 1004 1853 si
1026 1832 1090 1867 quo

339 1876 523 1904 tenerentur
556 1870 686 1912 eisdem,
713 1879 743 1904 et
775 1881 926 1915 personas
960 1881 1089 1914 eorum,

339 1919 416 1952 citra
440 1918 549 1952 mortis
570 1927 599 1953 et
621 1918 826 1953 mutilationis
854 1919 1039 1966 pericnlum,
1055 1931 1089 1953 ac

338 1965 419 2001 bona
450 1967 604 2014 ipsorum,
635 1969 711 2002 itaut
748 1981 782 2003 ea
816 1975 919 2015 posset
960 1968 1090 2015 quilibet

339 2027 507 2063 occupare,
534 2018 663 2052 licenter
701 2030 859 2064 exponere
892 2029 1087 2052 curaremus.

339 2064 488 2101 Civitates
512 2079 595 2111 vero,
617 2067 861 2102 communitates
887 2075 917 2101 et
941 2066 1091 2101 universi-

340 2122 417 2148 tates
438 2116 605 2162 quaslibet,
620 2127 700 2162 quae
717 2116 884 2162 praefatam
902 2116 1089 2162 prohihitio-

339 2176 411 2198 nem
435 2173 573 2199 nostram
601 2166 716 2200 violare
751 2177 954 2213 quocumque
989 2165 1087 2210 dolo,

339 2212 478 2258 ingenio,
500 2224 565 2248 arte
593 2215 640 2249 vet
666 2215 897 2249 machinatione
922 2223 1088 2259 tentarent,

339 2263 497 2298 voluimus
525 2264 681 2298 interdicti
704 2265 876 2298 sententiae
898 2264 1071 2298 subiacere.

388 2315 403 2354 ἓ
435 2316 467 2346 4.
496 2311 642 2359 Cumque
680 2313 837 2360 praefatus
870 2312 1087 2356 Conradinus,

144 2360 517 2416 .1j⁴,l'.,„,⁵.⁴}.¹ii⁰¹1¹.¹tis¹praem-'9¹³³
550 2362 754 2397 inhibitiones
776 2372 806 2397 et
827 2363 1089 2397 comminationes

144 2410 522 2444 ÷=1t40auntir0=.1·.-.buinsmodi
561 2420 819 2457 praesumptuose
862 2420 1088 2454 contemnens,

143 2451 291 2470 '¹¹¹'b⁹'³'‘'¹‘⁹⁵
341 2470 538 2506 nequaquam
565 2460 726 2495 abstinens
747 2473 762 2495 a
788 2461 986 2507 praemissis,
1013 2473 1088 2494 suos

342 2508 371 2540 in
390 2508 501 2543 Tuscia
525 2509 681 2543 diceretur
708 2510 838 2544 vicarios
860 2510 1036 2551 ordinasse,
1053 2521 1088 2544 ac

340 2556 465 2591 Siciliae
491 2570 523 2591 se
551 2570 655 2604 regem
681 2559 854 2602 intitulatis,
881 2559 992 2593 litteris
1021 2567 1088 2593 ute-

342 2615 427 2639 retur
464 2607 523 2641 sub
559 2608 770 2643 intitulatione
806 2619 842 2643 ac
881 2609 1088 2654 impressione

340 2655 518 2701 praedictis,
543 2665 574 2690 nt
599 2666 709 2691 tri-ram
735 2658 763 2691 in
789 2657 862 2691 dicti
887 2658 970 2705 regis
998 2670 1088 2705 prac-

148 287 196 312 An.
215 285 244 313 C.
264 286 332 314 1268

920 288 1022 311 mJLLA
1028 288 1058 310 Rl
1065 288 1110 310 ΟΜ
1137 287 1300 311 ROMANUM

1900 287 1950 314 An.
1968 285 1998 313 C.
2014 285 2082 313 ¹2⁶8

1137 341 1288 376 iudicium
1304 349 1526 383 commoveret,
1549 342 1693 377 scandala
1710 342 1884 383 suscitaret,

1138 390 1296 425 Ecclesiae
1329 391 1467 426 turbaret
1503 403 1628 438 pacem,
1669 404 1724 437 pro
1758 390 1885 426 Siciliae

1137 452 1209 487 rege
1237 452 1271 475 se
1295 452 1425 486 gerens,
1457 441 1539 475 velut
1575 453 1627 475 rex
1654 440 1783 476 Siciliae
1810 441 1884 476 dicti

1137 490 1221 536 regni
1245 490 1410 536 partiretur
1435 489 1546 531 officia,
1569 490 1717 525 officiales
1740 490 1886 525 institue-

1136 547 1193 583 ret,
1227 538 1342 574 milites
1372 538 1563 583 sollicitaret,
1593 539 1716 586 aliquos
1744 540 1885 586 promis-

1135 588 1279 623 sionibus
1300 588 1450 627 alliceret,
1476 587 1637 623 nonnullis
1659 588 1821 636 privilegia
1841 589 1886 624 in-

1135 638 1289 685 dulgeret,
1308 637 1550 685 quampluribus
1572 638 1662 672 ctiam
1686 637 1768 673 dona
1787 639 1817 673 in
1835 650 1886 674 eo—

1135 688 1204 721 dem
1233 699 1329 733 regno
1362 686 1568 727 concederet,
1601 687 1682 722 sicut
1709 687 1882 722 litterarum

1134 744 1164 771 et
1187 737 1422 783 privilegiorum
1446 735 1644 780 huiusmodi,
1667 748 1747 783 quae
1768 736 1804 771 ad
1826 748 1884 771 ma-

1136 797 1194 820 nns
1217 794 1340 820 nostras
1371 786 1578 825 devenerant,
1601 797 1660 820 nos
1686 793 1789 820 certos
1811 785 1886 821 red-

1135 835 1214 869 didit
1236 835 1274 869 de
1298 834 1463 881 praedictis
1485 835 1652 881 inspectio;
1677 847 1734 870 nos
1757 836 1886 870 univer-

1134 897 1183 919 sas
1210 892 1240 918 et
1263 884 1404 930 singulas
1430 884 1645 928 inhibitiones,
1671 884 1887 919 denunciatio-

1136 946 1208 974 ues,
1231 934 1493 968 comminationes
1513 941 1543 968 et
1569 934 1742 968 sententias
1764 946 1886 968 memo-

1135 991 1230 1026 ratas,
1257 982 1296 1017 de
1330 982 1560 1029 praedictorum
1590 982 1718 1017 fratrum
1742 983 1885 1026 consilio,

1135 1033 1164 1066 iu
1188 1032 1238 1066 die
1261 1030 1387 1067 Coenae
1402 1032 1542 1077 Domini,
1565 1031 1768 1079 pontificatus
1787 1034 1883 1067 nostri

1133 1093 1215 1116 anno
1250 1082 1357 1125 tertio,
1394 1081 1425 1115 in
1460 1081 1517 1116 hac
1550 1081 1657 1116 eadem
1692 1081 1881 1116 Viterbiensi

1133 1131 1286 1171 Ecclesia,
1315 1138 1478 1177 praesente
1500 1138 1576 1165 tunc
1598 1130 1802 1166 multitudine
1828 1143 1885 1165 co-

1135 1181 1220 1227 piosa
1244 1179 1397 1221 fidelium,
1421 1180 1638 1215 innovationes
1658 1191 1781 1224 omnes,
1801 1187 1831 1214 et
1847 1179 1885 1214 it-

1135 1231 1192 1274 los,
1214 1230 1266 1276 qni
1290 1239 1398 1264 contra
1420 1229 1546 1264 easdem
1575 1228 1792 1270 inhibitiones,
1827 1229 1886 1264 de—

1135 1287 1354 1313 nunciationes
1393 1286 1424 1313 et
1469 1287 1730 1313 comminationes
1767 1286 1884 1313 temere

1135 1327 1306 1372 veniendo,
1330 1329 1360 1362 in
1394 1327 1561 1375 praefatam
1585 1328 1772 1362 sententiam
1797 1328 1884 1362 inci—

1133 1377 1261 1422 derunt,
1283 1389 1318 1412 ac
1340 1376 1518 1424 specialiter
1539 1377 1657 1412 incolas
1671 1377 1762 1411 castri
1777 1376 1882 1412 Sancti

1133 1427 1252 1461 Miniati
1287 1426 1434 1461 Lucanae
1467 1427 1640 1470 dioecesis,
1684 1426 1735 1472 qui
1769 1426 1884 1473 spretis

1134 1476 1299 1522 praedictis
1322 1476 1438 1511 nostris
1454 1475 1694 1511 inhibitionibus
1717 1484 1747 1510 et
1764 1475 1884 1510 denun-

1132 1524 1334 1570 ciationibus,
1371 1525 1512 1559 eiusdem
1547 1524 1721 1560 Conradini
1746 1524 1883 1560 fautores

1131 1582 1160 1609 et
1194 1575 1328 1609 nuncios
1373 1582 1583 1620 receperunt,
1620 1573 1884 1608 denunciavimus

1133 1622 1318 1671 praelibatas
1356 1624 1528 1658 sententias
1570 1623 1759 1658 incurrisse:
1798 1623 1882 1670 ipsos

1133 1672 1350 1716 nihilominus,
1376 1680 1453 1707 tunc
1487 1674 1525 1708 de
1553 1684 1633 1707 novo
1659 1672 1881 1706 excommuni-

1131 1722 1273 1762 cationis,
1295 1729 1324 1756 et
1347 1730 1482 1756 castrum
1507 1722 1700 1768 praedictum
1725 1720 1880 1756 interdicti

1131 1771 1298 1805 sententiis
1337 1779 1564 1818 supponentes,
1602 1778 1631 1805 et
1665 1770 1881 1817 praedicentes

1131 1829 1237 1868 aperte
1262 1832 1320 1854 nos
1342 1820 1493 1854 adversus
1515 1832 1569 1854 eos
1592 1820 1666 1864 (nisi
1690 1826 1881 1869 memoratos

1131 1869 1268 1904 fautores
1291 1877 1321 1904 et
1348 1870 1480 1904 nuncios
1508 1869 1586 1904 infra
1608 1869 1790 1916 quindecim
1813 1868 1880 1903 dies

1131 1927 1201 1965 post
1223 1919 1343 1953 instans
1376 1927 1450 1953 tunc
1484 1918 1599 1953 festum
1630 1918 1880 1953 Resurrectionis

1131 1968 1316 2002 Dominicae
1342 1967 1382 2002 de
1404 1968 1561 2015 praedicto
1588 1976 1691 2002 castro
1712 1967 1879 2011 elicerent,

1130 2018 1216 2065 ipsos
1232 2029 1392 2064 nunquam
1411 2018 1619 2065 receptaturi,
1641 2017 1707 2052 sive
1724 2018 1877 2063 recepturi

1131 2067 1345 2114 postmodum,
1368 2074 1397 2101 et
1424 2079 1440 2102 a
1460 2066 1612 2101 nominati
1634 2065 1806 2101 Conradini
1827 2065 1881 2100 fa-

1131 2129 1202 2151 vore
1230 2116 1359 2151 omnino
1381 2116 1585 2160 desisterent)
1616 2116 1759 2162 gravius,
1786 2115 1880 2161 spiri-

1131 2165 1256 2200 tualiter
1277 2173 1309 2200 et
1330 2166 1564 2212 temporaliter,
1588 2172 1679 2212 prout
1701 2164 1766 2199 fore
1786 2173 1879 2212 puta-

1131 2227 1234 2250 remus
1260 2215 1444 2260 expediens,
1473 2226 1683 2261 processuros.

1177 2268 1192 2308 ἕ
1215 2266 1246 2298 5.
1270 2263 1442 2299 Memorato
1463 2276 1590 2311 quoque
1611 2262 1792 2298 Conradino
1818 2262 1876 2297 ite·
1904 2269 1952 2290 Dies
1972 2269 2074 2306 Com-5¹5¹*-

1129 2321 1196 2348 rato
1221 2313 1260 2348 de
1283 2312 1422 2359 ipsorum
1446 2313 1573 2348 fratrum
1591 2313 1723 2347 consilio
1739 2311 1875 2346 districte
1890 2299 2074 2357 iffaneiaf’c'iiin'gg

1129 2362 1361 2409 praecepimus,
1385 2370 1416 2396 ut
1439 2375 1456 2397 a
1484 2362 1661 2409 praemissis
1682 2362 1812 2396 omnino
1825 2359 1874 2396 ab·
1889 2361 1937 2413 {53¹¹
1962 2362 2075 2414 '‘laffiffi'g:

1128 2412 1258 2455 stinens,
1281 2411 1395 2446 similia
1411 2411 1497 2446 nullo
1524 2411 1617 2446 inodo
1645 2422 1780 2458 unquam
1795 2418 1874 2444 tem—
1891 2407 1928 2443 .ἑ·ι,
1948 2400 1958 2419 ¹³

1130 2473 1204 2508 pore
1235 2468 1414 2495 attentaret:
1443 2460 1580 2508 alioquin
1609 2461 1710 2506 ipsum
1739 2472 1776 2494 ex
1801 2468 1874 2494 tunc

1129 2510 1464 2544 excommunicationis
1492 2510 1646 2545 sententia
1677 2509 1874 2547 innodantes,

1128 2560 1292 2594 citavimus
1313 2572 1385 2594 eum
1405 2559 1625 2606 peremptorie,
1642 2558 1726 2605 quod
1742 2557 1820 2593 infra
1836 2557 1876 2592 fe-

1128 2617 1210 2643 stum
1229 2609 1387 2643 beatorum
1402 2609 1613 2656 apostolorum
1627 2607 1711 2642 Petri
1727 2616 1758 2643 et
1775 2607 1873 2641 Pauli⁴

1129 2667 1203 2692 tunc
1228 2659 1326 2704 primo
1359 2666 1537 2701 venturum,
1560 2657 1656 2703 quod*
1669 2669 1723 2699 pro
1751 2668 1875 2702 perem-
