2129 3223
162 270 209 295 An.
229 267 247 293 C
277 266 344 293 ‘256

409 255 478 288 644

359 321 489 356 tutionis
517 318 660 364 paginam
697 316 797 350 sciens
828 323 933 349 contra
967 325 1034 348 eam
1059 321 1106 347 te-

359 382 441 405 mere
466 367 571 403 venire
593 365 774 403 tentaverit,
798 363 956 407 secundo,
978 362 1106 397 tertiove

357 416 560 456 commonita,
588 414 650 449 nisi
684 422 802 448 reatum
840 425 932 447 suum
967 423 1105 457 congrua

357 466 567 503 satisfactione
591 463 773 506 correxerit,
803 461 977 510 potestatiS,
1005 461 1106 495 liono-

358 518 461 563 risque
490 515 538 549 sui
569 513 720 560 dignitate
747 519 868 555 careat,
905 522 1051 556 reamque
1073 522 1106 545 se

357 566 462 600 dii-ino
489 563 606 599 iudicio
632 562 764 597 existere
786 560 824 595 de
849 567 1025 607 perpetrata
1050 560 1107 593 ini-

356 617 474 662 quitate
497 619 676 659 cognoscat,
702 619 733 645 et
754 624 769 645 a
797 610 1006 644 sacratissimo
1033 608 1106 644 Cor-

358 676 431 710 pore
464 671 495 697 et
521 661 683 708 Sanguine
716 659 772 695 Dei
805 672 839 694 ac
882 657 1009 693 Domini
1038 658 1103 692 Re-

357 712 530 760 (lemptoris
552 711 649 745 nostri
679 709 748 744 lesu
774 708 890 743 Cliristi
914 707 1012 742 aliena
1040 707 1106 753 fiai,

357 771 450 810 atque
473 762 504 796 in
531 769 671 795 extremo
693 758 837 793 examine
859 757 1017 793 districtae
1035 757 1107 792 sub-

357 811 456 846 iaceat
472 810 595 844 ultioni.
615 808 748 844 Cunctis
770 815 874 842 autein
896 806 1014 841 eisdem
1029 805 1106 842 locis

356 872 412 895 sua
431 860 498 894 iura
525 857 725 894 servantibus
751 857 790 891 sit
818 868 876 903 pax
898 855 1025 890 Domini
1049 867 1105 890 no-

356 910 410 944 stri
428 908 499 943 lesu
517 907 650 951 Christi,
672 914 828 952 quatenus
846 913 875 939 et
900 905 951 939 hic
968 904 1103 939 fructum

356 958 457 993 bonae
478 957 609 992 actionis
632 954 823 1004 percipiant,
850 962 881 989 et
903 953 985 1001 apud
1004 952 1106 988 distri-

356 1014 439 1041 ctum
461 1005 600 1040 iudicem
624 1004 760 1052 praemia
783 1012 927 1038 aeternae
949 1003 1033 1049 pacis
1055 1002 1103 1036 iii-

356 1057 490 1089 veniant,
519 1055 636 1098 Amen,
662 1064 765 1087 amen.

405 1104 518 1138 Datum
546 1103 719 1149 Anagniae,
744 1114 796 1147 per
819 1114 946 1136 manum
966 1101 1104 1146 magistri

355 1153 490 1188 Rolandi
511 1162 636 1188 sanctae
652 1151 813 1186 Romanae
835 1150 994 1185 Ecclesiae
1029 1151 1107 1184 vice-

355 1202 541 1242 cancellarii,
577 1202 688 1248 quinto
723 1199 871 1235 kalendas
903 1198 1104 1246 septembris,

356 1252 529 1286 indictione
577 1250 808 1297 decimaquarta
825 1276 832 1287 ,
881 1248 1106 1283 incarnationis

355 1300 531 1335 dominicae
571 1311 653 1333 anno
688 1298 854 1333 millesimo
887 1297 1106 1332 ducentesimo

355 1349 616 1396 quinquagesimo
638 1356 737 1387 sexto,
766 1346 964 1394 pontificatus
986 1346 1105 1380 domini

356 1397 526 1433 Alexandri
554 1396 656 1443 Papae
675 1397 777 1443 quarti
807 1407 889 1430 anno
917 1395 1067 1431 secundo.

396 1458 456 1488 Dat.
469 1459 515 1488 die
531 1458 568 1487 28
587 1458 704 1496 augusti
721 1457 806 1489 1256,
824 1456 925 1495 pontif.
942 1465 1018 1486 anno
1037 1465 1066 1486 11.

672 1597 798 1631 XXXV.
1121 1567 1131 2173 ἲ

356 1672 528 1704 Damnalio
551 1672 643 1709 iibri,
674 1668 721 1703 De
742 1668 896 1702 Pericnlis
927 1669 1109 1702 novissimo-

407 1731 475 1753 rum
512 1727 689 1764 temporum
727 1719 917 1762 nuncupati,
956 1718 1108 1751 nonnulla

404 1770 520 1812 impia,
541 1768 721 1801 scandaloso
748 1774 774 1800 e!
801 1767 987 1800 execrabilia
1012 1768 1109 1799 conci-

405 1824 510 1850 neritis.

627 1884 842 1915 SL'MMARIL‘M

356 1947 479 1977 Romani
516 1946 666 1976 Pontificis
699 1955 756 1985 quo
793 1947 885 1976 maior
915 1951 1051 1985 potestaS,
1075 1956 1109 1977 eo

398 1991 490 2020 maior
513 1990 693 2021 sollicitudo:
724 2007 763 2013 --
793 1990 937 2026 Quoniam
970 1991 1108 2021 omnibus

397 2035 483 2065 debet
502 2034 642 2065 Ecclesiis
660 2039 689 2064 et
706 2034 951 2065 christifidelibus
971 2044 1108 2074 praeesse:

398 2096 435 2102 —
451 2079 477 2109 t.
495 2078 642 2118 Multaque
660 2079 781 2116 negocia
801 2080 834 2108 ad
852 2088 918 2109 euin
936 2079 1109 2110 deferuntur

399 2123 601 2153 examinanda.
623 2140 661 2145 ——
683 2122 711 2152 Ξ.
735 2121 891 2152 Daenionis
917 2123 1108 2153 calliditatem

400 2169 514 2206 exponit
538 2168 646 2197 zizania
671 2176 788 2206 semper
807 2168 991 2196 seminantis.
1015 2184 1051 2190 —
1080 2168 1130 2200 4ΙΔ

399 2212 519 2241 Librum
551 2210 700 2241 Guillelmi
724 2220 738 2240 a
770 2210 798 2241 S.
829 2212 932 2241 Amore
963 2209 1130 2251 pernicio-f

400 2265 465 2286 sum
495 2257 621 2285 examini
650 2264 680 2285 se
713 2264 905 2294 supposuisse
934 2260 982 2285 ait.
1016 2271 1054 2278 —
1082 2256 1130 2295 5.2

400 2300 431 2331 Ei
441 2309 521 2331 rures
545 2303 574 2330 ill
597 2309 630 2330 eo
649 2300 762 2338 quales.
779 2303 853 2330 ——o.
879 2299 1052 2330 Damnaturi
1073 2299 1131 2356 -ὶ

402 2344 427 2374 7.
450 2343 580 2384 Eiusque
612 2344 782 2374 defensores
811 2349 1130 2374 excominuntcatitur.i

405 2415 553 2444 Alexander
572 2417 713 2451 episeopus
739 2421 836 2444 serviis
854 2421 992 2443 servorum
1009 2415 1064 2446 nei,
1127 2395 1132 2448 f

495 2461 529 2489 nd
547 2466 709 2497 perpetuam
747 2460 787 2488 rei
810 2459 975 2488 memoriam.
1128 2459 1131 2473 ¹

935 257 1121 281 eruanimi
1143 255 1305 279 ROMANOE

1912 255 1961 282 An.
1979 254 2007 281 C.
2024 255 2092 283 1236

1146 311 1252 355 mei-is,
1280 318 1310 346 et
1339 311 1580 357 cogitationibus
1611 310 1728 358 rapitur
1749 310 1894 351 infinitis,
1918 316 2009 353 ,Βθφεῠῑ
2034 314 2093 338 ‘⁰⁸‘

1145 361 1218 407 quia
1244 360 1433 395 eminentior
1459 360 1590 396 caeteris
1615 359 1715 396 Sedes
1742 360 1811 396 eius
1836 359 1895 395 sol·
1908 348 2092 406 ζξῗζῖἑξζῗξξξῖ

1147 409 1328 445 licitudines
1349 409 1408 444 sibi
1431 409 1679 445 vehementiores
1705 409 1893 450 accumulat,
1909 411 1941 431 ‘⁰‘
1958 409 2090 431 ⁵⁰¹¹³⁰i²¹¹⁶⁰³

1146 467 1175 493 et
1211 459 1309 505 ipsius
1340 459 1508 494 auctoritas
1535 459 1648 506 potior,
1675 458 1894 494 meditationes

1146 509 1174 543 ei
1196 508 1380 555 multiplicat
1402 508 1582 556 ampliores.
1610 508 1682 550 Quo
1694 508 1780 544 enim
1802 507 1895 543 altius

1147 557 1318 604 praesidet,
1353 570 1391 592 eo
1415 558 1539 604 longius
1578 558 1733 605 latiusque
1759 558 1895 593 circum-

1146 607 1250 654 spicit,
1268 615 1298 642 et
1324 615 1442 654 quanto
1465 607 1536 653 plus
1558 614 1659 654 potest
1672 606 1787 651 officio,
1809 614 1894 642 tanto

1147 655 1273 691 maioris
1289 656 1463 702 vigilantiae
1478 655 1537 690 sibi
1553 655 1674 690 sarcina
1694 655 1895 697 incumbente

1147 705 1216 751 plus
1245 715 1370 751 pensam
1397 705 1546 752 quoniam
1571 704 1724 740 maximae
1751 704 1894 751 dignitati

1148 754 1308 800 potissima
1330 753 1509 789 sollicitudo
1527 753 1698 796 cohaeret,-
1712 761 1742 788 et
1754 753 1895 788 altiorem

1147 803 1299 838 bonorem
1331 815 1413 838 onus
1434 803 1560 849 gravius
1586 803 1770 844 comitatur,
1797 814 1897 838 eura—

1145 865 1207 900 que
1231 851 1385 898 profusior
1406 851 1638 886 ardentioribus
1659 852 1798 887 stimulis
1812 865 1896 887 men-

1146 909 1208 936 tem
1233 909 1334 948 urget.
1358 901 1452 936 Unde
1476 913 1548 936 cum
1571 901 1639 936 aliis
1666 900 1805 948 plebium
1826 901 1895 936 fide-

1146 950 1224 985 lium
1249 950 1442 997 pastoribus,
1478 949 1595 997 quibus
1619 962 1694 996 grex
1717 950 1896 985 dominicus
1922 964 2024 991 Quoniam
2048 971 2095 986 om—

1909 996 1971 1017 ntbua
1985 995 2050 1016 debet
2057 995 2096 1017 Ee-

1148 998 1376 1046 particulai·iter
1401 1008 1447 1033 est
1485 999 1693 1043 commissus,
1733 999 2095 1047 immineateleffintffl-

1146 1048 1185 1083 de
1217 1060 1346 1083 suarum
1376 1048 1587 1083 Ecclesiarum
1615 1048 1785 1083 eminentia
1815 1048 1897 1094 vigi-

1147 1098 1245 1132 lanter
1267 1097 1304 1132 ad
1331 1109 1404 1132 suas
1431 1109 1504 1132 oves
1535 1097 1707 1141 attendere,
1742 1097 1898 1133 incumbit

1147 1147 1256 1194 utique
1291 1145 1435 1181 Romano
1468 1146 1635 1186 Praesuli,
1666 1147 1716 1181 cui
1749 1155 1796 1182 est
1821 1158 1896 1194 grex

1146 1195 1214 1243 ipse
1240 1195 1599 1242 generaliter-creditus,
1625 1195 1665 1230 de
1689 1195 1818 1230 sublimi
1839 1195 1899 1231 Ec·

1146 1244 1311 1279 clesiarum
1342 1245 1465 1285 vertice,
1498 1244 1581 1279 Sede
1607 1244 1728 1279 scilicet
1759 1244 1898 1292 Aposto-

1147 1293 1222 1337 lica,
1247 1293 1435 1341 propensius
1460 1294 1498 1328 ad
1522 1294 1610 1328 illum
1632 1301 1663 1329 et
1685 1293 1837 1329 instanter
1853 1295 1899 1329 in-

1147 1344 1239 1383 tueri;
1267 1344 1337 1390 quia
1361 1355 1434 1377 cum
1460 1343 1491 1378 bi
1519 1342 1584 1377 suis
1606 1342 1747 1378 limitatis
1774 1342 1898 1390 populis

1148 1393 1301 1438 praesint,
1341 1392 1457 1439 singuli
1496 1391 1623 1439 quidem
1660 1391 1811 1437 singulis,
1846 1391 1899 1427 liic

1146 1442 1216 1476 sine
1255 1441 1455 1476 distinctione
1491 1441 1647 1488 praelatus
1681 1448 1728 1476 est
1754 1440 1899 1476 Pontifex

1149 1490 1320 1530 universis,
1347 1490 1522 1525 dominicae
1554 1490 1682 1537 quidem
1718 1490 1816 1525 vineae
1841 1502 1898 1525 cu-

1147 1546 1212 1573 stos
1234 1539 1388 1585 generalis
1421 1546 1452 1574 et
1478 1538 1590 1584 cultor,
1624 1546 1654 1573 et
1680 1538 1778 1573 totius
1809 1538 1898 1575 ovilis

1148 1587 1308 1627 catholici,
1333 1595 1558 1634 pastorumque
1579 1587 1722 1622 omnium
1745 1587 1899 1623 Summus

1148 1636 1271 1671 Pastor:
1296 1636 1499 1671 incumbente
1522 1648 1657 1684 namque
1678 1636 1738 1671 sibi
1757 1637 1895 1683 generali

1147 1685 1359 1720 sollicitudine
1385 1697 1481 1732 super
1514 1697 1640 1727 omnes,
1671 1698 1744 1720 cum
1773 1698 1812 1721 ex
1837 1685 1898 1721 hoc

1148 1746 1224 1768 suae
1246 1735 1359 1769 mentis
1382 1734 1530 1769 intuitum
1560 1746 1615 1781 per
1640 1743 1752 1770 cuncta
1777 1734 1898 1770 diffun-

1148 1782 1222 1818 dere
1260 1790 1423 1823 teneatur‚
1471 1791 1578 1831 stupet
1610 1783 1762 1818 nimirum
1798 1784 1897 1829 ipsius

1148 1831 1285 1876 animus,
1321 1840 1352 1867 et
1377 1832 1437 1867 sub
1473 1840 1536 1867 tam
1567 1833 1669 1879 gravis
1701 1841 1731 1868 et
1763 1832 1898 1869 difficilis

1149 1893 1245 1916 curae
1270 1881 1407 1928 pondere
1440 1882 1666 1926 contremiscit,
1699 1881 1783 1930 quod
1806 1877 1898 1928 posse

1149 1929 1291 1971 sufferre,
1315 1938 1349 1965 ut
1362 1931 1524 1973 convenit,
1543 1929 1593 1965 ii'is
1607 1939 1736 1967 naturae
1749 1931 1898 1967 occiduae

1151 1980 1199 2014 vix
1225 1979 1365 2014 confidit.
1856 2008 1859 2010 -

1197 2029 1217 2076 g
1249 2032 1276 2062 t.
1305 2029 1351 2063 Aa]
1380 2041 1451 2064 eum
1479 2042 1615 2077 namque
1647 2031 1770 2077 negotia
1803 2030 1898 2065 undi-
1924 2041 2029 2071 ›iuiiaquo
2053 2049 2095 2065 ne-

1149 2089 1210 2124 que
1231 2078 1407 2120 confluunt,
1431 2081 1617 2126 perveniunt
1635 2079 1715 2120 lites,
1738 2078 1832 2114 dubia
1846 2079 1899 2114 de·
1911 2073 2095 2126 Ξζξζζηῇἶρξξ

1150 2127 1291 2162 feruntur
1318 2136 1347 2162 et
1369 2128 1566 2163 destinantur
1592 2129 1743 2176 implicita
1769 2136 1800 2164 et
1825 2140 1897 2176 per·
1911 2134 2016 2155 mimda-

1149 2177 1250 2224 plexa,
1278 2189 1335 2212 nec
1358 2189 1509 2224 nmquam
1537 2177 1643 2212 boram
1671 2177 1808 2213 influens
1828 2185 1897 2212 tor—

1150 2238 1222 2261 rens
1244 2236 1356 2268 cessat,
1383 2238 1440 2262 nec
1463 2226 1560 2262 huius
1581 2227 1632 2261 atti
1661 2226 1760 2274 pelagi
1780 2226 1897 2261 validae

1149 2284 1178 2310 et
1205 2276 1334 2311 infestae
1358 2276 1510 2322 procellae
1531 2278 1715 2322 quiescunt;
1749 2274 1804 2310 sed
1835 2275 1895 2316 his,

1149 2337 1229 2372 quae
1253 2337 1336 2360 nunc
1359 2325 1536 2365 imminent,
1554 2324 1718 2372 expeditis,
1741 2336 1815 2360 mox
1839 2324 1896 2360 alia

1150 2375 1396 2421 subsequuntur.
1420 2373 1484 2410 Nec
1505 2382 1548 2409 tot
1575 2374 1781 2420 implexarum
1803 2385 1897 2421 quae-

1150 2425 1285 2458 stionum
1315 2424 1387 2458 nodi
1426 2423 1586 2458 decisione
1613 2422 1782 2469 apostolica
1816 2425 1894 2458 solvi

1151 2482 1292 2519 possunt,
1318 2475 1394 2520 quin
1421 2481 1451 2507 et
1483 2475 1559 2515 aliae
1587 2472 1721 2506 irretitae
1743 2479 1773 2506 et
1795 2471 1896 2507 nodo-

1911 1055 2036 1078 siindelttms
2043 1062 2097 1084 με·

1911 1093 1959 1108 esse
1968 1095 1973 1108 ι

410 2523 573 2558 Romanus
597 2522 736 2557 Pom-tex
765 2523 801 2557 de
830 2534 945 2557 summi
981 2529 1111 2569 aposto-
1128 2544 1131 2559 ε
1150 2534 1202 2557 sae
1224 2523 1457 2570 superveniant,
1480 2521 1704 2558 deliberatione
1724 2520 1844 2558 matura
1864 2530 1894 2556 et

362 2570 444 2607 latus
465 2573 591 2620 specula
627 2573 694 2607 urbi
720 2580 749 2606 et
777 2573 833 2606 orb
873 2571 977 2607 dehita
1011 2572 1110 2606 servi·
1128 2578 1132 2628 Ι
1150 2572 1292 2607 consulta
1315 2571 1498 2606 definitione
1521 2569 1700 2606 solvendae.
1731 2568 1830 2604 liiimo
1857 2582 1894 2604 ex

363 2627 427 2655 tute
450 2624 662 2668 prospiciens,
690 2623 792 2657 cuius'
815 2628 987 2668 occupatur
1015 2620 1110 2656 iuiiu-
1128 2629 1132 2666 Ι
1149 2633 1213 2668 quo
1235 2622 1272 2656 de
1296 2620 1498 2661 instantibus,
1525 2618 1705 2654 difficilibus
1727 2628 1756 2654 et
1778 2619 1895 2654 obscu-
