2129 3223
126 263 177 290 An.
192 263 221 289 C.
242 263 307 289 191ιὸ

154 864 289 883 Sari-uniente

128 898 233 914 mutorum
247 899 312 919 opera

202 924 312 945 sarcienda

130 956 236 976 lcclcsiae
254 956 313 974 duni-

130 995 155 1007 ...ι
176 991 198 1006 se
219 986 312 1005 devinxit

131 1018 244 1038 fridericis:

154 2010 241 2029 umecta
257 2008 297 2033 ipsi
312 2011 323 2025 a

141 2038 242 2059 cennaco
264 2038 323 2063 capi-

372 251 442 284 5t2

322 315 372 350 die
394 314 518 349 Coenae
542 312 665 347 Domini
689 310 832 359 proximo
851 321 954 356 nuper
984 319 1066 355 prae-

322 365 413 400 terito
435 361 641 410 praecedente
667 373 770 396 coram
794 360 883 395 nobis
909 368 937 393 et
972 357 1066 392 fratri·
1110 356 1261 402 periuria,
1287 354 1361 390 satis
1383 363 1480 400 patet;
1516 367 1586 390 nam
1619 353 1692 389 olim
1714 366 1786 389 cum
1819 354 1849 388 in
1865 373 1912 393 w,

322 415 381 449 bus
422 412 536 447 nostris
570 410 803 454 cardinalibus,
848 408 1067 457 praesentibus

323 462 509 498 charissimo
536 462 566 495 in
590 460 717 496 Christo
744 460 806 495 filio
839 466 945 494 nostro
979 457 1067 492 Con—

323 511 601 559 stantinopolitano
623 511 809 557 imperatore
831 508 954 551 illustri,
977 515 1066 541 coetu

323 560 451 609 quoque
473 573 535 595 non
563 559 686 595 modico
722 559 946 606 praelatorum,
978 564 1007 590 et
1029 555 1067 590 de

323 610 518 652 senioribus,
563 623 597 645 ac
635 609 816 644 sanioribus
853 605 1068 649 senatoribus,

325 660 505 708 populoque
532 671 681 700 romano,
708 667 737 693 et
764 658 895 692 maxima
925 656 1069 690 multitu-

324 710 399 746 dine
420 710 564 750 aliorum‚
586 709 638 756 qui
661 708 771 743 eodem
799 707 848 741 die
871 713 997 753 propter
1016 717 1070 740 so-

324 760 516 795 lemnitatem
545 760 645 806 ipsius
666 759 703 793 de
725 757 853 791 diversis
875 755 983 790 muudi
1003 767 1071 802 par-

325 809 409 844 tibus
423 809 460 844 ad
477 808 688 856 Apostolicam
712 806 827 841 Sedem
843 812 1069 848 convenerunt,

326 859 409 907 quod
432 866 527 893 staret
543 857 698 893 mandatis
716 857 833 891 nostris
854 862 885 890 et
910 853 1069 889 Ecclesiae

327 921 381 956 per
401 908 538 943 nobilem
562 908 665 942 virum
691 906 838 941 comitem
859 904 1069 943 Tolosanum,

327 971 360 993 ac
383 958 548 1005 magistros
569 956 697 991 Petrum
721 955 760 990 de
786 954 896 995 Vinea,
918 963 948 988 et
969 953 1072 988 Thad—

326 1008 440 1042 daeum
469 1007 508 1042 de
529 1006 646 1041 Suessa
669 1005 773 1040 curiae
795 1016 869 1039 suae
891 1003 1023 1047 iudices,
1042 1010 1072 1037 et

328 1066 544 1104 procuratores
570 1068 645 1091 suos
666 1054 801 1102 speciale
830 1065 926 1100 super
948 1053 1007 1087 boc
1033 1051 1072 1086 ab

328 1108 394 1154 ipso
416 1106 597 1142 mandatum
621 1104 784 1148 habentes,
812 1103 1000 1150 praestiterit
1022 1102 1072 1135 iu-

328 1165 522 1197 ramentum3
545 1154 745 1203 postmodum
770 1162 890 1194 tamen,
918 1151 1000 1199 quod
1025 1152 1073 1185 iu-

329 1214 446 1241 raverat
472 1217 533 1240 non
557 1205 706 1252 implevit.
735 1202 885 1245 Quinimo
912 1214 947 1237 ea
975 1202 1074 1236 inten-

328 1256 412 1290 tione
440 1256 544 1303 ipsum
569 1253 761 1301 praestitisse
783 1253 993 1287 iuramentum
1008 1264 1073 1298 pro-

329 1305 473 1340 babiliter
494 1304 643 1348 creditur,
665 1303 744 1337 sicut
768 1314 805 1336 ex
829 1302 916 1336 factis
938 1313 1074 1348 sequen-

330 1355 411 1389 tibus
432 1354 590 1400 colligitur
615 1352 796 1397 evidenter,
831 1360 866 1386 ut
888 1351 988 1386 eidem
1011 1350 1074 1386 Ec-

329 1404 453 1445 clesiae,
479 1416 515 1438 ac
537 1402 628 1437 nobis
655 1401 799 1436 illuderet
826 1401 952 1448 potius,
979 1413 1073 1448 quam

332 1461 467 1500 pareret:
494 1464 565 1488 cum
594 1463 676 1486 anno
709 1459 740 1485 et
765 1451 902 1497 amplius
924 1450 983 1485 iam
1011 1451 1075 1485 ela-

333 1515 403 1550 pso,
429 1514 488 1538 nec
525 1501 562 1536 ad
600 1501 697 1548 ipsius
731 1500 888 1535 Ecclesiae
920 1500 1074 1546 gremium

333 1552 469 1587 revocari
501 1551 655 1599 potuerit,
682 1561 739 1584 nec
766 1550 823 1584 sibi
851 1549 890 1584 de
923 1549 1014 1584 illatis
1047 1550 1074 1584 ei

331 1602 454 1636 «lamnis
478 1609 508 1636 et
543 1599 665 1635 iniuriis
691 1599 844 1634 curaverit
878 1599 1076 1644 satisfacere,

332 1652 403 1686 licet
426 1663 520 1698 super
553 1650 613 1684 hoc
639 1648 775 1684 extiterit
797 1649 976 1695 requisitus.
1004 1649 1078 1684 Pro-

334 1709 400 1748 pter
432 1700 515 1748 quod
552 1711 613 1734 non
642 1698 792 1737 volentes,
819 1711 877 1733 nec
903 1700 996 1733 etiam
1027 1711 1078 1733 va-

333 1751 442 1792 lentes,
464 1749 582 1796 absque
608 1749 690 1794 gravi
712 1748 782 1783 lesu
805 1747 921 1783 Christi
949 1749 1078 1793 offensa,

333 1800 400 1835 eius
434 1799 613 1846 iniquitates
647 1806 677 1833 et
698 1797 816 1833 scelera
837 1798 973 1844 amplius
1000 1798 1079 1833 tole-

334 1862 418 1890 rare,
456 1849 611 1895 cogimur,
639 1855 770 1894 urgente
797 1859 853 1882 uos
871 1849 1079 1892 couscientia,

335 1899 582 1934 animadvertere
610 1898 640 1932 in
674 1897 832 1932 eumdem.

384 1949 405 1996 ἓ
431 1952 463 1983 4.
500 1947 539 1982 Et
565 1955 599 1982 ut
632 1946 669 1981 ad
706 1958 853 1994 praeseus
880 1948 918 1983 de
949 1947 1080 1982 caeteris

337 1998 405 2033 eius
435 1997 607 2033 sceleribus
628 2005 657 2031 et
680 1996 898 2043 iniquitatibus
911 2006 1080 2040 taceamus,

337 2056 472 2095 quatuor
502 2046 700 2093 gravissima,
734 2057 815 2093 quae
843 2046 926 2081 nulla
950 2055 1082 2094 possunt

338 2097 431 2132 celari
466 2096 739 2143 tergiversatione.
774 2096 939 2131 commisit.
988 2095 1082 2130 Deie—

340 2147 416 2182 ravit
449 2147 533 2181 enim
567 2144 747 2185 multoties;
782 2157 888 2192 pacem
921 2145 1081 2192 quondam

341 2199 421 2232 inter
438 2195 611 2230 Ecclesiam
638 2203 668 2229 et
695 2195 863 2241 imperium
885 2195 1082 2230 reformatam

341 2255 456 2281 temere
482 2245 624 2285 violavit3
653 2244 840 2291 perpetravit
866 2245 960 2289 etiam
988 2245 1084 2279 sacri-

341 2296 468 2343 legium,
502 2294 572 2341 capi
594 2294 712 2329 faciens
748 2293 919 2329 cardinales
958 2303 1084 2329 sanctae

342 2345 501 2381 Romanae
533 2343 703 2384 Ecclesiae,
736 2355 771 2378 ac
805 2343 935 2379 aliarum
969 2344 1085 2379 Eccle-

342 2395 458 2430 siarum
494 2393 647 2441 praelatos
688 2400 717 2427 et
755 2392 887 2429 clericos
925 2393 1087 2440 religiosos

343 2452 373 2478 ot
404 2443 597 2483 saeculares,
629 2442 792 2477 venientes
824 2442 862 2478 ad
897 2444 1086 2488 concilium,

344 2494 426 2541 quod
462 2492 545 2528 idem
580 2492 800 2540 praedecessor
826 2500 932 2528 noster
959 2493 1087 2529 duxerat

345 2542 599 2583 ‹¹0nvocandum3
636 2542 675 2577 de
713 2542 831 2577 haeresi
866 2555 991 2590 quoque
1025 2556 1085 2578 nou

347 2592 452 2626 -lubiis
472 2599 502 2627 et
523 2591 656 2632 levibus,
679 2591 735 2626 sed
764 2591 945 2627 difficilibus
970 2600 1000 2627 et
1030 2593 1087 2628 evi-

348 2640 492 2675 dentibus
515 2641 707 2686 argumentis
733 2649 900 2688 suspectus
921 2641 1062 2678 babetur.

895 255 995 278 BULIA
1001 254 1031 275 Rl
1039 253 1083 276 [Μ
1112 251 1272 274 ROMANUM

1157 306 1177 353 S
1204 307 1235 340 5.
1258 304 1352 340 Plura
1378 304 1530 352 siquidem
1558 316 1628 339 eurr.
1656 302 1850 341 commisisse
1877 311 1903 331 s„

1109 404 1234 440 Siciliae
1266 404 1405 452 partibus
1443 404 1711 445 commorabatur,
1747 404 1852 451 prius-

1109 467 1200 502 quam
1223 463 1305 489 esset
1327 454 1364 490 ad
1389 454 1509 501 imperii
1533 454 1716 501 dignitatem
1734 454 1852 489 electus

1109 517 1213 540 coram
1228 504 1327 539 bonae
1345 504 1514 539 memoriae
1529 503 1557 538 G
1562 531 1616 538 .....
1632 504 1739 540 Sancti
1753 504 1853 540 Theo-

1109 555 1176 590 dori
1207 555 1338 589 diacono
1372 553 1521 589 cardinali
1543 553 1741 601 Apostolicae
1762 554 1853 590 Sedis

1110 605 1222 652 legato,
1245 604 1344 639 felicis
1363 603 1585 638 recordationis
1596 603 1778 640 Innocentio
1794 604 1854 639 Pa-

1111 667 1167 702 pae
1195 653 1427 702 praedecessori
1445 660 1552 688 nostro
1567 661 1597 688 et
1617 654 1854 690 successoribus

1110 705 1189 749 eius,
1216 704 1439 750 Ecclesiaeque
1465 703 1627 738 Romanae
1650 716 1706 751 pro
1725 716 1856 739 conces-

1110 754 1198 789 sione
1233 754 1318 800 regni
1355 753 1479 788 Siciliae
1508 753 1546 788 ab
1572 753 1679 787 eadem
1713 753 1855 789 Ecclesia

1111 804 1167 838 sibi
1182 803 1273 848 facta,
1292 803 1449 837 fidelitatis
1466 802 1618 850 praestitit
1633 803 1856 844 iuramentum,

1111 862 1140 887 et
1167 854 1248 888 sicut
1270 853 1394 893 dicitur,
1417 852 1494 887 illud
1517 853 1612 897 idem,
1637 861 1800 900 postquam
1819 852 1856 887 ad

1112 903 1242 938 eandem
1258 903 1443 949 dignitatem
1461 903 1580 937 electus
1599 902 1708 946 extitit,
1730 911 1761 937 et
1776 902 1858 937 venit

1112 952 1149 987 ad
1174 953 1282 987 urbem
1306 965 1409 987 coram
1431 952 1541 987 eodem
1566 952 1758 996 Innocentio,
1780 951 1859 986 suis-

1113 1015 1174 1050 que
1197 1002 1342 1037 fratribus
1365 1001 1587 1046 cardinalibus,
1614 1009 1644 1036 et
1659 1002 1728 1036 aliis
1750 1000 1858 1036 multis

1114 1052 1348 1099 praesentibus,
1375 1052 1483 1098 ligium
1512 1051 1691 1097 homagium
1724 1052 1754 1085 in
1790 1051 1858 1086 eius

1114 1102 1230 1148 faciens
1252 1102 1409 1143 manibus,
1442 1102 1608 1136 innovarit.
1644 1101 1764 1136 Deinde
1785 1113 1857 1136 cum

1115 1153 1146 1186 in
1194 1152 1377 1187 Alemannia
1416 1160 1499 1186 esset
1536 1152 1637 1187 eidem
1676 1151 1859 1186 Innocentio

1113 1201 1216 1249 Papae
1243 1210 1284 1246 et,
1312 1203 1380 1249 ipso
1404 1201 1564 1245 defuncto,
1588 1201 1659 1236 bon.
1676 1214 1771 1237 mem.
1793 1201 1860 1237 Ho-

1116 1252 1203 1286 norio
1226 1251 1328 1299 Papae
1352 1252 1584 1299 praedecessori
1608 1260 1726 1296 nostro,
1748 1252 1860 1287 eteius

1115 1302 1362 1343 successoribus,
1390 1314 1426 1336 ac
1448 1303 1504 1349 ipsi
1524 1301 1682 1337 Ecclesiae
1699 1301 1861 1337 Romanae

1117 1352 1334 1398 praesentibus
1361 1352 1484 1399 imperii
1512 1351 1721 1400 principibus,
1742 1364 1776 1386 ac
1804 1364 1863 1386 no-

1116 1401 1244 1442 bilibus,
1272 1402 1383 1436 iuravit
1406 1402 1552 1443 bonores,
1580 1402 1647 1437 iura
1687 1410 1717 1437 et
1742 1413 1863 1449 posses-

1117 1451 1221 1486 siones
1248 1450 1410 1486 Romanae
1437 1451 1597 1486 Ecclesiae
1626 1464 1679 1498 pro
1697 1463 1789 1499 posse
1803 1463 1863 1485 suo

1117 1512 1241 1535 servare
1276 1513 1311 1536 ac
1335 1509 1500 1548 protegere
1522 1501 1604 1536 bona
1628 1502 1705 1543 tide3
1728 1509 1758 1536 et
1779 1500 1862 1549 quod

1117 1563 1337 1598 quaecumque
1364 1550 1400 1585 ad
1432 1563 1543 1585 manus
1567 1563 1640 1586 suas
1662 1551 1864 1595 devenirent,

1118 1601 1184 1634 sine
1212 1600 1393 1635 difficultate
1416 1601 1577 1635 restituere
1596 1609 1789 1647 procuraret,
1811 1612 1866 1635 uo-

1120 1651 1247 1686 minatis
1265 1662 1413 1698 expresse
1440 1649 1532 1684 dictis
1555 1650 1806 1697 possessionibus
1832 1650 1863 1684 in

1096 1700 1300 1742 :huiusmodi
1329 1708 1516 1740 iuramento,
1546 1700 1629 1746 quod
1665 1699 1864 1747 postmodum

1120 1750 1324 1793 confirmavit,
1346 1761 1492 1784 coronam
1513 1749 1635 1797 imperii
1651 1761 1710 1784 iam
1723 1749 1863 1796 adeptus,

1120 1800 1233 1835 borum
1268 1800 1362 1834 trium
1399 1799 1645 1834 iuramentorum
1682 1799 1866 1835 temerarius

1121 1851 1220 1885 extitit
1244 1850 1384 1893 violator,
1411 1857 1440 1884 et
1469 1858 1689 1895 transgressor,
1713 1861 1775 1883 non
1797 1849 1866 1884 sine

1123 1899 1311 1947 proditionis
1338 1907 1421 1940 nota,
1449 1907 1479 1933 et
1500 1899 1600 1934 laesae
1622 1898 1753 1934 crimine
1774 1899 1867 1934 maie-

1122 1950 1220 1984 statis.
1250 1948 1327 1982 Nam
1350 1958 1454 1983 contra
1479 1948 1651 1995 praefatum
1674 1948 1867 1996 praedeces-

1123 2011 1224 2034 sorem
1264 2005 1406 2033 nostrum
1446 1997 1658 2044 Gregorium,
1694 2007 1724 2033 et
1758 1997 1867 2033 fratres

1123 2061 1196 2083 suos
1239 2048 1414 2083 cardinales
1455 2048 1711 2083 commonitorias
1752 2048 1867 2082 litteras

1124 2097 1240 2132 eisdem
1277 2097 1422 2132 fratribus
1457 2097 1638 2138 destinare,
1675 2110 1709 2132 ac
1746 2097 1866 2132 dictum

1124 2146 1312 2193 Gregorium
1335 2147 1416 2194 apud
1441 2147 1549 2182 fratres
1576 2147 1672 2194 ipsos,
1697 2147 1778 2181 sicut
1805 2159 1866 2193 ap-

1126 2205 1212 2244 paret
1241 2209 1294 2243 per
1312 2197 1428 2232 litteras
1446 2196 1484 2231 ab
1506 2196 1616 2231 eodem
1638 2204 1713 2231 tunc
1734 2196 1868 2231 directas

1125 2246 1255 2290 eisdem,
1277 2255 1309 2281 et
1335 2248 1426 2281 etiam
1454 2254 1546 2293 prout
1573 2246 1685 2290 fertur,
1719 2257 1772 2292 per
1794 2246 1869 2280 uni-

1127 2308 1249 2330 versum
1273 2296 1337 2331 fere
1358 2297 1465 2332 orbem
1484 2304 1635 2331 terrarum
1655 2295 1869 2342 multipliciter

1127 2345 1288 2381 diffamare
1329 2347 1554 2393 praestimpsi13
1597 2358 1633 2380 ac
1659 2344 1867 2380 venerabilem

1128 2395 1252 2430 fratrem
1291 2404 1432 2431 nostrum
1470 2396 1626 2430 Othonem
1662 2394 1867 2429 Portuensem

1129 2453 1201 2479 tunc
1233 2445 1341 2480 Sancti
1375 2445 1492 2481 Nicolai
1520 2446 1548 2480 in
1573 2444 1704 2481 Carcere
1726 2443 1868 2480 Tulliano

1129 2495 1296 2529 diaconum
1319 2495 1519 2535 cardinalem,
1546 2503 1575 2530 et
1596 2494 1668 2530 bon.
1697 2507 1790 2529 mem.
1813 2494 1869 2530 Ia-

1130 2543 1242 2579 cobum
1265 2545 1506 2580 Praenestinum
1528 2544 1709 2592 episcopum
1731 2544 1870 2592 Aposto-

1132 2593 1205 2628 licae
1232 2593 1321 2630 Sedis
1358 2594 1487 2641 legatos,
1525 2594 1659 2636 nobilia,
1697 2602 1725 2629 et
1758 2605 1869 2641 magna

1133 2643 1290 2679 Ecclesiae
1317 2644 1475 2679 Romanae
1501 2643 1638 2678 membra
1669 2643 1872 2690 personaliter

1863 249 1912 275 Αιι.
1930 246 1960 274 C.
1979 245 2046 272 12115

1905 311 1964 337 epius
1979 309 2048 330 crim?-

1864 347 1890 362 na
1914 339 2000 367 petitu-ti
2023 343 2046 358 sn

1914 370 1966 392 nxtt.
