2129 3223
25 246 74 275 Αιι.
92 246 119 274 C.
142 247 210 274 ¹2¹9

22 306 153 390 §diffluo
182 306 207 334 qb

71 313 98 366 il!
117 343 206 370 §emn-
239 351 246 357 ·

37 1672 66 1695 1⁸0
80 1680 130 1696 eun
145 1675 191 1696 infir
198 1686 205 1690 -

25 1709 111 1726 moram.

27 2002 68 2040 *De
81 2019 187 2047 hospitati,

839 247 1004 271 Hosontts
1025 246 1062 270 111
1085 246 1133 268 Pr.

221 310 275 337 aut
296 313 389 338 canes
411 303 569 338 venaticos
592 301 716 342 habeat,
757 313 814 337 nec
845 301 966 337 azolum

221 364 285 388 sive
306 363 418 386 aurum
441 351 471 385 iu
511 351 595 387 sellis
629 350 744 386 babere
776 359 966 398 praesumat,

220 409 272 435 aut
294 400 390 436 frenis
412 407 515 435 utatur
530 400 688 435 ullatenus
709 399 878 444 deauratis,
910 412 967 435 nec

221 449 304 485 ullus
330 448 550 485 obedientialis
577 449 757 484 monasterii
786 452 831 492 (Ι)
863 461 966 484 nume

221 511 288 534 rum
314 497 447 533 duarum
475 498 736 545 equitaturarum,
770 506 801 533 et
839 498 966 533 totidem

171 563 204 576 um
220 547 410 587 servientum
446 547 584 582 excedat.
620 546 718 582 Porro
757 547 852 582 abbas
894 560 966 582 cum

221 608 276 642 pro
298 596 534 643 emergentibus
562 596 695 642 negotiis
721 596 884 643 equitabit,
912 597 968 631 du-

219 652 267 680 cat
289 645 482 680 moderatam
511 645 659 680 familiam
677 673 684 682 ,
713 653 742 679 ct
781 645 967 686 honestant,

219 704 246 728 ιι
270 702 331 729 tani
355 694 437 741 apud
459 694 610 730 Sanctum
638 694 845 749 Germanum,
872 707 966 742 quam

218 742 302 796 t¹P¹¹d
329 743 387 778 alia
418 744 598 779 monasterii
639 751 750 784 castra,
787 744 817 778 in
853 744 968 790 quibus

220 804 323 839 psum
346 804 472 828 manere
491 793 663 840 continget,
686 800 750 828 ties
772 801 825 828 aut
851 793 914 828 duo
930 794 968 829 de

218 841 399 896 senioribus
427 842 589 877 monachis
609 842 688 877 vitae
716 842 864 889 probatae
893 842 966 878 teli-

218 890 322 936 gionis
343 898 374 925 et
398 890 495 929 famae
518 903 645 938 semper
676 892 706 926 in
744 904 805 926 nna
845 903 966 927 camera

220 941 339 976 iaceant
365 952 438 975 cum
460 940 584 981 eodem,
607 941 675 975 aliis
707 940 880 985 monacbis,
913 942 966 988 qui

219 1000 327 1033 secum
317 983 476 1030 fuerint,
494 990 524 1024 in
549 1002 610 1024 uno
633 991 700 1025 loco
727 990 967 1025 comedentibus

218 1045 250 1072 et
276 1031 463 1079 iacentibus,
494 1039 534 1074 ita
556 1038 640 1086 quod
669 1039 776 1074 nullus
810 1051 966 1074 cameram

219 1086 334 1132 babeat
354 1087 536 1143 specialem,
552 1096 584 1122 ut
605 1100 651 1123 stc
674 1088 787 1123 melius
809 1088 967 1124 Satbanae

219 1136 362 1172 obvietur
387 1137 521 1180 astutiis,
549 1145 578 1172 et
601 1149 653 1172 ora
695 1137 802 1184 iniqua
835 1138 967 1185 loquen-

221 1186 299 1221 tium
326 1184 448 1220 facilius
469 1186 683 1227 obstruantur;
719 1186 864 1221 monachi
895 1199 967 1222 vero

219 1235 251 1270 in
277 1234 469 1270 monasterio
495 1235 704 1270 consistentes
727 1243 786 1269 tam
823 1235 967 1271 obedien-

220 1283 321 1328 tiales,
341 1294 435 1330 quam
458 1283 509 1319 alii
537 1284 568 1318 in
591 1284 752 1318 communi
784 1284 968 1319 dormitorio

219 1333 339 1368 iaceant
354 1359 364 1376 ,
405 1342 435 1368 et
476 1333 637 1367 communi
678 1333 845 1368 comedant
885 1334 968 1368 refe-

219 1380 330 1424 ctorio,
362 1393 422 1416 nec
455 1382 620 1429 quisquam
660 1381 785 1417 illorum
822 1383 969 1417 obedien-

220 1429 352 1474 tialium,
374 1438 427 1465 aut
451 1431 533 1466 alius
553 1430 698 1478 superior
720 1431 750 1465 in
779 1432 968 1466 monasterio

219 1479 390 1515 servientes
411 1479 523 1514 babeat
548 1480 711 1527 speciales,
734 1492 791 1515 nec
821 1481 967 1528 specialia

219 1527 279 1563 sibi
300 1527 392 1564 faciat
412 1529 529 1564 fercula
552 1530 740 1576 praeparari,
764 1529 818 1564 sed
858 1542 968 1565 omnes

220 1576 391 1624 pulmentis
414 1585 541 1613 utantur
565 1578 802 1619 communibus,
834 1579 969 1614 infirmis

219 1626 380 1662 dumtaxat
403 1627 556 1674 exceptis,
578 1627 630 1674 qui
654 1635 684 1662 et
711 1628 769 1674 ipsi
797 1640 908 1663 ornnes
922 1630 969 1664 si-

220 1675 331 1711 mulin
354 1676 559 1712 infirmatorio
572 1676 751 1721 comedant,
775 1677 832 1711 nisi
851 1677 967 1722 forsan,

219 1724 273 1772 qui
294 1732 380 1760 tanta
406 1725 565 1760 debilitate
586 1725 738 1766 laborant,
766 1734 798 1760 ut
827 1738 843 1760 a
880 1726 969 1761 lectis

219 1773 380 1809 discedere
391 1774 458 1809 sine
472 1774 653 1809 difficultate
671 1786 733 1809 non
757 1775 888 1821 possint:
909 1776 969 1810 snb

221 1822 390 1858 infirmario
405 1832 509 1858 autem
528 1823 607 1858 alius
625 1831 778 1858 statuatur
796 1824 970 1860 monachus

222 1871 322 1907 bonae
342 1872 601 1916 conversationis,
624 1872 671 1907 vel
689 1872 798 1916 laicus,
819 1873 872 1920 qui
897 1874 970 1908 assi-

222 1916 345 1956 -luam
337 1933 368 1956 m
385 1921 588 1957 infirmatorio
620 1921 737 1956 faciens
767 1921 966 1957 residentiam

221 1969 271 2005 die
297 1981 334 2005 ac
361 1978 474 2014 nocte,
513 1970 740 2006 infirmatorum
771 1970 967 2017 singulorum

221 2025 252 2054 et
273 2018 417 2063 omnium
438 2031 545 2054 curam
571 2027 673 2066 gerat:
705 2020 858 2066 hospitale
888 2034 968 2068 quo-

221 2068 456 2115 que,restitutis
476 2068 536 2103 sibi
558 2068 705 2106 omnibus
726 2069 894 2105 subtractis
921 2072 969 2105 ei-

221 2117 306 2162 dem,
320 2117 424 2153 taliter
445 2117 643 2160 reformetur,
657 2127 689 2152 ut
709 2118 822 2153 infirmi
847 2127 877 2154 et
897 2132 968 2165 pau-

221 2177 312 2214 peres
332 2166 549 2213 confugientes
570 2166 609 2201 ad
628 2166 704 2201 illud
732 2167 840 2203 solatia
867 2168 907 2202 ibi
924 2181 969 2203 re-

221 2215 340 2270 cipiant
365 2224 525 2251 consueta:
553 2215 614 2250 sub
635 2215 836 2262 hospitalario
858 2217 965 2252 nihilo

222 2264 328 2320 minue
349 2265 410 2307 alio
447 2264 613 2305 monacho,
641 2264 688 2299 vel
716 2265 863 2311 religioso
889 2266 968 2301 laico

221 2313 405 2360 constituto,
427 2315 480 2362 qui
502 2313 541 2348 de
564 2313 614 2348 die
648 2312 678 2349 in
715 2314 860 2361 hospitali
895 2328 967 2361 per-

255 2373 365 2407 attens,
386 2370 417 2398 et
442 2363 482 2398 de
504 2371 594 2398 nocte
616 2361 748 2397 fideliter
774 2364 968 2410 pauperibus

222 2412 441 2454 amministrat.
465 2412 629 2447 Monachis
652 2424 724 2451 tero
750 2412 881 2448 aliorum
898 2425 969 2448 mo

224 2461 441 2503 nasteriorum,
456 2474 527 2497 cum
550 2461 618 2496 ad
612 2473 715 2508 ipsum
743 2463 966 2498 monasterium

258 2530 298 2566 (ί)
313 2531 497 2558 obedientialis
516 2535 541 2559 et
561 2534 782 2571 obedientiarius„
791 2533 837 2567 qui
849 2532 932 2560 officia
942 2534 968 2560 in

224 2575 390 2603 monasteriis
404 2575 572 2607 exercebant,
598 2578 644 2603 aut
659 2576 685 2602 in
704 2574 876 2607 obedientias,
891 2577 968 2604 cellas

224 2618 348 2646 nimirum
364 2622 390 2646 et.
401 2619 543 2653 prioratus.
554 2618 774 2646 administrandas
786 2619 965 2646 mittebantur.

1638 234 1706 275 357

1011 300 1245 340 declinaverint
1279 300 1412 346 benigne
1446 301 1526 344 sicut
1560 299 1660 354 ipsius
1696 299 1755 353 lupi

1010 349 1155 387 fratribus
1178 350 1380 388 ministretur
1411 350 1444 389 ln
1478 348 1631 396 superiori
1663 348 1755 393 etiam

1773 244 1821 271 An.
1837 243 1863 269 C.
1886 241 1951 269 ¹219

1786 355 1811 375 Β·
1845 361 1865 375 ι.
1858 361 1918 375 rrrrr
1920 362 1951 375 um

1009 398 1147 434 sacristia
1190 399 1395 434 constituatur
1436 399 1550 446 aliquis
1585 393 1787 442 monachus*
1783 387 1863 407 'M'

1010 448 1159 495 providus
1193 456 1223 483 et
1245 448 1410 491 honestuS,
1433 461 1485 495 qut
1514 460 1563 489 res
1583 459 1687 490 saetas
1704 459 1756 488 cu-

1009 497 1123 532 stodiat
1149 496 1329 543 diligenter,
1352 510 1409 532 nec
1444 509 1459 532 a
1483 497 1674 540 ,ministerio
1706 509 1754 540 ge-

1010 555 1171 582 movcatur
1204 546 1398 586 huiusmodi,
1419 546 1570 593 quamdiu
1608 545 1688 585 bene
1722 558 1755 588 ac

1009 595 1207 631 laudabiliter
1230 596 1435 630 ministrabit:
1459 595 1637 637 sacerdotes
1664 594 1754 636 ordi-

1009 654 1125 680 nentur
1151 645 1190 680 de
1225 644 1402 680 senioribus
1443 645 1479 680 ad
1524 644 1584 679 hoc
1619 643 1754 685 officium

1009 694 1230 741 exequendum
1255 694 1387 734 idoneis,
1410 702 1441 729 ut
1460 706 1521 728 non
1544 694 1582 728 sit
1598 694 1627 728 in
1645 706 1755 728 mona-

1009 743 1103 779 sterio
1139 743 1279 791 penuria,
1319 743 1375 778 sed
1414 744 1503 790 copia
1544 742 1752 783 sacerdotum.

1008 792 1120 828 Simon
1148 792 1188 827 de
1226 792 1389 835 Collealto,
1423 792 1555 829 loannes
1588 792 1626 828 de
1663 791 1758 832 Colli-

1009 850 1126 881 mento,
1145 850 1175 877 et
1185 842 1227 876 illi
1244 842 1337 878 etiam
1355 841 1512 881 monachi,
1527 841 1581 888 qui
1601 852 1758 887 praesum-

1011 899 1138 938 pserunt
1159 903 1230 926 cum
1265 890 1415 925 Adinulso
1448 890 1607 937 quondam
1645 889 1756 931 abbate

1008 941 1170 975 coniurare
1198 940 1243 974 vel
1267 940 1416 975 rebellare
1442 948 1550 979 contra
1581 939 1755 980 Romanam

1008 989 1196 1033 Ecclesiam,
1222 1002 1276 1024 seu
1306 989 1528 1027 monasterium
1555 989 1756 1030 Cassinense,

1008 1051 1135 1086 semper
1158 1040 1187 1073 in
1215 1046 1369 1073 conventu
1390 1046 1570 1076 morentur,
1599 1038 1638 1072 ita
1669 1037 1754 1085 quod

1010 1088 1092 1123 nulla
1110 1088 1289 1123 obedientia
1311 1088 1526 1125 committatur
1553 1086 1684 1130 eisdem,
1703 1086 1756 1125 do-

1010 1137 1313 1172 necemendaverint
1342 1137 1370 1171 in
1398 1137 1509 1173 melius
1534 1136 1626 1175 vitam
1651 1139 1752 1175 sua‘m.

1009 1186 1088 1227 Quia
1113 1199 1184 1221 vero
1207 1186 1334 1233 quidam
1363 1198 1400 1220 ex
1428 1185 1516 1220 vobis
1536 1185 1755 1225 inanimatum

1009 1247 1135 1270 suarum
1164 1235 1335 1282 perniciem
1358 1234 1473 1269 habere
1501 1235 1662 1281 proprium
1692 1247 1755 1270 non

1010 1292 1165 1323 verentur,
1193 1284 1372 1327 statuimus,
1391 1291 1424 1317 ut
1448 1283 1525 1318 illud
1547 1283 1706 1329 resignare
1719 1285 1755 1318 -in

1011 1345 1087 1367 usus
1111 1333 1291 1368 monasterii
1318 1333 1582 1377 convertendum,
1602 1333 1662 1369 sub
1683 1333 1757 1370 reli-

1009 1382 1102 1427 gione
1128 1382 1305 1421 iuramenti,
1324 1381 1349 1416 si
1374 1394 1503 1416 necesse
1536 1381 1641 1423 fuerit,
1668 1394 1755 1418 eom-

1012 1430 1179 1476 pellantur,
1201 1439 1231 1466 et
1252 1431 1277 1468 si
1299 1430 1338 1465 de
1365 1438 1486 1465 caetero
1511 1430 1625 1478 aliquis
1656 1431 1758 1478 ipsius

1010 1480 1069 1515 loci
1104 1480 1278 1517 monachus
1317 1480 1479 1527 proprium
1517 1480 1631 1517 hahere
1665 1481 1756 1517 fuerit

1010 1529 1240 1576 deprehensus,
1281 1529 1350 1564 sine
1392 1541 1448 1576 spe
1491 1530 1699 1567 restitutionis
1740 1543 1755 1565 a

1011 1579 1201 1613 monasterio
1235 1578 1420 1632 expellatur:
1447 1590 1519 1613 cum
1556 1591 1614 1614 nos
1646 1591 1757 1616 omnes

1010 1627 1193 1662 huiusmodi
1243 1627 1466 1674 proprietarios
1523 1627 1757 1664 deci-'exerimus

1010 1676 1344 1712 excommunicationis
1376 1676 1548 1711 sententiae
1580 1676 1754 1712 subiacere.

1009 1726 1043 1760 Si
1066 1737 1139 1760 vero
1160 1725 1240 1772 apud
1263 1725 1416 1772 aliquos
1410 1737 1439 1759 tn
1463 1733 1563 1761 morte
1595 1725 1754 1773 proprium

1009 1774 1173 1820 contigerit
1202 1775 1345 1815 inteniri,
1389 1774 1598 1810 ecclesiastica
1629 1783 1755 1810 careant

1009 1824 1182 1870 sepultura.
1205 1823 1371 1858 Caeterum
1394 1823 1419 1858 si
1443 1823 1536 1859 alicui
1575 1824 1755 1859 monacho-

1010 1884 1079 1907 rum
1101 1872 1218 1919 aliquid
1245 1885 1261 1908 a
1276 1884 1477 1920 quocumque
1501 1873 1678 1920 specialiter
1698 1873 1756 1908 da-

1010 1929 1076 1956 tum
1104 1921 1208 1965 fuerit,
1230 1921 1306 1956 illud
1341 1922 1444 1957 abbati
1473 1922 1521 1958 vel
1558 1922 1678 1959 decano
1705 1934 1755 1958 re-

1009 1971 1124 2016 signet,
1146 1971 1202 2006 sed
1230 1971 1296 2018 ipse
1323 1971 1419 2007 abbas
1455 1971 1501 2006 vel
1528 1971 1666 2012 decanus
1704 1984 1757 2007 ne-

1010 2020 1209 2056 cessitatibus
1240 2021 1308 2056 eius
1343 2021 1415 2056 inde
1452 2021 1543 2056 faciat
1577 2021 1754 2068 provideri,

1012 2069 1095 2103 sicut
1113 2070 1222 2105 viderit
1243 2069 1403 2117 expedire,
1425 2082 1484 2105 nec
1510 2082 1558 2114 ea,
1579 2083 1661 2117 quae
1681 2080 1753 2105 sunt

1009 2117 1048 2152 ad
1070 2119 1271 2163 refectiones,
1292 2127 1346 2153 aut
1368 2127 1481 2162 vestes,
1503 2131 1557 2154 seu
1578 2119 1649 2165 aliis
1683 2131 1754 2153 mo-

1010 2168 1182 2203 nachorum
1217 2168 1458 2203 necessitatibus
1480 2165 1640 2215 deputata,
1673 2168 1754 2202 inter

1010 2228 1064 2251 eos
1085 2216 1122 2250 de
1150 2224 1273 2252 caetero
1300 2217 1492 2258 dividantur,
1531 2217 1586 2252 sed
1623 2228 1754 2252 conser—

1010 2273 1122 2299 ιειιιιιι·
1144 2277 1199 2312 per
1220 2265 1290 2300 illos
1316 2266 1431 2312 quibus
1454 2265 1545 2301 fuerit
1575 2266 1654 2301 baec
1686 2265 1752 2300 sol-

1010 2314 1140 2348 licitudo
1161 2315 1339 2357 commissa,
1361 2323 1391 2348 et
1418 2326 1473 2361 pro
1514 2316 1654 2360 ipsorum
1688 2327 1751 2350 mo·

1010 2363 1181 2398 nachorum
1213 2363 1453 2398 necessitatibus
1487 2364 1603 2398 utiliter
1631 2376 1751 2411 expen-

1009 2412 1133 2446 dantur.
1156 2411 1220 2447 Nec
1254 2411 1466 2452 claustralium
1506 2412 1620 2460 aliquis
1659 2425 1751 2460 prae-

1010 2461 1139 2501 bendas,
1163 2461 1208 2495 vel
1231 2460 1371 2495 redditus
1404 2461 1515 2496 babeat
1548 2469 1634 2497 extra
1663 2462 1752 2498 clau-

1009 2518 1120 2554 strum,
1142 2517 1173 2544 et
1189 2509 1245 2549 eis,
1273 2510 1326 2557 qui
1353 2519 1528 2556 noscuntur
1547 2510 1663 2547 babere
1697 2524 1752 2559 pe·-

1009 2559 1092 2594 nitus
1110 2557 1302 2594 auferantur.
1328 2558 1474 2594 Decanus
1495 2571 1624 2607 queque
1635 2560 1751 2596 babere

1009 2607 1145 2654 duplicia
1177 2607 1358 2643 testimenta
1386 2616 1415 2643 et
1452 2609 1597 2656 specialia
1636 2609 1749 2645 cibaria

1783 1188 1868 1210 Poenae
1879 1192 1951 1209 eonii-a

1770 1220 1922 1246 proprietario·
