2129 3223
39 276 92 305 An.
108 276 138 305 G.
158 277 225 306 ¹¹8⁹

41 339 105 390 {5¹⁸2
136 333 386 374 ,vieno-transitus
406 333 556 368 facientes
580 341 610 369 et
639 333 762 380 publice
801 333 981 369 nuntiantes

41 372 144 422 iiieziinifu
161 375 225 392 ‘³⁸⁰'
236 383 274 419 ad
302 382 454 419 bonorem
475 381 533 417 Dei
554 390 586 418 et
608 382 706 430 ipsius
726 383 808 419 beati
835 382 891 418 viri
913 394 981 418 me-

236 432 369 468 moriam
396 432 570 468 solemnem
593 431 712 468 haberi.

283 481 399 518 Datum
421 481 567 518 Laterani
586 482 677 518 tertio
707 481 857 518 kalendas
895 482 981 526 maii,

235 530 433 579 pontificatus
455 531 550 567 nostri
573 543 656 567 anno
682 531 832 568 secundo.

283 587 344 619 Dat.
366 589 413 620 die
434 589 473 620 29
493 589 597 628 aprilis
615 599 690 620 anno
708 589 822 620 Domini
845 590 927 625 1189,

480 633 581 672 pontif.
603 643 680 664 anno
701 643 732 664 tt.

579 781 648 816 Xll.

303 858 353 891 Ao!
376 858 608 902 Bomberqenses
629 857 665 890 de
685 857 788 890 eadem
810 867 841 890 ra
863 859 919 898 (1).

500 934 713 967 SUMMARIUM

235 990 401 1032 Exordium.
428 1017 464 1023 —-
492 999 638 1038 Expositio
666 1003 694 1029 et
716 999 808 1029 series
835 998 914 1028 facti.
944 1013 982 1021 —

274 1044 391 1080 Mandat
408 1048 439 1074 ut
460 1043 495 1074 de
517 1044 573 1074 vita
598 1048 627 1074 et
652 1043 803 1074 miraculis
826 1041 983 1081 diligenter

274 1088 432 1129 inquirant:
449 1105 487 1112 —
503 1087 538 1119 Et
554 1088 579 1119 si
595 1087 668 1118 nihil
688 1086 793 1123 obstet,
811 1086 982 1117 auctoritate

275 1132 434 1173 apostolica
445 1132 543 1172 ipsum
559 1132 677 1163 beatum
693 1131 867 1162 canonizent
878 1131 918 1168 (n.
929 1131 980 1168 T.).

235 1203 356 1234 fimens
373 1203 514 1240 episcopus
528 1209 623 1232 servus
641 1209 780 1232 servornm
797 1201 853 1234 Dei.
873 1207 982 1231 venera·

236 1290 241 1293 ς
279 1252 330 1282 tuti
361 1252 447 1282 fratri
464 1252 557 1282 ottoni
574 1252 708 1288 episcopo.
733 1252 762 1280 at
792 1250 902 1280 dilectis
919 1249 984 1280 filiis

280 1301 425 1335 canonicis.
445 1302 475 1330 ct
492 1300 617 1330 universo
636 1301 718 1334 clero.
744 1302 774 1330 et
800 1300 898 1338 populo
933 1299 983 1329 Βι-

282 1350 456 1387 tionbergenst
478 1350 577 1379 montis
600 1350 690 1379 sancti
706 1349 853 1382 michaeus.
866 1349 983 1379 satutem

281 1400 312 1428 et
326 1399 504 1436 apostolicam
522 1399 745 1429 benedictionem.

286 1464 367 1500 Cum
389 1464 463 1501 Sedi
493 1465 694 1512 Apostolicae
725 1466 903 1501 referuntur
935 1477 982 1508 ea,

237 1526 320 1563 quae
343 1513 382 1551 ad
409 1515 542 1551 salutem
565 1516 722 1563 pertinent
743 1516 931 1556 animarum,
952 1522 983 1550 et

238 1563 438 1601 devotionem
477 1564 552 1600 cleri
589 1573 620 1600 et
660 1565 769 1613 populi
806 1564 983 1600 manifestis

239 1614 363 1650 indiciis
384 1613 540 1662 respicere
565 1615 823 1661 comprobantur,
845 1626 880 1649 ea
903 1616 982 1650 sicut

75 1512 183 1536 noia-um

238 1663 396 1705 convenit,
418 1664 552 1700 libenter
572 1665 731 1709 audimus,
750 1673 780 1700 et
802 1673 833 1699 nt
846 1664 982 1699 debeant
1002 1681 1003 1684 ¹

238 1713 269 1749 in
282 1712 418 1749 Domino
432 1716 620 1762 promoveri,
635 1716 782 1756 savorem,
799 1724 831 1750 ut
843 1714 981 1761 expedit,

239 1763 440 1810 impertimur
460 1765 666 1812 apostolicum
689 1773 720 1800 et
741 1777 932 1802 assensum„

287 1812 370 1848 Hinc
395 1822 453 1854 est,
487 1814 572 1861 quod
614 1827 685 1850 cnm
728 1815 766 1850 ad
789 1813 981 1849 audientiam

204 1862 435 1910 ”apostolatus
457 1864 566 1902 nostri.
581 1864 787 1912 quarumdam
811 1864 891 1899 serie
913 1863 983 1898 lite-

240 1924 344 1948 rarum
370 1921 400 1948 et
421 1912 593 1949 multorum
617 1914 766 1951 relatione
795 1913 982 1961 pervenerit,

238 1961 322 2011 quod
358 1962 462 1998 divina
503 1964 640 2012 potentia
673 1977 729 2012 per
767 1963 913 2000 miracula
953 1972 983 1998 et

238 2012 447 2049 interventum
462 2012 542 2049 beati
569 2012 707 2055 ottonis,
725 2013 778 2062 qni
799 2013 983 2049 Babenber-

235 2062 346 2110 gensis
360 2062 604 2111 fnitepiscopus.
617 2064 655 2098 sit
668 2063 838 2100 multorum
855 2071 981 2109 operat-i

238 2112 385 2157 salntem,
410 2114 576 2162 praecipue
598 2113 628 2148 in
650 2123 743 2161 gente
765 2113 982 2152 Pomeranica,

239 2161 277 2198 ad
296 2173 390 2210 quam
423 2161 481 2198 fuit
500 2162 540 2198 ab
561 2163 739 2210 Apostolica
767 2161 850 2198 Sede
879 2171 984 2197 trans-

241 2212 370 2257 missus,
396 2211 426 2247 in
449 2224 509 2260 qua
532 2212 658 2248 donavit
672 2213 712 2248 illi
725 2212 883 2249 Dominus
895 2211 983 2248 Deus

240 2261 458 2310 compluribus
478 2262 637 2297 miraculis
657 2274 831 2298 coruscare.
846 2261 904 2297 His
917 2273 984 2309 gra-

241 2317 344 2347 tanter
374 2311 513 2352 auditis,
546 2320 575 2346 et
609 2324 666 2359 pro
699 2313 795 2347 tantis
821 2311 983 2347 beneficiis

242 2360 450 2409 omnipotenti
491 2360 630 2397 Domino
670 2362 838 2409 gratiarum
883 2361 982 2396 actio-

243 2409 336 2446 nibus
351 2410 515 2455 exsolutis,
536 2410 647 2446 vestris
675 2411 734 2457 piis
760 2411 923 2447 desideriis
944 2411 981 2446 ad

243 2459 366 2495 laudem
404 2459 463 2496 Dei
509 2460 688 2496 satisfacere
718 2460 892 2508 cupientes,
929 2472 983 2495 ve-

245 2508 436 2545 nerabilibus
467 2509 616 2546 fratribus
643 2513 769 2554 nostris5
802 2510 983 2546 Mersenur-

242 2559 332 2607 gensi
372 2568 403 2595 et
435 2559 617 2596 Eistettensi
650 2559 819 2608 episcopis,
843 2570 873 2596 et
903 2560 984 2596 dile-

57 1861 164 1890 Expositio

45 1895 113 1915 vertes
127 1892 182 1914 lacti

278 2633 318 2669 (1)
337 2633 375 2661 Ex
391 2632 480 2660 Codic.
497 2631 647 2660 Canonizat.
660 2631 817 2658 Sanctorum
834 2630 970 2659 Fontanini
1002 2646 1005 2656 .

242 2685 269 2713 p.
289 2677 333 2705 25.

873 277 1018 303 amm
1037 277 1076 302 tu
1097 277 1146 302 PP-

1669 267 1713 300 67

1020 332 1078 368 ctis
1124 332 1207 376 filiis,
1259 332 1367 367 Sancti
1414 332 1638 368 Emrnerammi
1660 331 1765 368 Ratis-

1020 382 1150 430 ponensi
1178 390 1209 417 et
1243 381 1471 417 Scliwartzensi
1510 382 1675 417 abbatibus
1708 381 1765 417 de·
1791 384 1871 420 3¹³⁰&ss
1895 386 1959 419 ⁰9⁶⁰

1019 443 1110 476 cano,
1132 440 1162 467 et
1181 431 1380 467 Scholastico
1406 431 1676 479 wirtzeburgensi
1714 419 1830 468 ‹te-{3152
1847 419 1961 473 {2113‘53135

1019 480 1124 516 dimus
1157 481 1188 516 in
1230 480 1397 524 mandatis,
1429 489 1586 528 quatenus
1627 481 1666 516 de
1706 482 1764 516 vita
1778 480 1898 506 ¹¹¹‘³'⁴¹‘³¹³¹‘

1019 530 1118 579 ipsius
1140 538 1171 565 et
1198 530 1359 566 miraculis
1394 530 1559 578 diligenter
1593 531 1765 578 inquirant,

1019 592 1099 629 quae
1125 580 1216 615 nobis
1237 579 1364 615 fuerunt
1386 591 1440 625 per
1467 579 1635 616 multorum
1663 580 1767 616 literas

1020 629 1166 665 indicata.
1193 629 1234 664 Et
1254 630 1279 665 si
1302 642 1364 664 nou
1387 629 1479 664 suerit
1514 629 1673 665 inventum
1709 630 1766 664 ali-
1793 637 1816 658 Et
1851 644 1867 659 ει
1911 638 1961 659 n1h¹¹

1020 678 1095 727 quid
1121 678 1205 727 quod
1227 679 1368 723 obsistat,
1404 679 1508 726 ipsum
1549 680 1765 714 canonizatum
1780 669 1856 721 3222*
1875 672 1963 726 ἃξῖξῖἓζ

1021 728 1196 775 praedictae
1224 740 1375 776 personae
1409 728 1544 763 debeant
1585 728 1768 764 solemniter
1781 730 1822 782 {¹⁰³
1836 731 1963 781 Ψωῗῑζεῗ

1020 786 1052 814 et
1072 778 1201 826 publice
1222 778 1406 814 auctoritate
1421 778 1490 812 freti
1505 777 1675 825 apostolica
1693 790 1768 813 nun·
1782 767 1837 813 22¹5„
1875 767 1912 781 ‘³¹¹
1930 767 1949 781 ’Ἡ

1020 828 1114 867 ciam,
1137 828 1384 863 anniversarium
1412 827 1496 862 diem
1530 828 1577 862 sui
1618 828 1768 863 transitus

1022 877 1172 913 facientes
1197 885 1226 912 et
1250 878 1377 925 publice
1400 877 1586 912 nunciantes
1631 877 1670 912 ad
1709 877 1768 912 ho-

1022 939 1129 962 norem
1150 927 1206 962 Dei
1233 936 1264 963 et
1286 928 1385 975 ipsius
1407 927 1487 963 beati
1506 927 1561 962 viri
1583 926 1767 963 memoriam

1021 977 1195 1012 solemnem
1219 977 1339 1012 haberi.

1070 1026 1184 1062 Datum
1206 1026 1351 1062 Laterani
1375 1026 1517 1061 kalendis
1545 1026 1636 1068 maii,
1666 1028 1770 1074 ponti-

1022 1076 1132 1112 ficatus
1159 1077 1256 1111 nostri
1279 1088 1362 1112 anno
1390 1075 1543 1111 secundo.

1088 1133 1149 1164 Dat.
1172 1134 1218 1164 die
1245 1134 1254 1164 1
1284 1133 1353 1164 maii
1381 1142 1458 1164 anno
1485 1132 1600 1165 Domini
1624 1133 1708 1171 1189,

1268 1177 1369 1217 pontif.
1392 1187 1468 1209 enno
1494 1187 1523 1209 11.

1779 276 1826 304 An.
1846 275 1873 303 C.
1894 276 1960 303 1190

1350 1318 1435 1354 XlII.

1022 1390 1132 1426 Recens
1152 1391 1319 1435 fundatum
1357 1391 1391 1424 S.
1433 1391 1567 1427 Thomae
1599 1395 1634 1427 de
1662 1394 1771 1429 Erlos-

1071 1442 1165 1475 buren
1188 1441 1364 1474 Parthenon
1402 1443 1621 1486 confirmatur,
1663 1450 1691 1477 et
1740 1446 1772 1478 in

1070 1491 1160 1526 Sedis
1204 1491 1399 1535 Apostolicae
1437 1494 1652 1537 protectionem
1691 1494 1772 1528 reci-

1067 1542 1157 1586 pitur
1179 1543 1236 1584 (t).

1290 1609 1505 1642 sthAmmt

1023 1672 1188 1703 Exordium.
1214 1689 1253 1696 —
1280 1673 1487 1704 Monasterium
1515 1675 1568 1705 sub
1593 1678 1771 1714 protectione

1061 1717 1147 1748 Sedis
1165 1719 1349 1757 Apostolicae
1368 1720 1523 1757 recipiens,
1541 1737 1580 1743 —
1598 1720 1694 1752 Sancti
1715 1722 1769 1753 Be-

1062 1763 1169 1793 nedicti
1189 1763 1320 1802 regulam
1348 1764 1377 1793 in
1401 1773 1434 1794 eo
1457 1766 1565 1795 servari
1588 1767 1715 1797 mandat:
1733 1785 1771 1791 -

1061 1806 1200 1847 Bonaque
1219 1808 1314 1838 omnia
1338 1809 1431 1838 eidem
1459 1810 1619 1841 confirmat.
1645 1828 1684 1835 —
1708 1812 1769 1843 ,tto-

1061 1851 1190 1882 nialibus
1213 1852 1378 1884 facultatem
1399 1853 1447 1884 dat
1464 1855 1538 1884 alias
1562 1865 1678 1897 quoque
1701 1867 1768 1895 per-

1063 1906 1151 1927 sonas
1174 1898 1202 1927 in
1236 1903 1359 1929 monast.
1382 1898 1562 1938 recipiendi:
1595 1917 1635 1924 —
1666 1901 1708 1932 Ab
1736 1912 1770 1933 eo

1062 1946 1158 1972 autern
1182 1943 1296 1981 regredi
1316 1944 1435 1974 omnino
1455 1944 1597 1983 prohibet.
1620 1961 1660 1969 —
1682 1946 1769 1977 Libe-

1061 1996 1125 2017 rum
1153 1993 1250 2018 autem
1273 1989 1481 2018 monasterinm
1512 1990 1607 2028 ipsum
1636 1990 1671 2020 ab
1690 1993 1770 2022 omni

1061 2032 1198 2062 violentia
1220 2031 1280 2063 fore
1301 2033 1443 2063 decernit.
1461 2049 1500 2057 —
1516 2033 1645 2066 Clemen.
1669 2035 1721 2067 PP.
1742 2042 1771 2068 et

1062 2074 1091 2107 S.
1113 2075 1145 2106 R.
1167 2075 1245 2108 Eccl.
1264 2078 1343 2107 card.
1366 2077 1609 2118 subscriptiones.

1022 2143 1142 2173 Clemens
1159 2144 1299 2181 episcopus
1318 2151 1411 2175 servus
1431 2152 1569 2176 servorum
1588 2146 1643 2180 nei.
1662 2146 1770 2178 dilectis

1066 2193 1094 2223 tn
1111 2193 1219 2223 ctutsto
1235 2193 1351 2228 filiabus.
1371 2194 1520 2231 priorissas
1530 2196 1691 2227 monasterii
1706 2198 1768 2226 San·

1067 2243 1232 2273 ott't'homae
1250 2244 1282 2273 de
1301 2244 1469 2278 Erlesbnren.
1491 2244 1600 2282 eiusque
1631 2245 1770 2275 sororibus

1067 2292 1126 2321 tam
1154 2293 1341 2329 praeserttbus
1371 2300 1451 2329 qnam
1470 2292 1584 2327 futuris.
1615 2295 1769 2331 regularem

1066 2342 1154 2372 vitam
1171 2342 1313 2379 protessis.
1330 2343 1358 2372 in
1372 2345 1539 2379 perpetuum.

1072 2409 1286 2444 Prudentibns
1312 2410 1496 2456 virginibus,
1518 2423 1600 2459 quae
1625 2412 1685 2447 suh
1706 2413 1765 2448 ha·
1811 2414 1921 2438 ⁸¹⁰2le

1024 2459 1089 2494 bitu
1122 2459 1279 2505 religionis
1308 2461 1449 2495 accensis
1488 2462 1683 2507 lampadibus
1712 2475 1766 2510 per

1023 2520 1116 2556 opera
1151 2509 1325 2544 sanctitatis
1363 2509 1474 2555 iugiter
1520 2523 1553 2545 se
1578 2511 1767 2558 participant

1024 2558 1068 2594 ire
1089 2557 1211 2594 obviam
1234 2570 1362 2607 sponso,
1390 2558 1488 2595 Sedes
1510 2561 1688 2608 Apostolica
1717 2562 1765 2598 de·

1057 2630 1096 2665 (1)
1116 2630 1154 2657 Es
1174 2630 1274 2657 archiv.
1294 2636 1402 2658 nutusca
1428 2633 1579 2659 monasterii
1602 2632 1765 2669 transcripsit

1001 2670 1043 2696 15³
1073 2670 1100 2695 L!
1135 2671 1225 2698 frider
1256 2670 1387 2698 Srhazinat
