2129 3223
55 237 104 266 An.
121 236 148 264 C.
167 236 233 264 ¹2³¹

77 981 194 1003 Exordium.

57 1435 173 1456 Mandatum
186 1435 224 1456 1³1².

42 1467 68 1487 de
83 1465 187 1488 trinarius
203 1468 224 1488 in

41 1498 191 1520 monn-tortum
200 1498 225 1520 ds

40 1528 150 1550 Ara—Coeli
185 1530 226 1550 im-

43 1560 157 1581 mittendis.

55 1977 149 1999 llanduta
168 1977 225 1999 Pou-

42 2010 104 2030 ituria
157 2010 226 2030 adim-

42 2039 100 2067 plent
110 2040 210 2066 delegati.

843 236 1009 260 {NNOCENTl
1016 237 1050 259 ΓΒ
1071 237 1103 259 lv
1126 237 1172 259 PP.

285 292 356 322 ctori
387 291 498 322 ordinis
524 291 656 321 eiusdem
680 292 847 321 monasterii
876 299 985 331 appen-

285 334 359 366 dicia
406 335 608 366 adiudicando.
630 353 668 358 —
690 335 812 366 Litterae
834 336 984 375 delegato-

284 388 348 410 rum
371 380 589 410 executoriales.
612 397 649 402 —
672 380 794 410 Litterae
817 385 986 420 praecepto-

284 424 344 454 riae
367 423 460 464 Papae
485 424 635 462 delegatis.
657 440 695 445 —
717 423 920 453 Monasterium
950 424 984 453 de

283 467 439 498 Ara-Coeli
463 467 604 498 Minoritis
623 468 761 498 dandum.
779 484 818 489 —
846 467 983 506 Sequun-

283 516 330 541 tur
350 511 462 542 litterae
485 512 695 550 delegatorum.
717 528 755 534 —
777 511 907 541 Anacleti
933 512 984 541 l'i‘,

282 555 404 592 litterae,
431 556 539 596 quilius
563 557 616 585 hoc
641 555 847 585 monasterium
880 565 983 586 mona-

282 599 345 630 chis
372 599 567 631 Benedictinis
598 601 777 630 conceditur.
801 617 839 622 -—-
865 601 983 640 Antiqui

282 646 452 676 monasterii
475 645 563 675 huius
583 645 707 675 termini.
729 662 769 667 —
786 644 861 675 Haec
888 646 983 675 onmia

281 687 422 719 Minoritis
440 689 649 720 conceduntur.
670 706 709 712 -
730 689 895 719 Clausulae.

240 759 411 790 innocentius
441 761 581 797 episcopus
599 768 694 790 servus
711 769 848 790 servorum
871 762 925 795 Dei,
945 762 984 790 di·

283 809 366 839 lectis
382 809 447 839 filiis
472 810 608 843 ministro.
640 811 669 839 et
687 810 824 840 fratribus
842 812 985 840 Minoribus

284 858 414 889 Ecclesiae
432 861 546 889 sanotae
560 860 660 889 mariae
672 861 703 889 de
723 860 856 897 capitolio
871 861 898 890 in
907 862 983 890 Urbe.

289 929 329 965 lis
355 943 434 978 quae
460 932 643 967 auctoritate
665 940 768 967 nostra
796 933 923 979 provide
945 932 985 967 fa-

240 987 287 1015 cta
325 989 415 1022 sunt,
452 980 586 1016 libenter
619 981 783 1017 adiicimus
821 982 982 1029 apostolici

241 1030 424 1065 muniminis
446 1030 623 1065 firmitatem
648 1039 679 1065 ut
702 1031 883 1066 intemerata
905 1043 983 1066 con-

240 1078 362 1120 sistant,
383 1091 463 1127 quae
484 1089 591 1115 nostro
612 1088 685 1114 sunt
714 1081 868 1127 pracsidio
895 1093 984 1115 com-

239 1128 370 1164 munita.
393 1128 474 1164 Cum
497 1130 580 1165 enim
607 1130 687 1164 sicut
708 1142 745 1164 ex
773 1138 858 1177 parte
882 1139 980 1166 vestra

241 1176 300 1212 suit
321 1180 513 1226 propositum
536 1191 639 1214 corani
668 1179 773 1219 nobis,
801 1179 873 1213 olim
898 1192 983 1214 renc-

241 1225 329 1262 rabili
356 1227 440 1263 fratri
463 1227 502 1263 R.
524 1228 644 1263 Ostien.
673 1238 700 1262 et
728 1228 889 1262 Vellitren.
916 1229 984 1276 epi-

240 1288 337 1324 scopo
373 1286 402 1312 et
444 1277 557 1312 dilecto
592 1277 655 1312 filio
691 1286 798 1312 nostro
832 1278 865 1312 S.
904 1279 982 1312 tituli

239 1325 374 1361 Sanctae
400 1325 515 1362 Mariae
543 1326 775 1374 Transtyberim
806 1327 983 1374 presbytero

240 1375 389 1410 cardinali
413 1384 488 1410 tunc
503 1376 618 1411 vicario
641 1384 747 1411 nostro
769 1376 798 1410 in
820 1376 904 1411 Urbe
926 1389 984 1410 no—

239 1425 312 1460 stris
345 1424 526 1460 dederimus
552 1425 660 1460 litteris
693 1426 723 1459 in
752 1425 923 1464 mandatis,
951 1433 984 1460 ut

239 1473 401 1509 ecclesiam
419 1482 449 1509 et
471 1476 694 1510 monasterium
714 1474 847 1509 Sanctae
869 1474 983 1509 Mariae

239 1521 278 1558 de
299 1522 454 1570 Capitolio
477 1524 506 1558 in
525 1523 620 1565 Urbe,
643 1532 717 1558 tunc
734 1523 854 1558 ordinis
875 1524 981 1559 Sancti

237 1571 413 1615 Benedicti,
430 1573 468 1608 de
489 1573 604 1621 quibus
627 1573 815 1608 duxeramus
838 1573 924 1607 vobis
945 1573 983 1608 de

238 1620 367 1657 fratrum
395 1631 570 1658 nostrornm
599 1622 728 1658 consilio
755 1622 982 1669 providendum

237 1682 308 1706 cum
341 1671 441 1707 liortis
466 1680 495 1708 et
523 1672 592 1707 aliis
618 1672 812 1719 appendiciis
833 1672 898 1706 suis
917 1672 983 1706 sitis

238 1720 321 1756 iuxta
349 1723 570 1757 monasterium
594 1722 697 1769 ipsum
721 1722 905 1756 auctoritate
927 1733 983 1755 no·

237 1777 299 1805 stra
322 1770 408 1806 vobis
434 1772 642 1818 assignarent,
669 1783 703 1805 ac
731 1783 784 1805 vos
812 1771 842 1805 in
870 1782 983 1817 corpo-

239 1818 333 1854 ralem
357 1821 586 1866 possessionem
610 1819 839 1854 inducerentet
862 1827 985 1854 tueren-

240 1876 290 1903 tur
323 1869 481 1913 inductos,
509 1869 754 1904 contradictores
787 1878 816 1903 et
853 1868 990 1903 rebelles·

239 1929 295 1965 per
314 1930 476 1954 censuram
504 1919 744 1953 ecclesiasticam
772 1918 979 1965 appellatione

240 1968 411 2014 postposita
431 1968 677 2015 compescendo:
701 1967 794 2002 iidem
813 1968 983 2015 episcopus

239 2025 269 2051 et
296 2017 463 2052 cardinalis
493 2017 581 2052 vobis
611 2017 728 2052 dictum
757 2019 981 2052 monasterium

239 2077 311 2101 cnm
333 2066 452 2101 eisdem
477 2066 576 2101 hortis
602 2076 633 2101 et
659 2067 853 2113 appendiciis
875 2075 983 2101 aucto-

239 2116 326 2151 ritate
345 2115 525 2151 huiusmodi
541 2116 746 2162 assignantes,
764 2116 913 2163 vobisque
932 2117 983 2150 in—

239 2164 342 2200 ductis
365 2166 394 2200 iu
418 2165 610 2212 corporalem
640 2165 868 2211 possessionem
897 2166 984 2212 ipso-

241 2227 321 2255 rum,
337 2227 375 2250 ne
389 2227 484 2262 super
498 2214 661 2261 praedictis
673 2215 867 2261 appendiciis
881 2224 983 2262 posset

239 2265 269 2298 in
297 2273 454 2311 posterum
479 2264 517 2299 ab
545 2264 650 2311 aliquo
672 2264 817 2304 dubitari,
843 2265 984 2311 inspecto

237 2313 398 2360 privilegio
426 2314 474 2348 tet.
505 2325 565 2347 rec.
596 2313 737 2354 Anacleti
765 2313 867 2360 Papae
894 2326 984 2360 prae-

237 2364 410 2398 decessoris
438 2363 558 2405 nostri,
595 2363 625 2396 in
664 2374 727 2409 quo
754 2363 853 2409 ipsius
880 2375 985 2398 mona-

237 2413 321 2447 sterii
344 2413 467 2448 termini
491 2421 521 2447 ct
543 2412 724 2459 appendicia
748 2412 871 2458 plenius
901 2413 984 2447 limi-

238 2469 354 2508 tantur‚
381 2463 509 2509 provida
539 2470 566 2496 et
595 2461 733 2507 diligenti
764 2461 984 2496 deliberatione

238 2522 333 2557 super
358 2511 407 2546 liis
428 2511 543 2554 habita,
567 2512 736 2558 praefatum
760 2511 983 2545 monasterium

240 2571 311 2595 cum
341 2562 407 2595 suis
428 2560 624 2608 appendiciis
646 2569 674 2595 et
703 2559 852 2594 limitibus
873 2560 986 2595 descri-

238 2609 353 2654 tiendo,
367 2622 404 2644 eo
419 2611 500 2645 iuxta
517 2610 657 2645 ciusdem
677 2608 827 2656 privilegii
845 2618 983 2644 tenorem

1650 228 1719 260 559

1027 292 1156 326 caeteris
1173 291 1287 326 sinibus
1304 291 1513 337 designarent,
1533 300 1623 340 prout
1644 293 1674 327 in
1691 293 1769 340 ipso-

1028 353 1095 375 rum
1111 341 1250 388 episcopi
1269 350 1297 374 et
1317 341 1481 376 cardinalis
1497 342 1606 377 litteris
1621 342 1770 377 coniectis

1026 389 1150 430 exinde,
1177 402 1255 438 quas
1276 390 1314 423 de
1340 391 1433 425 verbo
1460 391 1496 425 ad
1526 391 1653 427 verbum
1678 403 1769 440 prae-

1025 439 1169 475 sentibus
1203 440 1295 474 inseri
1338 440 1484 482 fecimus,
1519 442 1642 488 plenius
1665 442 1769 476 conti-

1028 498 1127 523 nt‘ltlt'.

1073 537 1136 573 Nos
1161 538 1253 584 igitur
1278 539 1387 574 vestris
1412 539 1694 587 supplicationibus
1721 541 1769 575 in-

1027 588 1143 629 clinati,
1164 587 1248 634 quod
1271 587 1309 622 ab
1331 588 1448 623 eisdem
1477 590 1626 636 episcopo
1648 598 1678 624 et
1699 602 1769 625 car-

1026 637 1120 672 dinali
1149 636 1262 672 sactum
1285 645 1331 672 est
1355 637 1384 671 in
1414 638 1469 673 bac
1502 647 1585 684 parte
1614 647 1712 674 ratum
1738 648 1767 674 et

1025 695 1146 733 gratnm
1165 686 1325 727 habentes,
1349 686 1377 720 id
1400 689 1582 723 auctoritate
1599 688 1767 735 apostolica

1026 735 1258 777 confirmamus,
1280 745 1311 770 et
1337 737 1507 783 praesentis
1533 737 1640 784 scripti
1665 746 1768 784 patro-

1027 785 1109 819 cinio
1125 785 1369 827 communimus,
1385 787 1492 821 cadem
1515 787 1697 822 auctoritate
1713 796 1770 822 tra-

1026 835 1136 869 dentes
1157 843 1185 869 et
1209 834 1419 870 concedentes
1442 836 1470 869 in
1498 843 1685 883 perpetuum
1706 849 1770 871 car-

1026 883 1133 924 dinali,
1155 885 1207 931 qui
1233 896 1288 930 pro
1311 893 1450 932 tempore
1468 884 1559 919 fuerit
1580 886 1769 932 gubernator

1027 934 1117 967 vestri
1134 934 1265 973 ordinis,
1281 933 1432 968 directum
1442 934 1615 969 dominium
1630 936 1769 982 plenum,

1025 992 1053 1017 et
1090 983 1321 1029 possessionem
1355 983 1538 1018 eorumdem
1565 984 1770 1031 appendicio-

1026 1044 1106 1071 rum,
1134 1032 1280 1067 omnibns
1306 1045 1523 1080 quaecumque
1557 1034 1768 1080 temporaliter

1025 1081 1190 1115 obveniant
1217 1082 1255 1116 de
1281 1082 1399 1116 eisdem
1429 1083 1585 1128 parochia,
1616 1092 1645 1117 et
1677 1095 1769 1130 paro-

1025 1130 1145 1165 chianis
1160 1130 1292 1165 Sanctae
1314 1131 1429 1166 Mariae
1451 1131 1489 1166 de
1509 1130 1677 1179 Capitolio,
1692 1132 1766 1168 Sedi

1025 1180 1234 1226 Apostolicae,
1261 1192 1296 1214 ac
1321 1188 1425 1215 nostro
1449 1180 1644 1227 beneplacito
1667 1194 1767 1217 reser-

1026 1230 1118 1268 vatis;
1146 1241 1266 1264 necnon
1300 1238 1328 1263 et
1363 1238 1534 1264 statuentes
1564 1231 1648 1278 quod
1679 1231 1766 1266 liceat

1025 1278 1114 1313 vobis
1143 1279 1171 1312 in
1201 1279 1279 1323 ipsis
1305 1279 1512 1326 appendiciis,
1540 1288 1570 1313 et
1600 1292 1654 1327 per
1684 1281 1768 1328 ipsas

1025 1327 1146 1370 domos,
1174 1327 1324 1368 officinas,
1348 1328 1463 1368 hortos,
1491 1330 1566 1369 vias,
1595 1329 1712 1376 plateas
1738 1339 1765 1363 et

1024 1376 1099 1411 alias
1125 1377 1361 1412 commoditates
1384 1377 1483 1412 facere
1511 1378 1598 1412 vobis
1621 1378 1710 1414 utiles
1739 1389 1765 1412 et

1025 1426 1171 1460 honestas
1205 1426 1408 1473 ubicumque,
1442 1427 1705 1475 quandocumque
1739 1439 1765 1461 ei

1024 1475 1292 1522 qualitercumque
1310 1476 1446 1510 videritis
1464 1477 1625 1523 expedire,
1644 1489 1700 1512 nec
1718 1478 1769 1512 aii<

1024 1525 1105 1571 quis,
1127 1524 1176 1559 cui
1205 1536 1319 1559 census
1341 1525 1520 1560 huiusmodi
1548 1527 1578 1560 in
1610 1536 1766 1573 posterum

1024 1573 1157 1608 conferri
1186 1575 1362 1620 contigerit,
1390 1575 1554 1610 occasione
1584 1588 1645 1610 non
1673 1576 1766 1611 solnti

1026 1623 1071 1658 vel
1105 1623 1244 1658 solvendi
1280 1636 1407 1664 census,
1441 1636 1521 1671 qnos
1546 1634 1697 1671 quantum
1730 1628 1766 1659 ad

1024 1685 1091 1707 eam
1107 1682 1225 1719 partem
1239 1673 1378 1719 ipsorum
1391 1674 1659 1721 appendiciorum,
1673 1687 1766 1722 quam

1025 1722 1054 1755 in
1075 1721 1253 1756 huiusmodi
1278 1735 1354 1758 usus
1382 1731 1500 1757 vestros
1525 1724 1765 1758 convertendam

1024 1770 1185 1810 duxeritis,
1215 1772 1338 1818 penitus
1364 1772 1575 1816 annullamus,
1597 1785 1652 1808 vos
1673 1786 1767 1820 super

1026 1821 1084 1855 hoc
1111 1822 1208 1867 possit
1234 1820 1430 1867 aliquatenus
1456 1821 1619 1869 impedire.

1073 1869 1175 1904 Teuor
1197 1878 1300 1904 autem
1324 1870 1497 1906 litterarum
1529 1872 1668 1918 ipsarum
1697 1872 1766 1907 talis

1025 1927 1087 1953 est:
1125 1919 1323 1954 miseratione
1363 1919 1465 1955 divina
1504 1919 1541 1954 R.
1577 1920 1699 1957 Ostien.
1736 1929 1767 1956 et

1024 1967 1184 2003 Vellitren.
1207 1969 1386 2016 episcopuS,
1409 1978 1438 2005 et
1459 1970 1493 2005 S.
1516 1969 1612 2005 Tituli
1635 1969 1767 2006 Sanctae

1024 2017 1138 2052 Mariae
1165 2018 1396 2065 Transtyberim
1418 2019 1580 2067 presbyter
1601 2019 1768 2054 cardinalis

1024 2067 1097 2101 viris
1123 2067 1277 2114 religiosis
1299 2068 1422 2103 dilectis
1441 2070 1470 2103 in
1494 2068 1654 2103 Christo..
1671 2069 1767 2104 mini-

1023 2126 1125 2151 stro...
1147 2117 1304 2151 custodi...
1337 2118 1520 2163 guardiano‚
1547 2127 1577 2152 et
1607 2118 1676 2152 aliis
1706 2118 1768 2152 fra-

1025 2165 1125 2201 tribus
1141 2165 1315 2201 Minoribus
1337 2168 1366 2201 in
1390 2166 1472 2201 Urbe
1495 2167 1700 2207 morantibus,
1722 2179 1769 2201 sa-

1025 2215 1133 2259 lutem,
1160 2224 1189 2250 et
1216 2216 1369 2250 sinceram
1400 2217 1429 2250 in
1466 2216 1600 2251 Domino
1632 2216 1767 2251 charita—

1025 2273 1097 2299 tem⁴
1116 2264 1296 2298 Mandatum
1316 2265 1521 2312 apostolicum
1542 2265 1716 2312 recepimus
1738 2266 1766 2300 in

1026 2313 1108 2348 hunc
1123 2313 1268 2347 modum:
1291 2313 1493 2348 Innocentius
1514 2314 1680 2361 episcopus
1706 2327 1769 2349 ser-

1025 2375 1082 2397 vus
1114 2375 1274 2397 servorum
1307 2362 1375 2397 Dei.
1410 2362 1586 2398 Venerabili
1620 2362 1703 2398 fratri
1709 2391 1765 2398 .....

1025 2412 1173 2459 episcopo
1195 2411 1329 2451 Ostien.,
1354 2420 1384 2446 et
1405 2412 1518 2447 dilecto
1543 2412 1606 2446 filio
1627 2412 1660 2447 S.
1684 2414 1765 2448 tituli

1025 2461 1157 2496 Sanctae
1187 2461 1301 2495 Mariae
1330 2461 1559 2508 Transtyberim
1588 2462 1767 2510 presbytero

1026 2510 1185 2554 cardinali,
1212 2511 1327 2544 vicario
1349 2519 1455 2545 nostro
1473 2511 1503 2545 in
1521 2510 1618 2555 Urbe,
1636 2512 1766 2547 salutem

1026 2569 1055 2594 et
1089 2559 1290 2606 apostolicam
1331 2559 1591 2595 benedictionem.
1632 2560 1768 2610 Lampas

1027 2609 1158 2655 insignis
1175 2608 1357 2643 coelestium
1375 2608 1597 2656 exemplarium
1620 2609 1767 2646 adornata

1786 239 1833 265 An.
1852 238 1880 263 C,
1899 238 1964 263 ¹2²5?

1805 545 1941 566 innoventurt

1782 578 1833 598 hacc
1848 577 1963 599 confit-nui.

1782 609 1838 628 card.
1849 609 1964 634 protectori

1782 640 1862 660 ordinis
1906 639 1963 658 eluse

1782 670 1828 690 dom
1843 672 1962 690 monasterie

1782 701 1906 727 appendicia
1927 702 1962 719 ,it

1782 732 1863 752 iudican
1873 733 1892 751 lt

1794 1879 1885 1901 Litterae
1903 1880 1963 1900 dele*

1781 1913 1873 1937 galerum
1889 1916 1963 1931 erocu-

1781 1942 1867 1963 nortales

1795 2420 1885 2441 Litterae
1902 2426 1965 2447 prae-

1781 2453 1888 2479 ceptoriae
1897 2451 1964 2478 Papae

1782 2483 1890 2508 detegatis.
