2129 3223
28 279 77 308 Ans
94 279 122 308 C.
143 280 209 306 ¹2⁸6

27 1265 78 1295 luo,
85 1269 197 1296 qnomlnn·

12 1298 109 1326 nunt-r,
124 1299 197 1326 protit-

15 1328 82 1351 betur.

838 280 855 302 A
861 280 1032 302 [Exaxnfflt
1059 280 1090 302 lv
1113 280 1161 303 ΡΡ.

223 345 301 380 puer
326 334 364 368 sit
397 334 526 369 omnino
553 333 679 380 ineptus
713 342 744 368 et
777 333 898 369 inutilis
931 334 967 368 ad

221 383 289 418 talis
310 383 503 418 defensionis
524 382 661 418 officium
682 395 736 418 seu
760 383 966 418 ministerium

218 432 452 479 exequendum,
461 432 768 479 oportereteamdem
781 432 967 472 Ecclesiam,

219 481 243 515 si
266 481 463 527 contingeret
483 481 556 527 eligi
589 481 708 516 dictum
733 494 877 528 puerum,
901 494 967 517 ma-

220 542 293 565 nere
319 529 449 574 diutius,
475 542 538 564 non
566 529 684 578 absque
712 531 862 576 gravibus
891 532 966 567 sort·

218 578 408 626 dispendiis,
430 578 624 614 defensionis
645 579 813 614 commodo
840 580 969 615 tlt-stitu-

219 637 290 662 tam.
327 627 392 663 Nec
431 640 487 676 per
524 628 583 663 hoc
616 629 708 662 etiam
747 629 968 664 consuleretur

217 677 323 724 amplo
349 686 380 712 et
407 677 553 724 spacioso
580 675 688 724 regn&
703 676 901 713 Tlteutonico
928 678 966 712 de

219 737 302 773 rege,
337 726 383 760 vel
420 734 540 761 rectore
574 725 750 773 condigno,
784 738 854 761 cum
886 727 964 761 male

218 775 316 822 possit
337 774 414 810 alios
436 787 556 822 regere,
578 775 631 822 qui
655 787 718 810 non
741 776 827 810 novit
848 776 966 822 guber—

217 835 291 859 nare
311 824 464 870 seipsum;
492 836 550 859 nec
578 824 668 868 bene,
695 823 741 859 vel
769 824 863 870 digne
885 825 964 859 alio-

215 884 287 908 rum
313 871 530 920 gubernaculo
552 884 687 919 praeesse
712 873 821 917 valeat,
844 875 897 920 qui
921 885 966 908 re-

213 921 334 967 gimine
354 921 481 957 ducitur
502 922 617 961 alieno,
639 930 669 956 et
682 922 745 962 cui,
768 931 895 969 propter
921 931 963 957 tot

214 979 357 1017 patentes
382 970 536 1016 desectus,
559 971 731 1006 necessaria
754 979 801 1005 est
835 971 964 1006 alterius

212 1019 357 1055 custodia
379 1027 410 1054 et
434 1021 542 1055 tutela.
568 1019 702 1068 Propter
721 1019 806 1067 quod
830 1032 961 1066 regnum

212 1068 332 1115 ipsum,
354 1068 449 1116 longo
483 1077 643 1116 tempore,
671 1081 731 1103 non
768 1070 837 1103 sine
863 1069 962 1103 multo

212 1117 406 1162 discrimine,
433 1117 493 1153 sub
521 1119 691 1165 opportuni
722 1119 885 1163 regiminis
906 1130 963 1152 ex-

211 1167 388 1213 pectatione
411 1166 582 1214 langueret.

261 1215 335 1263 54.
365 1215 502 1263 Ideoque
532 1216 754 1251 fraternitatem
778 1224 862 1250 tuam
891 1228 961 1250 mo-

211 1276 335 1304 nemus¹
364 1277 510 1311 rogamus
532 1272 562 1299 et
589 1264 753 1299 hortamur
773 1273 900 1305 attente,
926 1277 962 1300 ac

213 1326 269 1361 per
289 1314 460 1361 apostolica
483 1314 538 1349 tibi
560 1314 676 1361 scripta
699 1314 729 1348 in
752 1314 864 1349 virtute
887 1325 961 1348 san-

209 1371 277 1398 ctae
303 1363 522 1404 obedientiae,
559 1363 618 1398 sub
652 1362 756 1397 debito
793 1362 960 1402 fidelitatis,

209 1423 273 1458 quo
295 1411 398 1457 nobis,
420 1420 451 1447 et
471 1412 632 1447 Ecclesiae
653 1411 815 1446 Romanae
835 1412 960 1455 teneris,

209 1472 245 1495 ac
276 1461 337 1496 sub
363 1473 462 1508 poena
489 1461 838 1503 excommunicationis,
865 1473 958 1507 quarn

209 1521 247 1544 ex
269 1521 354 1545 nunc
380 1511 410 1545 in
432 1518 462 1545 te
486 1509 685 1557 proferimus,
708 1509 847 1544 districte
871 1522 961 1556 prac-

209 1558 358 1605 cipiendo
381 1559 579 1600 mandamus,
604 1566 760 1606 quatenus
786 1558 958 1605 praefatum

208 1606 389 1643 Conradum
423 1620 555 1656 puerum
585 1608 765 1642 nullatenus
793 1608 822 1642 iu
852 1620 956 1653 regem

209 1655 321 1702 eligas,
346 1669 404 1692 nec
427 1658 581 1697 nomines,
601 1668 703 1703 neque
726 1657 904 1691 consentias
928 1657 957 1690 in

209 1705 368 1741 eumdem.
396 1706 440 1741 Ita
467 1707 550 1753 quod
579 1706 872 1741 excommunicatus
894 1706 960 1740 exi-

208 1762 283 1795 stas,
298 1756 323 1790 si
345 1763 452 1791 contra
480 1755 661 1790 mandatum
686 1763 826 1789 nostrum
848 1754 960 1798 facere,

210 1805 256 1839 vel
295 1805 400 1839 venire
438 1805 704 1851 praesumpseris,
739 1811 771 1838 et
812 1803 958 1838 eumdem

211 1851 394 1888 Conradum
416 1854 627 1888 nominaveris
654 1853 699 1888 vel
728 1852 875 1898 elegeris,
907 1860 960 1886 aut

213 1902 241 1935 in
265 1905 369 1949 ipsum
387 1902 598 1945 consenseris,
620 1914 676 1936 seu
691 1912 798 1948 opem,
820 1900 868 1936 vel
889 1912 962 1947 ope-

212 1962 291 1995 ram,
316 1951 501 1995 consilium,
534 1950 703 1991 auxilium,
734 1950 779 1984 vel
813 1949 960 1988 favorem,

212 2007 247 2035 ut
266 1999 411 2046 eligatur,
433 1999 638 2047 impenderis,
664 2007 694 2034 et
720 1999 813 2034 etiam
841 1999 865 2033 si
891 1999 961 2032 eius

211 2049 398 2086 electionem
427 2061 488 2083 non
524 2048 725 2095 impediveris
759 2055 824 2082 toto
857 2059 960 2094 posse,

213 2108 246 2134 ut
267 2100 294 2135 si
327 2098 406 2133 forte
428 2098 466 2133 ad
490 2098 589 2144 ipsius
616 2098 800 2132 electionem
828 2097 873 2131 vel
897 2108 960 2130 no-

213 2148 418 2184 minationem
451 2147 660 2194 processeris,
695 2146 776 2181 scias
809 2153 837 2180 te
876 2146 962 2192 prius

213 2196 540 2232 excommunicatione
559 2196 702 2241 ligatum,
730 2194 790 2228 Alii
821 2206 893 2229 vero
915 2206 960 2227 co-

212 2246 404 2282 electoribus
429 2245 502 2284 tuis.
530 2253 592 2279 tam
618 2244 840 2279 ecclesiasticis
866 2255 959 2290 quam

213 2294 442 2334 saecularibus,
474 2294 658 2328 auctoritate
694 2300 799 2327 nostra
833 2292 962 2326 firmiter

215 2344 368 2385 inhibeas,
389 2356 429 2378 ne
456 2344 558 2390 ipsum
582 2342 619 2377 ad
647 2342 706 2377 hoc
729 2341 891 2376 nominent
916 2341 961 2375 vel

215 2394 342 2440 eligant,
363 2405 423 2429 nec
445 2393 473 2427 in
496 2404 568 2428 eum
591 2391 799 2431 consentiant,
823 2389 962 2436 promul-

215 2442 331 2489 gando,
352 2442 460 2478 eadem
483 2441 677 2480 auctoritate,
701 2440 731 2474 in
754 2451 809 2474 eos
832 2450 962 2474 excom-

216 2492 438 2527 municationis
464 2490 667 2530 sententiam,
696 2489 720 2523 si
749 2497 853 2524 contra
883 2488 961 2522 ltanc

217 2549 301 2576 tuam
316 2540 535 2576 inhibitionem
551 2540 656 2574 venire
678 2537 876 2581 tentaverint,
899 2537 962 2572 imo

217 2597 372 2625 nostram:
398 2590 440 2624 ita
461 2589 546 2636 quod
572 2589 597 2623 si
625 2599 698 2622 eum
725 2587 886 2621 nominare
914 2586 960 2620 vel

215 2637 349 2684 eligere,
373 2646 426 2673 aut
459 2639 490 2672 in
526 2638 630 2685 ipsum
663 2637 840 2671 consentire
871 2646 963 2681 prae-

294 2695 368 2726 Bult.
386 2694 461 2725 Rom.
489 2695 541 2723 Vol.
559 2694 610 2723 III.
805 2692 840 2722 81

1640 275 1703 306 641

1011 335 1214 382 sumpserint,
1243 345 1372 371 noscant
1398 349 1431 371 se
1460 350 1546 384 prius
1572 350 1758 375 excommu-

1012 384 1178 419 nicationis
1205 384 1330 419 vinculo
1357 386 1538 427 innodatos,
1567 396 1599 423 ut
1632 400 1670 423 ex
1699 389 1757 424 hoo

1012 433 1079 479 ipso
1101 433 1140 477 (si
1169 433 1208 467 de
1231 434 1389 480 praedicto
1413 448 1509 481 puero
1535 437 1703 484 quicquam
1726 438 1755 472 in

1011 482 1067 517 ltac
1097 490 1183 529 parte
1210 490 1394 518 attentatum
1425 484 1530 529 suerit)
1560 486 1598 520 sit
1628 498 1756 533 prorsus

1011 542 1154 571 vacuum,
1182 539 1301 566 irritum
1329 541 1359 567 et
1387 546 1488 569 inane.

1057 580 1077 627 S
1099 585 1130 615 5.
1159 580 1339 615 Mandatum
1364 583 1477 629 itaque.
1496 595 1531 618 ac
1554 592 1753 632 praeceptum
1782 598 1954 619 romemm

1009 641 1104 676 super
1138 631 1196 664 boc
1223 632 1428 674 apostolicum
1457 633 1502 667 sic
1537 632 1681 672 fideliter,
1702 646 1756 668 sa-
1769 628 1876 686 ζ’ξζζῗζζῗ,
1903 628 1952 678 ξ’ξζῖ,

1010 678 1130 724 pienter
1155 687 1185 713 et
1217 679 1383 714 efficaciter
1412 681 1586 728 adimplere
1615 682 1753 723 studeas,
1770 690 1880 710 bedu-³¹⁶⁵

1007 738 1132 762 omnem
1162 739 1253 773 opem
1287 737 1317 762 et
1351 741 1477 775 operam
1515 730 1685 771 adhibeas,
1721 739 1754 765 ut

1007 776 1120 823 aliquis
1146 776 1206 811 fide
1233 778 1335 812 clarus
1356 786 1386 812 et
1408 778 1575 814 devotione
1601 780 1754 823 sincerus,

1007 826 1056 859 cui
1085 825 1122 859 ad
1151 825 1180 859 id
1215 825 1426 872 suffragentur
1453 828 1574 868 merita,
1609 827 1753 873 eligatur,

1006 874 1089 920 quod
1118 886 1154 908 ex
1185 875 1222 909 iis
1250 887 1307 909 nos
1328 884 1358 910 et
1379 875 1554 911 Romanam
1579 876 1752 912 Ecclesiam

1006 922 1079 961 tibi,
1111 930 1141 956 ct
1173 922 1334 958 Ecclesiae
1369 933 1439 959 tuae
1470 926 1586 960 arctius
1620 925 1754 971 obliges,

1006 983 1127 1018 nosque
1153 971 1258 1007 laetari
1275 973 1443 1020 possimus,
1469 973 1497 1008 id
1521 974 1604 1021 quod
1636 975 1666 1008 in
1696 976 1753 1009 hoc

1005 1020 1209 1059 intendimus,
1242 1029 1296 1056 tuo
1324 1023 1429 1056 solet-ti
1458 1023 1564 1058 studio
1587 1022 1754 1057 salubriter

1006 1071 1195 1115 provenisse.
1214 1070 1259 1104 Ad
1280 1071 1356 1105 haec
1373 1071 1582 1106 nihilominus
1598 1072 1627 1106 in
1644 1084 1754 1106 omnes

1004 1118 1173 1161 electores,
1207 1120 1259 1166 qui
1297 1129 1504 1154 memoratum
1544 1133 1675 1167 puerum
1713 1120 1752 1155 ad

1004 1167 1062 1202 hoc
1087 1169 1260 1207 nominare,
1285 1170 1329 1202 vel
1353 1169 1479 1214 eligere,
1509 1182 1562 1203 seu
1588 1170 1619 1203 in
1649 1170 1751 1216 ipsum

1004 1217 1193 1259 consentire,
1217 1225 1268 1250 aut
1295 1229 1399 1264 opem,
1428 1218 1472 1252 vel
1501 1230 1641 1265 operam,
1669 1231 1753 1253 con-

1004 1265 1121 1309 silium,
1141 1265 1304 1306 auxilium,
1321 1266 1367 1301 vel
1391 1267 1538 1307 savorem,
1558 1275 1592 1301 ut
1609 1267 1753 1313 eligatur,

1003 1314 1077 1349 dare
1103 1316 1386 1361 praesumpserint,
1416 1317 1754 1351 excommunicationis

1003 1365 1190 1398 sententiam
1215 1364 1462 1410 promulgamus.
1491 1364 1594 1406 Quam
1624 1377 1680 1412 per
1713 1374 1752 1405 te,

1003 1420 1168 1460 antequam
1183 1412 1220 1446 ad
1241 1413 1487 1448 nominationem
1503 1414 1549 1448 vel
1569 1414 1752 1449 electionem

1002 1461 1138 1507 aliquam
1168 1462 1370 1507 procedatur,
1397 1461 1527 1510 reliquis
1556 1463 1618 1497 tuis
1643 1464 1753 1497 coele-

1001 1510 1142 1545 ctot·ibus
1174 1512 1388 1558 praecipimus
1418 1512 1571 1546 nunciavi.
1605 1512 1699 1554 Quod
1726 1512 1752 1547 si

1003 1572 1063 1594 non
1098 1559 1221 1599 feceris,
1257 1572 1294 1594 eo
1322 1561 1390 1607 ipso
1427 1569 1456 1595 te
1486 1561 1611 1596 noveris
1639 1561 1754 1607 laqueo

1001 1609 1336 1644 excommunicationis
1356 1609 1550 1644 adstrictum.

1050 1657 1165 1693 Datum
1201 1659 1362 1705 Anagniae
1397 1659 1520 1694 decimo
1553 1659 1664 1706 quinto
1697 1658 1754 1694 lta-

1003 1707 1111 1742 lendtts
1137 1708 1275 1753 augusti,
1308 1707 1507 1754 pontificat-us
1541 1708 1636 1743 nostri
1669 1720 1753 1743 anno

1002 1756 1152 1792 secundo.

1051 1817 1110 1847 Dat.
1133 1817 1180 1847 die
1208 1817 1240 1846 18
1257 1817 1319 1846 iulii
1338 1818 1423 1853 1256,
1447 1818 1547 1856 pontis.
1570 1827 1647 1848 anno
1669 1827 1699 1848 11.

1773 287 1810 311 An
1840 287 1868 312 C.
1887 288 1955 314 ¹⁸25ss

1304 1974 1450 2009 XXXIV.

1005 2047 1126 2079 Priores
1147 2054 1174 2080 et
1199 2047 1308 2090 fratres
1330 2046 1486 2081 Eremitae
1506 2047 1624 2080 ordinis
1645 2049 1753 2082 Sancti

1058 2096 1205 2128 thllelm-t'
1242 2097 1430 2140 recipiuntur
1474 2097 1528 2129 sub
1571 2098 1752 2141 protectione

1051 2145 1138 2178 Sedis
1182 2147 1390 2189 Apostolt‘cae,
1431 2158 1498 2178 cum
1532 2147 1750 2179 nonnullarum

1050 2195 1223 2237 gratiarum
1251 2195 1430 2239 elargitione
1453 2193 1513 2236 (J).

1268 2267 1481 2298 SUMMARIUM

1003 2324 1170 2355 Exordium.
1192 2341 1231 2348 —
1247 2324 1385 2355 Ordinem
1410 2325 1465 2354 sul]
1494 2327 1672 2364 protectione
1695 2335 1749 2355 su-

1045 2370 1129 2409 scipit
1150 2369 1177 2400 S.
1199 2371 1241 2399 A:
1256 2369 1435 2408 -Eiusque
1458 2370 1566 2399 eremis
1588 2370 1662 2400 bona
1691 2379 1751 2400 om-

1043 2414 1089 2443 nia
1110 2414 1271 2444 confirmat.
1293 2431 1331 2437 -
1348 2413 1492 2443 Nonnulla
1512 2414 1663 2452 privilegia
1682 2423 1751 2444 con-

1043 2458 1127 2492 cedit,
1151 2458 1367 2497 nonnullasque
1390 2459 1596 2496 exemptiones.
1615 2456 1748 2487 —Nmt-

1043 2502 1120 2531 nulla
1137 2501 1319 2531 observanda
1336 2501 1519 2539 praescribit.
1533 2501 1644 2531 —Alia
1662 2501 1751 2540 privi-

1043 2545 1128 2583 legia.
1142 2561 1181 2567 --
1195 2544 1226 2574 In
1239 2545 1445 2583 spiritualibus
1465 2545 1585 2575 subiicit
1601 2545 1748 2584 episcopo.

1043 2606 1080 2610 —
1098 2588 1157 2618 Atia
1178 2588 1339 2628 privilegia.
1358 2605 1396 2610 —
1417 2588 1456 2618 De
1474 2589 1580 2627 prioris
1603 2589 1749 2628 generalis

1038 2651 1077 2686 (l)
1094 2650 1130 2676 Ex
1150 2650 1254 2684 Regest.
1272 2650 1356 2676 vatic.
