2129 3223
120 253 167 278 An.
184 252 211 277 C.
235 252 303 279 1¹99

132 306 213 329 siculo·
234 308 258 328 ad
279 308 304 328 fi-

119 339 165 358 dem
194 345 231 359 suo
260 340 303 365 regi

119 370 242 390 servandam
253 370 304 391 hor-

121 400 182 419 toiur.

141 1971 220 1997 [negor
265 1972 311 1998 pri-

128 2005 205 2022 matum
215 2001 276 2023 Sedis
286 2003 313 2023 A·

129 2032 246 2057 pastelii-ae
259 2038 313 2053 eon-

129 2065 205 2084 metm.

375 241 438 273 ¹66

319 317 430 341 nemus
459 304 550 350 igitur
586 302 821 337 universitatem
851 310 998 345 vestram,
1029 313 1065 335 ac

318 367 374 402 per
403 352 572 400 apostolica
596 351 684 386 vobis
709 351 824 398 scripta
857 351 1063 387 mandamus,

317 411 473 450 quatenus
510 402 590 436 circa
627 400 824 436 devotionem
866 399 1064 446 Apostolicae

318 453 428 491 Sedis,
455 459 485 485 et
520 450 665 485 eiusdem
701 450 783 497 regis
816 449 998 484 fidelitatem
1029 461 1065 482 ex

317 501 377 536 hoc
405 500 606 535 ferventiores
632 498 748 543 effecti,
779 510 835 542 ea,
856 510 937 545 quae
964 498 1065 532 hono-

318 563 382 584 rem
407 550 515 595 ipsius.
544 549 682 595 quietem
719 556 852 583 vestram
885 556 914 581 et
949 555 1064 581 statum

318 600 403 644 regui
433 598 620 645 respiciunt,
655 596 779 632 solicite
808 596 998 643 procuretis:
1029 596 1066 629 ab

316 648 462 682 omnihus
495 647 584 682 vobis
612 654 833 693 praecaventes
857 645 994 680 insidiis,
1029 657 1066 678 ne

318 710 372 743 per
388 697 601 739 securitatem,
618 705 669 730 aut
686 695 827 730 fraudem
844 694 962 740 aliquid
981 693 1067 727 robis

316 746 435 781 sinistri
459 746 556 780 valeat
579 745 717 779 evenire.
753 743 817 779 Nos
843 744 945 778 enim„
974 742 1067 776 dante

316 796 465 834 Domino,
496 807 553 829 nec
578 794 655 840 regi,
679 806 737 828 nec
762 804 871 839 regno,
900 804 957 826 nec
980 791 1068 826 vobis

317 846 393 891 ipsis
419 844 523 891 aliqua
546 843 711 878 occasione
739 842 919 881 deerimus,
955 841 1008 875 sed
1032 853 1067 876 ea

316 893 499 929 curabimus
522 903 724 940 promovere,
759 903 838 937 quae
860 891 958 925 totius
981 891 1067 935 regni

317 943 487 990 respicient
509 942 752 976 incrementum.

898 247 1083 270 BULLAthai

621 1108 761 1144 XXVIII.

316 1187 474 1220 Hortatur
502 1186 686 1229 Greqort'um
710 1185 899 1218 Catholicum
925 1185 1072 1216 Armeno-

368 1247 435 1269 rum
475 1236 516 1268 ad
548 1235 804 1279 perseuerantiam
842 1235 875 1265 in
901 1233 960 1277 fide
987 1234 1069 1265 chri-

367 1287 468 1318 stiana
507 1292 533 1316 et
566 1285 722 1317 deuotione
749 1283 836 1315 Sedis
863 1282 1067 1325 Apostolicae,

367 1334 649 1376 subventionemque
679 1333 790 1365 Terrae
805 1332 939 1365 Sanctae
961 1331 1072 1363 Hieru-²

367 1384 470 1415 salem.

591 1453 804 1484 summe-ltu

342 1543 346 1548 .
370 1520 489 1557 Gregor.
512 1519 668 1558 primatum
688 1518 773 1548 Sedis
793 1518 981 1556 Apostolicae
1004 1527 1073 1547 con-

361 1564 466 1593 fitetur.
489 1579 528 1585 -
549 1563 576 1592 Ξ.
599 1561 707 1601 Papam
732 1570 798 1591 vero
821 1561 999 1591 universalis
1022 1560 1074 1590 Ec-

361 1608 468 1638 clesiae
485 1611 580 1646 caput.
595 1623 634 1628 —
657 1606 682 1636 3.
701 1605 740 1635 De
764 1606 810 1635 his
835 1604 1000 1643 gratulatur
1022 1603 1072 1632 ln-
1094 1604 1096 1629 ἰ

362 1653 574 1683 nocentiusz—
586 1652 612 1681 4.
626 1651 757 1689 Eumque
773 1649 809 1679 ad
826 1648 1073 1687 perseverantiam
1094 1658 1096 1664 ⁸

363 1697 509 1732 hortatur,
527 1712 565 1717 -
578 1695 603 1724 5.
623 1694 657 1723 Et
674 1693 709 1723 ad
728 1692 950 1722 subventionem
967 1691 1074 1721 Terrae
1095 1703 1096 1706 ¹

363 1740 497 1770 Sanctae.

323 1806 496 1835 innocentius
515 1805 658 1841 opiscopus
671 1810 767 1832 servus
786 1796 926 1831 servorum
942 1802 998 1835 Dei,
1013 1803 1074 1830 (ιι-ο·
1095 1811 1097 1845 4

368 1856 446 1892 gorio
465 1854 607 1883 catholico
621 1854 805 1882 armenorum.

373 1927 388 1966 ᾗ
414 1926 443 1956 l.
473 1921 519 1956 Ex
544 1933 582 1954 eo
617 1928 645 1955 te
676 1918 847 1954 radicatum
877 1918 907 1952 in
938 1918 999 1952 fide
1022 1887 1098 1953 cai-l

325 1972 456 2011 tholica,
485 1978 515 2004 et
536 1981 605 2004 esse
627 1967 818 2004 catholicum
842 1979 905 2001 non
928 1976 989 2002 tam
1018 1979 1076 2002 no-
1096 1969 1098 1977 '

328 2021 430 2064 mine,
469 2031 563 2066 quam
602 2018 713 2053 merito
754 2016 955 2063 experimur,
992 2016 1075 2063 quod

329 2069 529 2117 Apostolicae
556 2066 650 2102 Sedis
678 2065 891 2112 magisterium
921 2076 1077 2111 recogno-

327 2132 432 2162 scens,
454 2130 521 2153 eam
539 2116 750 2152 Ecclesiarum
766 2115 909 2149 omnium
932 2122 1076 2158 matrem,

327 2177 358 2203 et
384 2179 443 2203 nos
468 2174 562 2213 caput
589 2165 810 2200 universorum
837 2163 979 2198 fidelium
1006 2174 1076 2197 con>

329 2218 439 2256 literis,
467 2216 547 2250 sicut
583 2227 619 2249 ex
653 2223 777 2249 tuarum
813 2212 906 2247 nobis
939 2212 1077 2246 innotuit

329 2267 409 2301 serie
425 2267 596 2300 literarum.
626 2263 714 2298 Nosti
737 2261 853 2298 etenim
878 2260 1075 2308 privilegium

330 2315 426 2359 Petri,
452 2313 536 2361 quod
558 2313 617 2347 sibi
643 2312 798 2347 Dominus
819 2310 983 2346 universas
1004 2321 1077 2344 oves

330 2377 402 2399 suas
425 2362 597 2411 pascendas
625 2361 776 2396 vocabulo
810 2358 902 2395 tertio
924 2358 1078 2406 repetito,

331 2413 504 2447 commisit:
533 2412 631 2446 Pasce
663 2409 850 2457 (inquiens)
877 2420 952 2444 oves
981 2419 1077 2447 meas,

331 2471 358 2495 et
388 2474 484 2508 super
507 2461 668 2495 universas
695 2460 721 2494 ei
746 2458 861 2504 ligandi
884 2467 914 2493 et
937 2456 1076 2492 solvendi

333 2511 465 2545 contulit
481 2517 678 2557 potestatem,
693 2508 802 2543 diceus
815 2507 852 2542 ad
867 2519 956 2541 eum:
973 2504 1080 2548 Quod-

332 2571 468 2606 cumque
495 2559 640 2604 ligaveris
670 2568 764 2603 super
791 2563 923 2596 terram,
956 2556 1015 2589 erit
1041 2554 1079 2588 li-

334 2614 440 2653 gatum
464 2614 494 2641 et
516 2608 547 2641 in
577 2606 691 2646 coelis,
718 2614 748 2641 et
770 2604 994 2652 quodcumque
1016 2603 1080 2638 sol-

1113 246 1223 268 nonan
1230 246 1272 268 [M

1108 299 1189 334 veris
1217 311 1312 344 super
1347 308 1482 339 terram,
1510 297 1565 332 erit
1599 296 1735 332 solutum
1764 304 1794 331 et
1825 298 1854 332 in

1107 348 1214 383 coelis.
1245 347 1333 382 Nosti
1365 347 1457 382 etiam
1488 347 1732 393 praerogativam
1771 349 1858 393 Apo-

1107 397 1236 432 stolicae
1259 396 1366 440 Sedis,
1388 408 1468 443 quae
1493 407 1547 442 per
1569 395 1676 430 merita
1698 395 1734 430 B.
1758 395 1857 440 Petri,

1107 447 1165 481 etsi
1196 458 1258 480 non
1281 453 1440 492 tempore,
1467 445 1652 479 auctoritate
1679 453 1784 479 lamen
1807 445 1858 480 in-

1108 503 1154 529 ter
1191 495 1349 540 apostolos
1389 494 1499 541 primi,
1536 505 1597 528 non
1634 494 1859 529 constitutione

1108 544 1277 591 synodica,
1305 544 1360 578 sed
1395 543 1516 578 diviua.
1545 543 1627 577 inter
1653 555 1765 578 omnes
1790 543 1859 578 Ec-

1108 593 1222 628 clesias
1246 593 1461 638 magisterium
1485 591 1630 631 obtinuit,
1652 599 1684 626 et
1706 592 1859 639 primatus

1110 642 1312 676 fundamenta
1335 653 1430 688 super
1458 640 1610 674 immobili
1637 640 1858 682 fundamento,

1110 691 1148 724 de
1175 703 1238 738 quo
1259 691 1380 724 Paulus
1403 690 1504 736 inquit
1526 689 1705 736 apostolus:
1728 689 1860 725 Funda-

1110 750 1252 775 mentum
1282 740 1417 786 positum
1445 747 1504 779 est,
1534 747 1655 784 praeter
1676 739 1760 786 quod
1776 740 1859 774 aliud

1111 790 1183 835 poni
1207 801 1269 824 non
1307 797 1422 835 potest,
1455 787 1539 834 quod
1568 796 1614 823 est
1640 787 1787 823 Christus
1816 789 1861 823 lc-

1110 850 1182 879 sus,
1219 847 1248 873 et
1291 837 1329 872 de
1369 849 1432 884 quo
1454 837 1579 872 Veritas
1623 837 1654 871 in
1691 837 1862 884 Evangelio

1111 887 1214 934 inquit
1240 887 1278 921 ad
1313 886 1458 921 Petrum:
1489 886 1593 932 Super
1631 886 1711 921 hanc
1743 896 1861 934 petram

1111 936 1283 971 aedificabo
1306 936 1480 970 Ecclesiam
1502 947 1614 975 meam,
1637 943 1667 970 et
1690 943 1796 982 portae
1818 937 1864 971 in-

1112 984 1166 1019 feri
1191 998 1252 1019 non
1283 984 1505 1032 praevalebunt
1527 985 1678 1019 adversus
1700 997 1779 1019 eam.
1803 985 1863 1020 Pe-

1112 1041 1179 1068 trus
1201 1034 1357 1081 siquidem
1383 1042 1449 1080 post
1491 1033 1654 1068 Christum
1685 1041 1786 1079 potest
1820 1035 1865 1069 in-

1113 1082 1207 1128 telligi
1242 1091 1347 1129 pastor
1374 1095 1471 1121 unus,
1511 1090 1539 1116 et
1566 1082 1707 1117 Ecclesia
1743 1083 1864 1119 univer-

1113 1132 1187 1165 salis
1217 1132 1296 1166 ovile
1327 1143 1444 1175 unum,
1483 1131 1521 1165 de
1559 1131 1676 1178 quibus
1708 1132 1864 1167 Dominus

1114 1180 1143 1214 in
1180 1180 1350 1226 Evangelio
1373 1188 1577 1226 protestatur:
1606 1181 1709 1224 Alias,
1743 1180 1864 1226 dicens,

1112 1241 1186 1263 oves
1209 1229 1321 1272 liabeo,
1348 1241 1429 1275 quae
1454 1241 1516 1263 non
1543 1237 1615 1263 suut
1642 1241 1678 1264 ex
1699 1230 1759 1265 hoc
1779 1230 1864 1274 ovili,

1870 241 1919 266 An.
1937 239 1964 266 c.
1986 238 2053 265 119⁰
2100 231 2106 237 “

1113 1286 1141 1312 et
1178 1277 1246 1312 illas
1279 1286 1401 1324 oportet
1423 1290 1473 1312 me
1495 1277 1663 1322 adducere,
1699 1286 1729 1312 et
1756 1291 1864 1314 vocem
1907 1300 1916 1303 ,.

1114 1339 1216 1361 meam
1235 1327 1377 1370 audient,
1400 1335 1429 1361 et
1447 1328 1499 1361 liet
1515 1339 1612 1361 unum
1626 1327 1718 1368 ovile,
1737 1335 1768 1362 et
1782 1340 1865 1363 unus

1115 1383 1230 1421 pastor.
1252 1377 1336 1411 Sane
1376 1375 1455 1422 lapis
1493 1375 1542 1410 ille
1575 1376 1748 1422 angularis,
1769 1389 1864 1424 quem

1115 1424 1361 1471 reprobaverunt
1395 1424 1612 1468 aedificantes,
1645 1425 1746 1460 factus
1778 1435 1866 1472 post-

1116 1473 1245 1507 modum
1273 1474 1303 1508 in
1331 1484 1425 1520 caput
1451 1473 1572 1519 anguli,
1595 1473 1712 1509 faciens
1735 1482 1866 1522 utraque

1117 1535 1232 1566 unum,
1260 1522 1445 1557 Iudaeorum
1483 1522 1634 1569 populos,
1669 1531 1698 1557 et
1724 1525 1865 1569 gentium

1118 1572 1258 1605 nationes
1293 1572 1324 1605 in
1347 1572 1464 1606 unitate
1491 1571 1678 1606 christianae
1709 1572 1780 1607 fidei
1810 1585 1867 1608 co-

1094 1635 1095 1656 :
1118 1620 1227 1659 univit,
1242 1620 1416 1654 Ecclesium
1431 1632 1468 1654 ex
1492 1620 1633 1667 utrisque
1654 1622 1866 1663 constituens,

1118 1681 1179 1702 non
1221 1669 1388 1703 habentem
1412 1669 1564 1703 maculam
1598 1681 1701 1716 neque
1729 1682 1865 1716 rugam;

1095 1730 1196 1765 ¹quae
1225 1730 1265 1752 ne
1292 1727 1361 1764 post
1388 1718 1618 1752 Ascensionem
1651 1719 1721 1754 eius
1755 1731 1788 1754 se
1819 1732 1867 1755 ca-

1094 1767 1097 1794 3
1118 1774 1204 1800 retur
1220 1767 1250 1800 in
1274 1776 1388 1813 partes.
1410 1776 1440 1801 et
1459 1779 1498 1801 ue
1523 1767 1643 1801 unitum
1666 1767 1697 1801 iu
1720 1768 1790 1803 eius
1805 1769 1866 1804 fide

1118 1815 1308 1850 divideretur
1330 1816 1421 1856 ovile,
1449 1815 1503 1850 uni
1537 1817 1694 1851 commisit
1714 1817 1866 1864 apostolo·

1118 1877 1186 1899 rum
1216 1865 1348 1911 principi
1370 1865 1619 1911 gubernandam,
1647 1877 1742 1912 quem
1764 1866 1866 1902 solum

1118 1913 1177 1947 sibi
1205 1913 1371 1954 Dominus,
1396 1913 1477 1948 etin
1513 1913 1616 1948 officio
1644 1915 1804 1957 vicarium,
1837 1925 1867 1951 et

1119 1975 1150 1996 in
1179 1962 1360 2009 magisterio
1382 1963 1542 1997 constituit
1565 1975 1791 1999 successorem.

1168 2015 1188 2061 S
1214 2018 1246 2049 2.
1283 2016 1352 2051 Hoc
1381 2024 1484 2051 autem
1520 2024 1572 2051 tua
1600 2016 1776 2052 fraternitas
1801 2018 1867 2054 dili-

1118 2078 1227 2114 genter
1254 2070 1435 2109 attendens,
1457 2081 1493 2104 ac
1519 2070 1622 2105 sciens
1643 2071 1726 2118 quod
1750 2083 1868 2106 secun-

1119 2122 1193 2156 dum
1210 2120 1407 2168 Apostolum,
1430 2135 1542 2157 omnes
1563 2135 1663 2158 unum
1685 2136 1801 2170 corpus
1818 2137 1868 2159 su-

1119 2187 1191 2209 mus
1218 2176 1248 2209 in
1276 2175 1421 2215 Christo,
1458 2177 1573 2222 singuli
1598 2185 1702 2212 autem
1725 2177 1801 2213 alter
1829 2178 1868 2212 31-

1121 2228 1217 2263 terius
1240 2229 1391 2269 membra,
1420 2243 1478 2265 nos
1500 2243 1580 2278 quos
1603 2230 1770 2275 Dominus,
1797 2230 1867 2266 licet

1120 2283 1305 2323 immeritos,
1340 2283 1472 2317 vicarios
1498 2296 1572 2318 suos
1606 2296 1676 2318 esse
1699 2283 1812 2324 voluit,
1839 2294 1866 2318 et

1119 2336 1334 2383 apostolorum
1360 2336 1515 2384 principis
1537 2348 1747 2377 successores,
1775 2345 1870 2384 caput

1122 2388 1281 2424 Ecclesiae
1308 2389 1480 2436 confiteris,
1511 2398 1542 2425 et
1567 2398 1597 2425 te
1619 2401 1654 2424 ac
1689 2389 1815 2431 fratres,
1840 2398 1869 2425 et

1120 2443 1328 2490 coepiscopos
1350 2452 1436 2484 tuos,
1460 2452 1580 2491 partem
1602 2443 1699 2478 nostri
1727 2444 1870 2490 corporis

1121 2496 1339 2543 recognoscis,
1378 2497 1482 2532 sciens
1515 2496 1599 2543 quod
1633 2498 1714 2531 sicut
1751 2497 1871 2544 palmes

1122 2562 1183 2584 non
1215 2558 1316 2597 polest
1348 2550 1484 2586 fructum
1511 2549 1610 2584 facere
1642 2561 1658 2584 3
1680 2550 1870 2597 semetipso,

1123 2602 1181 2637 nisi
1215 2603 1364 2638 manserit
1399 2603 1430 2638 in
1462 2603 1540 2645 vite,
1566 2602 1611 2637 sic
1639 2609 1669 2636 et
1692 2602 1870 2638 membrum

1893 2021 1968 2050 Papam
2012 2027 2064 2044 voro

1880 2053 2007 2074 unlversatis
2023 2051 2066 2074 Bc-

1880 2083 1960 2104 etesiae
1994 2085 2065 2110 eaput.
