2129 3223
953 277 1140 301 nummum
1164 277 1326 301 ROMANUM
1911 278 1960 306 An.
1978 279 2006 307 C.
2024 280 2090 308 ¹26⁷

177 279 227 306 An.
249 278 358 307 &¹267
422 269 488 303 786

369 339 489 368 Clemens
503 337 643 373 episcopus
660 343 756 366 servus
774 342 913 366 servorum
929 336 984 370 Dei.
1004 336 1112 365 dilectis
1150 336 1271 366 Clemens
1293 336 1432 373 episcopus
1453 345 1547 367 servus
1561 345 1700 368 servorum
1714 338 1769 373 Dei.
1789 339 1895 369 univer-

412 383 475 411 filiis
505 381 640 411 fratribus
673 381 890 410 Praedicatorum
917 382 946 411 et
980 382 1111 410 minorum
1194 386 1234 415 sis
1252 386 1356 415 Christi
1366 385 1488 416 fidelibus
1497 389 1657 423 praesentes
1669 388 1782 418 litteras
1806 389 1893 425 inspe-

411 428 532 456 ⁰¹di¹¹¹1¹¹1
550 426 758 463 inquisitoribus
773 427 927 456 haereticae
950 426 1109 462 pravitatis,
1193 435 1292 469 oturis.
1311 436 1467 467 salutemet
1477 438 1655 474 apostoticam
1673 438 1893 468 benedictionem.

409 471 578 502 auctoritate
601 472 674 501 Sedis
696 471 863 507 apostolicae
877 472 1029 508 deputatis.
1061 473 1110 501 ant

409 519 437 546 in
449 519 588 554 posterum
605 517 777 553 deputandis.
798 517 914 546 satutem
931 517 960 545 et
977 517 1108 552 apostoti-

407 570 466 593 cam
484 562 703 592 benedictionem.

412 621 432 670 g
456 626 485 656 1.
511 620 650 656 Turbato
676 620 770 655 corde
796 620 972 655 audivimus
993 628 1023 655 et
1043 632 1108 654 nar·

176 676 259 715 *Omne
285 676 352 711 ‚⁶¹³1-
364 683 487 716 ramus,
514 670 598 718 quod
625 670 847 718 quamplurimi
873 670 997 716 reprobi
1022 670 1107 705 cliri-

172 712 250 727 sttanos
284 708 352 729 tudal-

170 742 240 758 fflae.
363 721 471 765 stiani,
509 721 669 755 veritatem
706 719 877 755 catholicae
904 719 975 754 fidei
1009 719 1106 754 abue-

361 781 489 817 gantes,
522 783 554 805 se
585 770 623 805 ad
651 771 746 805 ritum
770 770 952 804 iudaeorum
974 769 1105 804 damna-

1197 507 1351 544 Tenorem
1373 509 1580 556 quarumdam
1599 510 1775 546 litterarum
1793 509 1893 545 felicis

1148 559 1371 594 recordationis
1385 559 1556 594 Innocentii
1571 559 1673 608 Papae
1687 560 1786 607 quarti
1806 572 1892 607 prae·

1147 607 1323 643 decessoris
1354 609 1450 644 nostri
1475 610 1506 644 in
1541 610 1609 644 eius
1644 618 1767 656 regesto
1788 621 1891 656 reper-

1147 665 1212 692 tum
1250 659 1467 705 praesentibus
1498 658 1536 693 de
1564 658 1657 694 verbo
1688 659 1727 694 ad
1760 659 1887 694 verbum

1146 706 1277 743 fecimus
1297 709 1449 753 annotari,
1475 709 1528 756 qui
1556 708 1626 743 talis
1647 716 1709 744 est:

1145 775 1336 810 Innocentius
1361 776 1515 822 episcopus
1535 788 1638 810 servus
1649 787 1804 810 servorum
1820 776 1887 810 Dei.

360 820 464 855 biliter
499 820 737 855 transtulerunt.
772 818 864 862 Quod
899 827 984 854 tanto
1006 819 1104 865 magis

359 869 526 915 reprobum
549 869 614 905 fore
629 869 835 916 dignoscitur,
857 877 973 915 quanto
995 881 1033 903 ex
1046 869 1104 903 hoc

358 920 474 955 Christi
503 932 616 954 nomen
639 920 887 959 sanctissimum,
913 918 1047 965 quadam
1063 918 1104 953 fa-

359 970 469 1004 miliari
492 969 672 1013 hostilitate,
694 969 836 1004 securius
857 968 1100 1015 blasphematur.

405 1019 425 1067 g
443 1021 476 1053 2.
493 1018 574 1054 Cum
597 1028 702 1054 autem
725 1018 798 1054 huic
820 1018 898 1065 pesti
917 1017 1100 1057 damnabili,

167 1075 263 1115 ,Ρτῡτεὼ
286 1082 346 1098 man·
357 1080 450 1116 quae,
466 1070 702 1114 utaccepimus,
724 1080 787 1103 non
808 1068 876 1102 sine
894 1067 1100 1102 subversione

162 1109 203 1127 ‘'³‘'
356 1119 534 1166 praedictae
557 1118 629 1153 fidei
652 1119 747 1153 nimis
770 1117 934 1157 excrescit,
953 1118 1100 1163 congruis

356 1176 386 1203 et
414 1168 534 1203 festinis
559 1168 668 1203 deceat
693 1168 842 1203 remediis
868 1166 1003 1207 obviari,
1029 1166 1101 1201 uni-

354 1218 492 1253 versitati
527 1226 647 1254 vestrae
685 1230 740 1265 per
775 1216 946 1264 apostolica
984 1216 1099 1263 scripta

354 1268 553 1309 mandamus,
587 1276 744 1315 quatenus
774 1266 926 1301 terminos
946 1265 1036 1300 vobis
1061 1265 1097 1300 ad

353 1317 576 1364 inquirendum
599 1325 705 1352 contra
728 1316 902 1352 haereticos
915 1315 1099 1351 auctoritate

353 1365 446 1402 Sedis
467 1366 667 1414 Apostolicae
685 1366 877 1413 designatos,
898 1377 995 1411 super
1013 1377 1100 1412 prae·
1127 1374 1129 1377 ·

354 1416 468 1458 missis,
495 1425 557 1451 tam
586 1428 642 1463 per
663 1416 862 1458 christianos,
889 1427 981 1462 quam
1004 1415 1096 1449 etiam
1125 1431 1127 1435 v

354 1477 411 1512 per
432 1466 574 1509 iudaeos,
596 1466 742 1513 inquisita
771 1464 941 1509 diligenter
961 1472 991 1499 et
1018 1463 1099 1499 fide-

351 1514 422 1551 liter
453 1516 600 1560 veritate,
634 1524 741 1551 contra
780 1514 981 1554 christianos,
1017 1525 1098 1560 quos

352 1564 423 1600 talia
459 1565 643 1600 inveneritis
678 1564 896 1604 commisisse,
937 1572 1096 1610 tamquam

353 1623 457 1650 contra
481 1615 654 1650 haereticos
675 1613 861 1662 procedatis.

401 1664 421 1712 S
444 1666 475 1699 5.
510 1663 644 1700 Iudaeos
672 1673 800 1704 autem,
826 1662 880 1710 qui
907 1661 1096 1697 christianos

156 1717 338 1771 ἃξῑὲοζῡᾞξῃῑιζς
353 1717 516 1761 utriusque
537 1726 631 1749 sexus
651 1714 688 1748 ad
712 1725 819 1748 eorum
847 1712 940 1747 ritum
968 1722 1096 1746 execra-

155 1762 178 1799 ti
194 1755 338 1802 ho'eliuduxe-
352 1765 447 1801 bitem
475 1764 626 1799 hactenus
648 1763 812 1802 induxere,
835 1768 888 1796 aut
914 1760 1096 1796 inveneritis

154 1812 203 1831 ‘¹¹¹¹’
351 1817 390 1851 de
408 1822 530 1850 caetero
553 1815 757 1857 inducentes,
788 1823 887 1859 poena
910 1809 1013 1845 debita
1035 1823 1096 1857 pu·

350 1865 454 1901 niatis.
481 1863 739 1899 Contradictores
769 1873 824 1909 pet·
849 1872 1013 1896 censuram
1042 1872 1096 1895 ec-

349 1915 567 1952 clesiasticam.
582 1913 789 1961 appellatione
805 1911 986 1958 postposita,
1007 1921 1095 1944 com-

349 1964 518 2012 pescendo.
542 1963 687 1998 invocato
707 1961 743 1996 ad
767 1961 838 2002 hoc,
857 1961 882 1996 si
895 1973 975 2008 opus
989 1959 1094 2001 suerit,

349 2015 465 2050 auxilio
488 2013 607 2048 brachi
627 2011 807 2047 saecularis.

347 2097 351 2099 ι
400 2064 514 2099 Datum
540 2062 672 2097 vitet-bii
704 2062 838 2108 septimo
863 2059 1012 2094 kalendas
1038 2071 1095 2094 au-

348 2115 442 2161 gusti,
466 2113 667 2162 pontificatus
688 2110 784 2145 nostri
809 2121 892 2144 anno
919 2109 1020 2144 tertio.

398 2167 457 2197 Dat.
480 2166 526 2197 die
544 2165 582 2195 26
601 2164 666 2195 iulii
684 2163 770 2200 1267,
793 2162 895 2203 pontif.
913 2171 990 2193 anno
1005 2171 1046 2193 111.

672 2269 769 2305 XXV.

353 2331 550 2376 Confirmatio
568 2331 740 2363 litterarum
761 2329 931 2363 Innocentii
946 2328 1013 2362 ΡΡ.
1033 2327 1092 2366 IV,

394 2391 450 2425 per
470 2392 545 2426 quas
569 2380 632 2422 itte,
655 2380 799 2412 revocatis
821 2380 869 2416 iis,
897 2390 974 2424 quae
985 2377 1094 2411 Fride-

396 2431 478 2463 ricus
508 2441 563 2464 rex
595 2430 629 2462 in
660 2429 772 2463 Sicilia
802 2434 912 2473 eqerat,
947 2428 1093 2461 nonnulla

397 2486 543 2513 statuerat
574 2480 615 2512 ad
651 2480 815 2512 libertatem
842 2484 868 2510 et
899 2477 1093 2522 disciplinam

398 2530 625 2562 ecclesiasticam
642 2529 675 2561 in
700 2529 777 2562 idem
798 2538 924 2572 reanum
944 2538 1093 2572 reparan-

398 2578 472 2611 dam
499 2580 560 2621 (4).

1144 826 1196 858 Ad
1216 826 1439 861 observantiam
1459 834 1485 860 et
1506 827 1683 860 memoriam
1702 833 1886 872 perpetuam.

1143 892 1169 926 Α
1197 892 1309 928 diebus
1334 892 1482 928 Friderici
1505 893 1622 928 alumni
1648 892 1807 940 nequitiae
1833 900 1885 927 etc.

1143 943 1247 985 (Vide
1272 950 1379 988 ¹super.
1421 944 1454 977 in
1486 945 1591 978 Innoc.
1626 944 1741 977 constit.
1776 943 1884 981 XVII,

1140 1004 1213 1037 paq.
1237 993 1306 1027 557
1322 996 1343 1035 ).

1190 1041 1305 1077 Datum
1328 1041 1461 1077 Viterbii
1484 1041 1588 1076 idibus
1614 1041 1764 1086 octobris,
1787 1041 1887 1089 ponti-

1141 1091 1251 1126 ficatus
1276 1092 1373 1126 nostri
1395 1104 1478 1127 anno
1501 1092 1600 1127 tertio.

1188 1140 1227 1176 G.
1251 1141 1289 1176 de
1311 1141 1445 1178 Assisio.

1188 1190 1246 1226 Ph.
1274 1191 1312 1226 de
1334 1189 1450 1227 Sancto
1475 1191 1624 1226 Attlanto.

1286 1240 1390 1277 Locus
1415 1242 1440 1289 -ξ-
1467 1240 1561 1288 sigilli
1585 1239 1735 1289 plumbei.

1174 1302 1234 1333 Dat.
1259 1303 1305 1333 die
1323 1303 1360 1333 15
1375 1302 1503 1334 octobris
1520 1302 1606 1340 1257,
1622 1307 1700 1343 pont.
1715 1310 1792 1333 anno
1806 1310 1847 1332 ιιι.

1454 1461 1570 1497 XXVI.

1138 1535 1295 1579 Mi'tiqatio
1333 1542 1359 1568 et
1391 1536 1560 1569 declaratio
1592 1535 1716 1579 regulae
1746 1535 1881 1579 fratrum

1185 1585 1302 1618 ordinis
1332 1585 1549 1619 Sanctissimae
1578 1583 1739 1619 Trinitatis
1763 1585 1882 1618 rodem·

1181 1635 1295 1679 ptionis
1316 1636 1506 1680 captivorum
1527 1636 1583 1678 (l).

1405 1702 1615 1735 SUntMARIUM

1136 1770 1301 1800 Exordium.
1313 1787 1351 1793 --
1367 1771 1392 1800 t.
1403 1770 1538 1801 Urbanus
1551 1769 1678 1808 Regulae
1691 1777 1813 1802 examen
1828 1772 1879 1802 tri-

1175 1810 1230 1840 bus
1245 1810 1381 1848 praelatis
1393 1811 1635 1848 commisit,-2.
1650 1811 1705 1848 Qui
1723 1820 1788 1842 eant
1814 1820 1879 1841 cor-

1175 1855 1364 1887 rexerunt,—
1376 1850 1402 1880 3.
1418 1850 1451 1881 Et
1467 1852 1520 1881 hoc
1537 1861 1552 1881 a
1573 1850 1713 1882 Pontifice
1725 1851 1878 1881 confirma-

1176 1890 1369 1920 tur.—Tenor
1381 1890 1552 1930 Regulae.—
1563 1891 1700 1929 Mitigatio
1712 1891 1878 1929 regulis.—

1173 1930 1212 1960 De
1227 1931 1300 1961 votis
1317 1930 1448 1961 fratrum.
1462 1948 1502 1954 —-
1517 1931 1554 1961 De
1565 1931 1685 1970 praelati
1701 1931 1827 1961 nomine.
1841 1947 1879 1955 -

1173 1969 1212 2000 De
1220 1971 1362 2001 divisione
1375 1970 1611 2008 bonorum,—Et
1622 1971 1820 2010 redemptione
1830 1980 1878 2002 ca-

1175 2010 1417 2049 ptivorum—De
1434 2012 1517 2041 titulo
1533 2010 1877 2042 monasteriorum—De

1173 2050 1294 2081 fratrum
1306 2060 1488 2082 numer0.—
1503 2051 1540 2081 De
1556 2052 1687 2082 vestibus
1712 2056 1739 2082 et
1754 2050 1877 2082 lectulis.

1172 2107 1211 2114 —
1224 2090 1263 2120 De
1289 2100 1376 2121 cruce
1391 2092 1418 2121 in
1434 2092 1574 2122 vestibus.
1588 2108 1627 2114 —
1640 2091 1679 2121 De
1695 2092 1876 2130 equitaturis.

1172 2129 1258 2160 —De
1270 2130 1442 2162 abstinentia
1457 2137 1484 2162 et
1494 2131 1645 2162 ieiuniis·
1657 2131 1695 2162 De
1711 2131 1876 2162 itineribus.

1171 2187 1211 2194 —
1224 2170 1262 2200 De
1280 2176 1378 2201 mutua
1393 2172 1469 2202 inter
1481 2171 1583 2203 fratres
1608 2172 1758 2203 charitate.
1775 2188 1814 2194 —
1836 2170 1876 2201 De

1172 2211 1353 2241 infirmorum
1371 2211 1547 2242 cura—De
1560 2212 1706 2251 hospitum
1723 2216 1751 2242 et
1768 2220 1876 2251 paupe-

1172 2259 1247 2288 rum,
1262 2267 1300 2274 -
1314 2251 1347 2281 Et
1363 2261 1501 2282 manuum
1517 2252 1626 2282 labore.
1640 2269 1679 2275 --
1702 2251 1741 2282 De
1757 2251 1875 2282 silentio

1172 2291 1202 2321 in
1219 2291 1318 2328 choro,
1332 2308 1370 2314 —-
1387 2291 1419 2322 Et
1434 2292 1597 2330 refectorio,
1617 2309 1656 2315 —
1676 2292 1710 2322 Et
1734 2291 1873 2322 modestia

1172 2330 1280 2370 ubique
1300 2332 1461 2362 servandis.
1473 2349 1512 2355 -
1530 2331 1569 2362 De
1585 2332 1712 2371 capitulo
1732 2331 1875 2370 cuiusque

1172 2371 1286 2408 domus,
1303 2388 1340 2394 —
1362 2371 1395 2401 Et
1416 2373 1605 2403 correctione.
1622 2389 1660 2394 —
1678 2372 1717 2402 De
1734 2371 1875 2402 electione

1172 2411 1308 2449 ministri,
1327 2412 1448 2452 eiusque
1471 2422 1600 2450 munere,
1628 2411 1817 2451 qualitatibus
1849 2414 1876 2440 et

1172 2450 1361 2489 depositione.
1373 2469 1412 2475 —
1423 2452 1460 2482 De
1476 2453 1602 2489 novitiis,
1617 2461 1775 2490 eorumque
1797 2459 1877 2481 rece—

1172 2491 1278 2529 ptione.
1288 2508 1327 2514 —
1337 2491 1374 2521 De
1385 2493 1515 2522 oratione
1523 2492 1671 2523 communi
1682 2491 1814 2527 infirmis,
1826 2495 1875 2521 etc.

1171 2530 1257 2561 —De
1266 2531 1344 2562 horis
1354 2530 1875 2564 canonicisetrasura.-Clausulae.

1168 2591 1206 2627 (Ι)
1224 2592 1286 2620 Vide
1303 2593 1391 2621 lnnoc.
1404 2593 1448 2625 itt,
1458 2593 1568 2621 Constit.
1581 2600 1650 2625 xvn,
1662 2601 1721 2628 pag.
1736 2594 1798 2625 ¹35,
1809 2592 1876 2620 Con—

387 2637 425 2676 (t)
442 2637 478 2664 Ex
496 2638 612 2670 originali
629 2638 710 2665 edidit
726 2638 841 2670 Cizania,
860 2641 964 2666 Access.
981 2638 1014 2666 ad
1025 2637 1091 2665 nist.
1132 2632 1217 2658 stitut.
1235 2640 1310 2666 mx,
1332 2642 1390 2669 psg.
1411 2634 1472 2661 25ti.
1498 2633 1605 2661 Houorii
1626 2633 1737 2660 Constit.
1757 2641 1794 2666 vi,
1814 2639 1874 2669 pag.

351 2672 498 2702 Casinum,
516 2678 579 2699 toln.
602 2681 629 2705 ιι,
650 2682 708 2708 pag.
729 2674 789 2700 717.

1133 2672 1193 2698 515.
1211 2673 1330 2707 Gregorii
1350 2674 1389 2699 tx
1404 2673 1515 2700 Constit.
1532 2679 1598 2705 xcii,
1619 2681 1678 2708 pag.
1695 2672 1756 2699 ti85.
