2129 3223
386 266 455 298 750

334 339 363 365 et
390 328 552 364 Romanae
574 328 734 364 Ecclesiae
757 328 890 370 devotis,
917 336 947 363 et
972 329 1017 364 sic
1040 327 1083 363 in-

333 388 380 414 ter
401 390 453 413 eas
480 389 633 434 personas
650 378 766 425 gradus
787 379 902 413 servari
927 377 1082 422 volumus,

334 436 365 463 ut
391 428 512 463 scilicet
539 427 622 475 prior
642 427 758 475 gradus
786 427 988 475 posteriori?
971 428 1079 462 oradui

334 476 541 524 praeferatur,
563 477 607 512 sic
630 477 661 512 in
683 477 794 513 eodem
817 477 913 524 gradu
937 477 1082 532 pluribus

334 526 598 562 concurrentibus
628 527 764 574 priorem
798 535 869 562 natu
903 526 1080 574 posteriori.

332 585 362 612 et
384 588 504 612 marem
526 576 713 611 foeminae
706 589 736 611 m
756 576 937 611 huiusmodi
960 588 1082 610 sncces-

333 625 479 661 sionibus
505 626 651 661 volumus
685 626 842 662 anteferri.
871 625 1079 660 Personarum

332 683 436 711 autem
455 675 637 711 huiusmodi
656 676 739 711 nulla
761 676 932 723 superstite
947 686 1079 721 regnum

333 726 447 773 ipsum,
472 734 503 760 ut
536 725 720 773 praefertur,
741 725 778 760 ad
815 725 990 760 Romanam
1012 724 1081 759 Ec-

331 775 458 810 clesiam
487 783 517 811 et
544 775 614 810 cius
635 775 874 823 dispositionem
896 774 996 808 libere
1023 785 1079 809 re-

331 832 480 860 vertatur.
509 824 602 867 Quod
625 825 650 860 si
678 825 757 859 sorte
777 823 999 858 deficientibus
1020 836 1080 858 ma-

331 875 427 910 sculis
456 875 623 920 contigerit
655 874 823 909 foeminam
850 873 1012 920 innuptam
1049 874 1077 907 in

330 936 428 971 regno
441 924 626 967 succedere,
640 924 689 959 illa
706 922 903 958 maritabitur
915 934 1079 969 personae

330 986 411 1021 quae
432 973 471 1009 ad
507 973 606 1028 ipsius
627 973 716 1020 regni
750 972 889 1019 regimen
912 980 943 1007 et
963 972 1080 1007 defen—

330 1023 453 1058 sionem
488 1023 600 1058 existat
635 1023 762 1061 idonea,
801 1021 935 1056 Romani
974 1030 1077 1056 tamen

330 1072 494 1108 Pontificis
531 1084 628 1120 super
664 1072 723 1107 hoc
757 1071 889 1106 consilio
916 1072 1077 1118 requisito.

330 1122 397 1157 Nec
423 1121 519 1157 nubat
543 1122 601 1156 ni51
635 1122 702 1156 viro
732 1120 887 1156 catholico
908 1128 938 1155 et
964 1120 1078 1156 Eccle-

330 1172 395 1207 siae
419 1170 582 1207 Romanae
609 1170 733 1206 deioto
761 1170 799 1204 Et
829 1171 853 1204 si
884 1178 992 1205 contra
1020 1170 1078 1205 hoc

330 1220 448 1266 fecerit,
478 1220 581 1256 licebit
616 1220 717 1256 eidem
754 1218 898 1254 Romano
933 1219 1076 1254 Pontifici

330 1279 439 1305 contra
473 1272 572 1318 ipsam
607 1269 645 1305 ad
681 1269 887 1317 privationem
923 1269 1010 1314 regni
1049 1278 1077 1304 et

331 1328 431 1355 terrae
453 1319 682 1375 praedictorum
701 1331 770 1353 sine
793 1318 890 1365 ligura
908 1318 1030 1358 iudicii,
1049 1327 1078 1353 et

331 1369 449 1416 absque
483 1381 567 1403 omni
597 1369 676 1404 iuris
701 1368 913 1406 solemnitate
940 1368 970 1402 in
992 1380 1079 1415 qua—

331 1429 467 1466 cumque
484 1422 584 1453 aetate
606 1417 769 1452 foemina
764 1430 829 1464 ipsa
850 1425 983 1456 constet,
1007 1430 1076 1464 pro-

332 1467 455 1509 cedere,
477 1468 501 1502 si
526 1467 586 1502 hoc
612 1467 767 1501 videbitur
785 1466 943 1512 expedire.
970 1466 1004 1500 ln
1029 1479 1078 1500 re·

138 273 188 299 An.
204 272 230 300 C.
255 274 321 301 ¹265

135 1516 319 1568 ,ἐξξξζζῗῐζιζζζ
331 1529 427 1564 gnum
455 1528 528 1552 vero
554 1524 584 1551 et
606 1524 720 1551 terram
744 1516 935 1562 praedictam
970 1515 1078 1550 nullus

135 1578 277 1599 ceo-naimo.
331 1565 497 1606 succedet,
533 1566 586 1613 qui
625 1577 688 1600 non
728 1565 819 1600 fuerit
860 1566 898 1599 de
936 1564 1077 1611 legitimo

331 1615 533 1651 matrimonio
555 1623 748 1663 procreatus.

380 1666 412 1699 2.
436 1664 550 1700 Adhuc
571 1673 634 1699 tam
651 1677 717 1704 vos,
739 1675 832 1711 quam
854 1664 910 1698 viri
929 1664 960 1698 in
980 1676 1078 1710 regno

332 1713 484 1749 haeredes
521 1726 652 1764 regnum
686 1722 714 1748 et
742 1722 857 1748 terram
887 1713 1076 1760 praedictam

332 1763 512 1799 nullatenus
528 1759 685 1807 dividatis,
706 1763 759 1798 sed
779 1774 905 1810 semper
926 1763 976 1798 illa
995 1775 1078 1798 unus

331 1821 452 1849 tantum
474 1812 562 1848 sub
555 1813 633 1869 ipsis
658 1811 892 1848 conditionibus
917 1812 948 1847 in
970 1824 1079 1847 mem-

331 1863 396 1898 bris
427 1874 462 1897 ac
497 1863 527 1897 in
559 1863 661 1910 capite
697 1862 737 1897 ab
770 1861 908 1897 Ecclesia
936 1861 1077 1897 Romana

332 1912 458 1948 tenebit.

380 1964 412 1997 ὅ.
443 1961 505 1997 Vos
526 1970 631 1996 autem
654 1961 744 1996 nobis
767 1960 991 2007 recipientibus
1011 1961 1078 1995 tice

134 2011 316 2062 ,ῗῡξιξξῦξὶξξῇζζζ
333 2011 482 2056 praedicti
522 2010 656 2046 Romani
696 2010 819 2045 Summi
855 2009 1018 2045 Pontificis
1048 2019 1079 2045 et

134 2079 153 2093 t
201 2073 281 2098 „gomi
278 2078 317 2093 um
332 2060 491 2096 Ecclesiae
513 2059 673 2095 Romanae
696 2059 894 2107 praestabitis
915 2059 953 2094 ad
987 2072 1077 2107 prae—

135 2104 406 2155 ῖ”ζῖ,’ξ,”“’““”5θιι5
428 2110 636 2145 iuramentum
660 2109 828 2145 fidelitatis.
852 2118 1005 2144 reservata
1028 2122 1079 2144 re-

332 2161 477 2216 ceptione
494 2159 631 2206 homagii
653 2159 754 2194 eidem
778 2158 912 2193 Summo
933 2158 1077 2193 Pontilici

332 2209 415 2244 iuxta
439 2209 539 2265 ipsius
560 2208 755 2251 mandatum
781 2216 811 2242 et
838 2215 900 2242 tam
928 2220 982 2242 vos
1005 2208 1077 2251 sibi,

330 2271 424 2307 quam
459 2259 528 2294 eius
563 2236 800 2294 successoribus
835 2258 988 2292 canonice
1029 2259 1078 2291 iii—-

330 2308 486 2343 trantibus
507 2308 665 2354 expressis
689 2319 796 2342 eorum
830 2306 1010 2341 nominibus
1038 2307 1078 2340 li—

330 2358 414 2404 gium
439 2358 619 2404 homagium
643 2356 774 2394 facietis
797 2364 827 2391 et
849 2356 969 2391 dictum
994 2357 1078 2391 iura-

331 2415 470 2442 mentum
491 2407 658 2450 fidelitatis,
675 2405 816 2440 faciendo
831 2406 1022 2441 mentionem
1039 2405 1077 2440 de

332 2456 550 2503 praesentibus
562 2457 770 2491 instrumento
784 2467 839 2490 seu
855 2455 981 2495 litteris,
994 2467 1076 2502 prae-

332 2505 454 2541 stabitis
475 2506 506 2540 in
533 2506 618 2540 hunc
645 2504 786 2540 modum:

379 2555 448 2601 Ego
480 2554 614 2590 Carolus
648 2567 700 2590 rex
734 2553 859 2589 Siciliae
886 2553 1012 2600 plenum
1047 2561 1078 2588 et

284 2606 318 2620 '⁸'
334 2603 440 2649 ligium
468 2604 649 2651 homagium
674 2604 793 2638 faciens
819 2603 981 2638 Ecclesiae
1003 2602 1077 2637 Ro-

334 2664 441 2687 manae
469 2665 524 2700 pro
554 2665 652 2700 regno
678 2653 804 2688 Siciliae
826 2660 856 2687 et
887 2660 948 2687 tota
984 2660 1077 2696 terra,

148 1710 239 1737 aeguum
259 1710 316 1730 nullo

135 1743 195 1762 modo
219 1741 317 1762 divid-n

136 1774 187 1793 κ’σπι

149 2599 220 2620 Forma
262 2607 281 2619 iu

136 2635 207 2651 mentia

925 274 1111 297 nummum
1135 274 1223 296 ROMA
1229 273 1294 296 Num

1122 338 1201 374 quae
1225 335 1269 362 est
1292 327 1366 361 citra
1387 325 1526 361 Pharum
1549 338 1651 374 usque
1674 325 1710 360 ad
1733 325 1865 361 confinia

1123 385 1274 411 terrarum
1310 376 1410 423 ipsius
1441 376 1611 417 Ecclesiae,
1638 383 1767 423 excepta
1788 375 1866 411 civi-

1123 434 1183 461 tate
1204 425 1441 469 Beneventana,
1472 438 1544 460 cum
1569 433 1631 460 toto
1655 425 1811 460 territorio
1838 433 1866 460 et

1122 475 1270 510 omnibus
1299 475 1495 510 districtibus
1517 483 1547 510 et
1576 475 1772 523 pertinentiis
1799 476 1866 510 suis

1121 525 1296 560 secundum
1319 525 1464 572 antiquos
1492 523 1571 560 fines
1598 524 1746 560 territorii
1770 525 1867 571 perti-

1122 574 1299 609 nentiarum
1323 582 1352 609 et
1379 574 1541 609 districtus
1562 573 1695 609 civitatis
1723 574 1864 609 eiusdem

1123 636 1178 670 per
1199 623 1376 659 Romanum
1403 623 1587 659 Pontificem
1614 623 1791 665 distinctos,
1817 624 1865 659 vel

1122 674 1153 707 in
1180 681 1340 720 posterum
1368 673 1619 719 distinguendos,
1641 672 1680 707 ab
1706 672 1765 708 hac
1789 673 1865 708 hora

1122 723 1152 756 in
1179 731 1267 757 antea
1301 723 1402 757 fidelis
1437 735 1488 758 ero
1524 730 1554 757 et
1591 722 1743 757 obediens
1775 721 1866 757 beato

1123 772 1215 807 Petro
1245 782 1274 808 et
1304 773 1433 807 domino
1456 784 1526 807 meo
1558 772 1688 806 domino
1709 771 1865 807 Clementi

1123 821 1225 869 Papae
1250 830 1374 870 quarto,
1395 822 1523 870 suisque
1551 820 1789 857 suecessoiibus
1814 834 1865 858 ca-

1121 883 1233 906 nonice
1255 871 1456 911 intrantibus,
1471 879 1641 906 etsanctae
1665 870 1865 918 Apostolicae

1121 920 1282 956 Romanae
1308 920 1485 955 Ecclesiae:
1509 932 1572 955 non
1594 932 1647 955 ero
1670 920 1699 955 in
1733 920 1866 956 consilio

1119 978 1172 1004 aut
1201 982 1357 1006 consensu
1394 970 1440 1004 vel
1478 970 1573 1011 facto,
1606 978 1638 1005 ut
1669 971 1763 1005 vitam
1791 982 1864 1018 per-

1120 1018 1195 1054 dant
1215 1028 1268 1055 aut
1300 1019 1489 1061 membrum,
1519 1029 1570 1055 aut
1598 1020 1765 1067 capiantur
1787 1021 1865 1055 mala

1119 1070 1274 1116 captione.
1298 1068 1476 1104 Consilium
1505 1068 1590 1116 quod
1613 1069 1867 1105 mihi‘credituri

1120 1127 1192 1153 sunt
1214 1131 1269 1166 per
1295 1131 1340 1159 se,
1362 1127 1413 1154 aut
1446 1120 1581 1154 nuncios
1602 1131 1692 1162 5ιιο5,
1719 1119 1785 1154 sive
1811 1132 1868 1167 per

1120 1168 1236 1203 litteras
1252 1168 1290 1203 ad
1310 1181 1418 1203 eorum
1437 1168 1587 1203 damnum
1608 1168 1685 1203 illud
1702 1181 1759 1216 pro
1775 1180 1867 1216 posse

1121 1217 1310 1263 impediam,
1346 1226 1376 1253 et
1408 1220 1433 1253 si
1462 1218 1615 1264 impedire
1637 1230 1700 1252 non
1723 1230 1863 1265 possum,

1119 1266 1196 1302 illud
1215 1268 1261 1302 eis
1291 1268 1469 1314 significare
1486 1267 1612 1302 curabo.
1631 1267 1786 1314 Papatum
1798 1266 1866 1302 Ro-

1119 1328 1246 1351 manum
1273 1324 1304 1351 et
1330 1318 1445 1364 regalia
1473 1316 1582 1352 Sancti
1616 1316 1720 1356 Petri,
1748 1324 1810 1352 tam
1834 1318 1863 1351 in

1119 1378 1215 1412 regno
1241 1345 1384 1401 Sicilia?
1394 1375 1423 1402 et
1457 1375 1535 1401 terra
1563 1366 1747 1414 praedictis,
1769 1378 1864 1422 quam

1118 1415 1189 1450 alibi
1213 1416 1395 1456 existentia,
1418 1416 1543 1451 adiutor
1572 1416 1618 1451 eis
1644 1427 1699 1451 ero
1725 1415 1762 1450 ad
1790 1417 1864 1452 reti-

1119 1464 1257 1499 nendum
1289 1474 1320 1500 et
1346 1465 1580 1501 defendendum
1603 1477 1638 1500 ac
1667 1477 1865 1513 recuperan—

1118 1513 1207 1558 dum,
1225 1522 1257 1548 et
1275 1524 1454 1560 recuperata
1470 1515 1738 1550 manutenendum
1757 1524 1862 1550 contra

1118 1574 1244 1598 omnem
1272 1565 1444 1604 hominem,
1474 1565 1638 1599 universas
1668 1574 1699 1599 et
1724 1564 1864 1611 singulas

1119 1612 1316 1648 conditiones
1334 1622 1497 1649 contentas
1519 1615 1548 1648 in
1571 1613 1724 1660 praesenti
1747 1614 1864 1648 instru-

1119 1670 1236 1703 mento,
1271 1675 1326 1698 seu
1348 1663 1459 1698 litteris
1486 1663 1623 1711 plenarie
1654 1674 1751 1709 super
1776 1663 1863 1710 ipso-

1119 1723 1187 1745 rum
1220 1713 1308 1758 regni
1342 1720 1371 1747 et
1398 1721 1497 1748 terrae
1519 1713 1759 1747 concessionem
1785 1725 1863 1747 con-

1120 1760 1218 1801 fectis,
1240 1770 1271 1796 et
1297 1762 1400 1796 omnia
1435 1771 1465 1797 et
1486 1763 1625 1808 singula,
1653 1774 1734 1809 quae
1755 1763 1863 1796 conti-

1119 1819 1234 1845 nentur
1256 1812 1288 1845 in
1305 1811 1417 1846 eodem
1441 1812 1659 1852 instrumento,
1676 1823 1733 1846 seu
1751 1810 1864 1847 litteris

1119 1860 1316 1908 adimplebo,
1349 1869 1379 1895 et
1416 1860 1637 1896 inviolabiliter
1670 1860 1862 1906 observabo,

1119 1923 1177 1945 nec
1198 1922 1338 1958 unquam
1362 1919 1504 1958 tempore
1527 1911 1589 1945 ullo
1611 1910 1734 1945 veniam
1755 1919 1863 1946 contra

1119 1960 1181 1994 illa.
1205 1961 1258 1995 Sic
1280 1972 1330 1994 me
1350 1960 1438 1995 Deus
1458 1961 1585 1995 adiuvet
1606 1968 1636 1996 et
1657 1959 1734 1996 haec
1755 1970 1860 1996 sancta

1119 2009 1176 2045 Dei
1199 2009 1378 2056 Evangelia.

1167 2059 1356 2093 Huiusmodi
1403 2068 1507 2093 autem
1549 2059 1692 2105 homagia
1741 2071 1793 2094 vos
1832 2069 1863 2094 et

1119 2108 1193 2143 dicti
1214 2108 1366 2143 haeredes
1394 2108 1504 2153 facere,
1531 2116 1563 2143 et
1584 2109 1794 2144 iuramentum
1825 2109 1863 2143 fi-

1119 2158 1254 2193 delitatis
1269 2166 1425 2205 praestare
1438 2158 1614 2193 secundum
1629 2158 1760 2193 sormam
1777 2170 1862 2205 prae-

1118 2207 1278 2254 scriptam,
1304 2209 1329 2242 si
1358 2207 1520 2242 Romanus
1545 2207 1689 2243 Pontifex
1723 2208 1755 2241 in
1778 2208 1862 2243 ltalia

1119 2258 1233 2300 luerit,
1261 2257 1337 2292 infra
1366 2270 1420 2291 sex
1455 2269 1592 2297 menses,
1625 2258 1650 2292 si
1677 2269 1752 2292 vero
1777 2267 1861 2292 extra

1119 2306 1235 2341 ltaliam
1253 2317 1321 2340 esse
1348 2307 1523 2351 contigerit,
1543 2306 1620 2342 infra
1644 2318 1762 2342 annum
1782 2316 1863 2354 post-

1119 2368 1211 2403 quam
1235 2356 1320 2402 regni
1344 2356 1518 2390 dominium
1541 2356 1643 2403 adepti
1665 2355 1798 2400 fueritis,
1820 2363 1863 2390 te-

1119 2404 1265 2445 neamini,
1291 2412 1321 2439 et
1342 2405 1478 2451 singulis
1505 2405 1582 2453 ipsis
1606 2405 1863 2440 successionibus

1118 2462 1147 2488 et
1169 2454 1270 2488 eidem
1292 2453 1454 2489 Ecclesiae
1475 2454 1637 2489 Romanae
1659 2453 1861 2494 renovabitis,

1119 2512 1179 2537 tam
1209 2503 1314 2551 ipsum
1338 2504 1532 2550 homagium,
1553 2515 1647 2551 quam
1678 2503 1858 2540 huiusmodi

1117 2553 1340 2588 iuramentum.
1368 2553 1402 2587 ln
1425 2554 1552 2600 optione
1572 2562 1674 2588 autem
1697 2561 1727 2587 et
1756 2553 1860 2590 bene-

1118 2602 1231 2649 placito
1258 2603 1316 2638 erit
1348 2601 1508 2638 Romanae
1540 2601 1702 2637 Ecclesiae
1729 2614 1785 2638 vos
1811 2603 1859 2638 vel

1118 2651 1268 2686 haeredes
1295 2660 1414 2687 vestros
1443 2663 1550 2687 vocare
1576 2651 1614 2686 ad
1635 2652 1858 2699 praestandum

1878 269 1929 297 An.
1940 270 1970 296 C.
1990 269 2058 297 ¹265

1890 2067 1976 2095 Iompus
1994 2072 2059 2094 prae-

1876 2099 1944 2119 standi
1953 2099 2058 2119 iuramen-

1877 2129 1899 2148 ti.
