2129 3223
405 241 474 274 810
948 250 1133 273 annuarum
1163 251 1325 273 Romanum

354 304 570 341 Communelli
603 303 788 348 (haeretici),
816 315 992 352 eorumque
1014 317 1152 353 poenae,
1181 307 1251 341 506
1273 308 1291 341 b
1312 314 1342 342 et
1362 319 1421 353 seq.

355 354 608 391 Communitates
630 362 777 389 tenentur
803 353 931 390 relicere
954 356 1066 391 damna
1095 355 1263 402 praedatis,
1290 356 1320 391 in
1343 368 1477 404 quorum
1499 358 1664 394 territoriis
1687 370 1742 406 per
1764 358 1850 394 fures
1868 368 1898 395 et

453 405 629 453 praedones
652 404 735 439 illata
752 403 892 446 suerunt,
918 408 982 440 491
1011 419 1041 440 α.

353 454 610 502 Compostellana
637 453 778 489 Ecclesia
807 455 937 502 erigitur
964 456 995 490 in
1024 455 1312 503 metropolitanam,
1342 459 1411 493 156
1435 471 1466 493 a.

352 504 613 556 Comppstellano
648 504 884 553 archiepiscopo
922 505 1145 541 Ulixbonensis
1172 514 1202 541 et
1236 505 1419 543 Elborensis
1443 508 1646 557 episcopatus
1667 508 1895 550 sufficiuntur,

453 557 523 590 452
547 557 564 590 b
591 562 622 590 et
647 568 707 601 seq.
1018 593 1021 595 ‚

352 604 583 641 Concessioncs
605 605 780 641 secundum
801 606 952 653 temporis
974 605 1225 642 circumstantias
1252 615 1325 642 sunt
1352 607 1585 654 immutandae,
1613 608 1684 643 618
1707 621 1736 643 a.

351 653 531 690 Concilium
554 655 769 691 Lateranense
798 656 959 697 indicitur,
988 659 1059 691 ⁶278
1081 658 1110 691 b.

351 704 533 741 Concilium
562 705 776 752 Lugdunense
798 706 811 741 Ι
838 706 999 747 indicitur,
1027 709 1098 742 510
1120 720 1150 741 α.

350 755 577 791 Confessiones
618 755 750 791 parochi
787 756 933 797 audiant3
956 757 1086 792 caeteris
1106 769 1176 791 vero
1199 757 1298 792 danda
1314 758 1354 793 ab
1372 759 1522 806 episcopo
1544 758 1602 793 loci
1619 757 1756 799 licentia,
1773 761 1843 794 582
1863 772 1894 794 a.

350 805 631 841 Confraternitates
655 806 806 841 laicorum
835 806 865 841 in
893 806 980 842 Urbe
1002 819 1064 841 non
1088 815 1162 842 sunt
1183 807 1351 854 erigendae
1374 809 1552 844 inconsulto
1574 807 1742 852 Pontifice.⁷
1760 811 1832 844 474
1850 822 1879 844 a.

349 854 562 897 Conradinus,
591 856 675 891 filius
702 856 852 900 Conradi7
888 857 1049 904 quondam
1084 857 1235 892 Friderici
1265 858 1461 905 imperatoris
1483 858 1549 898 filii,
1572 860 1642 893 639
1665 860 1693 893 b.
1719 858 1895 894 Interdici-

448 914 499 941 tur
520 906 709 942 electoribus
736 919 774 941 ne
799 919 870 942 euin
899 907 1016 953 eligant
1043 909 1072 942 in
1103 908 1322 954 imperatorem
1346 908 1575 948 Romanorum,
1605 911 1674 943 640
1705 910 1734 947 b,
1762 911 1832 944 690
1860 910 1894 950 b,

450 957 518 990 766
541 968 571 991 a.
594 955 674 991 Eius
696 956 845 996 facinora,
866 958 941 992 ibid.
969 957 1283 998 Excomrnunicatur,
1313 961 1381 993 797
1410 972 1439 994 α.
1463 958 1513 994 Ob
1540 967 1642 1006 spreta
1659 959 1776 994 monita
1805 960 1895 1006 Apo-

447 1006 555 1041 stolica
578 1006 666 1052 regni
688 1006 956 1042 Hierosolimitani
986 1007 1109 1043 iuribus
1136 1008 1285 1056 privatur,
1312 1010 1388 1044 ibid.

348 1056 517 1091 Conradus
537 1056 679 1103 archiep.
706 1057 926 1104 Moguntinus,
949 1059 1020 1093 659
1043 1059 1070 1093 b.

348 1105 595 1141 Conservatores
621 1106 758 1154 eligendi
780 1108 900 1155 quales,
924 1110 996 1143 655
1022 1121 1052 1143 a.
1080 1107 1245 1150 Quaenam
1273 1120 1383 1144 eorum
1408 1108 1534 1153 munia,
1561 1110 1637 1143 ibid.
1672 1107 1733 1150 Qui
1758 1107 1894 1144 debeant

447 1156 562 1191 habere
584 1165 852 1201 conservatorem,
875 1159 950 1192 ibid.

347 1205 692 1253 Constantinopolitani
717 1208 915 1254 imperatoris
942 1215 974 1243 et
1001 1208 1108 1243 uxoris
1135 1208 1204 1244 eius
1227 1209 1389 1243 coronatio
1410 1207 1531 1244 Rornae
1554 1209 1584 1242 in
1607 1207 1762 1243 coenobio
1783 1207 1891 1243 Sancti

445 1255 603 1291 Laurentii
627 1267 713 1292 extra
741 1269 850 1292 muros
874 1266 1009 1304 peracta,
1033 1259 1103 1292 516
1132 1259 1159 1293 b.

347 1306 688 1353 Constantinopolitani
714 1307 836 1354 imperii
860 1307 898 1341 de
920 1307 1051 1342 Graecis
1072 1307 1111 1342 ad
1139 1307 1267 1342 Latinos
1289 1308 1463 1352 translatio,
1491 1310 1560 1343 195
1587 1310 1604 1342 b
1625 1317 1654 1344 et
1682 1321 1741 1354 seq.

347 1355 594 1391 Conventuales.
629 1358 664 1391 V.
688 1356 826 1392 Minores
847 1356 881 1392 S.
909 1356 1070 1392 Francisci
1098 1357 1220 1393 ordinis
1242 1357 1363 1392 fratres.

348 1405 498 1441 Corduba
527 1418 542 1440 a
562 1405 717 1441 Castellae
740 1419 811 1453 rege
835 1406 995 1451 liberatur,
1023 1409 1094 1442 492
1122 1409 1149 1442 b.

348 1454 584 1490 Corinthiensis
610 1455 752 1490 Ecclesia
786 1456 845 1490 sub
874 1465 1006 1504 protect.
1037 1458 1148 1504 Apost.
1176 1456 1269 1492 Sedis
1297 1458 1481 1505 suscipitur.
1504 1459 1575 1492 265
1599 1469 1628 1491 α.
1654 1456 1740 1492 Bona
1763 1457 1790 1492 ei
1814 1469 1892 1492 con-

447 1504 623 1549 firmantur,
649 1507 726 1540 ibid.
751 1507 780 1540 b.
808 1505 974 1553 Privilegia
998 1506 1150 1541 nonnulla
1172 1506 1402 1548 conceduntur,
1427 1509 1501 1541 ibid.

346 1554 487 1589 Coroada
510 1555 584 1602 quid
613 1555 663 1595 sit,
694 1558 739 1590 56
767 1557 794 1590 b.
824 1557 858 1590 V.
882 1558 919 1591 ad
947 1555 1078 1591 calcem.
1101 1555 1219 1591 colum.
1243 1556 1344 1591 eiusd.

345 1603 536 1639 Corsicanae
560 1604 719 1640 Ecclesiae
743 1605 867 1641 Pisanis
888 1606 1028 1654 archiep.
1051 1606 1223 1651 subiectae,
1248 1608 1316 1640 117
1339 1619 1369 1641 a.

345 1654 496 1701 Corporis
518 1654 635 1689 Christi
661 1654 812 1690 festivitas
834 1656 1020 1697 instituitur,
1047 1658 1115 1691 705
1143 1670 1172 1692 a.

345 1702 548 1739 Coi-tibaldus
571 1705 616 1738 vel
637 1704 842 1740 Curtibaltlus
863 1707 937 1754 quid
961 1706 1012 1749 sit,
1043 1709 1113 1741 116
1132 1709 1158 1741 b.
1194 1708 1229 1740 V.
1260 1714 1325 1740 not.
1354 1706 1391 1741 ad
1415 1706 1490 1741 calc.
1520 1706 1636 1740 colum.
1660 1706 1813 1741 eiusdem.

344 1754 478 1789 Cosmae
507 1754 565 1799 (S.)
601 1755 640 1790 de
677 1755 862 1791 Talliacotio
893 1757 1120 1791 monasterium
1155 1756 1340 1791 monialium
1377 1755 1437 1791 sub
1475 1756 1667 1801 protectione
1702 1756 1762 1802 Ap.
1796 1755 1890 1790 Sedis

444 1805 627 1852 suscipitur,
650 1806 695 1839 69
724 1818 743 1840 α
761 1813 791 1839 et
813 1807 840 1840 b.
863 1806 952 1841 Bona
975 1807 1080 1841 omnia
1103 1818 1139 1841 ac
1162 1805 1322 1853 privilegia
1345 1806 1372 1839 ei
1402 1805 1642 1849 confirmantur,
1668 1807 1712 1840 70
1734 1817 1755 1839 α
1776 1813 1807 1839 et
1827 1817 1887 1850 seq.

344 1852 480 1888 cosmae
503 1854 558 1898 (S.)
585 1855 624 1889 de
658 1855 822 1890 Vicovario
858 1858 1088 1891 monasterium
1112 1856 1171 1890 sub
1205 1855 1316 1902 Apost.
1349 1855 1443 1891 Sedis
1475 1856 1669 1901 protectione
1696 1855 1887 1902 suscipitur,

443 1905 514 1939 267
542 1917 570 1938 a.
600 1904 633 1939 Iu
656 1905 722 1939 suis
750 1905 841 1940 bonis
863 1907 1081 1945 confirmatur,
1109 1907 1183 1940 ibid.
1209 1907 1236 1940 b.
1255 1905 1430 1952 privilegiis
1455 1905 1616 1940 nonnullis
1643 1905 1788 1943 donatur,
1811 1906 1885 1939 ibid.

444 1962 473 1987 θῑ
493 1966 552 2000 seq.

343 2002 567 2038 Cremonensis
596 2004 735 2040 Ecclesia
759 2005 956 2052 suffraganea
984 2005 1161 2040 declaratur
1179 2004 1340 2040 Ecclesiae
1363 2004 1622 2045 Mediolanensis‚
1645 2005 1718 2039 420
1740 2006 1768 2039 b.

343 2052 589 2100 Crucesignatos
611 2068 625 2088 a
649 2056 792 2090 censuris
820 2056 1042 2090 ecclesiasticis
1064 2055 1226 2090 absolvere
1250 2064 1383 2100 possunt
1411 2055 1624 2101 inquisitores,
1655 2056 1725 2089 585
1747 2056 1764 2088 b
1779 2062 1808 2088 et
1826 2065 1886 2099 seq.

306 2123 310 2127 -
343 2102 579 2139 Cruciserorum
606 2105 841 2140 inservientium
864 2106 1008 2153 hospitali
1033 2105 1193 2140 Bononiae
1216 2105 1318 2138 ordini
1348 2104 1524 2152 privilegia.
1541 2104 1699 2139 libertates
1712 2111 1743 2139 et
1763 2103 1887 2138 indem-

444 2154 554 2189 nitates
576 2155 812 2194 conceduntur.
840 2167 1015 2203 eorumque
1038 2155 1175 2190 Ecclesia
1202 2156 1231 2188 in
1262 2155 1309 2188 ius
1332 2163 1358 2188 et
1384 2156 1606 2202 proprietatem
1627 2153 1721 2189 Sedis
1745 2153 1886 2200 Aposto-

443 2204 517 2238 licae
536 2205 728 2251 suscipitur⁷
751 2208 797 2240 46
821 2218 840 2239 α
863 2214 893 2240 et
914 2218 974 2251 seq.

344 2252 469 2288 Cuchet
492 2253 552 2298 (de)
581 2255 805 2289 monasterium
831 2256 860 2290 in
884 2257 991 2291 sedern
1016 2254 1227 2303 episcopalem
1258 2254 1403 2301 erigitur,
1426 2256 1498 2288 442
1519 2267 1550 2288 a.

1092 2394 1136 2433 D

345 2488 459 2524 Daciae
493 2503 625 2537 regnum
653 2490 713 2525 sub
745 2491 946 2537 Apostolicae
973 2491 1065 2525 Sedis
1088 2490 1282 2538 protectione
1314 2489 1498 2536 suscipitur,
1525 2492 1595 2524 257
1623 2491 1651 2523 b.
1675 2488 1755 2523 luris
1781 2487 1815 2522 S.
1844 2487 1882 2522 R.

442 2539 478 2575 Ε.
508 2540 695 2583 declaratur,
719 2543 788 2575 577
816 2554 844 2575 a.
870 2540 1183 2575 Anatbematizautur
1209 2539 1352 2575 eiusdem
1377 2539 1620 2587 perturbatores,
1642 2539 1718 2572 ibid.

345 2587 488 2623 Damiani
514 2589 574 2633 (S.)
597 2590 717 2625 ordinis
741 2590 930 2626 monialibus
950 2590 1081 2625 traditur
1100 2601 1207 2624 norma
1232 2589 1368 2629 vivendi,
1393 2591 1461 2623 527
1479 2590 1506 2623 b.
1530 2588 1632 2622 Huius
1655 2587 1775 2622 ordinis
1796 2587 1883 2633 origo

441 2639 542 2685 qualis
564 2639 669 2681 suerit,
696 2641 767 2675 620
790 2653 819 2675 a.
