2129 3223
131 276 170 301 An
198 274 225 299 C.

142 1375 148 1383 ι
163 1375 195 1387 ,ν-
211 1368 242 1387 Η·

185 2404 293 2425 [lustriae

249 274 313 300 t-2o7

246 1337 321 1356 simle-

376 265 444 296 202

326 328 453 368 cellarii,
482 339 564 360 nouo
587 325 734 360 kalendas
755 324 903 362 octobris,
927 323 1070 357 incarna—

329 378 422 411 tionis
437 377 612 410 dominicae
630 387 712 409 anno
731 386 856 414 mccvii,
871 372 1072 420 pontificatus

327 439 399 460 vero
420 426 538 460 domini
561 424 734 460 innocentii
754 424 858 471 Papae
878 422 961 457 tertii
989 433 1071 456 anno

327 477 459 510 decimo.

335 534 395 563 Dat.
414 534 460 564 ilie
477 533 516 563 ⁶23
531 532 706 572 septembris
718 531 808 568 1207,
824 529 925 571 pontis.
945 539 1020 559 anno
1036 537 1062 558 x.

679 659 730 693 Lt.

338 739 512 771 l'i‘terbiensi
539 738 688 770 Ecclesiae
717 738 749 768 in
774 734 977 768 cathedralem
1005 744 1076 764 ere—

378 794 441 821 ctae
456 789 501 820 ius
515 787 660 820 asseritur
674 796 768 828 supra
797 783 1077 817 Centumcellensem

354 837 358 840 ’
377 844 403 870 et
428 838 645 870 Btedanensem
666 836 808 868 dioeceses
835 833 888 878 (l).

596 898 811 930 Stjtttimmmt

331 959 492 989 viterbium
516 958 684 996 episcopatu
719 956 890 993 insignitum
927 963 940 983 a
973 953 1076 982 Coele-

370 1005 447 1033 stino
470 1002 523 1032 ΡΡ.
540 1019 579 1024 -
597 1001 666 1031 Eius
686 1001 731 1030 ius
759 1000 787 1029 in
810 997 1027 1028 Centumcellas
1051 1001 1079 1025 et

370 1048 540 1077 Bledanum.
559 1063 597 1068 —
614 1044 778 1074 Clausulae.

331 1110 503 1139 Innocentius
513 1109 654 1144 episcopus
671 1112 766 1134 servus
776 1111 915 1134 servorum
925 1103 981 1135 Dei.
994 1102 1076 1134 clero,

377 1162 407 1188 et
432 1158 530 1195 populo
548 1156 723 1186 Viterbiensi.

383 1223 431 1257 Ex
468 1221 628 1268 privilegio
675 1219 776 1254 felicis
822 1218 992 1252 memoriae
1043 1215 1080 1250 C.

187 1277 321 1324 ζ’ῐζρἴιΰὶῃέιζ
337 1273 438 1318 Papae
462 1269 710 1317 praedecessoris
746 1268 840 1302 nostri
875 1266 1083 1312 cognovimus

337 1322 496 1356 evidenter
517 1319 601 1367 quod
631 1320 696 1365 ipse
725 1317 862 1351 tutemet
883 1316 1080 1349 devotionem

338 1379 469 1405 vestram
496 1368 673 1410 attendens,
695 1367 734 1401 dc
760 1365 919 1400 communi
952 1364 1081 1398 fratrum

337 1432 465 1454 suorum
504 1417 635 1453 consilio
680 1415 879 1450 Viterbiense
930 1413 1082 1460 oppidum

338 1467 510 1503 honorabili
548 1466 680 1501 civitatis
724 1464 850 1499 nomine
897 1462 1082 1508 insignivit,

337 1527 366 1552 et
395 1516 580 1564 pontificalis
602 1514 767 1550 cathedrae
789 1513 939 1559 dignitate
957 1512 1084 1546 donavit

338 1567 518 1603 auctoritate
540 1573 680 1600 statuens
700 1563 880 1611 apostolica,
908 1570 941 1595 ut
973 1560 1083 1594 Viter—

338 1617 455 1651 biensis
476 1615 617 1650 Ecclesia
637 1626 706 1648 cum
750 1611 960 1650 Tuscanensi,
999 1609 1084 1644 Cen-

339 1665 551 1704 tumcellensi,
587 1671 681 1711 atque
722 1660 909 1696 Bledanensi
952 1659 1084 1706 pontifi-

340 1716 436 1750 calem
464 1715 619 1750 obtineret
641 1712 789 1758 deinceps
811 1710 1005 1756 dignitatem.
1020 1708 1085 1743 Nos

247 1775 264 1788 ¹¹³
292 1775 325 1817 ²¹³¹}
341 1774 455 1804 autem,
478 1765 530 1811 qui
554 1764 647 1797 fidem
669 1770 699 1796 et
721 1760 918 1795 devotionem
953 1766 1084 1792 vostram

251 1837 256 1850 ι
309 1818 312 1819 ’
343 1817 407 1862 ipsa
437 1813 609 1860 praesentia
636 1810 789 1858 corporali
827 1809 941 1843 certius
976 1820 1086 1842 sumus

342 1864 472 1911 experti,
512 1861 701 1897 beneficium
745 1857 918 1906 principale
964 1857 1086 1903 plenius

343 1912 536 1960 interpretari
571 1911 721 1952 volentes,
768 1908 851 1942 illam
897 1906 1086 1941 viterbiensi

343 1963 407 1998 sedi
447 1974 519 2008 erga
555 1958 862 1995 Centumcelleusem
905 1965 935 1990 et
974 1955 1088 1991 Bleda-

345 2024 472 2046 oensem
511 2011 671 2046 dioeceses
707 2006 974 2043 honorificentiam
1008 2017 1087 2040 con-

344 2061 517 2103 firmamus,
539 2071 632 2107 quam
660 2059 740 2093 circa
764 2058 847 2104 ipsas
875 2055 1089 2090 Tuscanensis

344 2110 436 2145 sedes
461 2109 655 2156 dignoscitur
677 2108 826 2142 hactenus
849 2104 1006 2143 babuisse,
1037 2105 1087 2139 cui

345 2159 552 2195 viterbiensis
579 2158 716 2194 Ecclesia
732 2154 908 2203 specialiter
918 2162 968 2188 'est
989 2155 1086 2188 unita.

345 2210 434 2245 Statu
457 2219 559 2244 tamen
582 2207 702 2242 illarum
730 2202 1089 2241 sedium,Centumcel-

348 2260 442 2294 tensis
463 2258 606 2293 videlicet
624 2265 651 2291 et
666 2254 884 2293 Bledanensis,
899 2254 928 2287 in
948 2265 1005 2288 suo
1024 2254 1090 2288 iure

347 2318 504 2343 manente.

396 2358 480 2392 Nulli
508 2370 581 2404 ergo
599 2365 651 2391 etc.
680 2356 760 2390 banc
782 2354 925 2401 paginam
967 2361 1089 2388 nostrae

350 2408 615 2454 interpretationis
640 2414 670 2441 et
691 2403 938 2440 confirmationis
963 2410 1015 2436 etc.
1055 2401 1089 2437 Si

349 2458 419 2504 quis
440 2465 542 2492 autem
565 2464 616 2490 etc.

399 2506 511 2541 Datum
539 2506 669 2541 Viterbii
692 2514 802 2551 quarto
844 2503 914 2538 idus
943 2500 1091 2542 octobris,

351 2556 550 2602 pontificatus
578 2555 672 2590 nostri
695 2567 777 2589 auno
803 2553 936 2588 decimo.

370 2608 430 2638 Dat.
453 2610 498 2638 die
524 2609 558 2638 12
577 2607 705 2637 octobris
726 2606 811 2642 1207,
834 2604 934 2644 pontis.
953 2614 1028 2635 anno
1045 2614 1072 2634 x.

387 2666 426 2700 (Ι)
442 2665 479 2692 Ex
500 2665 599 2696 Baluz.‚
616 2664 699 2699 Epist.
720 2663 778 2689 159.

905 268 1091 291 Bt't.1..xttttt.u
1115 265 1275 289 ROMANCM

1870 254 1921 282 An.
1937 252 2047 280 c.1207

1451 316 1514 352 Lu.

1114 397 1198 430 Petri
1217 398 1296 439 reqi's
1323 398 1502 438 Araqonum
1533 393 1692 426 cessionem
1727 400 1784 434 pro
1817 389 1858 421 li-

1160 447 1271 479 bertate
1290 446 1467 478 electionum
1491 443 1710 488 episcopalium
1742 438 1859 484 confir-

1163 502 1224 529 mat
1245 499 1302 538 (1).

1379 565 1594 598 SUMMARIUM

1114 637 1203 676 Regis
1231 637 1397 674 Aragonum
1421 635 1550 674 diploma
1572 642 1624 672 pro
1642 632 1776 662 libertate
1802 631 1861 660 ete-

1154 683 1293 713 ctionum.
1314 698 1353 703 —
1368 679 1619 717 Ratumliabetur.
1638 693 1678 699 —
1693 675 1861 706 Clausulae.

1114 757 1285 786 Innocentius
1299 756 1442 792 episcopus
1457 760 1559 782 servus
1582 759 1724 782 servorum
1741 751 1798 784 nei.
1817 757 1862 779 ar·

1160 806 1338 842 chiepiscopis
1355 806 1386 834 et
1404 804 1584 841 episcopiset
1601 802 1666 831 aliis
1683 801 1864 830 aeclesiarum

1160 856 1306 892 praetatis,
1326 856 1356 884 ot
1371 854 1506 884 univorsis
1524 852 1676 882 clericistn
1693 857 1779 887 reguo
1797 850 1864 879 Ara-

1161 906 1257 941 goniae
1276 904 1452 933 constitutis.

1167 967 1254 1002 Solet
1279 978 1418 1001 annuere
1443 973 1510 1006 etc„
1530 977 1624 1011 usque
1642 964 1807 1011 impertiri.
1827 964 1862 999 ln
1889 968 1951 996 Rosia
1978 969 2060 1006 &raso-

1119 1017 1230 1051 litteris
1250 1016 1405 1063 siquidem
1431 1016 1516 1050 char.
1544 1016 1574 1049 in
1596 1014 1635 1050 C.
1657 1014 1700 1049 tit.
1716 1026 1753 1049 n.
1777 1007 1925 1060 'Petrissss'ss‘
1961 1000 2061 1052 ffli‘iffi

1119 1067 1251 1101 illustris
1273 1066 1356 1112 regis
1387 1065 1570 1111 Aragonum
1603 1064 1650 1100 sic
1684 1064 1724 1098 de
1769 1063 1865 1099 verbo
1877 1066 2012 1086 ⁶¹⁶⁰²¹⁰¹²¹¹¹¹¹·
2103 1059 2107 1062 ’

1120 1116 1156 1151 ad
1182 1115 1311 1150 verbum
1331 1115 1548 1162 perspeximus
1567 1113 1733 1149 contineri.
1748 1114 1866 1148 Petrus

1122 1166 1178 1200 Dei
1206 1166 1304 1211 gratia
1327 1176 1380 1199 rex
1414 1164 1606 1210 Aragouen„
1640 1175 1747 1198 comes
1779 1163 1866 1198 Bar-

1121 1215 1306 1258 chinonen.,
1327 1222 1358 1249 et
1382 1213 1531 1249 dominus
1552 1213 1668 1248 Montis
1689 1212 1866 1253 Pessulani,

1125 1263 1353 1299 venerabilibus
1393 1264 1425 1298 in
1476 1261 1604 1297 Christo
1654 1261 1865 1297 Terraconen.

1122 1314 1370 1360 archiepiscopO,
1389 1321 1420 1348 et
1440 1312 1595 1347 universis
1615 1311 1787 1359 episcopis,
1811 1311 1868 1346 ab·

1123 1363 1259 1403 batibus,
1277 1362 1470 1409 caeterisque
1484 1361 1697 1396 Ecclesiarum
1713 1360 1868 1408 praelatis,

1122 1421 1154 1448 et
1179 1424 1287 1447 eorum
1314 1408 1573 1447 conventibustn
1615 1422 1713 1457 regno
1747 1419 1779 1445 et
1811 1411 1870 1446 do-

1124 1474 1219 1496 mimo
1253 1469 1360 1496 nostro
1410 1468 1590 1496 constitutis
1639 1468 1798 1495 aeternam
1837 1461 1867 1494 in

1123 1512 1260 1546 Domino
1285 1510 1429 1545 satutem.
1450 1508 1534 1556 ’Regi
1563 1521 1670 1555 regum
1694 1522 1750 1556 per
1774 1521 1868 1556 quem

1123 1573 1214 1607 reges
1240 1567 1383 1607 regnant,
1405 1559 1609 1595 reverentiam
1633 1557 1768 1593 debitam
1781 1559 1871 1594 exhi-

1125 1610 1245 1650 bentes,
1267 1617 1296 1644 et
1317 1621 1452 1656 sponsae
1473 1609 1553 1652 eius,
1575 1617 1701 1642 sanctae
1721 1607 1871 1643 videlicet

1124 1659 1295 1698 Ecclesiae,
1314 1659 1466 1705 integram
1488 1657 1665 1692 facultatem
1687 1669 1872 1693 conservare

1126 1709 1274 1749 volentes,
1302 1708 1469 1756 pessimam
1491 1706 1752 1742 consuetudinem
1776 1720 1791 1741 a
1820 1720 1873 1742 no-

1126 1758 1174 1792 bis
1196 1758 1348 1792 hacteuus
1369 1757 1577 1800 observatam,
1603 1768 1664 1803 qua
1686 1756 1871 1791 electionem

1127 1807 1332 1855 praelatorum
1355 1807 1422 1841 sine
1449 1814 1556 1840 nostro
1590 1805 1722 1840 consilio
1750 1814 1781 1840 et
1819 1819 1871 1842 as-

1126 1869 1218 1892 sensu
1267 1856 1440 1902 procedere
1485 1867 1547 1890 non
1595 1855 1870 1902 permittebamus,

1127 1918 1232 1941 amore
1254 1905 1311 1940 Dei
1338 1914 1369 1940 et
1390 1912 1515 1940 sanctae
1541 1904 1715 1949 Ecclesiae,
1747 1912 1779 1939 et
1815 1917 1872 1952 pro

1127 1955 1266 1991 remedio
1310 1956 1434 1990 animae
1467 1962 1604 1998 nostrae,
1640 1961 1671 1989 et
1710 1963 1872 2001 parentum

1129 2011 1306 2041 nostrorum
1334 2005 1521 2048 relaxamus,
1553 2003 1706 2051 vobisque
1738 2009 1768 2038 et
1802 2005 1873 2039 uni-

1128 2055 1224 2091 versis
1244 2053 1604 2090 successoribusvestris
1615 2061 1646 2088 et
1666 2053 1874 2089 conventibus

1129 2105 1158 2139 in
1198 2105 1284 2139 omni
1322 2103 1539 2139 iurisdictione
1565 2111 1671 2138 nostra
1695 2104 1874 2138 constitutis

1129 2160 1256 2194 liberam
1278 2159 1413 2205 eligendi
1448 2157 1625 2193 facultatem
1650 2150 1714 2204 per
1745 2169 1812 2192 nos
1844 2165 1875 2192 et

1130 2226 1183 2261 per
1209 2225 1328 2249 omnes.
1352 2225 1552 2249 successores
1583 2220 1718 2253 nostros,
1743 2223 1874 2248 assensu

1131 2269 1216 2314 regio
1254 2268 1384 2303 minime
1417 2268 1579 2315 requisito,
1610 2267 1642 2301 in
1687 2274 1873 2314 perpetuum

1130 2322 1340 2368 indulgemus,
1368 2322 1428 2357 hoc
1451 2321 1555 2356 solum
1578 2321 1668 2355 nobis
1688 2329 1719 2355 et
1743 2329 1874 2358 succes-

1129 2376 1253 2411 soribus
1277 2377 1391 2411 nostris
1418 2382 1621 2420 reservantes,
1649 2382 1684 2409 ut
1716 2375 1812 2412 libere
1838 2383 1875 2412 'et

1130 2431 1280 2466 canonice
1318 2430 1437 2464 electus
1459 2430 1488 2464 in
1521 2429 1645 2475 signum
1667 2429 1874 2476 reghe‘fide·

1131 2485 1223 2519 litatis
1267 2484 1381 2525 nobis,
1422 2492 1453 2519 et
1490 2483 1725 2518 successoribus
1758 2485 1875 2520 nostris

1131 2538 1243 2574 debeat
1269 2537 1655 2585 praesentari.Nos·igitur
1675 2537 1874 2574 devotionem
1894 2548 1966 2570 natum
1975 2547 2072 2569 habetur-

1132 2592 1246 2639 regiam
1270 2593 1299 2627 in
1323 2591 1730 2627 Domino‘cornmendantes
1748 2600 1793 2627 ·et
1816 2602 1875 2641 ap-

1167 2658 1207 2694 (t)
1223 2659 1262 2686 Ex
1278 2658 1380 2692 Batuz.,
1397 2658 1480 2694 Epist,
1500 2657 1558 2684 llttt.
