2129 3223
54 250 103 278 Αη.
121 251 150 278 c.
165 251 231 278 ¹267
878 255 1024 279 ctearcss

247 307 360 340 suevit.
403 307 509 341 Abbas
547 315 651 342 autem
691 308 796 343 Sancti
839 308 921 343 Petri
957 309 996 343 de

247 354 349 390 Turre
376 368 449 390 cum
472 365 619 403 quatuor,
641 357 737 392 abbas
758 358 863 393 Sancti
888 358 996 393 Evodii

248 416 321 439 cum
344 405 463 446 tribus;
495 405 713 441 thesaurarius
744 418 815 442 vero
837 415 865 442 et
901 419 997 453 prae-

249 460 367 494 centor,
405 455 624 502 unusquisque
651 467 760 490 eorum
784 468 855 490 curn
880 456 997 496 tribus;

248 502 380 550 quilibet
409 515 481 539 vero
507 504 678 539 canonicus
711 504 832 540 habens
862 505 998 552 quadra-

248 552 334 599 ginta
374 552 468 587 libras
508 553 705 588 Viennenses
747 554 776 588 in
823 554 998 589 redditibus

249 601 521 648 qualitercumque
548 602 586 637 ab
623 603 687 649 ipsa
716 602 856 638 Ecclesia
887 603 932 637 vel
959 603 998 637 de

250 649 342 684 bonis
362 651 522 691 eiusdem,
558 651 637 685 ultra
665 664 753 686 suam
774 651 996 699 praebendam,

249 710 322 734 cum
346 699 481 739 duobus,
505 701 563 735 nisi
587 700 701 735 absens
729 700 818 735 suerit
848 700 929 735 idem
947 713 997 735 ea—

250 748 384 783 nonicus
416 760 508 783 eausa
538 749 727 787 studiorum:
760 750 842 796 quod
872 750 896 783 si
925 751 997 797 quis

250 797 281 830 in
304 797 454 843 dignitate
481 798 526 832 vel
552 806 718 844 personatu
741 799 933 834 constitutus
959 799 997 834 de

250 846 340 880 terris
363 847 461 893 ipsius
483 846 644 882 Ecclesiae
665 847 765 882 dictas
790 848 996 894 quadraginta

249 894 345 930 libras
367 895 507 936 haberet,
535 897 651 931 ratione
673 909 793 940 earum,
809 897 995 932 clericorum

248 944 344 978 etiam
379 956 547 979 numerum
587 953 730 981 teneatur
763 958 890 992 augere,
918 947 995 981 ultra

250 992 338 1028 illum
373 1005 468 1040 quem
507 994 692 1029 tenebantur
725 994 839 1029 habere
879 996 996 1030 ratione

299 1093 356 1126 35.
379 1091 470 1136 Item,
496 1092 579 1138 quod
603 1092 627 1126 si
650 1092 720 1138 quis
742 1092 913 1127 canonicus
940 1092 997 1127 lia-

249 1139 329 1175 bens
355 1153 450 1179 nunc.
488 1141 532 1174 vel
571 1141 735 1176 habiturus
770 1142 800 1175 in
836 1149 994 1188 posterum

251 1196 348 1224 terras
369 1189 510 1224 eiusdem
537 1189 697 1224 Ecclesiae
728 1190 911 1236 dignitatem
935 1190 997 1225 ibi-

249 1237 322 1272 dem
344 1238 478 1285 adeptus
499 1239 602 1279 suerit,
623 1238 669 1274 vel
691 1247 905 1286 personatum,
928 1239 997 1286 ipso

249 1286 318 1321 iure
338 1296 448 1322 vacent
476 1295 574 1322 terrae
602 1288 687 1334 ipsae
713 1288 897 1334 praedictae.

300 1337 357 1370 56.
380 1335 470 1380 Item,
492 1336 576 1383 quod
601 1336 706 1371 nullus
732 1337 865 1372 clericus
886 1337 918 1371 in
950 1337 997 1371 ci-

253 1384 346 1419 vitate
367 1385 528 1420 Aniciensi
553 1385 685 1431 praefata
714 1385 792 1420 duas
820 1386 916 1432 possit
943 1398 997 1420 ca-

251 1434 384 1468 nonicas
409 1446 466 1468 seu
498 1434 692 1480 praebendas
724 1435 851 1475 babere,
878 1435 997 1469 scilicet

251 1482 281 1516 in
315 1483 426 1517 maiori
461 1483 600 1518 Ecclesia
635 1491 666 1517 et
699 1483 730 1517 in
762 1483 996 1530 collegiatarum

249 1530 351 1578 aliqua
366 1531 515 1571 aliarum;
534 1531 588 1566 sed
612 1540 697 1567 vacet
719 1532 786 1578 ipso
802 1532 868 1567 iure
884 1532 996 1579 prima,

250 1587 417 1627 postquam
438 1581 609 1616 secundam
633 1581 727 1615 fuerit
747 1590 926 1616 assecutus:
951 1582 998 1616 his

249 1636 354 1664 tamen
373 1630 525 1677 exceptis,
549 1630 604 1676 qui
627 1630 686 1664 iam
708 1637 784 1664 sunt
806 1630 838 1664 in
867 1638 998 1677 utraque

249 1678 377 1725 recepti.

299 1729 356 1761 37.
390 1727 480 1768 Item,
520 1726 604 1774 quod
639 1727 744 1762 nullus
785 1727 898 1762 amodo
920 1739 998 1763 con-

52 1774 399 1827 ss2l⁹2⁰1¹¹¹t¹i¹ei¹9¹³js¹l¹⁰³¹⁰s
434 1775 473 1810 ad
511 1775 710 1810 serviendum
751 1776 911 1831 cappellae
951 1777 997 1811 vel

51 1835 161 1858 secie-120
173 1841 236 1856 assu-
249 1824 402 1860 altaribus
415 1824 556 1860 eiusdem
570 1824 743 1865 Ecclesiae,
766 1825 825 1859 nisi
844 1825 884 1860 sit
899 1825 998 1872 ipsius

104 1867 181 1887 ¹¹¹²¹¹¹¹¹
249 1873 410 1909 Ecclesiae
454 1874 603 1913 clericus,
640 1874 694 1920 qui
734 1881 874 1909 teneatur
911 1874 997 1910 chori

249 1922 375 1959 servitio
402 1923 565 1957 interesse.

299 1975 356 2007 58.
379 1971 470 2012 Item,
491 1971 576 2019 quod
600 1971 678 2005 nulli
707 1971 738 2006 in
762 1972 829 2019 ipsa
856 1972 998 2007 Ecclesia

249 2020 509 2068 superpellicium
538 2020 744 2065 concedatur,
775 2021 835 2056 nisi
859 2021 898 2056 de
919 2021 998 2067 legi-

250 2071 329 2106 timo
361 2069 575 2110 matrimonio,
611 2069 712 2105 honae
746 2069 865 2110 famae,
900 2082 998 2105 sanus

248 2130 392 2166 corpore,
420 2118 565 2153 videlicet
598 2119 811 2154 membrorum
843 2131 905 2154 uon
943 2132 998 2166 pa-

247 2168 330 2203 tiens
356 2167 511 2203 maculam
544 2167 591 2202 vel
627 2167 798 2203 laesionem
820 2180 996 2209 enormem,

248 2217 295 2252 vel
323 2217 401 2252 alias
424 2216 534 2251 morbo
566 2216 729 2251 incurabili
753 2229 814 2251 uon
840 2217 997 2261 laborans,

248 2273 280 2301 et
313 2265 561 2301 conversationis
594 2265 705 2300 existat
738 2266 905 2309 honestae,
941 2278 997 2301 nec

248 2314 385 2370 aliquam
431 2314 614 2360 religionem
658 2314 835 2360 ingressus,
880 2314 998 2350 babens

248 2364 344 2400 etiam
372 2363 457 2399 unde
484 2363 580 2409 possit
615 2363 782 2398 commode
816 2363 997 2404 sustentari;

249 2413 326 2448 alias
347 2412 422 2448 dum
452 2412 594 2447 residens
619 2411 720 2453 l'ueiit,
743 2412 921 2459 providere,
943 2413 997 2467 qui

249 2461 356 2509 ipsum
384 2461 592 2497 introduxerit
619 2472 766 2507 egenum,
788 2468 931 2496 teneatur
952 2461 997 2497 ei-

248 2510 333 2547 dem.

299 2560 356 2594 59.
384 2558 475 2600 Item,
502 2558 588 2606 quod
623 2557 754 2605 quilibet
784 2557 918 2594 clericus
945 2559 996 2594 eui

248 2607 343 2643 modo
376 2608 635 2654 superpellicium
669 2606 875 2651 concedetur,
917 2608 997 2642 iuret

64 1141 216 1163 Beneficiorum

52 1172 161 1199 pluralitas
177 1174 237 1193 dam-

51 1206 107 1223 nata.

61 2014 236 2042 Superpettiei'um

52 2045 127 2072 quibu·
135 2050 177 2066 non
186 2050 238 2066 con-

52 2076 175 2098 cedendum.

1669 247 1731 279 781
1804 257 1854 283 An
1872 256 1902 284 c.
1917 257 1983 284 ¹207

1037 309 1171 355 capitulo
1204 309 1303 364 ipsius
1332 309 1488 345 Ecclesiae
1511 310 1694 345 fidelitatem
1719 322 1786 345 ser·
1812 314 1891 342 Quibu·
1924 317 1984 337 datur

1038 369 1120 398 vare,
1142 366 1171 392 et
1201 365 1261 393 tam
1291 359 1357 393 iura
1386 359 1488 415 ipsius
1513 359 1672 395 Ecclesiae
1705 347 1985 404 bonaiffipfi'iiiiiis

1039 406 1099 441 fide.
1118 407 1300 451 defendere,
1323 420 1416 455 quam
1436 409 1669 444 universitatem
1691 409 1785 444 etiam

1037 457 1250 491 clericorum'
1245 469 1396 503 ipsorum.

1088 507 1143 540 40.
1164 505 1252 546 Item,
1271 506 1354 553 quod
1377 506 1513 553 quilibet
1531 506 1692 542 clericus'
1687 506 1787 554 ipsius
1827 519 1904 540 ceriti
1928 520 1983 540 1200„

1038 554 1198 590 Ecclesiae
1221 553 1301 590 bona
1324 556 1467 590 eiusdem
1491 555 1652 592 Ecclesiae
1675 565 1703 591 et
1726 555 1788 591 cle·
1801 550 1941 602 ξᾙξζξο,
1944 552 1985 602 ,ἷξ-

1039 604 1173 638 ricorum
1201 604 1301 650 ipsius
1329 616 1385 651 pro
1413 616 1504 652 posse
1535 604 1706 640 defendere
1738 613 1787 640 te-
1862 615 1930 632 ww*

1038 661 1163 695 neatur,
1204 664 1262 688 nec
1294 661 1400 687 contra
1435 665 1505 688 eam
1538 654 1704 689 consilium
1740 654 1786 688 vel

1037 701 1188 736 auxilium
1211 702 1325 737 audeat
1361 703 1526 749 impertiri,
1547 703 1631 749 quod
1659 703 1685 738 si
1709 703 1787 750 legi-

1038 750 1112 785 time
1140 751 1289 791 monitus,
1316 760 1424 786 contra
1447 751 1564 796 fecerit,
1591 752 1788 799 superpelli-

1037 799 1086 834 cio
1113 799 1277 846 spolietur.

1086 851 1143 882 41.
1168 848 1257 889 Item,
1284 848 1369 896 quod
1399 849 1506 884 nullus
1539 849 1712 885 canonicus
1740 850 1784 884 vel
1809 861 1863 882 enm
1866 862 1958 883 imme
1948 868 1985 882 „-

1036 896 1170 932 clericus
1190 898 1382 945 quicumque
1410 899 1510 944 ipsius
1531 898 1694 934 Ecclesiae
1714 910 1788 934 con·
1801 892 1983 950 2¹0³³n¹2¹¹2¹0²⁵1¹2211³J

1037 954 1080 980 tra
1116 947 1368 982 concanonicum
1398 948 1444 981 iel
1482 948 1694 983 conelericum
1730 959 1786 995 pro

1036 996 1194 1030 extraneis
1222 1004 1356 1043 praestet
1390 996 1517 1043 publice
1548 996 1715 1032 consilium
1739 997 1785 1031 vel

1038 1044 1193 1079 iuvamen.

1086 1095 1142 1127 ..42
1173 1093 1266 1133 ltem,
1301 1093 1385 1140 quod
1423 1094 1572 1148 magister
1603 1094 1783 1130 scholarum
1811 1106 1985 1133 aig-‚tersum-

1037 1141 1179 1177 eiusdem
1211 1142 1371 1178 Ecclesiae
1392 1143 1587 1197 quicumque
1620 1156 1677 1190 pro
1698 1152 1784 1178 tem·
1797 1136 1985 1195 ffiPflflTgffiussssss‘

1037 1202 1112 1238 pore
1135 1190 1238 1232 fueiit,
1260 1191 1375 1226 amodo
1396 1193 1435 1226 sit
1456 1193 1599 1227 eiusdem
1621 1192 1784 1228 Ecclesiae
1798 1203 1828 1223 ⁸¹
1825 1201 1893 1218 newr
1920 1203 1985 1224 pm-

1037 1240 1220 1294 canouicus,
1236 1248 1265 1274 et
1280 1240 1365 1287 quod
1389 1241 1597 1286 praebendam
1621 1241 1785 1289 percipiat,
1799 1228 1875 1249 ΜΝ

1037 1289 1123 1323 iuxta
1157 1300 1232 1323 suae
1261 1289 1448 1336 receptionis
1475 1289 1618 1325 ordinem
1640 1290 1699 1325 sibi
1727 1290 1787 1325 de-

1038 1337 1147 1392 bitum,
1189 1338 1257 1372 sine
1297 1346 1400 1372 tamen
1437 1350 1546 1373 eorum
1578 1339 1786 1386 praeiudicio

1036 1386 1090 1432 qui
1113 1387 1172 1420 iam
1196 1387 1313 1433 recepti
1335 1395 1500 1433 expectant
1522 1388 1716 1434 praebendas
1739 1400 1786 1422 va-

1037 1444 1159 1470 caturas
1181 1434 1320 1469 ibidem:
1360 1436 1413 1482 qni
1442 1436 1546 1482 legere
1578 1436 1610 1471 in
1641 1436 1787 1472 facultate

1038 1484 1211 1530 theologica
1227 1491 1257 1518 et
1273 1484 1373 1519 facere
1390 1485 1586 1531 personalem
1603 1486 1786 1520 continuam

1038 1533 1251 1577 residentiam,
1270 1545 1392 1568 necnon
1416 1542 1525 1569 tenere
1551 1534 1723 1581 hospitium
1746 1534 1785 1570 ad

1039 1582 1141 1616 minus
1163 1593 1234 1616 cum
1253 1582 1352 1616 tribus
1368 1582 1490 1617 clericis
1509 1583 1609 1629 ipsius
1624 1583 1786 1618 Ecclesiae

1039 1630 1153 1664 ibidem
1178 1638 1331 1670 teneatur;
1354 1631 1392 1666 ita
1419 1631 1505 1678 quod
1532 1631 1670 1675 interim,
1691 1632 1784 1667 etiam

1037 1686 1203 1726 antequam
1240 1679 1449 1726 praebendam
1487 1680 1578 1715 suerit
1609 1689 1785 1725 assecutus,

1037 1728 1273 1762 distributiones
1300 1728 1386 1763 chori
1419 1729 1501 1764 sicut
1533 1741 1615 1763 unus
1647 1741 1684 1764 ex
1717 1729 1786 1765 aliis

1037 1777 1201 1811 canonicis
1233 1776 1356 1817 habeat,
1391 1777 1570 1824 quindecim
1599 1785 1704 1812 tamen
1733 1779 1786 1813 de-

1040 1825 1134 1860 nariis
1168 1825 1384 1872 podiensibus,
1418 1838 1499 1872 quos
1530 1827 1568 1861 de
1601 1826 1787 1862 liberatione

1037 1874 1163 1909 claustri
1202 1874 1241 1908 ab
1275 1875 1403 1922 antiquo
1441 1876 1605 1911 consuevit
1631 1876 1785 1923 accipere,

1037 1923 1238 1970 computatis,
1259 1924 1296 1957 ad
1332 1936 1411 1971 quas
1440 1924 1680 1960 distributiones
1704 1925 1786 1961 sicut

1037 1980 1068 2006 et
1100 1972 1153 2006 alii
1188 1973 1329 2008 canonici
1367 1981 1530 2008 teneantur
1560 1974 1716 2014 conferre,
1752 1983 1785 2009 ut

1037 2022 1185 2068 superius
1215 2031 1262 2057 est
1292 2033 1490 2069 expressum.
1524 2021 1559 2057 Si
1596 2035 1667 2058 vero
1700 2023 1783 2058 idem

1038 2071 1186 2116 magister
1206 2070 1324 2117 absque
1349 2071 1476 2118 praefati
1503 2071 1629 2107 licentia
1655 2073 1782 2118 capituli

1037 2131 1070 2153 se
1094 2119 1268 2154 v·oluntaiie
1295 2120 1479 2161 absentavit,
1512 2120 1632 2155 fructus
1652 2121 1784 2156 schola-

1037 2168 1130 2202 stiiae
1157 2169 1288 2208 amittat,
1306 2169 1454 2224 quamdiu
1471 2148 1588 2204 'absens
1609 2169 1713 2210 suerit,
1729 2170 1782 2218 qui

1038 2225 1112 2251 tunc
1143 2225 1173 2251 et
1206 2218 1299 2252 etiam
1329 2230 1399 2252 cum
1434 2218 1532 2264 ipsam
1565 2218 1782 2254 scholastriam

1039 2277 1146 2300 iaeare
1167 2266 1345 2312 contigerit,
1377 2275 1408 2301 et
1437 2279 1509 2301 cum
1537 2268 1669 2302 caeteris
1691 2267 1784 2302 bonis

1038 2314 1136 2360 ipsius
1190 2315 1363 2349 successori
1403 2315 1536 2350 debeant
1579 2315 1710 2350 fideliter
1754 2326 1783 2351 et

1037 2363 1156 2409 absque
1181 2363 1394 2398 diminutione
1421 2364 1560 2410 qualibet
1594 2365 1781 2399 conservari.

1037 2411 1128 2453 Quod
1151 2411 1175 2446 si
1200 2424 1255 2459 per
1277 2412 1448 2458 capitulum
1469 2412 1608 2458 legitime
1630 2413 1782 2458 monitus,

1036 2461 1152 2495 absens
1166 2472 1229 2495 non
1244 2460 1383 2505 redierit⁷
1406 2473 1461 2508 per
1483 2462 1586 2507 ipsum
1608 2462 1782 2509 capitulum

1036 2517 1217 2544 amoveatur
1238 2509 1366 2544 omuino
1399 2519 1430 2544 et
1454 2509 1506 2544 alii
1534 2510 1647 2545 idoneo
1674 2510 1783 2546 conse·

1038 2566 1133 2599 ratur3
1155 2557 1260 2593 eidem
1282 2567 1387 2593 autem
1409 2558 1611 2594 scholastriae
1629 2559 1668 2594 de
1690 2561 1784 2595 terris

1039 2607 1136 2654 ipsius
1168 2606 1331 2642 Ecclesiae
1366 2607 1403 2641 ad
1436 2607 1635 2643 collationem
1670 2607 1780 2644 decani

1051 255 1083 278 l!
1111 256 1160 278 1¹1>-
