2129 3223
919 276 1106 301 nunmnmu
1127 276 1288 300 ROMANUM
1871 278 1922 304 An.
1939 276 1969 304 c.
1983 276 2051 305 tm

130 286 181 312 An.
198 285 227 311 c.
247 284 314 311 teas
378 272 446 305 5⁶22

144 340 314 375 ⁰⁰¹n³¹⁵¹u¹i⁰¹¹0
329 334 582 384 provincialibus,
605 342 635 369 et
656 344 765 368 eorum
787 332 914 368 vicariis
931 331 1072 367 commit·
1091 334 1094 353 i

130 373 305 398 ’mmmmm‘
328 396 392 421 tere
419 385 449 419 in
472 385 530 419 hac
556 391 653 431 parte,
676 383 716 418 ita
738 390 853 426 tamen,
877 391 910 418 ut
932 382 987 429 ipsi
1005 395 1073 429 pro-

327 434 485 475 vinciales,
510 433 557 468 vel
588 433 682 468 iidem
715 433 818 467 vicarii
856 433 885 467 in
929 432 1070 478 ipsorum

326 483 566 531 provincialium
593 482 744 522 absentia,
767 494 830 517 una
851 494 922 517 cum
953 482 1067 515 ‹lillini-
1090 492 1092 503 ¹

326 534 456 578 torihns,
479 534 508 567 in
533 532 778 581 provincialibus
800 531 945 579 capitulis
961 531 1070 565 fratres
1090 530 1092 580 ξ

323 596 450 618 suarum
471 582 713 631 provinciarum,
735 594 814 629 quos
840 581 1069 616 examinatione
1089 583 1091 627 l

322 633 463 679 indigere
490 633 633 673 credunt,
656 633 854 671 examinent,
882 630 1067 678 approbent:
1333 675 1339 680 ι

322 684 430 730 eisque
453 683 632 718 huiusmodi
655 682 805 721 officim„
828 689 919 729 prout
953 691 1069 714 secun-
1109 674 1281 703 Innocentius
1298 681 1439 711 episcopus
1457 681 1552 704 servus
1569 682 1707 705 servorum
1739 675 1795 709 Dei,
1814 676 1853 705 di-

1466 332 1506 368 X.

1115 400 1312 445 Privileyium
1338 401 1455 435 abbatis
1480 402 1658 435 monasterii
1673 401 1855 445 cistercien„

1161 456 1186 483 et
1206 451 1340 484 aliorum
1373 451 1554 485 coabbatum
1592 451 1709 484 ordinis
1743 451 1856 485 Cister-

1160 500 1278 538 ct'ensis,
1311 502 1486 534 succedendi
1508 501 1542 534 in
1575 502 1658 534 bortis
1691 500 1855 534 monacho-

1159 561 1240 588 rum,
1261 551 1294 583 in
1319 551 1428 595 quibus
1448 552 1508 595 ipsi
1526 551 1738 591 successissent,
1759 552 1787 583 si*
1822 551 1855 583 in

1159 600 1275 633 saeculo
1295 601 1517 634 remansissent.

135 1333 162 1354 De
206 1335 303 1360 ingressu

129 1365 302 1386 monasteriorum

122 1395 241 1416 moni-dium

321 732 397 768 (lum
422 732 522 768 Deum
545 732 680 768 viderint
702 731 860 778 expedire,
884 730 1067 765 concedant.

321 782 354 816 Si
382 784 435 830 qui
461 795 533 818 vero
559 782 729 817 examinari
766 793 828 815 non
863 788 976 827 egent:
1013 791 1068 825 pro

320 844 358 867 eo
384 833 466 880 quod
490 833 520 867 in
543 832 718 878 theologiae
743 830 899 871 facultate,
926 838 956 864 et
984 840 1069 876 prae-

320 881 484 918 dicationis
504 882 607 918 officio
629 889 703 917 sunt
724 880 880 915 instructi:
912 880 937 914 si
960 879 1068 914 aetatis

319 934 494 976 maturitas,
517 941 547 967 et
572 932 643 976 alia,
679 942 759 978 quae
793 929 997 977 requiruntur
1036 928 1089 978 ini

320 981 434 1018 talibus
449 982 636 1017 conveniant
659 993 689 1015 in
712 979 842 1024 eisdem,
872 987 1002 1027 possunt
1028 978 1067 1012 de
1088 998 1089 1005 κ

319 1032 487 1077 generalis,
504 1033 549 1067 vel
571 1043 701 1067 suorum
725 1029 965 1077 provincialium
1008 1028 1068 1062 mi-
1110 1026 1142 1051 ut
1169 1019 1395 1065 possessiones,
1414 1028 1444 1053 et
1465 1020 1521 1054 alia
1544 1019 1624 1053 bona
1659 1018 1786 1054 mobilia
1825 1026 1855 1053 et

319 1082 490 1117 nistrorum
512 1082 646 1121 licentia,
670 1093 726 1115 seu
754 1079 913 1122 mandato,
948 1078 1067 1126 populo

319 1132 511 1178 praedicare.
542 1131 601 1166 Per
627 1130 657 1165 id
688 1138 791 1164 autem
832 1129 915 1176 quod
951 1131 980 1162 in
1007 1140 1068 1162 ea-

318 1182 388 1216 dem
414 1181 519 1229 regula
542 1181 732 1224 continetur,
753 1178 838 1226 quod
866 1178 974 1213 fratres
1001 1189 1063 1212 non

318 1231 535 1277 ingrediantur
548 1230 735 1266 monasteria
747 1229 969 1264 monacharum
982 1239 1068 1274 prae-

319 1288 363 1315 ter
382 1281 463 1325 illos,
496 1281 611 1329 quibus
638 1293 654 1315 a
681 1279 763 1315 Sede
787 1278 966 1325 Apostolica
995 1289 1067 1312 con-

318 1342 402 1365 cessa
438 1331 530 1366 suerit
562 1330 687 1365 licentia
724 1328 895 1376 specialis;
930 1327 1065 1362 dicimus

319 1380 494 1426 ingressum
513 1380 542 1414 in
563 1379 751 1415 monasteria
767 1377 986 1413 tantummodo
1001 1389 1067 1411 mo-

318 1429 446 1465 nialium
470 1429 663 1465 inclusarum
694 1428 813 1464 ordinis
853 1426 960 1462 Sancti
999 1426 1064 1461 Da-

318 1479 412 1514 miani
435 1479 624 1527 prohibitum
649 1479 713 1514 fore
735 1478 821 1524 ipsis:
841 1477 878 1512 ad
912 1489 992 1524 quae
1014 1488 1067 1511 ne-

318 1529 393 1562 mini
417 1529 488 1565 licet
510 1529 641 1575 ingredi,
666 1528 724 1563 nisi
760 1527 789 1562 ei
821 1539 837 1562 a
863 1526 945 1562 Sede
977 1525 1066 1572 Apo-

318 1578 426 1613 stolica
453 1579 584 1614 facultas
607 1590 703 1626 super
724 1577 784 1612 hoc
806 1576 981 1623 specialiter
1009 1575 1066 1609 tri-

317 1627 441 1663 buatur.
464 1628 505 1664 Et
527 1628 655 1664 nomine
676 1627 858 1663 monasterii
882 1627 1065 1669 claustrum,

317 1677 439 1719 domos,
461 1677 601 1713 officinas
627 1678 791 1713 interiores
812 1676 956 1711 volumus
982 1687 1066 1710 com-

317 1727 481 1774 prehendi.
525 1727 573 1763 Ad
620 1727 751 1763 aliarum
798 1738 871 1761 vero
915 1724 1065 1760 coenobia

317 1777 501 1812 monialium
528 1786 672 1825 possunt,
694 1777 775 1812 sicut
794 1784 824 1811 et
842 1775 893 1810 alii
917 1774 1064 1821 religiosi,

317 1826 428 1862 fratres
454 1827 497 1861 illi
524 1827 564 1862 ad
592 1826 848 1874 praedicandum,
870 1825 918 1859 vel
952 1833 1066 1872 peten-

316 1876 391 1911 dum
407 1877 650 1925 eleemosynam,
665 1884 717 1911 aut
740 1887 795 1923 pro
825 1874 893 1909 aliis
924 1874 1065 1909 honestis

317 1934 348 1960 et
375 1926 613 1962 rationabilibus
639 1926 743 1961 causis
770 1924 919 1960 accedere
957 1936 992 1959 ac
1017 1924 1066 1958 in-

1153 720 1234 749 iectis
1253 720 1318 748 filiis
1336 720 1430 749 abbati
1448 720 1583 754 cistercii,
1602 721 1713 758 eiusque
1740 721 1855 749 coabba-

1153 765 1239 798 tibus.
1259 766 1289 794 et
1316 765 1493 794 conventibus
1530 766 1665 795 universis
1698 766 1879 795 (lister-eterne«

1154 811 1266 844 ordinis,
1301 810 1419 840 satutem
1437 812 1468 840 ot
1492 811 1670 847 apostoticam
1692 810 1854 840 benedictio-

1153 863 1221 884 nem.

1157 917 1340 954 Devotionis
1374 927 1493 955 vestrae
1522 919 1668 965 precibus
1705 918 1854 959 inclinati,

1109 969 1292 1003 auctoritate
1307 968 1394 1003 vobis
1413 970 1625 1016 praesentium
1641 968 1854 1014 indulgemus,

1109 1068 1282 1102 immobilia
1296 1069 1445 1116 (exceptis
1464 1068 1663 1113 feudalibus),
1683 1080 1762 1116 qnae
1780 1079 1854 1115 per-

1109 1130 1201 1152 sonas
1224 1117 1375 1157 fratrum,
1408 1118 1445 1153 ad
1474 1119 1660 1154 monasteria
1698 1126 1798 1153 vestra
1836 1129 1854 1152 e

1108 1168 1234 1202 saeculo
1256 1167 1454 1214 fugientium,
1475 1176 1506 1203 et
1548 1168 1774 1216 professionem
1807 1166 1854 1202 fa-

1108 1218 1272 1257 cientinm,
1299 1218 1331 1252 in
1353 1217 1484 1258 eisdem,
1508 1218 1532 1252 si
1556 1218 1782 1253 remansissent
1821 1217 1852 1252 in

1107 1267 1244 1309 saeculo,
1272 1268 1392 1303 ratione
1434 1268 1654 1309 successionis,
1689 1267 1736 1302 vel
1773 1279 1854 1315 quo-

1108 1329 1242 1365 cumque
1264 1318 1324 1352 alio
1345 1317 1426 1353 iusto
1449 1317 1537 1353 titulo
1558 1318 1775 1365 contigissent,
1803 1328 1855 1364 pe-

1108 1375 1172 1402 tere
1193 1379 1229 1401 ac
1251 1368 1385 1402 retinere
1412 1367 1507 1402 libere
1536 1367 1672 1409 valeatis,
1699 1366 1854 1402 contraria

1106 1417 1338 1452 consuetudine
1365 1430 1426 1452 non
1449 1417 1603 1452 obstante.

1155 1466 1240 1501 Nulli
1262 1479 1335 1513 ergo
1361 1475 1414 1502 etc.
1436 1467 1468 1502 Si
1496 1467 1569 1514 quis
1589 1474 1693 1502 autern
1724 1474 1776 1501 etc.

1154 1515 1270 1552 Datum
1305 1517 1451 1563 Lugduni
1493 1517 1660 1552 undecimo
1703 1515 1852 1552 kalendas

1108 1566 1301 1610 novembris,
1315 1565 1514 1613 pontificatus
1526 1566 1621 1601 nostri
1632 1577 1716 1601 anno
1729 1574 1850 1614 quarto.

1126 1627 1185 1658 Dat.
1204 1628 1250 1657 die
1269 1628 1306 1658 22
1328 1628 1456 1658 octobris
1475 1628 1561 1665 1246,
1583 1627 1684 1668 pontif.
1703 1637 1778 1658 anno
1796 1636 1833 1658 Π.

1453 1752 1506 1787 XI.

1085 1826 1087 1832 ‘
1108 1822 1310 1856 canonizatio
1323 1821 1403 1855 beati
1422 1822 1603 1856 Eadmundi
1624 1821 1854 1856 cantuariense

1155 1871 1382 1916 archiepiscopi,
1400 1883 1466 1904 cum
1481 1872 1668 1905 institutione
1679 1871 1854 1915 festivitatis

1153 1932 1211 1965 pro
1237 1922 1285 1954 die
1313 1922 1357 1954 16
1383 1922 1560 1955 novembri-s.

318 1984 410 2018 trare,
432 1976 548 2024 quibus
570 1977 601 2011 id
628 1988 644 2011 a
666 1974 883 2022 superioribus
910 1974 978 2009 suis
1009 1985 1064 2021 pro
1375 1985 1588 2017 SUMMAIUUM

318 2037 374 2061 sua
413 2025 507 2062 fuerit
528 2026 706 2061 maturitate
732 2025 779 2059 vel
802 2024 969 2059 idoneitate
992 2036 1066 2058 con·
1085 2028 1087 2035 ’
1108 2043 1296 2074 Prooemium.
1317 2061 1356 2067 -
1382 2045 1408 2074 1.
1427 2043 1457 2074 Β,
1475 2044 1639 2075 Eadmundl
1661 2044 1793 2074 virtum·
1814 2059 1854 2066 -

318 2088 453 2111 cessum.
1145 2088 1172 2118 3.
1190 2088 1337 2119 Miraculis
1357 2089 1464 2120 clarus.
1486 2106 1525 2112 --
1546 2089 1573 2119 5.
1591 2088 1764 2119 Sanctorum
1785 2087 1852 2119 albo

367 2130 451 2165 Nulli
485 2142 560 2177 ergo
595 2129 725 2165 omnino
761 2128 927 2163 hominum
974 2126 1064 2162 liceat
1146 2134 1333 2164 adscribitur.
1361 2150 1400 2156 —
1421 2134 1448 2164 6.
1471 2133 1541 2164 Eius
1563 2133 1738 2164 celebranda
1766 2132 1850 2163 sesti-

157 2188 272 2210 cnusutae.
319 2185 400 2220 hanc
421 2185 565 2233 paginam
598 2192 721 2219 „osu-ae
759 2181 976 2217 declarationis
1010 2180 1065 2215 jn..
1146 2179 1218 2208 vitas
1237 2179 1283 2209 die
1308 2179 1342 2210 16
1363 2179 1542 2209 novembris.
1564 2195 1602 2201 —
1626 2178 1651 2207 7.
1669 2176 1849 2215 indulgentie

320 2239 466 2286 fringere,
489 2239 536 2274 vel
557 2239 586 2274 ei
613 2250 690 2273 ausu
714 2237 877 2273 temerario
898 2235 1064 2271 contraire.

319 2293 353 2327 Si
377 2293 448 2341 quis
479 2302 584 2328 autem
624 2292 683 2327 hoc
716 2299 866 2327 attentare
901 2301 1087 2337 praesum-,

322 2347 430 2391 pserit,
456 2346 703 2393 indignationem
747 2344 971 2392 omnipotentis
1009 2341 1064 2377 Dei

320 2412 355 2435 ac
382 2401 542 2436 beatorum
560 2401 643 2436 Petri
667 2408 697 2436 et
725 2400 814 2435 Pauli
852 2398 1064 2446 apostolorum

321 2454 390 2489 eius
416 2468 450 2490 se
476 2456 598 2491 noverit
621 2456 831 2490 incursurum.

371 2508 485 2544 Datum
512 2509 659 2557 Lugduni
684 2508 808 2544 decimo
834 2515 943 2542 octavo
965 2505 1067 2540 kalen·

322 2563 378 2598 das
399 2564 587 2606 decembris,
620 2563 821 2611 pontificatus
853 2561 950 2596 nostri
982 2571 1065 2595 anno

324 2625 423 2653 tertio.

323 2677 383 2709 Dat.
402 2680 448 2710 die
471 2681 506 2710 14
525 2680 692 2711 novembris
709 2680 795 2717 1245,
811 2678 912 2719 pontif.
930 2687 1005 2710 anno
1025 2686 1066 2709 111.

1147 2223 1210 2253 eius
1230 2223 1418 2262 sepulchrum
1440 2223 1636 2254 visitantibus.

1106 2289 1273 2319 innocentius
1287 2291 1429 2327 episcopus
1447 2297 1542 2320 servus
1553 2295 1692 2319 servorum
1706 2288 1761 2323 Dei.
1772 2296 1850 2319 vene·

1150 2336 1282 2364 rabilibus
1301 2335 1449 2370 fratribus,
1468 2335 1675 2371 archiepiscopis
1702 2335 1731 2363 et
1748 2335 1849 2370 episco-

1150 2381 1202 2416 piS.
1224 2382 1253 2410 et
1271 2381 1382 2410 dilectis
1413 2381 1477 2411 filiis
1513 2380 1667 2413 abbatibus.
1702 2379 1850 2415 prioribus.

1149 2426 1268 2460 decanis.
1288 2426 1494 2460 archidiaconis,
1504 2425 1680 2462 praepositis.
1699 2424 1848 2460 archipres-

1149 2471 1269 2506 byteris,
1295 2473 1326 2500 ot
1349 2472 1415 2501 aliis
1452 2471 1628 2500 Ecclesiarum
1652 2469 1796 2506 praelatis,
1817 2470 1851 2498 ad

1151 2522 1217 2552 quos
1235 2517 1350 2546 littei-ao
1385 2517 1458 2546 istae
1475 2515 1660 2553 pervenerint,
1685 2515 1803 2543 sulutem
1820 2515 1851 2543 ot

1150 2562 1330 2597 apostolicam
1345 2562 1567 2591 benedictionem.

1155 2616 1277 2652 Novum
1297 2617 1402 2652 matris
1422 2615 1581 2651 Ecclesiae
1595 2613 1756 2661 gaudium,
1778 2614 1849 2650 novi

1107 2665 1213 2701 Sancti
1240 2666 1440 2707 celebritate,
1475 2664 1610 2700 iucunde
1644 2664 1716 2700 laeti
1738 2663 1849 2700 referi-

1889 2622 2021 2647 homun-
