2129 3223
40 260 89 288 Αη.
107 259 136 286 C.
152 259 219 286 19³³

236 313 308 348 dam
343 314 434 348 etiam
478 313 675 360 privilegium
712 323 786 349 tunc
821 314 980 359 obtinuit,

236 362 321 408 quod
349 363 378 396 in
406 361 494 396 nullo
514 361 586 404 alio,
608 374 701 409 quam
730 364 759 397 in
794 363 882 398 titulo
917 341 980 398 erai

236 422 252 444 a
277 411 370 457 priori
392 409 539 445 divisum.

285 459 305 506 g
330 461 382 492 12
406 458 488 494 Cum
511 468 614 494 autem
638 459 714 493 ordo
742 469 842 494 vester
869 462 898 494 in
940 460 982 494 di-

46 512 112 565 'hug
105 513 223 534 mndeu-
238 519 342 542 versas
375 516 478 554 partes
516 507 648 551 divisus,
681 509 761 543 inter
794 509 981 556 multiplices

39 544 88 596 32¹2?
97 545 223 601 iffiissfig.
236 557 452 592 contentiones
472 564 503 591 et
523 556 694 592 discordias
721 558 750 590 iii
778 558 845 603 ipso
861 566 982 592 exortas

39 605 222 657 gssafflfflgufflffj
237 603 299 640 l'ere
330 617 384 652 per
425 606 592 640 triennium
631 606 817 644 [luctuartmt
856 606 980 641 tandem

40 665 214 691 nuncii-eiegos.
237 653 369 688 fratres'
363 654 463 709 ipsius
489 654 608 689 ordinis
630 655 793 701 cupientes
831 656 980 690 unitatem

235 710 266 737 et
289 714 397 750 pacem
437 703 467 737 in
506 702 617 737 eodeni
656 703 765 737 ordine
799 703 982 747 reformari,

235 759 391 798 quatenus
412 763 450 786 ex
477 763 510 785 se
533 752 608 796 ipsis
631 752 885 798 procuratoribus
911 765 984 787 con-

234 800 363 839 stitutis,
383 799 452 835 illos
473 799 510 833 ad
533 799 661 834 Curiam
682 799 869 844 Romanam,
892 810 921 835 et
943 801 980 836 ad

234 860 292 882 nos
327 848 508 895 specialiter
541 856 699 895 tamquam
740 850 776 883 ad
815 858 980 896 patronum

233 898 279 932 sui
307 897 428 932 ordinis
449 898 702 932 transmiserunt.
725 897 787 931 Sed
810 899 881 943 quia
907 906 982 932 tunc

233 957 288 980 eos
323 957 378 993 per
415 957 472 980 nos
504 945 670 980 commode
713 957 773 980 non
802 954 982 992 poteramus

232 994 351 1034 audire,
380 994 586 1040 prudentibus
608 995 682 1028 viris
709 994 816 1029 Electo
832 994 981 1030 Paduano

233 1050 265 1077 et
286 1042 370 1078 fratri
398 1043 521 1078 Simoni
545 1042 770 1077 Mediolanensi
799 1043 905 1077 lectori
942 1044 980 1078 de

233 1091 345 1126 ordine
372 1091 530 1126 Minorum
554 1091 758 1137 cappellanis,
775 1100 803 1126 et
820 1093 913 1126 sociis
930 1104 982 1126 no-

232 1149 306 1175 stris
345 1151 572 1183 commisimus,
600 1148 631 1173 ut
666 1148 882 1186 procuratores
905 1153 981 1175 eos—

233 1189 304 1224 dem
332 1201 429 1236 super
457 1189 506 1227 iis,
537 1201 616 1235 quae
646 1188 759 1223 vellent
795 1202 980 1236 proponere,

233 1238 401 1284 diligenter
431 1237 587 1281 audirent,
619 1246 648 1271 et
683 1245 773 1283 proiit
808 1238 982 1272 studiosius

234 1294 361 1333 possent
382 1285 525 1321 ordinem
550 1286 652 1332 ipsum
681 1286 718 1320 ad
755 1294 870 1321 statum
913 1287 982 1320 iini-

233 1336 304 1370 tatis
336 1343 367 1369 et
389 1335 474 1382 pacis
496 1334 693 1369 intenderent
717 1347 870 1370 revocare.
901 1335 980 1369 Dicii

235 1395 306 1419 vero
331 1383 461 1418 Electus
493 1392 523 1417 et
562 1382 656 1418 frater
685 1383 795 1418 Simon
832 1392 912 1418 statu
951 1392 980 1418 et

232 1432 465 1467 conditionibus
486 1431 605 1466 ordinis
629 1443 683 1478 per
705 1432 880 1478 praedictos
907 1444 981 1478 pro-

232 1489 391 1516 curatores
413 1481 537 1527 plenius
564 1480 739 1524 intellectis,
765 1481 917 1527 quaedam
950 1481 979 1515 in

232 1529 342 1565 ordine
364 1530 445 1576 ipso,
468 1541 524 1576 pro
544 1528 627 1564 boiio
654 1538 734 1564 statu
763 1529 903 1564 eiusdem
931 1542 982 1564 su-

233 1590 288 1625 per
308 1579 401 1613 certis
423 1578 561 1613 articulis
589 1578 628 1612 de
664 1590 795 1613 assensu
832 1590 979 1624 procura-

233 1635 335 1662 torum
358 1627 499 1674 ipsorum
516 1627 802 1673 pronunciaverunt
815 1628 978 1669 servanda,

232 1684 263 1710 et
286 1676 410 1711 tandem
434 1684 652 1723 procuratores
686 1677 772 1723 ipsos
806 1676 978 1710 concordes

232 1725 270 1760 ad
299 1725 422 1772 propria
450 1724 649 1759 remiserunt.

281 1774 301 1820 S
323 1777 379 1808 15.
411 1773 536 1814 Quibus
580 1774 619 1806 ita
653 1773 817 1811 remissis
853 1772 978 1819 praefati

39 1822 158 1874 „3⁰⁰⁰m'0
181 1823 221 1844 ¹¹³*
233 1821 304 1868 Ugo
326 1830 356 1856 et
372 1821 507 1862 Marciis,
521 1821 573 1868 qui
591 1833 646 1867 pro
664 1821 862 1874 generalibus
876 1833 981 1866 pi··ioii-

54 1854 82 1875 ito
98 1858 137 1880 geu
161 1860 199 1881 περ
202 1855 222 1875 i-

39 1883 99 1936 ιιῗιοι,
131 1887 193 1912 uterq
195 1890 221 1906 ue
234 1870 295 1906 bus
307 1882 341 1905 se
363 1869 525 1916 gerebant
538 1877 569 1904 et
583 1870 631 1903 alii
650 1870 767 1909 fratres,
781 1882 833 1916 qui
852 1870 980 1903 obedie-

39 1919 85 1935 eeF
97 1919 122 1936 u.

40 1944 103 1965 md„
153 1891 222 1948 Pffiq⁶¹⁰
235 1919 308 1954 bant
333 1919 464 1959 eisdem,
486 1918 526 1953 de
547 1919 706 1952 communi
731 1918 887 1951 voluntate
909 1930 980 1952 om—

237 1969 337 2011 nium,
358 1967 504 2014 generale
537 1966 708 2013 capitulum
745 1967 827 2012 apud
867 1966 980 2000 Bono-

236 2017 318 2052 niam
340 2016 550 2059 celebrarunt,
573 2016 603 2049 in
626 2027 689 2061 quo
716 2015 860 2050 videlicet
888 2015 982 2061 capi-

235 2065 312 2106 tulo,
351 2064 559 2104 ordinatione,
601 2076 680 2110 quae
715 2075 770 2110 pei·
805 2064 979 2109 praedictos

236 2114 378 2148 Electum
407 2113 591 2147 Paduanum
614 2121 643 2146 et
664 2111 789 2147 fratrem
818 2113 979 2147 Simonem

236 2162 345 2198 tradita
362 2162 462 2196 suerat
483 2169 513 2195 et
550 2161 651 2200 lecta,
690 2169 720 2195 et
759 2161 981 2196 diffinitoribus

233 2211 362 2258 capituli
384 2210 540 2257 generalis
569 2210 689 2248 electis,
728 2210 906 2255 praedictus
944 2209 980 2243 F.

234 2259 361 2296 Marcus
389 2259 563 2306 properavit
588 2258 773 2302 Caesenam,
795 2266 825 2293 et
847 2260 876 2292 iii
913 2271 981 2292 ma—

236 2309 330 2344 nibus
355 2309 493 2355 episcopi
513 2306 696 2341 Caesenatis
717 2308 809 2342 cessit
832 2307 981 2354 prioratui

236 2358 295 2393 loci
322 2357 476 2397 eiusdem,
500 2357 529 2390 in
553 2368 615 2403 quo
639 2367 693 2402 per
716 2355 817 2402 ipsum
857 2356 982 2403 episco-

238 2419 312 2453 pum
338 2405 439 2441 fuerat
465 2405 676 2459 contii-inatus,
699 2412 729 2438 et
757 2416 814 2451 per
836 2404 981 2440 eumdem

237 2468 252 2489 a
279 2467 352 2490 cura
375 2456 532 2502 prioratus
554 2454 650 2500 ipsius
672 2453 773 2487 extitit
808 2453 981 2488 absolutus.

236 2503 345 2539 Frater
366 2516 438 2539 vero
461 2502 541 2549 Ugo,
564 2503 618 2548 qui
651 2514 707 2548 per
740 2501 854 2536 Sedem
890 2503 983 2549 Apo-

238 2552 377 2587 stolicani
405 2552 610 2587 confirmatus
640 2551 740 2585 fuerat
775 2550 806 2584 in
839 2551 984 2586 manibus

238 2601 377 2646 magistri
407 2601 560 2635 Bernardi
598 2600 738 2635 canonici
773 2599 984 2634 Bononiensis

315 2657 389 2687 Bait.
410 2657 484 2687 Rom.
513 2657 565 2685 l'aii'.
585 2656 634 2687 ΙΙΙ.
802 2656 838 2685 72

840 260 1030 283 ΙΝΝΟΕΕΧΤΙ(
1034 262 1047 283 S
1070 262 1094 282 it
1125 261 1172 282 r’t‘.

1655 253 1724 284 569

1019 314 1138 348 domini
1168 314 1270 362 Papae
1294 315 1480 370 cappellani,
1509 316 1558 350 cui
1586 316 1774 350 auctoritate

1019 363 1189 418 apostolica
1209 365 1412 399 commissum
1441 365 1600 403 ‹nitet-at,
1623 365 1708 412 quod
1733 377 1775 399 i--e

1020 413 1138 459 ciperet
1171 414 1344 447 cessionem
1380 413 1536 451 eiusdem
1574 413 1774 448 administra-

1022 461 1097 495 tioni
1114 470 1143 495 et
1165 461 1266 495 officio
1294 462 1400 496 cessit.

1071 509 1090 557 S
1120 512 1175 544 14.
1206 510 1413 545 Cessionibus
1449 511 1553 557 itaque
1591 511 1772 546 huiusmodi

1022 559 1124 593 taliter
1141 559 1307 605 expeditis,
1336 560 1455 605 priores
1477 559 1515 593 de
1542 560 1610 605 ipso
1636 560 1774 607 capitulo

1022 608 1210 642 secedentes
1229 608 1256 641 iii
1286 616 1383 655 parte,
1421 617 1512 655 proiit
1544 609 1705 654 spectabat
1735 610 1771 643 ad

1023 668 1078 691 eos
1098 684 1105 696 ,
1136 656 1174 691 ad
1209 656 1403 691 tractandum
1431 657 1469 690 (le
1491 657 1644 691 electione
1680 657 1772 692 futuri

1023 705 1178 751 generalis
1203 705 1327 752 prioris,
1351 706 1380 739 in
1421 714 1553 751 quatuor
1589 705 1698 740 fratres
1735 707 1774 741 de

1024 754 1092 808 ipso
1126 754 1283 801 capitulo,
1317 755 1370 800 qui
1408 753 1559 788 debeient
1593 755 1772 798 generalem

1024 803 1158 848 piiorem
1182 802 1309 848 eligere,
1332 812 1571 837 consenseiQunt
1596 803 1640 836 llli
1669 812 1771 838 autem

1022 851 1161 897 Spiritus
1186 850 1293 886 Sancti
1328 852 1422 896 gratia
1453 851 1609 895 invocata,
1648 851 1772 886 fratrem

1023 865 1256 934 Liinl'rancliiim
1284 899 1562 942 Mediolanensem,
1587 879 1659 934 tiinc
1688 901 1774 946 prio-

1024 960 1087 982 rem
1111 948 1226 982 domus
1248 956 1367 982 vestrae
1387 948 1608 988 Bononiensis,
1632 949 1661 982 iu
1687 949 1773 995 prio-

1023 1009 1088 1031 rem
1115 997 1294 1042 generalem
1317 996 1439 1031 ordinis
1461 998 1552 1031 vestri
1577 998 1770 1031 unanimiter

1022 1054 1051 1079 et
1075 1045 1271 1080 concorditer
1304 1045 1477 1090 elegerunt
1519 1045 1640 1079 Electio
1680 1047 1772 1080 cuius

1022 1093 1188 1149 approbata
1233 1106 1287 1140 per
1333 1105 1533 1128 communem
1580 1106 1770 1129 consensum

1022 1143 1162 1176 omnium
1186 1142 1225 1176 de
1254 1143 1321 1189 ipso
1342 1142 1490 1188 capitulo
1507 1142 1570 1176 «fuit
1593 1143 1629 1176 ad
1653 1142 1770 1177 Seilem

1022 1191 1236 1236 Apostolicain
1262 1204 1315 1238 per
1338 1201 1557 1245 procuratoris
1586 1192 1685 1237 ipsius
1725 1204 1773 1226 ca-

1023 1240 1112 1286 pituli
1129 1240 1342 1274 confirmanda
1357 1239 1469 1274 delata:
1486 1241 1574 1273 euius
1597 1241 1772 1280 electionis,

1021 1297 1052 1322 et
1084 1300 1206 1327 eorum,
1241 1300 1321 1334 quae
1355 1288 1501 1334 superius
1538 1296 1609 1322 sunt
1633 1298 1771 1329 narrata,

1023 1349 1217 1384 processum,
1241 1337 1331 1371 nobis
1360 1336 1509 1370 dominus
1542 1337 1622 1382 l'apa
1655 1338 1773 1372 exami-

1023 1385 1175 1425 nandum,
1197 1394 1226 1419 et
1249 1386 1373 1432 plenius
1409 1385 1648 1430 intelligendum
1682 1398 1773 1420 com-

1023 1434 1117 1468 misit.
1145 1433 1238 1468 Unde
1261 1446 1328 1477 nos,
1352 1434 1530 1479 praemissis
1553 1434 1699 1468 omnibus
1723 1435 1773 1468 iu-

1022 1482 1164 1523 tellectiS,
1186 1494 1220 1517 ea
1245 1483 1274 1516 iii
1298 1482 1394 1528 ipsius
1433 1482 1549 1516 domini
1593 1482 1698 1529 Papae
1740 1492 1771 1517 et

1022 1531 1150 1566 fratrum
1173 1543 1301 1565 suorum
1327 1532 1500 1577 praesentia
1525 1531 1658 1565 lideliter
1685 1540 1773 1566 retu—

1022 1581 1126 1623 limus,
1149 1589 1179 1614 et
1202 1581 1399 1614 recitavimus
1420 1579 1598 1624 diligenter.

1070 1629 1090 1676 g
1120 1633 1174 1664 15.
1197 1628 1262 1663 Nos
1284 1629 1386 1674 itaque
1411 1628 1448 1661 de
1461 1628 1587 1674 speciali
1612 1628 1770 1669 mandato,

1022 1686 1049 1711 et
1080 1679 1260 1712 auctoritate
1291 1678 1431 1711 eiusdem
1470 1677 1613 1716 domini,
1648 1677 1772 1712 electio-

1023 1739 1093 1760 nem
1123 1726 1268 1772 praedicti
1292 1726 1317 1759 fr
1321 1726 1394 1759 mitiis
1420 1724 1635 1764 Lanfranclii,
1671 1737 1768 1772 quam

1023 1776 1198 1809 invenimus
1215 1774 1400 1808 celebrat-im
1424 1774 1585 1818 canonice,
1608 1786 1643 1808 ac
1665 1775 1768 1828 ipsum

1023 1824 1147 1858 fiatiem
1170 1822 1265 1857 Laiil'i
1268 1823 1401 1856 inclium
1431 1823 1460 1856 in
1480 1822 1658 1868 geneialem
1691 1824 1771 1868 prio-

1023 1884 1087 1906 rem
1118 1873 1208 1905 vestri
1225 1871 1345 1906 ordinis
1375 1872 1610 1905 contii-inanius.
1648 1871 1769 1905 Eadem

1022 1921 1204 1955 auctoritate
1246 1920 1451 1954 nihilominus
1493 1928 1689 1958 statuentes,
1736 1928 1771 1954 ut

1023 1969 1104 2003 idem
1129 1969 1223 2016 prior,
1245 1977 1274 2002 et
1296 1968 1426 2015 quilibet
1450 1969 1518 2002 eius
1545 1980 1711 2002 successor
1739 1969 1769 2002 in

1024 2026 1221 2065 perpetuum,
1244 2018 1297 2064 qui
1328 2017 1455 2063 quidem
1492 2029 1564 2051 cum
1603 2017 1769 2062 eligendus

1023 2067 1114 2101 suerit
1144 2068 1320 2101 secundum
1365 2066 1540 2099 sanctiones
1576 2066 1768 2104 canonicas,

1022 2125 1050 2150 et
1091 2124 1205 2150 statuta
1244 2115 1335 2148 vestri
1376 2114 1497 2148 ordinis
1543 2114 1697 2159 eligatur,
1740 2121 1769 2147 et

1022 2165 1186 2199 electionis
1213 2175 1287 2198 suae
1310 2163 1582 2197 confirmationem
1615 2162 1654 2196 ab
1685 2163 1770 2208 Apo-

1022 2213 1128 2247 stolica
1151 2212 1245 2255 Sede,
1268 2224 1321 2245 seu
1348 2224 1363 2245 a
1400 2211 1500 2257 legato
1536 2210 1634 2256 ipsius
1668 2210 1769 2243 duin-

1023 2270 1104 2296 taxat
1146 2262 1294 2314 recipiat,
1337 2260 1491 2305 generalis
1526 2260 1610 2312 prior
1650 2258 1770 2292 ordinis

1022 2309 1244 2348 EremitaiQum
1271 2310 1339 2342 sinc
1361 2309 1494 2342 alieuius
1520 2308 1594 2341 certi
1618 2307 1688 2345 loci,
1722 2307 1768 2341 vel

1024 2359 1141 2405 pioprii
1167 2357 1303 2391 nominis
1325 2357 1538 2403 expressione,
1576 2355 1615 2390 de
1645 2363 1769 2389 caeteio

1024 2408 1151 2442 deberet
1178 2405 1338 2453 appellari,
1367 2414 1396 2440 et
1424 2417 1451 2439 ei
1482 2413 1637 2459 tamquam
1674 2404 1767 2450 priori

1023 2455 1159 2511 generali
1187 2467 1296 2489 coium
1324 2466 1434 2488 omnes
1458 2454 1576 2500 priores
1603 2461 1633 2487 et
1660 2453 1768 2488 fiatres

1024 2508 1123 2552 ipSius
1149 2504 1277 2544 ordinis,
1300 2503 1456 2549 qiiietiam
1480 2502 1682 2536 nominentur
1699 2503 1768 2536 sim-

1025 2554 1147 2601 pliciter
1182 2552 1288 2587 fiatres
1315 2552 1433 2586 ordinis
1468 2551 1702 2591 Eremitarum,
1737 2552 1767 2585 in

1024 2602 1172 2637 omnibus
1198 2600 1360 2635 humiliter
1381 2599 1526 2634 obediant
1546 2608 1574 2634 et
1595 2600 1767 2635 intendant

1790 264 1828 289 An
1859 262 1884 288 CA
1908 264 1971 289 ¹235

1803 527 1886 548 Eleu-ius
1902 530 1971 555 itique

1788 557 1841 578 alitis
1857 559 1913 584 prior
1934 564 1957 584 gc

1787 588 1875 608 nei-iilis.

1799 1642 1901 1663 Statutvim
1949 1646 1969 1662 tat

1785 1675 1842 1708 prim·
1863 1673 1969 1699 generalis

1785 1705 1805 1724 in
1817 1707 1922 1731 posterum
1933 1711 1971 1724 iii»-

1786 1740 1810 1754 mi
1814 1735 1969 1755 ticini-sinend-

1785 1765 1821 1786 diii
1825 1769 1864 1784 one
1891 1764 1959 1790 aliqua
