2129 3223
3 243 13 262 ,Ι
53 229 101 258 Au.
123 229 150 256 c.
168 229 234 258 tat'l

0 279 15 318 ἶ

12 322 19 332 t

65 1077 226 1102 marcumu-

44 1108 228 1137 &indulgentias

0 1168 3 1174 .
42 1140 152 1168 elargitur.

6 2069 22 2094 ²,
55 2069 129 2093 neem
155 2075 223 2098 gene-

7 2112 31 2132 r,
41 2102 106 2125 ntem
121 2107 158 2130 per
170 2108 223 2130 qua-

7 2131 11 2140 ¹
43 2133 160 2155 arteriarum
188 2134 223 2155 in-

8 2168 18 2184 <
30 2163 100 2186 vdieit-

859 236 1024 259 nowontns
1046 237 1081 258 ΙΙΙ
1105 236 1154 259 ΡΡ.

249 288 421 337 Properate
447 288 541 336 igitur
578 302 707 326 necesse
740 299 786 325 est
820 291 857 325 ad
894 299 996 326 tantae

249 339 405 374 felicitatis
426 339 583 380 bravium,
610 348 639 374 et
662 339 748 375 tollat
771 340 873 375 fidelis
899 341 996 387 quiti-

246 387 298 423 bet
315 400 441 424 crucem
476 401 577 428 suam,
605 400 632 424 ei
662 398 812 436 sequatur
848 390 994 425 vexillum

244 437 360 483 gloriae
381 439 497 473 summi
513 438 620 485 Regis,
650 451 706 473 nec
729 448 857 475 excuset
879 452 913 474 se
931 439 995 474 ali-

244 486 353 533 quisve
375 487 502 522 servitio
524 487 594 523 Iesu
618 488 749 523 Christi.
784 490 836 536 qni
859 489 922 525 vult
945 502 996 524 re-

243 547 350 581 gnare,
371 549 443 572 cum
472 537 539 582 ipso
561 538 636 584 quin
661 538 766 582 potius
793 538 926 584 abneget
945 551 995 574 se-

243 585 427 633 metipsum,
463 595 493 621 et
516 595 615 622 exeat
635 587 674 621 cle
709 595 787 621 terra
822 596 851 622 et
875 599 996 634 cogna-

243 635 329 670 tione
342 647 410 675 sua,
427 635 458 670 in
475 648 569 671 manu
587 636 671 670 illius
693 635 854 671 dimittens
877 637 993 677 omnia,

242 683 295 730 qui
309 684 441 720 contulit
456 685 613 720 universa.
636 685 818 723 Caeterum,
834 698 892 721 nos
910 687 992 721 iuxta

241 741 391 769 statutum
414 734 494 769 sacri
517 735 640 770 concilii
660 735 829 781 generalis,
845 747 994 781 personas

241 790 272 818 et
292 783 372 818 bona
395 795 503 819 eorum
526 784 578 831 qui
594 783 709 819 Crucis
721 793 795 820 sunt
815 784 993 820 charactere

242 832 383 878 insigniti
411 833 599 880 recipientes
617 834 677 868 snb
691 835 882 879 protectione
901 834 994 869 Sedis

241 881 444 929 Apostolicae
456 883 596 929 speciali,
625 883 795 920 omnibus,
823 884 876 930 qni
906 883 992 919 labo—

241 943 307 967 rem
330 932 424 967 istum
448 932 479 967 in
505 933 641 980 propriis
664 934 806 979 personis
837 933 993 968 subierint

241 988 272 1016 et
292 981 452 1027 expensis,
474 981 600 1029 plenam
616 994 743 1017 suorum
772 982 990 1029 peccaminum

241 1029 281 1065 de
301 1030 417 1077 quibus
441 1031 555 1066 fuerint
575 1032 727 1066 veraciter
749 1031 843 1066 corde
865 1033 990 1066 contriti

242 1089 273 1114 et
297 1092 352 1115 ore
373 1079 508 1115 confessi
537 1081 660 1115 veniam
683 1081 895 1125 indulgemus,
917 1090 944 1115 et
963 1083 990 1116 in

243 1129 447 1164 retributione
500 1130 652 1164 iustorum
699 1131 805 1164 salutis
849 1139 991 1165 aeternae

241 1178 427 1223 pollicemur
449 1188 697 1221 augumentum;
725 1181 770 1214 eis
791 1188 915 1223 autem,
937 1180 990 1226 qui

240 1235 302 1263 non
325 1228 356 1262 in
380 1228 516 1274 propriis
539 1229 682 1274 personis
698 1229 771 1263 illuc
790 1229 989 1264 accesserint.

240 1277 293 1311 sed
323 1277 353 1312 in
375 1278 443 1312 suis
465 1277 626 1312 dumtaxat
652 1279 801 1324 expensis
834 1279 916 1313 iuxta
945 1278 990 1313 fa-

239 1326 386 1362 cultatem
422 1335 451 1360 et
477 1327 656 1374 qualitatem
685 1339 774 1362 suam
803 1328 887 1362 viros
920 1327 991 1362 ido-

240 1387 316 1410 neos
342 1375 548 1419 destinarint,
581 1384 612 1410 et
647 1376 708 1411 illis
744 1376 908 1417 similiter,
936 1377 988 1423 qui

239 1423 309 1459 licet
332 1425 363 1459 in
391 1425 503 1459 alienis
525 1425 672 1472 expensis
692 1425 722 1460 in
752 1426 897 1471 personis
915 1438 989 1471 pro-

239 1473 316 1521 priis
347 1482 452 1509 tamen
475 1475 678 1513 accesserint,
713 1474 835 1520 plenam
859 1487 987 1510 suorum

238 1522 443 1558 concedimus
484 1524 606 1558 veniam
645 1531 867 1570 peccatorum;
895 1524 989 1559 huius

236 1584 363 1619 quoque
397 1572 594 1608 remissionis
630 1573 776 1608 volumus
808 1582 837 1608 et
873 1585 988 1609 conce-

237 1621 342 1657 dimus
373 1634 443 1657 esse
469 1622 637 1668 participes
664 1623 749 1657 iuxta
782 1623 987 1670 quantitatem

236 1671 370 1706 subsidii
402 1679 432 1706 et
463 1671 641 1707 devotionis
673 1671 820 1707 affectum
858 1684 987 1713 omnes,

237 1720 290 1766 qui
323 1720 362 1755 ad
383 1720 637 1756 subventionem
671 1721 768 1767 ipsius
801 1721 915 1756 Terrae
949 1721 988 1757 de

237 1769 330 1804 bonis
344 1770 411 1805 suis
425 1782 564 1815 congrue
579 1770 813 1813 ministrabunt,
835 1780 888 1805 aut
906 1771 986 1806 circa

238 1818 396 1865 praedicta
423 1819 590 1854 consilium
634 1827 663 1853 et
686 1819 836 1854 auxilium
860 1820 987 1866 impen-

237 1867 342 1911 derint
363 1875 589 1915 opportunum.
618 1867 655 1902 Et
678 1881 750 1902 cum
779 1881 986 1915 pernecessa-

237 1917 320 1952 rium
347 1917 506 1952 credimus
530 1917 657 1962 negotio
690 1918 805 1953 Terrae
834 1917 986 1959 Sanctae,

238 1975 281 2002 ut⁴
292 1966 454 2013 principes
474 1974 505 2000 et
526 1966 666 2012 populus
687 1967 878 2002 christianus
901 1969 986 2014 pacis

237 2015 395 2061 gaudeant
427 2015 547 2050 unitate
583 2015 684 2054 aden,
719 2016 804 2063 qnod
834 2025 984 2052 statutum

237 2071 284 2100 est
306 2073 413 2100 sancta
433 2072 461 2098 et
485 2064 654 2099 universali
680 2065 801 2112 synodo
829 2066 984 2106 suadenti,

237 2113 401 2148 ut‘saltem
425 2125 480 2161 per
500 2112 742 2161 quadriennium
769 2115 799 2149 in
823 2123 888 2150 toto
910 2115 984 2151 orbe

237 2162 409 2198 christiano
435 2175 495 2209 pax
518 2163 706 2209 generaliter
727 2163 920 2203 observetur,
944 2166 983 2199 ita

237 2211 322 2257 quod
350 2225 407 2260 per
440 2211 655 2246 Ecclesiarum
688 2213 842 2258 praelatos
863 2213 1007 2260 discor—3

237 2261 349 2309 dantes
369 2261 560 2296 reducantur
587 2260 625 2295 ad
650 2261 772 2304 plenam
796 2275 903 2309 pacem
930 2262 1007 2298 ⁴aut'

238 2311 359 2346 tii-mm
385 2319 529 2356 treguam
562 2309 782 2345 inviolabiliter
815 2311 985 2347 observan-

232 2355 322 2399 dam,
355 2367 385 2394 et
418 2359 472 2406 qui
505 2358 704 2406 acquiescere
737 2359 816 2395 sorte
842 2371 985 2396 contem-

1667 230 1737 263 515

1039 304 1117 335 puro
1152 292 1245 326 cordc
1283 301 1341 326 tam
1373 307 1427 340 pro
1457 294 1674 330 exhortatione
1702 295 1785 330 verbi

1036 339 1166 375 Crucis.
1195 354 1287 386 quiam
1317 355 1370 387 pro
1404 345 1486 390 pacis
1520 357 1574 378 sen
1603 353 1784 390 treguarum

1038 390 1163 424 sor-dere
1182 392 1400 437 propagando.
1429 401 1457 427 et
1483 406 1538 439 pro
1553 393 1622 428 aliis
1643 406 1724 441 quae
1748 394 1786 428 li-

1038 452 1118 474 mam
1142 441 1345 474 correctionis
1367 452 1555 488 exposcunt,
1572 444 1726 478 mittimus
1746 443 1784 478 ad

1037 501 1090 523 vos
1115 489 1322 523 venerabilem
1347 491 1470 525 fratrem
1500 502 1640 527 nostrum
1667 491 1785 539 Ugoti-

1036 550 1110 572 num
1139 537 1262 573 Osticn.
1286 539 1467 586 episcopum
1492 542 1592 576 virum
1617 543 1725 587 utique
1742 554 1785 576 se-

1035 587 1177 622 cundum
1199 600 1253 623 cor
1283 598 1421 623 nostrum
1460 590 1525 624 Deo
1546 599 1580 625 et
1602 591 1785 626 hominibus

1035 645 1211 683 acceptum,
1233 645 1390 682 potentem
1416 640 1444 672 in
1468 652 1560 680 opere
1579 648 1607 674 et
1628 653 1784 684 sermone,

1036 686 1240 732 praecipuum
1282 686 1439 721 Ereti->iao
1482 688 1536 722 [tt-i
1584 690 1784 732 membrum,

1034 747 1127 782 quem
1154 736 1232 770 inter
1267 737 1342 770 alios
1378 738 1485 772 fratres
1509 747 1631 772 nostros
1658 738 1783 784 speciali

1035 785 1247 831 praerogativa
1259 785 1597 829 diligimusrlrar'ttatis,
1614 789 1783 823 commisso

1034 833 1061 868 ei
1101 833 1191 880 plene
1218 834 1385 878 legationis
1420 836 1533 872 cilicio.
1563 846 1595 871 ut
1622 837 1731 872 evellat
1753 846 1783 872 et

1033 882 1185 926 destruat,
1208 884 1351 919 aedificet
1379 895 1408 920 et
1432 886 1568 932 plantet,
1603 895 1632 921 et
1669 887 1783 922 inserat

1033 944 1113 977 quae
1137 934 1168 967 in
1197 946 1272 980 agro
1301 933 1426 969 Domini
1462 934 1573 969 viderit
1605 936 1781 971 inserenda.

1033 981 1275 1017 Universitatcm
1319 984 1421 1030 itaque
1456 993 1587 1020 vestram
1616 997 1782 1020 monemus

1033 1039 1061 1065 et
1101 1032 1305 1067 exhortamur
1351 1042 1468 1067 attente
1516 1046 1570 1079 per
1613 1035 1780 1081 apostolica

1033 1080 1146 1127 scripta
1171 1082 1393 1128 praecipiendo
1412 1083 1608 1122 mandantes,
1628 1093 1782 1130 quatenus

1033 1130 1261 1176 ipsum,immo
1285 1144 1341 1166 nos
1370 1133 1399 1166 in
1424 1132 1492 1178 ipso
1521 1132 1782 1179 recipientesstii-

1032 1179 1136 1214 lariter
1174 1189 1203 1214 et
1239 1180 1374 1226 benigne
1414 1182 1561 1221 monitis,
1596 1183 1721 1217 statutis
1753 1192 1780 1216 et

1032 1229 1187 1263 mandatis
1208 1230 1310 1274 ipsius
1328 1230 1488 1265 humiliter
1511 1231 1690 1266 intendatis.
1719 1231 1782 1266 Nos

1032 1279 1114 1312 enim
1138 1280 1322 1314 sententiam
1347 1292 1438 1326 quam
1464 1281 1492 1314 in
1515 1290 1717 1315 contumaces
1753 1290 1778 1314 et

1032 1326 1165 1362 rebelles
1204 1328 1327 1362 duxerit
1377 1329 1594 1374 proferendam
1632 1329 1782 1365 faciemus

1031 1384 1157 1411 auctore
1184 1376 1322 1412 Domino
1352 1378 1572 1413 inviolabiliter
1607 1378 1779 1414 observari.

1080 1424 1194 1461 Datum
1219 1426 1377 1463 Laterani,
1415 1428 1540 1463 decimo
1576 1427 1699 1463 kalend.
1734 1429 1781 1464 fe-

1031 1474 1167 1512 bruarii.
1198 1476 1398 1522 pontificatus
1426 1478 1523 1512 nostri
1551 1490 1634 1512 anno
1668 1479 1779 1525 primo.

1064 1536 1123 1566 Dat.
1148 1537 1194 1567 die
1214 1538 1251 1568 23
1267 1540 1393 1569 ianuarii
1413 1539 1499 1575 ΗΠ,
1518 1539 1619 1580 pontif.
1636 1549 1712 1571 anno
1731 1550 1750 1571 1.

1377 1704 1428 1739 vt.

1029 1782 1220 1824 Approbritr'o
1254 1783 1375 1825 requlae
1409 1783 1526 1815 ordinis
1560 1784 1778 1817 Sanctissimae

1058 1831 1216 1865 Trinitatis
1240 1832 1463 1876 Redemptionz's
1490 1833 1688 1878 Captivorum
1715 1835 1776 1875 (d).

1296 1905 1508 1936 St'ttMAlet

1027 1969 1193 2001 Exordium.
1212 1989 1250 1995 —
1272 1971 1348 2002 Ordo
1373 1974 1419 2003 liic
1442 1973 1477 2002 ab
1500 1973 1649 2004 Innocent.
1667 1973 1702 2005 ltt
1726 1986 1777 2016 ap-

1067 2015 1215 2054 probatus.
1243 2034 1282 2039 -—
1305 2016 1500 2048 Confirmatur
1518 2029 1635 2058 qnoque
1658 2019 1693 2050 ab
1715 2019 1774 2051 Ho-

1066 2062 1159 2090 norio.
1184 2078 1222 2083 —-
1240 2061 1379 2099 Regulae.
1402 2080 1440 2085 —
1462 2063 1625 2094 Clausulae.

1003 2123 1007 2170 Ι
1025 2132 1154 2161 Honorius
1172 2134 1312 2169 episcopus
1330 2142 1425 2163 servus
1443 2142 1581 2164 servornm
1597 2136 1651 2168 Det,
1668 2137 1776 2166 dilectis

1070 2181 1134 2210 fluis
1153 2181 1243 2210 Ioanni
1273 2183 1412 2215 ministro.
1446 2189 1472 2212 et
1509 2183 1645 2213 fratribus
1675 2185 1776 2214 ordinis

1070 2232 1181 2260 Sanctae
1205 2231 1363 2264 Trinitatis,
1387 2233 1502 2262 satutem
1535 2234 1564 2261 et
1599 2234 1775 2270 apostolicam

1069 2280 1291 2309 benedictionem.

1074 2350 1233 2397 operante
1255 2351 1377 2385 divinae
1400 2351 1613 2396 dispositionis
1634 2353 1773 2389 clemen-

240 2408 335 2453 riserit
369 2420 425 2456 per
441 2408 798 2443 excommunicationem
821 2411 852 2444 in
877 2422 985 2455 pei-50,
1026 2399 1066 2434 tia
1090 2412 1119 2433 in
1147 2398 1241 2433 Sedis
1271 2399 1471 2445 Apostolicae
1505 2402 1630 2447 specula
1654 2405 1773 2439 consti-

240 2468 307 2502 nas,
331 2465 362 2492 et
388 2457 591 2492 interdictum
626 2457 656 2491 in
691 2466 788 2492 terras
813 2460 1008 2495 arctissime·
1027 2449 1095 2487 ‘⁰¹3⁷
1125 2449 1185 2494 Piis
1215 2448 1369 2484 debemus
1401 2450 1566 2485 ‘’ffeffilhus
1599 2452 1772 2495 suffragari-

238 2505 452 2553 mmmmm„
491 2506 555 2541 NOS
595 2506 648 2552 qui
693 2505 730 2540 ad
770 2506 984 2544 libemjonem
1003 2489 1008 2556 ξ
1026 2506 1054 2531 et
1077 2508 1131 2532 eos
1152 2509 1223 2532 cum
1246 2511 1262 2533 a
1290 2499 1448 2533 charitatis
1469 2499 1573 2534 radice
1601 2501 1773 2547 procedunt

239 2553 354 2589 Terrae
373 2554 460 2590 illius
485 2555 606 2590 ardenti
634 2555 789 2591 desiderio
809 2557 1008 2608 aspiramus}
1028 2546 1200 2594 perducere
1232 2547 1269 2582 ad
1306 2548 1471 2592 effectum,
1511 2551 1692 2596 Praesef'lm
1721 2552 1772 2587 Ubi

239 2615 276 2638 ac
301 2615 411 2651 pacem
441 2604 613 2651 diligimus.
646 2612 673 2639 et
703 2617 771 2640 eam
798 2604 1009 2661 inquirimus}
1061 2620 1100 2654 (ι)
1120 2620 1158 2647 Ex
1176 2621 1277 2656 aegest.
1302 2622 1385 2648 vace.

1802 240 1850 267 An.
1870 240 1897 267 C.
1919 241 1984 268 ΗΠ

1807 439 1904 465 Legatum
1913 439 1983 459 intutu.

1810 991 1934 1012 obedierint·-

1797 1025 1922 1051 prae-§tenrh

1817 2354 1928 2379 Exordium

1960 994 1979 1014 =1
