2129 3223
152 263 201 291 An.
221 263 250 291 C.
267 262 332 291 {⁴219

149 1458 205 1478 Bona
219 1459 267 1478 huic
282 1457 320 1479 Ee-

135 1489 215 1510 ·:iestae
235 1489 259 1509 ab
282 1488 319 1509 in-

143 1520 313 1541 teramnenstbus

135 1552 190 1575 data,
208 1551 319 1572 coufirmat

135 1581 211 1602 eidem.

153 1848 317 1869 instrumentum

134 1879 264 1900 donationis.

397 254 465 286 548

664 317 778 353 XXXI.

346 396 554 439 Coufirmamr
567 395 695 427 donatio
709 406 727 427 a
741 396 858 439 populo
874 395 1096 429 Interamnensa

499 443 583 487 facta
609 455 682 478 suae
709 444 861 478 Ecclesiae
888 446 949 486 (Ι).

609 516 823 549 8ΗΜΜΑΒΙΠΜ

341 577 418 609 Bona
459 579 528 609 huic
565 578 715 610 Ecclesiae
751 579 787 609 ab
820 579 1093 610 Interamnensibus

380 623 460 659 data,
483 623 636 654 confirmat
658 624 764 653 eidem.
791 641 830 646 —
862 623 1091 654 instrumentum

380 667 556 698 donationis.
575 684 613 689 —
630 666 795 697 Clausulac.

339 738 470 767 nonarius
488 739 631 774 opiscopus
649 746 744 768 servus
762 746 902 768 servorum
932 739 987 772 net.
1013 746 1093 768 vene-

383 787 465 816 rabili
484 786 571 816 fratri
598 789 693 816 nostro
728 788 861 822 naynerio
893 788 1091 817 interamnensi

382 837 518 873 episcopo,
540 836 659 865 satutem
678 838 708 865 et
726 836 904 873 apostoticam
925 837 1092 866 benedictio-

381 892 452 916 nem.

385 960 480 997 Iustis
502 961 674 1009 petentium
699 962 866 997 desideriis
887 962 1021 1009 dignum
1044 971 1090 1000 est

336 1022 395 1046 nos
413 1010 533 1046 facilem
550 1010 701 1057 praebere
725 1023 929 1051 consensum.
955 1021 986 1048 et
1009 1021 1088 1053 vota.

335 1072 416 1108 quae
443 1072 460 1095 a
489 1060 618 1095 rationis
643 1061 768 1096 tramite
801 1073 864 1096 non
897 1061 1089 1104 discordant,

334 1110 445 1145 effectu
473 1118 692 1157 consequente
715 1110 885 1157 complere.
901 1110 1089 1159 Eapropter,

337 1171 406 1194 ven.
427 1159 456 1192 iu
480 1157 609 1193 Christo
624 1159 717 1194 frater
735 1160 897 1208 episcope,
920 1162 983 1195 tuis
998 1162 1089 1197 iustis

336 1207 599 1255 postulationibus
613 1216 701 1255 grato
709 1219 936 1245 concurrentes
944 1222 1088 1252 assensu,

334 1258 574 1298 concessioneS‚
608 1257 768 1302 redditus,
803 1258 869 1293 iura
904 1268 936 1294 et
969 1261 1086 1301 omnia,

333 1318 413 1353 quae
440 1306 689 1342 interamnensis
716 1308 928 1343 communitas
961 1309 1086 1356 episco-

335 1356 418 1401 patui
440 1356 609 1401 assignavit
631 1356 661 1390 in
684 1356 804 1396 dotem,
826 1357 908 1391 sicut
926 1370 961 1393 ea
981 1360 1086 1394 omnia

333 1406 414 1439 iuste
441 1404 596 1451 possideS,
621 1414 652 1440 et
678 1406 793 1452 quiete,
821 1414 851 1440 et
879 1406 1087 1443 instrumento

334 1453 406 1489 inde
428 1453 571 1488 confecto
594 1453 717 1500 plenius
738 1455 930 1496 continetur,
958 1456 1025 1497 tibi,
1052 1469 1087 1492 ac

333 1501 573 1538 successoribus
601 1503 661 1538 tuis
687 1505 872 1539 auctoritate
914 1506 1086 1552 apostolica

333 1551 572 1592 confirmamus,
599 1560 630 1587 et
658 1554 832 1599 praesentis
854 1556 963 1601 scripti
982 1563 1086 1602 patro-

332 1600 415 1636 cinio
437 1602 689 1636 communimus:
713 1603 750 1637 ad
774 1604 816 1638 rei
841 1612 946 1638 autem
964 1604 1087 1639 eviden-

332 1651 406 1684 tiam
420 1650 605 1696 pleniorem,
620 1658 759 1686 tenorem
774 1652 872 1699 ipsius
885 1653 1083 1688 instrumenti

333 1699 551 1746 praesentibus
567 1699 606 1734 de
627 1700 721 1735 verbo
739 1701 776 1735 ad
798 1701 928 1736 verbum
952 1702 1085 1737 fecimus

332 1749 486 1788 annotari,
508 1749 561 1795 qui
586 1749 654 1784 talis
676 1758 733 1784 est:

382 1796 415 1832 in
427 1796 485 1832 Dei
499 1797 636 1837 nomine,
658 1810 741 1833 anno
769 1799 896 1834 Domini
920 1812 1085 1839 mccxvm,

333 1855 473 1894 tempore
492 1846 611 1881 domini
639 1847 769 1882 Honorii
792 1848 895 1894 Papae
922 1849 975 1889 ΙΙΙ,
1005 1850 1086 1884 indi·

332 1896 435 1931 ctione
453 1903 551 1936 sexta,
571 1908 682 1932 mense
698 1896 854 1932 februarii.
866 1897 934 1933 Hoc
951 1911 1086 1947 namque

333 1954 473 1992 tempore
505 1958 561 1980 nos
587 1945 699 1981 Petrus
722 1946 899 1992 Capitonus
928 1956 1085 1995 potestas,

331 2002 362 2029 et
379 1994 511 2029 iacobus
529 1994 613 2030 Petri
628 1997 820 2031 camerarius
849 2009 921 2031 cum
941 1997 1085 2041 consilio,

331 2055 489 2079 consensu
534 2053 564 2079 et
609 2045 792 2080 auctoritate
834 2046 1085 2082 consiliariorum

331 2093 464 2128 civitatis
489 2092 750 2135 interamnensis,
774 2107 834 2129 non
866 2096 910 2135 vi,
935 2107 991 2130 nec
1013 2095 1086 2131 doio

332 2142 427 2186 ducti,
454 2141 511 2178 sed
535 2151 637 2178 nostra
660 2143 754 2188 bona,
776 2144 903 2191 propria
930 2156 966 2179 ac
988 2157 1087 2190 spon-

332 2205 419 2231 tanea
443 2195 611 2240 voluntate,
634 2206 797 2244 praesente
815 2199 964 2244 magistro
980 2197 1085 2234 Gratia

332 2249 495 2296 capellano
516 2249 635 2284 domini
668 2249 780 2297 Papae,
804 2252 904 2297 primo
933 2252 970 2286 ad
1005 2253 1087 2287 ordi-

334 2301 472 2337 nandum
487 2303 591 2338 dotem
614 2304 815 2351 episcopatus
828 2305 1085 2354 interamnensis,

334 2362 365 2389 et
382 2356 524 2390 secundo
547 2356 584 2391 ad
601 2357 885 2392 incathedrandum
908 2359 1011 2405 ipsum
1028 2359 1086 2394 do-

337 2408 456 2443 minum
472 2410 674 2457 episcopum,
692 2418 723 2445 et
734 2411 964 2457 assignandum
984 2413 1085 2448 eidem

335 2461 462 2496 domino
484 2463 634 2510 episcopo
664 2465 896 2510 possessiones,
923 2473 954 2500 et
981 2466 1086 2501 reddi-

335 2521 396 2556 tus,
414 2523 444 2548 et
461 2516 526 2550 iura
542 2516 738 2564 episcopatui
760 2530 909 2553 concessa
925 2531 940 2553 a
956 2518 1086 2555 domino

336 2566 417 2612 i’apa
443 2566 582 2604 Honorio
612 2569 781 2612 destinato,
812 2579 842 2606 et
865 2571 993 2607 verbum
1014 2572 1087 2608 inde

370 2635 410 2669 (¹)
428 2635 466 2662 Ex
485 2637 588 2673 Regest.
608 2639 691 2667 edidit
708 2638 822 2676 Ughell.‚
835 2642 891 2669 ital.
905 2642 977 2673 Sao„
990 2645 1053 2670 tom.
1066 2650 1083 2670 i.

943 263 1129 286 nummum!
1158 263 1321 285 ROMANUM

1138 317 1292 353 concione
1312 317 1351 352 ad
1374 318 1528 366 populum
1557 324 1765 366 proponente,
1786 324 1817 353 et
1834 329 1887 365 po-

1093 397 1098 402 .
1138 365 1213 413 puio
1245 367 1391 402 universo
1420 367 1612 403 reclamante
1639 375 1671 402 et
1695 367 1887 403 assentiente

1138 428 1194 463 pro
1233 416 1324 451 nobis
1362 424 1393 452 et
1418 416 1653 452 successoribus
1688 417 1821 458 nostris,
1855 425 1886 452 et

1136 465 1388 506 communantia,
1423 474 1455 502 et
1489 467 1604 514 populo
1637 465 1885 510 interamnensi,

1135 514 1258 560 damus,
1283 516 1449 557 donamus,
1477 516 1643 560 tradimus,
1670 516 1884 555 concedimus.

1133 573 1227 612 atque
1256 564 1406 612 largimur
1433 565 1592 601 Ecclesiae
1618 565 1815 601 Interamnae
1846 565 1884 600 ad

1901 260 1952 288 An.
1967 260 1997 287 C.
2016 257 2082 287 tait!

1133 625 1214 660 opus
1236 614 1452 670 episcopatus,
1473 622 1504 650 et
1532 614 1621 649 vobis
1643 614 1772 650 domino
1798 614 1899 662 Ray--

1133 674 1222 697 nerto
1240 675 1391 711 episcopo
1414 664 1624 708 interamnae,
1644 672 1676 698 et
1697 676 1754 712 per
1772 676 1836 704 vos,
1854 671 1883 699 et

1133 713 1242 747 vestris
1276 713 1513 748 successoribus
1548 714 1578 748 in
1606 713 1715 748 eadem
1743 713 1882 748 Ecclesia

1132 761 1162 795 in
1191 770 1378 809 perpetuum
1403 762 1433 797 in
1459 763 1563 798 dotem
1587 763 1691 798 omnia
1719 763 1884 798 infrascri-

1133 818 1182 857 pta
1209 812 1382 847 tenimenta
1409 820 1439 847 et
1470 812 1687 860 possessiones
1718 820 1882 850 terrarum.

1132 860 1307 901 vinearum,
1336 862 1559 909 canapinarum
1588 869 1618 897 et
1645 861 1775 906 iardini,
1801 860 1884 896 sicut

1130 910 1198 944 suis
1231 909 1349 945 finibus
1379 910 1584 951 clauduntur,
1617 911 1763 946 videlicet
1784 919 1882 946 toturn

1131 959 1338 994 tenimentum
1375 961 1616 1007 canapinarum,
1652 972 1733 1008 quae
1768 960 1883 995 habent

1130 1007 1189 1042 hos
1207 1008 1302 1043 fines:
1326 1021 1342 1044 a
1359 1010 1462 1056 primo
1484 1009 1645 1057 palatium,
1672 1017 1703 1045 et
1718 1009 1882 1057 palatium,

1130 1064 1161 1092 et
1180 1057 1238 1102 via,
1260 1070 1342 1105 quae
1364 1058 1447 1093 vadit
1469 1059 1505 1092 ad
1531 1066 1689 1106 portam...
1704 1072 1718 1094 3
1742 1058 1883 1094 secundo

1130 1118 1241 1142 murus
1268 1108 1418 1150 civitatis;
1445 1121 1462 1143 a
1489 1109 1581 1144 tertio
1607 1108 1718 1149 forma,
1737 1122 1753 1143 a
1771 1116 1882 1157 quarto

1130 1165 1209 1191 terra
1237 1164 1268 1191 et
1294 1157 1382 1192 vinea
1405 1158 1585 1201 canonicae,
1608 1168 1639 1194 et
1660 1158 1737 1193 istae
1761 1170 1881 1205 posses-

1129 1205 1235 1241 siones
1258 1207 1434 1242 consistunt
1461 1207 1539 1242 infra
1565 1219 1711 1251 murum,
1738 1215 1768 1242 et
1797 1215 1880 1243 extra

1129 1267 1254 1290 murum
1273 1256 1416 1296 civitatis,
1435 1264 1465 1291 et
1487 1264 1586 1291 totum
1606 1256 1776 1296 iardinum,
1794 1257 1879 1305 quod

1128 1312 1176 1339 cst
1204 1304 1281 1339 infra
1310 1305 1469 1353 palatium,
1495 1306 1535 1341 ita
1557 1306 1641 1353 quod
1661 1305 1745 1342 nulla
1767 1306 1881 1341 domus

1128 1354 1206 1388 circa
1228 1354 1377 1401 palatium
1401 1354 1513 1390 habeat
1530 1357 1663 1395 exitum,
1682 1356 1728 1390 vei
1751 1367 1880 1403 prospe-

1127 1410 1213 1438 ctum
1241 1403 1279 1438 de
1307 1404 1384 1438 intra
1408 1404 1439 1438 in
1467 1405 1570 1452 ipsum
1600 1404 1770 1446 iardinum,
1792 1417 1880 1440 exoc-

1128 1460 1180 1498 pto
1221 1452 1306 1499 quod
1337 1453 1453 1488 domus
1484 1462 1513 1488 et
1549 1462 1675 1502 cryptae
1722 1453 1880 1489 Guidonis

1127 1500 1353 1536 Thebatduccii
1382 1502 1517 1537 habeant
1543 1502 1643 1537 hostia
1666 1510 1696 1537 et
1716 1503 1879 1545 fenestras,

1127 1550 1316 1585 sicutmodo
1333 1550 1461 1591 habent,
1484 1552 1569 1586 salvo
1590 1551 1674 1599 quod
1692 1552 1758 1599 ipse
1774 1552 1880 1588 Guido

1128 1599 1218 1634 faciat
1239 1612 1255 1634 a
1279 1600 1324 1634 via
1349 1600 1460 1635 iardini
1488 1613 1597 1636 versus
1618 1601 1732 1636 domus
1763 1610 1792 1636 et
1816 1614 1879 1649 cry-

1128 1656 1196 1695 ptas
1221 1661 1295 1684 suas
1322 1661 1448 1684 murum
1478 1649 1542 1685 fieri
1579 1650 1617 1684 ita
1645 1650 1742 1685 altum
1779 1663 1879 1699 usquc

1126 1698 1163 1732 ad
1186 1697 1355 1733 fenestram
1372 1699 1471 1746 ipsius
1494 1699 1608 1733 domus
1623 1699 1776 1741 altiorem,
1799 1712 1880 1747 quae

1128 1746 1222 1781 modo
1250 1747 1292 1781 ibi
1316 1755 1374 1792 est,
1400 1748 1441 1783 ita
1469 1748 1555 1795 quod
1580 1761 1641 1783 non
1665 1748 1716 1783 fiat
1734 1750 1764 1784 in
1788 1757 1880 1796 praeu

1129 1796 1289 1831 nominato
1329 1796 1451 1832 iardino
1484 1802 1686 1845 prospectus,
1715 1806 1745 1833 et
1780 1807 1879 1834 totum

1127 1845 1348 1886 tenimentum,
1371 1846 1457 1893 quod
1486 1847 1602 1882 insistit
1624 1855 1711 1882 extra
1733 1847 1876 1885 formam.

1127 1903 1159 1929 et
1177 1894 1270 1930 liabet
1297 1908 1371 1930 suos
1395 1896 1484 1936 fines,
1511 1909 1526 1931 a
1554 1897 1655 1943 primo
1686 1896 1835 1935 formam,
1863 1911 1879 1940 a

1126 1944 1267 1979 secundo
1290 1944 1462 1985 Arderado,
1486 1946 1664 1981 secundum
1692 1946 1778 1994 quod
1796 1955 1880 1982 recte

1128 1993 1211 2027 vadit
1246 1994 1303 2028 iter
1329 2007 1345 2028 a
1375 1994 1472 2029 forma
1503 2007 1558 2042 per
1587 1995 1674 2034 illud.
1709 1996 1795 2043 quod
1822 1997 1880 2032 fuit

1128 2043 1279 2078 Ardet-adi
1323 2055 1423 2090 usque
1464 2044 1494 2079 in
1528 2046 1625 2084 viam,
1661 2058 1676 2079 n
1710 2045 1799 2080 tertio
1832 2046 1878 2081 via

1128 2091 1263 2138 publica.
1286 2105 1302 2126 a
1325 2101 1437 2139 quarto
1465 2093 1518 2127 filii
1541 2093 1690 2133 Oderisii‚
1717 2107 1772 2141 per
1792 2095 1878 2141 quod

1128 2141 1209 2175 vadit
1238 2142 1296 2180 via,
1319 2153 1380 2188 qua
1397 2143 1459 2177 itur
1481 2143 1517 2177 ad
1533 2151 1660 2189 pontem
1677 2142 1785 2179 Sancti
1802 2143 1880 2178 Mar·

1128 2190 1194 2229 tini,
1231 2198 1262 2224 et
1297 2198 1396 2225 totum
1431 2192 1639 2227 tenimentum
1674 2193 1810 2240 positum
1847 2194 1878 2227 in

1128 2239 1279 2273 vocabulo
1300 2239 1408 2275 Sancti
1435 2241 1577 2285 Martini,
1605 2250 1634 2276 et
1665 2242 1757 2276 habet
1787 2242 1878 2281 fines,

1126 2301 1142 2322 a
1171 2288 1284 2334 primo,
1307 2291 1447 2324 secundo
1470 2298 1499 2324 et
1522 2290 1612 2325 tertio
1642 2291 1699 2335 via,
1726 2303 1743 2325 3
1767 2300 1878 2337 quarto

1128 2336 1240 2371 Petrus
1272 2338 1437 2385 Raynutii,
1465 2350 1494 2374 et
1524 2339 1657 2374 loannes
1684 2340 1820 2377 iordani.
1849 2349 1880 2375 et

1129 2393 1228 2420 totum
1259 2389 1467 2423 tenimentum
1491 2398 1592 2423 terrae
1622 2389 1740 2435 positae
1769 2390 1799 2423 iu
1823 2402 1879 2424 vo-

1127 2435 1239 2469 cabulo
1261 2436 1410 2481 Cauncti,
1439 2438 1484 2472 vel
1507 2438 1620 2472 Crucis
1637 2438 1746 2473 Sancti
1769 2436 1880 2474 Fortu-

1127 2486 1201 2527 nati,
1231 2493 1261 2519 ct
1281 2485 1375 2520 babet
1396 2499 1471 2521 suos
1494 2486 1582 2529 fines,
1604 2499 1619 2521 a
1644 2487 1745 2534 primo
1767 2487 1878 2532 forma,

1126 2535 1192 2568 sive
1215 2533 1378 2575 fossatum,
1397 2543 1422 2570 ’3
1444 2535 1585 2570 secundo
1608 2536 1666 2580 via,
1691 2547 1773 2583 quae
1796 2537 1878 2572 vadit

1126 2582 1165 2617 ad
1187 2582 1311 2619 Collem
1334 2584 1453 2626 Lunae,
1475 2598 1492 2619 a
1515 2585 1605 2619 tertio
1623 2584 1781 2620 Tiiomaso
1795 2586 1877 2621 Mat-

1127 2631 1221 2672 timei,
1245 2642 1275 2667 et
1302 2633 1436 2668 loannes
1459 2632 1634 2668 Berardutii
1661 2633 1730 2678 Bai,
1754 2643 1784 2669 et
1809 2637 1878 2670 An-
