2129 3223
146 280 195 308 Αη.
217 279 246 307 C.
262 280 329 307 ¹2¹0

157 1224 265 1245 Ecelesiae
293 1225 326 1249 ei,-

145 1258 190 1276 deru
225 1256 327 1280 suffraga-

145 1293 196 1307 neae

393 270 463 303 240

925 275 1108 298 BULLARrUl
1137 273 1297 296 ROMANUM

342 343 489 372 suorum,
513 331 665 379 primatus
687 330 870 378 dignitatem
895 343 947 377 per
977 330 1085 377 Hispa·
1129 329 1208 362 iuste
1231 335 1262 362 et
1283 326 1432 361 canonice
1460 325 1611 372 possidet,
1633 332 1687 360 aut
1720 325 1751 359 in
1785 323 1872 359 futu-

343 385 462 419 niarum
492 393 596 428 regna,
637 380 691 416 tibi
730 389 760 415 et
791 380 952 415 Ecclesiae
985 379 1085 414 Tole-

341 442 430 467 tanae
451 432 634 466 auctoritate
661 430 832 478 apostolica
850 429 1082 464 confirmamus.

340 482 449 529 Teque
469 482 632 528 primatem
662 479 822 528 praesules
862 479 1082 525 Hispaniarum

342 531 519 578 respicient,
541 538 570 565 et
591 530 629 565 ad
657 539 686 565 te
713 529 848 565 referent
870 529 972 575 siquid
1006 529 1085 562 inter

340 593 394 615 eos
414 580 543 626 dignum
576 588 719 615 exortum
752 579 844 613 fuerit
879 578 1083 625 quaestione:

340 630 538 666 salvatamen
563 630 592 663 in
615 629 762 664 omnibus
782 627 979 675 Apostolicae
994 626 1085 662 Sedis

340 679 532 715 auctoritate.
564 678 680 714 Verum
724 690 889 725 personam
930 685 1012 712 tuam
1053 677 1083 711 in

341 741 434 764 manu
453 736 556 764 nostra
573 728 767 776 propensiori
790 727 887 774 gratia
904 726 1083 766 retinentes,

340 791 522 822 censemuS,
551 786 586 812 ut
618 779 714 813 solius
751 776 887 812 Romani
923 776 1084 810 Pontificis

340 828 455 863 iudicio
477 828 544 862 eius
560 839 665 872 causa,
680 827 776 874 siqua
792 826 893 870 fuerit,
911 825 1082 860 decidatur.

339 877 422 912 Sane
463 877 644 912 Toletanam
692 876 862 911 Ecclesiam
915 875 1084 921 praesentis

341 927 490 973 privilegii
510 926 674 961 stabilitate
689 925 861 960 munimus.
883 923 1086 971 Compluteu-

340 988 407 1010 sem
432 975 610 1023 parochiam
632 983 662 1009 et
683 974 844 1009 Concham
867 974 894 1009 ei
925 982 1083 1020 tamquam

341 1025 505 1072 metropoli
527 1025 667 1059 subditas
693 1036 761 1059 esse
788 1023 999 1067 decernimus,
1013 1035 1083 1057 cum

340 1075 481 1109 terminis
503 1075 579 1115 suis,
601 1086 722 1108 necnon
747 1081 775 1107 et
804 1073 950 1107 ecclesias
976 1084 1086 1107 omnes

340 1137 418 1172 quas
440 1124 505 1158 iure
534 1123 660 1171 proprio
681 1123 720 1157 ab
741 1122 870 1169 antiquo
908 1121 1085 1168 possedisse

340 1174 540 1220 cognoscitur
594 1174 826 1208 confirmantes.
885 1172 1086 1219 Episcopales

343 1231 497 1270 praeterea
528 1222 620 1257 sedes
655 1234 732 1269 quas
768 1222 798 1255 in
840 1221 1084 1268 praesentiarum

342 1274 420 1307 iuste
442 1280 471 1307 et
494 1273 644 1306 canonice
672 1270 830 1319 possides,
864 1271 983 1305 scilicet
1025 1270 1086 1305 Pa-

344 1322 484 1365 lentiam,
506 1321 686 1368 Segobiam,
709 1319 875 1360 Oxoniam,
890 1319 1084 1366 Seguntiam.

340 1370 490 1418 Reliquas
516 1382 588 1405 vero
623 1381 703 1417 quae
724 1369 762 1404 ab
784 1370 920 1416 antiquis
946 1369 972 1404 ei
1006 1377 1086 1404 tem-

343 1420 472 1468 poribus
488 1419 701 1459 subiacebant,
729 1431 801 1453 cum
829 1418 984 1453 Dominus
1015 1431 1085 1452 om-

342 1470 489 1517 nipotens
510 1468 750 1504 christianorum
786 1468 955 1502 restituerit
997 1476 1086 1514 pote-

343 1520 412 1554 stati
443 1530 518 1554 suae
550 1517 732 1564 dignatione
765 1516 1015 1553 misericordiae,
1047 1517 1084 1551 ad

343 1576 438 1616 caput
465 1568 625 1615 proprium
648 1566 828 1602 referendas
849 1566 964 1601 decreti
991 1565 1088 1601 huius

343 1617 526 1653 auctoritate
546 1617 717 1651 sancimus.
739 1616 836 1650 Porro
858 1616 978 1650 illarum
1000 1615 1086 1650 dioe-

343 1680 431 1702 ceses
451 1667 610 1702 civitatum
632 1678 711 1713 quae
727 1665 907 1700 Sarracenis
932 1664 1087 1699 invaden-

344 1717 429 1752 tibus
455 1715 710 1764 metropolitanos
732 1716 876 1762 proprios
902 1715 1088 1759 amiserunt,

344 1778 382 1801 eo
409 1773 516 1802 tenore
538 1773 657 1801 vestrae
678 1764 862 1799 subiicimus
890 1763 1022 1805 ditioni,
1057 1772 1088 1799 ut

345 1815 484 1864 quandiu
507 1815 573 1850 sine
596 1814 730 1862 propriis
752 1814 999 1860 metropolitanis
1029 1825 1089 1848 ex-

346 1866 476 1909 titerint,
494 1864 548 1899 tibi
571 1873 603 1899 ut
619 1864 746 1911 proprio
768 1863 901 1897 debeant
915 1863 1088 1897 subiacere.

346 1915 389 1950 lta
412 1914 552 1962 quidem,
575 1922 608 1948 ut
636 1914 666 1947 in
700 1912 826 1947 sedibus
860 1913 1091 1960 episcopalibus

346 1963 474 1999 liberam
497 1963 677 1999 auctoritate
705 1970 807 1997 nostra
847 1961 961 1996 habeas
1002 1969 1090 2009 pote-

347 2021 458 2048 statem
485 2013 663 2060 episcopos,
711 2013 740 2046 in
775 2011 909 2046 castellis
952 2023 1023 2045 vero
1061 2020 1088 2046 et

348 2063 429 2098 villis
451 2062 648 2110 presbyteros
670 2061 844 2095 instituere:
868 2069 897 2095 et
922 2068 1011 2108 prout
1034 2061 1086 2094 tihi

348 2112 496 2147 dominus
517 2110 779 2146 administraverit
824 2110 991 2148 ordinare,
1032 2118 1091 2144 tam

348 2163 379 2197 in
408 2162 457 2197 his
477 2160 711 2209 episcopatibus
733 2160 785 2206 qui
814 2159 852 2194 tle
870 2160 1007 2206 antiquis
1031 2159 1094 2193 Ec-

349 2211 463 2246 clesiae
500 2219 572 2245 tuae
606 2209 745 2245 terminis
788 2222 857 2243 esse
894 2217 1093 2249 noscuntur,

350 2273 442 2308 quam
467 2261 497 2295 in
521 2260 582 2295 illis
603 2260 654 2307 qui
685 2259 845 2306 proprium
875 2270 935 2292 non
977 2257 1094 2292 hahue-

351 2313 414 2346 rint
434 2309 719 2357 metropolitanum.
747 2308 780 2343 Si
805 2319 885 2355 quae
906 2316 1010 2342 autem
1034 2320 1097 2342 me-

351 2360 488 2408 tropoles
509 2359 539 2393 in
567 2366 681 2393 statum
709 2358 823 2393 fuerint
858 2358 1017 2405 proprium
1045 2369 1096 2392 re-

351 2410 487 2456 stitutae,
505 2420 564 2444 suo
586 2420 728 2456 quaeque
749 2408 902 2442 dioecesis
938 2415 1097 2454 metropo—

354 2459 492 2506 politano
511 2458 703 2498 restituatur,
726 2467 760 2492 ut
787 2457 846 2492 snb
874 2457 989 2504 proprii
1014 2457 1098 2502 regi-

354 2509 437 2543 mine
455 2507 587 2556 pastoris
608 2519 704 2554 super
725 2507 819 2541 divini
843 2506 1010 2541 collatione
1042 2506 1098 2539 he-

171 2557 458 2592 Bomonffvuvneucii
485 2557 647 2603 glorietur.
685 2556 847 2591 Praeterea
883 2566 1098 2602 quascumque

356 2607 593 2653 possessiones,
622 2617 840 2652 quaecumque
873 2604 952 2639 hona
1001 2600 1271 2651 prae-taulerre,
1304 2602 1421 2637 ablatas
1455 2602 1598 2644 retinere,
1636 2603 1790 2649 minuere,
1823 2616 1878 2639 seu

159 2595 273 2614 coufirmat.

357 2655 438 2690 dicta
463 2654 603 2690 Ecclesia
624 2655 774 2689 'l'oletana
808 2655 1096 2700 impraesentiarum

1127 390 1196 412 rum
1220 376 1424 412 concessione
1454 375 1643 411 Pontificum
1659 402 1667 416 ,
1706 373 1871 420 largitione

1126 439 1234 473 regum
1257 426 1304 461 vel
1328 426 1518 473 principum,
1540 424 1697 460 oblatione
1716 423 1870 467 fidelium,

1125 489 1181 512 seu
1203 475 1271 511 aliis
1298 476 1387 510 iustis
1409 475 1510 510 modis
1533 482 1707 522 praestante
1733 473 1870 508 Domino

1126 526 1238 573 poterit
1258 525 1401 573 adipisci,
1424 525 1512 560 firma
1546 524 1600 559 tibi
1640 524 1764 571 tuisque
1795 536 1870 559 suc-

1125 575 1303 611 cessoribus
1323 583 1354 610 et
1366 574 1481 609 illibata
1504 581 1718 621 permaneant.
1743 573 1777 608 In
1799 573 1871 621 qui-

1125 625 1184 659 hus
1212 625 1288 660 haec
1316 625 1452 672 propriis
1479 623 1629 658 duximus
1665 623 1868 670 exprimenda

1125 674 1293 710 vocabulis.
1320 673 1495 708 Ecclesiam
1526 672 1712 708 Sanctorum
1742 673 1817 710 Iusti
1839 683 1869 710 et

1124 724 1270 759 Pastoris.
1299 723 1464 758 Abbatiam
1506 722 1640 758 Sanctae
1685 722 1867 760 Leocadiae.

1124 773 1295 809 Ecclesiam
1315 772 1446 807 Sanctae
1468 772 1581 807 Mariae
1606 772 1724 808 Tocha.
1760 774 1870 811 Eccle-

1124 823 1201 857 siam
1241 822 1373 857 Sanctae
1414 821 1529 856 Mariae
1575 821 1614 857 de
1655 823 1774 858 Batres.
1811 825 1870 860 Ec-

1125 872 1250 907 clesiam
1278 871 1385 906 Sancti
1408 870 1562 906 Vincentii
1585 871 1624 906 de
1654 872 1771 908 Monte.
1807 873 1870 909 Ec-

1125 921 1250 956 clesiam
1273 921 1405 955 Sanctae
1432 919 1547 955 Mariae
1568 921 1607 956 de
1633 921 1720 957 Valle
1754 922 1870 958 Eccle-

1125 971 1253 1005 siarum.
1293 969 1467 1004 Ecclesiam
1501 969 1633 1006 Sanctae
1674 971 1790 1007 Mariae
1830 973 1870 1008 de

1126 1019 1356 1054 Valadelmech.
1404 1019 1575 1054 Ecclesiam
1622 1020 1661 1055 de
1698 1020 1869 1057 Calatrava.

1125 1068 1270 1104 Castrum
1314 1081 1441 1116 quoque
1485 1070 1601 1104 Alcala.
1643 1069 1788 1105 Castrum
1830 1071 1870 1107 de

1126 1119 1250 1164 Brioga.
1287 1118 1433 1153 Castrum
1472 1118 1511 1154 de
1543 1118 1688 1155 Canales
1723 1119 1868 1156 Castrum

1127 1168 1262 1202 Alsamin
1285 1180 1355 1202 cum
1376 1167 1569 1215 pertinentiis
1591 1181 1710 1204 eorum.
1729 1170 1868 1205 Domum

1128 1218 1251 1263 reginae
1274 1217 1303 1251 in
1335 1216 1444 1252 Toleto
1477 1230 1548 1253 cum
1584 1218 1776 1255 haereditate
1810 1219 1868 1255 sibi

1129 1268 1312 1314 pertinente.
1336 1266 1472 1301 Domum
1495 1267 1627 1303 Sanciae
1652 1269 1768 1304 sororis
1796 1269 1870 1305 illu-

1127 1317 1198 1351 stris
1221 1317 1388 1351 memoriae
1412 1318 1491 1363 regis
1517 1316 1679 1353 Adelfonsi
1707 1331 1778 1354 cum
1800 1318 1872 1354 hae—

1128 1366 1255 1401 reditate
1294 1367 1391 1413 patris
1429 1368 1475 1401 sui
1514 1366 1691 1414 Raymundi
1725 1368 1869 1410 comitis,

1126 1428 1220 1463 quam
1244 1416 1310 1462 ipsa
1331 1427 1488 1450 consensu
1511 1415 1612 1452 fratris
1630 1417 1678 1451 sui
1711 1417 1870 1453 Ecclesiae

1126 1473 1197 1500 tuae
1223 1464 1359 1505 donavit,
1382 1473 1412 1499 et
1433 1466 1549 1513 scripto
1570 1466 1775 1502 confirmavit.
1808 1466 1870 1503 Ca-

1126 1524 1224 1549 strum
1247 1526 1372 1561 quoque
1393 1514 1631 1556 Bencarentiae,
1658 1524 1688 1551 et
1727 1516 1870 1561 Aldeam,

1127 1576 1207 1610 quae.
1229 1571 1357 1598 vocatur
1388 1563 1538 1599 Azucueh
1578 1577 1649 1599 cum
1675 1566 1873 1612 pertinentiis

1127 1613 1203 1654 suis,
1236 1621 1266 1647 et
1308 1612 1526 1660 Alcobrogam.
1560 1614 1706 1650 Decimas
1746 1627 1872 1662 quoque

1128 1663 1268 1697 omnium
1291 1663 1439 1708 regalium
1469 1663 1648 1698 reddituum
1687 1665 1725 1700 de
1757 1665 1871 1701 Sancta

1129 1711 1262 1756 Eulalia,
1285 1712 1323 1746 de
1349 1712 1515 1759 Maqueda,
1542 1713 1580 1747 de
1607 1713 1774 1749 Ascalona.
1806 1714 1874 1750 Sta-

1130 1762 1248 1795 tuimus
1274 1762 1365 1796 etiam
1389 1770 1423 1796 ut
1444 1763 1578 1797 universi
1605 1764 1772 1810 parochiae
1802 1771 1873 1800 tuae

1132 1811 1218 1848 fines.
1242 1811 1295 1857 qui
1319 1811 1377 1846 iam
1400 1811 1468 1846 Deo
1482 1812 1612 1846 authore
1633 1825 1648 1848 a
1676 1811 1874 1849 Christicolis

1131 1860 1320 1900 habitantur,
1348 1861 1392 1895 vel
1416 1861 1468 1907 qui
1498 1862 1527 1895 in
1552 1861 1691 1897 futurum
1719 1875 1736 1897 a
1763 1861 1874 1898 Sarra-

1131 1921 1278 1944 cenorum
1304 1918 1454 1957 potestate
1476 1911 1644 1946 auxiliante
1660 1912 1796 1947 Domino
1810 1912 1874 1947 eri-—

1133 1959 1266 2005 pientur,
1288 1960 1416 1993 omnino
1439 1960 1549 2006 integri
1580 1969 1639 1995 tam
1676 1961 1743 2005 tibi,
1780 1974 1874 2009 quam

1133 2009 1192 2042 tuis
1213 2008 1448 2043 successoribus
1469 2010 1498 2043 in
1523 2019 1709 2057 perpetuum
1739 2023 1876 2046 conser—

1135 2065 1253 2091 ventur.
1296 2057 1428 2092 Nomina
1465 2071 1536 2093 vero
1573 2060 1760 2107 oppidorum
1796 2073 1876 2108 quae

1135 2108 1164 2140 in
1188 2114 1237 2141 tua
1265 2106 1399 2142 dioecesi
1421 2120 1437 2142 a
1465 2108 1610 2143 fidelibus
1633 2110 1821 2151 incoluntur,
1845 2113 1875 2143 in

1136 2157 1289 2202 praesenti
1307 2158 1416 2203 pagina
1440 2157 1588 2194 duximus
1605 2159 1793 2194 annotanda.
1822 2159 1878 2193 Ta—

1135 2205 1234 2240 larera
1257 2206 1405 2249 Alfamin,
1432 2206 1572 2247 Makeda,
1596 2207 1707 2243 Sancta
1743 2208 1877 2249 Eulalia,

1136 2254 1282 2290 Hutmus.
1301 2255 1444 2295 Canales,
1460 2256 1649 2300 Maieritum,
1665 2257 1785 2297 Alcola,
1799 2257 1878 2292 &Va-

1135 2303 1291 2348 dall'aiara,
1304 2305 1382 2345 Fita,
1398 2306 1583 2347 Pennalora,
1598 2306 1746 2353 Belegna,
1760 2306 1878 2351 Uzeda‚

1135 2353 1331 2394 Talamanca,
1359 2355 1540 2396 Butracum,
1564 2354 1734 2400 Calatalifa‚
1774 2356 1880 2392 Asca—

1137 2403 1218 2443 loua,
1254 2403 1385 2445 Zurita,
1408 2404 1586 2445 Calatrava,
1628 2406 1817 2452 Almoguera
1850 2414 1879 2440 et

1137 2452 1275 2487 Alcolea.
1299 2453 1507 2489 Decernimus
1528 2466 1614 2501 erge,
1637 2462 1670 2489 ut
1697 2454 1773 2489 nulli
1807 2467 1878 2490 om-

1138 2502 1210 2536 nino
1233 2502 1395 2537 hominum
1418 2504 1507 2539 liceat
1527 2503 1692 2551 praefatam
1705 2503 1879 2539 Ecclesiam

1139 2559 1253 2587 temere
1276 2552 1468 2600 perturbare,
1494 2561 1547 2588 aut
1568 2553 1638 2588 eius
1665 2554 1879 2599 possessiones

1139 2650 1330 2697 quibuslibet
1354 2651 1565 2686 vexationibus
1593 2651 1730 2699 fatigare:
1746 2652 1801 2688 sed
1817 2665 1881 2689 om—

1887 269 1939 295 An.
1955 267 1984 294 C.
2000 269 2066 296 12¹⁰

1927 2471 2043 2493 Clausulam
