2129 3223
385 261 453 294 742

334 333 512 372 paramenta
539 336 647 360 secum
668 323 707 359 ad
734 323 792 358 alia
813 323 879 358 loca
902 322 1080 367 transferre,

333 384 363 410 et
385 374 522 410 aedificia
550 374 617 420 ipsa
635 385 706 408 cum
729 373 796 408 solo
819 381 849 408 et
875 373 944 407 aliis
961 372 1000 407 ad
1028 385 1080 407 ea-

332 425 403 459 dem
426 424 492 459 loca
515 423 757 471 pertinentibus,
781 430 901 469 praeter
919 421 1080 456 Ecclesias

333 486 389 521 per
415 484 563 520 personas
590 472 627 507 ad
655 471 715 507 hoc
742 484 758 506 a
785 471 868 506 Sede
900 471 1079 518 Apostolica

332 523 506 570 deputatas.
530 521 682 565 vendere,
709 521 916 568 ipsorumque
945 520 1078 566 pretium

333 572 361 606 in
387 571 518 606 aliorum
545 571 700 609 locorum,
719 570 757 605 ad
778 583 857 618 quae
876 569 949 604 dicti
973 568 1080 603 fratres

331 633 365 656 se
387 620 593 660 transferunt,
620 619 887 663 aedificationem,
914 630 968 653 seu
1004 618 1080 652 alias

332 671 361 704 in
375 681 483 705 eorum
500 670 663 704 utilitatem
687 676 883 708 convertere,
905 667 1079 702 secundum

330 719 413 766 quod
429 719 475 754 eis
491 718 603 754 melius
625 718 782 753 videbitur
799 716 963 764 expedire,
982 729 1078 763 quum

331 769 397 815 ipsa
438 768 585 816 pauciora
623 776 653 802 et
685 767 742 802 alia
777 767 842 801 loca
876 765 1006 801 fratrum
1041 765 1078 799 ad

331 829 387 852 nos
409 826 439 852 et
460 816 675 864 Apostolicam
696 816 813 851 Sedem
837 815 1016 862 specialiter
1050 823 1080 848 et

139 269 190 295 An.
209 269 237 296 C.
254 271 319 299 1265

330 866 508 902 immediate
530 866 684 913 pertinere
706 873 891 900 noscuntur.
911 864 951 898 Et
973 875 1011 899 ne
1029 863 1079 898 ali-

329 915 383 962 qui
418 915 646 963 archiepiscopi
676 914 721 949 vel
749 914 907 961 episcopi,
943 921 997 948 aut
1029 913 1078 947 alii

328 964 540 1000 Ecclesiarum
581 963 728 1010 praelati,
765 976 820 998 seu
861 963 989 1009 quaevis
1021 962 1078 996 alia

329 1026 462 1061 persona
486 1013 699 1049 ecclesiastica
721 1012 769 1047 vel
790 1012 971 1052 saecularis,
994 1023 1080 1059 prae-

329 1063 409 1098 dicta
437 1063 503 1099 loca
537 1075 592 1098 seu
623 1063 702 1097 bona
732 1073 906 1109 occupare,
938 1062 1080 1108 accipere

328 1111 377 1147 vel
405 1124 567 1159 usurpare,
594 1120 647 1147 aut
669 1123 797 1158 quoquo
819 1109 914 1145 modo
932 1110 991 1145 sibi
1010 1122 1081 1144 ven-

328 1161 433 1197 dicare
460 1169 679 1208 praesumant,
712 1160 831 1206 absque
861 1159 963 1194 dictae
985 1158 1080 1194 Sedis

330 1210 454 1246 licentia
476 1210 618 1258 speciali,
644 1209 817 1245 districtius·
838 1208 1030 1243 inhibemus.

377 1259 398 1307 S
420 1261 478 1295 28.
507 1259 711 1306 indulgentes
737 1258 838 1302 vobis,
867 1267 899 1292 ut
922 1258 959 1292 ad
989 1269 1081 1304 prae-

132 1311 315 1364 nffjgffssr'ffi'gx
329 1311 495 1344 stationem
519 1309 774 1355 procurationum
802 1307 975 1353 legatorum
996 1317 1081 1353 prae-

133 1379 170 1400 pm
186 1358 432 1399 procuratio-(lictae
465 1357 559 1393 Sedis
594 1357 641 1393 vel
668 1357 857 1392 nunciorum
881 1356 1001 1403 ipsius,
1025 1367 1080 1389 seu

132 1404 314 1455 ξζζζξᾶξξΠθῗξζξ
330 1407 590 1443 dioecesanorum
613 1406 774 1446 locorum,
801 1414 854 1440 aut
880 1406 1080 1440 exactionum

331 1456 378 1491 vel
400 1456 615 1495 collectarum,
637 1467 692 1490 seu
708 1454 923 1489 subsidiorum
947 1453 992 1488 vel
1013 1465 1081 1500 pro-

333 1506 487 1541 visionum
520 1516 796 1552 quorumcumque
831 1504 959 1537 minime
993 1510 1081 1536 tene-

331 1554 450 1594 amini,
477 1565 536 1588 nec
563 1553 601 1588 ad
629 1565 665 1588 ea
697 1552 846 1587 solvenda
875 1564 930 1599 per
966 1551 1102 1587 litteras,

332 1604 433 1639 dictae
468 1603 559 1639 Sedis
599 1610 651 1637 aut
681 1601 855 1649 legatorum
880 1601 924 1636 rel
949 1601 1082 1634 nuncio-

333 1665 402 1688 rum
439 1652 601 1691 eiusdem,
638 1663 695 1686 seu
732 1658 888 1686 rectorum
931 1658 1081 1685 terrarum

331 1701 493 1737 Ecclesiae
532 1700 694 1735 Romanae
734 1700 927 1746 impetratas.
959 1710 1014 1733 seu
1051 1699 1082 1732 in

333 1760 493 1798 posterum
522 1749 750 1797 impetrandas,
778 1749 1008 1794 cuiuscumque
1037 1755 1083 1781 te-

334 1801 418 1836 noris
440 1799 568 1844 fuerint,
591 1811 621 1833 m
645 1805 834 1846 perpetuum
852 1797 998 1845 compelli
1016 1808 1083 1843 pos·
1102 1827 1105 1838 ‚

333 1850 411 1887 sitis,
439 1849 500 1884 nisi
528 1848 631 1883 dictae
648 1848 740 1883 Sedis
762 1846 883 1882 litterae
910 1848 1084 1894 impetran-

333 1899 392 1934 dae
414 1898 538 1945 plenam
561 1906 592 1933 et
615 1909 795 1945 expressam
819 1896 858 1931 de
881 1896 1002 1930 indulto
1024 1886 1106 1928 hu-'

336 1947 470 1983 iusmodi
498 1956 528 1982 et
556 1947 640 1981 dicto
666 1946 778 1981 ordine
805 1946 935 1981 fecerint
958 1944 1086 1980 mentio-

336 2009 419 2032 nem.

385 2046 406 2093 ἓ
430 2049 488 2080 29.
508 2045 674 2080 Caeterum
697 2057 794 2091 quum
822 2044 870 2078 fel.
892 2042 1010 2078 record.
1032 2042 1086 2076 ln-

337 2095 501 2130 nocentius
527 2094 612 2142 Papa
633 2093 707 2129 olim
728 2094 851 2128 duxerit
872 2091 1085 2135 statuendum,

338 2152 371 2179 ut
388 2144 524 2190 exempti
547 2152 797 2191 quantacumque
819 2142 975 2187 gaudeant
996 2140 1088 2175 liber-

340 2202 418 2232 tate,
456 2193 662 2228 nihilominus
689 2200 793 2227 tamen
828 2191 948 2226 ratione
982 2189 1086 2225 delicti

338 2255 393 2277 seu
421 2250 621 2286 contractus,
650 2249 704 2276 aut
726 2241 786 2281 rei,
819 2241 858 2276 de
884 2252 945 2288 qua
980 2247 1087 2274 contra

340 2292 424 2338 ipsos
450 2292 564 2337 agitur,
587 2291 644 2326 rite
667 2291 788 2338 possint
815 2302 918 2324 coram
947 2289 1088 2323 locorum

340 2341 507 2375 ordinariis
540 2340 717 2380 conveniri;
756 2347 787 2374 et
814 2339 855 2373 illi
891 2338 994 2386 quoad
1028 2336 1089 2372 hoc

341 2402 429 2424 suam
459 2390 488 2424 in
517 2390 604 2436 ipsos
631 2388 893 2427 iurisdictionem,
921 2394 1014 2435 prout
1043 2387 1090 2420 ius

342 2438 456 2485 exigit,
483 2450 640 2479 exercere.
675 2448 732 2472 nos
751 2437 838 2472 robis
867 2445 899 2471 ut
926 2434 1090 2471 occasione

343 2487 576 2523 constitutionis
606 2487 788 2522 huiusmodi
818 2486 939 2520 nullum
962 2484 1091 2519 liberta-

346 2536 430 2571 tibus
461 2545 492 2572 ει
513 2535 783 2579 immunitatibus,
815 2535 903 2570 vobis
938 2543 967 2569 et
988 2533 1090 2568 ordini

347 2592 466 2629 vestro,
501 2597 557 2632 per
585 2585 745 2633 privilegia
768 2593 796 2619 et
820 2583 1033 2631 indulgentias
1053 2581 1093 2617 ab

382 2644 421 2676 (1)
438 2643 503 2672 vide
517 2645 617 2672 dictum
634 2645 744 2678 Concil.,
761 2652 826 2672 sess.
844 2645 870 2677 7,
887 2652 943 2681 cap.
970 2645 1010 2671 tta.

152 2074 259 2101 Eremptto
297 2074 321 2095 ab

139 2106 244 2126 ordinaria
262 2110 322 2125 turi!-

141 2138 157 2155 ’,ν
162 2141 230 2155 eeeee

912 268 1100 291 BULLARICM
1121 266 1286 290 ROMANUM

1886 266 1937 294 An.
1955 266 1984 293 C.
2000 266 2067 294 ¹263

1120 321 1302 369 Apostolica
1327 321 1411 357 Sede
1432 323 1610 366 concessis,
1638 321 1869 369 praeiudicium

1119 380 1300 418 generetur,
1327 372 1512 407 auctoritate
1533 372 1748 420 praesentium
1770 371 1872 407 indul-

1119 433 1244 467 gemus.
1685 462 1687 464 q

1168 469 1189 517 S
1222 473 1278 505 50.
1325 470 1536 505 Decernimus
1572 483 1645 517 ergo
1678 470 1799 505 irritum
1840 477 2068 514 etnuborsnofu-

1121 519 1213 554 inane
1234 518 1383 566 quicquid
1406 527 1512 554 contra
1535 527 1676 554 tenorem
1695 519 1869 554 concessio-
1884 513 2067 563 ζῗξξζ,”ο“““’“’

1121 580 1209 612 num,
1231 569 1490 604 constitutionum
1517 576 1548 603 et
1569 568 1794 604 inhibitionum
1807 568 1870 603 hu-

1120 617 1256 652 iusmodi
1286 630 1342 664 per
1367 629 1588 665 quoscumque
1621 617 1714 652 fuerit
1735 625 1871 653 attenta*

1120 674 1198 707 tum;
1212 675 1243 701 et
1257 666 1428 710 interdicti,
1450 667 1669 714 suspensionis
1691 675 1721 701 et
1742 679 1871 703 excom—

1120 716 1343 751 municationis
1373 717 1562 756 sententias,
1589 716 1615 751 si
1650 728 1730 764 quas
1763 724 1870 751 contra

1120 765 1355 805 concessiones,
1377 765 1617 800 constitutiones
1650 773 1680 800 et
1711 764 1872 799 inhibitio-

1121 827 1176 849 nes
1197 814 1323 849 easdem
1346 814 1377 848 in
1405 827 1461 849 vos
1487 814 1534 849 vel
1569 822 1708 848 vestrum
1736 814 1871 861 aliquos,

1120 872 1172 898 aut
1189 863 1254 898 loca
1277 872 1390 904 vestra,
1420 876 1475 898 seu
1506 863 1724 899 benefactores
1752 871 1872 898 vestros

1119 912 1167 948 vel
1194 920 1379 948 executores
1405 920 1458 947 aut
1484 912 1635 948 haeredes
1676 912 1870 960 praedictos,

1121 963 1150 996 in
1165 970 1325 1009 posterum
1342 961 1534 1009 promulgari
1552 962 1731 1009 contigerit,
1745 961 1871 1009 penitus

1121 1022 1182 1046 non
1212 1019 1329 1046 tenere.

1168 1060 1254 1096 Nulli
1281 1072 1356 1106 ergo
1382 1060 1513 1096 omnino
1535 1059 1701 1095 hominum
1722 1068 1776 1095 etc.

1171 1109 1286 1145 Datum
1321 1109 1466 1153 Perusii,
1497 1109 1687 1145 duodecimo
1720 1108 1871 1144 kalendas

1121 1160 1263 1205 augusti,
1299 1158 1500 1206 pontificatus
1526 1159 1624 1194 nostri
1652 1169 1736 1193 anno
1759 1158 1871 1205 primo.

1180 1218 1240 1250 Dat.
1259 1219 1306 1250 die
1324 1219 1359 1249 21
1385 1219 1450 1250 iulii
1472 1219 1555 1256 1265,
1573 1219 1676 1259 pontif.
1698 1228 1776 1250 anno
1793 1228 1813 1250 ι.

1468 1382 1534 1416 Vtt.

1122 1464 1325 1507 Pri‘vt'leyium
1367 1464 1499 1507 fratrum
1542 1463 1678 1498 militum
1713 1463 1875 1508 hospitalis

1170 1513 1280 1546 Sancti
1340 1512 1456 1546 Lazari
1493 1512 1773 1558 Hierosolymi'tani
1825 1513 1875 1545 le-

1168 1572 1275 1605 prosos
1296 1562 1431 1605 undique
1455 1562 1649 1606 suscipiendi,
1678 1568 1705 1596 et
1731 1561 1775 1594 ad
1807 1561 1870 1594 ao-

1171 1619 1254 1644 mum
1292 1611 1425 1644 aliorum
1464 1611 1652 1655 leprosorum
1682 1621 1751 1645 oum
1770 1619 1874 1644 eorum

1171 1660 1257 1693 bonis
1279 1660 1494 1703 tr·ansferencli.

1393 1735 1607 1767 smntamtnt

1125 1802 1167 1832 Ab
1200 1802 1347 1842 episcopis
1376 1803 1567 1840 permittenda
1600 1803 1782 1842 leprosorum
1811 1803 1876 1833 col-

1165 1847 1260 1876 lectio.
1279 1863 1316 1868 —
1336 1847 1362 1876 l.
1383 1846 1503 1886 Leprosi
1522 1847 1658 1886 capiendi
1676 1846 1764 1877 etiarn
1782 1847 1875 1878 inviti.

1164 1908 1201 1913 —-
1224 1891 1250 1920 2.
1273 1890 1509 1921 Contradictores
1532 1891 1652 1922 citandi.

1126 1967 1248 1995 clemens
1263 1966 1406 2002 episcopus
1424 1971 1519 1995 servus
1534 1969 1676 1995 servorum
1689 1964 1748 1999 Dei,
1767 1965 1878 1996 «tuentis

1169 2016 1235 2045 filiis
1261 2016 1390 2045 ministro
1405 2017 1437 2044 et
1454 2015 1591 2044 fratribus
1608 2014 1757 2051 hospitatis
1779 2015 1805 2044 s.
1829 2016 1879 2044 La-

1170 2065 1232 2095 zari
1245 2064 1494 2100 Hierosolymitnni.
1513 2064 1632 2094 salutem
1650 2065 1680 2093 ot
1698 2064 1877 2100 apostoticam

1170 2115 1398 2144 benedictionem.

1176 2185 1418 2221 venerabilibus
1450 2184 1599 2220 fratribus
1633 2183 1748 2220 nostris
1779 2184 1878 2219 archi-
1904 2198 1934 2219 Ab
1966 2201 2074 2226 meopt-

1129 2235 1298 2283 episcopis,
1325 2235 1484 2282 episcopis
1511 2244 1542 2269 et
1575 2233 1698 2269 dilectis
1719 2233 1791 2268 filiis
1812 2234 1878 2268 uni·
1890 2230 2075 2286 iiifflifflheii]

1130 2285 1225 2320 versis
1263 2284 1476 2319 Ecclesiamm
1525 2283 1681 2330 praelatis,
1723 2283 1877 2329 exemptis
1891 2290 1962 2312 Ιεσιῑο-

1130 2341 1159 2368 et
1182 2345 1245 2368 non
1272 2333 1438 2379 exemptis,
1464 2333 1495 2367 in
1517 2333 1630 2366 virtute
1651 2340 1777 2367 sanctae
1799 2332 1877 2366 obe-

1130 2383 1264 2417 dientiae
1298 2390 1329 2417 et
1349 2382 1408 2417 sub
1422 2381 1754 2416 excommunicationis
1766 2392 1878 2427 poena,

1130 2444 1222 2479 quam
1250 2431 1318 2479 ipso
1340 2431 1420 2466 facto
1442 2442 1496 2466 vos
1522 2430 1693 2465 incurrisse
1720 2429 1878 2469 volumus,

1132 2481 1188 2515 nisi
1229 2481 1384 2516 instanter
1418 2480 1477 2515 hoc
1510 2490 1657 2527 praesens
1697 2478 1878 2513 mandatum

1132 2530 1315 2565 curaveritis
1335 2529 1492 2565 observari
1514 2529 1693 2575 diligenter:
1715 2535 1746 2562 et
1770 2528 1878 2563 nihilo-

1133 2580 1238 2614 minus
1259 2579 1319 2614 sub
1345 2591 1444 2626 poena
1479 2578 1572 2614 officii
1594 2585 1626 2613 et
1652 2576 1797 2612 beneficii
1829 2588 1880 2612 ve-

1133 2628 1200 2673 stri,
1241 2637 1349 2663 tenore
1402 2627 1615 2677 praesentium
1659 2626 1879 2674 praecipiendo
