2129 3223
9 255 62 283 An.
75 253 104 281 C.
124 254 192 280 1255

31 2510 61 2535 De
79 2519 121 2535 non
142 2518 200 2535 reei-

20 2543 102 2571 piendls
115 2543 141 2564 ad
161 2543 200 2564 bo-

19 2573 95 2597 noticia
140 2577 202 2595 unto-

21 2608 81 2631 qum
94 2607 178 2626 vacent.

814 251 1008 275 AtssxANDlili
1032 251 1063 273 lv
1086 251 1133 272 PP.

206 315 352 362 quatuor,
373 308 425 354 qui
455 320 508 354 per
536 307 651 341 litteras
672 309 859 353 apostolicas
881 313 953 341 sunt

207 356 335 403 recepti,
350 356 389 391 de
415 356 482 391 aliis
496 356 677 391 auctoritate
701 355 871 401 ligatorum
906 355 951 389 ili

206 413 274 440 ctae
300 404 405 447 Sedis,
438 405 483 439 vel
521 412 606 439 motu
642 405 768 450 proprio
802 405 953 459 capituli⁷

205 466 262 489 seu
284 454 425 500 quovis
417 454 477 488 alio
497 453 589 488 modo
618 453 718 499 primo
753 454 887 500 receptis
922 453 951 487 in

206 503 282 549 ipsis
308 502 471 546 Ecclesiis,
494 510 538 537 tot
551 502 711 536 dumtaxat
728 510 907 537 remaneant
923 503 952 535 in

205 551 335 591 eisdem,
357 551 441 597 quod
465 551 683 598 quaternarius
705 563 856 586 numerus
894 551 954 585 im-

206 599 336 647 pleatur.
357 600 389 634 ln
414 600 475 634 illis
502 612 573 635 vero
595 600 757 639 Ecclesiis,
788 600 816 633 in
837 599 954 646 quibus

205 648 303 696 aliqui
327 649 527 683 solummodo
546 662 602 695 per
637 648 753 683 litteras
782 648 952 694 legatorum

206 697 362 745 praefatae
383 697 487 737 Sedis,
515 699 560 733 vel
595 697 728 744 capitula
759 697 953 741 earumdem,

206 759 263 782 seu
285 746 363 781 alios
394 747 431 781 ad
470 759 551 793 quos
580 746 805 781 canonicorum
835 754 954 792 spectat

206 796 357 843 receptio,
402 796 517 842 recepti
566 796 680 829 suerint
716 795 745 829 in
787 795 966 829 canonicos.

206 852 236 878 et
257 844 288 879 in
309 844 429 888 l'ratres,
445 852 563 879 tantum
583 852 717 890 quatuor
741 844 876 890 primoin
890 844 954 878 eis—

206 893 279 928 dem
308 901 451 940 receptos
477 894 620 928 volumus
644 905 818 933 remanere,
853 901 883 927 et
911 893 954 927 eis

205 942 244 977 de
279 942 466 990 praebendis
489 942 535 976 vel
565 942 725 976 benefieiis
746 942 804 975 sibi
828 942 856 975 in
885 942 954 976 eis—

205 991 276 1026 dem
301 990 465 1034 Ecclesiis,
494 991 576 1026 iuxta
600 1003 675 1025 suae
699 991 888 1037 receptionis
901 1003 953 1025 or-

205 1040 331 1084 dinem,
374 1039 489 1074 debitis
524 1040 687 1086 provideri.
729 1039 809 1074 Cum
851 1048 953 1074 autern

206 1089 350 1135 prioritas
383 1089 428 1123 vel
457 1089 624 1135 posteritas
652 1089 871 1135 receptionum
896 1088 955 1122 bu-

206 1137 342 1173 iusmodi
365 1138 394 1172 in
418 1137 569 1173 Ecclesiis
591 1138 724 1172 discerni
750 1150 809 1172 non
842 1146 954 1183 potest;

206 1196 291 1234 puta,
313 1187 387 1234 quia
417 1187 534 1234 recepti
551 1195 625 1221 suut
646 1186 739 1234 aliqui
762 1199 777 1221 a
811 1186 955 1232 capitulis

206 1237 359 1283 ipsarum,
382 1235 430 1270 vel
456 1235 600 1275 aliorum,
635 1235 673 1270 ad
714 1247 794 1282 quos
825 1237 955 1270 eanoni—

205 1296 313 1320 corum
338 1286 478 1330 receptio
507 1284 652 1339 pertinet
674 1284 779 1325 simul;
803 1284 841 1318 ita
871 1283 953 1330 quod

207 1333 347 1368 nescitur
380 1334 451 1380 quis
475 1334 574 1379 primo
599 1333 715 1367 ibidem
757 1333 804 1367 ius
845 1333 955 1367 babeat

206 1383 369 1423 canonice,
391 1389 422 1417 et
448 1382 500 1416 cui
536 1383 636 1428 primo
676 1390 819 1416 vacatura
860 1393 955 1428 prae-

206 1431 321 1475 benda,
344 1430 389 1466 vel
418 1430 604 1465 beneficium
629 1430 791 1471 debeatur;
815 1430 861 1464 vel
893 1429 956 1464 for-

206 1479 285 1515 sitan
321 1479 362 1515 ita
389 1479 570 1514 condictum
594 1488 640 1514 est
669 1479 750 1513 inter
792 1479 888 1525 ipsos,
924 1487 956 1513 ut

207 1529 236 1563 in
259 1528 460 1575 assequtione
486 1528 735 1576 praebendarum
778 1527 823 1562 vel
859 1527 956 1562 bene-

207 1578 349 1615 liciorum
362 1577 403 1612 ibi
426 1578 614 1617 vacantium,
638 1577 742 1612 nullus
763 1576 847 1611 alteri
865 1588 955 1623 prae-

207 1625 336 1668 feratur3
363 1627 405 1661 illi
430 1634 563 1667 tautum,
592 1638 694 1672 usque
715 1625 754 1660 ad
782 1633 955 1672 quaterna-

208 1676 286 1710 rium
315 1687 481 1710 numerum
505 1675 535 1710 in
558 1676 689 1721 singuiis
716 1674 878 1713 Ecclesiis‚
901 1673 956 1708 ubi

208 1724 277 1760 talis
303 1724 441 1771 receptio
453 1724 531 1759 facta
553 1723 658 1764 fuerit,
686 1724 734 1757 ius
756 1723 888 1757 babeant
910 1735 957 1757 ca-

208 1773 333 1814 nonice,
352 1774 404 1827 qui
433 1772 588 1819 capitulis,
617 1772 662 1806 vel
687 1771 796 1806 maiori
832 1780 862 1807 et
899 1784 956 1805 sa—

208 1822 288 1856 niori
305 1822 523 1869 par-,tieorum
539 1830 591 1855 aut
606 1822 672 1855 aliis
686 1820 723 1854 ad
746 1832 825 1866 quos
839 1828 957 1866 spectat

209 1879 347 1918 receptio
356 1870 564 1916 magrsrdonei
577 1869 777 1910 videbuntur,
787 1881 864 1915 quos
880 1869 956 1903 infra

207 1926 271 1954 tres
280 1931 404 1954 meuses
413 1928 480 1965 post
490 1918 733 1966 publicationem
745 1918 955 1964 praesentium

209 1969 317 2004 eadem
345 1968 492 2015 capitula,
521 1967 565 2001 vel
595 1969 695 2002 maior
717 1977 747 2001 et
769 1967 958 2013 saniorpars

209 2029 330 2062 eorum,
360 2025 413 2052 aut
453 2017 509 2057 illi,
541 2017 578 2050 ad
614 2028 694 2063 quos
732 2017 955 2050 canonicorum

211 2065 438 2112 praedictorum
458 2065 595 2111 receptio
614 2065 757 2112 pertinet
783 2065 958 2120 approbent

210 2115 379 2162 digniores.
402 2114 582 2161 Aliquando
603 2127 640 2148 (Χ
681 2122 755 2148 tunc
795 2115 957 2160 proximus

210 2165 257 2199 eis
277 2164 420 2211 superior
442 2164 498 2198 bos
524 2162 718 2209 approbandi
747 2162 873 2197 liberam
902 2163 958 2197 ba-

210 2212 282 2248 beat
304 2213 494 2253 facultatem,
517 2220 547 2246 et
569 2212 766 2258 provideatur
792 2213 836 2246 eis
872 2213 957 2246 iuxta

211 2262 367 2306 ordinem,
394 2274 486 2308 quem
510 2261 679 2315 disponent
718 2261 875 2308 capitula⁷
912 2261 957 2294 vel

212 2311 312 2346 maior
333 2319 362 2345 et
389 2311 494 2345 sanior
524 2322 595 2357 pars
630 2310 783 2356 ipsorum,
822 2310 867 2345 vel
903 2309 958 2353 illi,

212 2360 249 2395 ad
273 2371 353 2407 quos
393 2367 512 2414 spectat
547 2359 697 2406 provisio,
731 2367 781 2393 aut
816 2359 959 2405 proxime

212 2409 366 2456 superior,
394 2410 420 2443 si
448 2409 505 2455 ipsi
522 2420 616 2454 super
637 2407 695 2441 boc
719 2407 833 2442 fuerint
855 2408 960 2453 negli-

213 2467 324 2512 gentes
338 2458 377 2492 de
400 2457 599 2505 praebendis,
622 2456 668 2491 vel
686 2456 959 2503 beneficiisprimo

214 2508 245 2540 in
269 2507 385 2542 eisdem
408 2506 559 2542 Ecclesiis
580 2505 743 2540 vacaturis
759 2504 962 2540 Caveantau-

216 2564 276 2590 tem
305 2555 406 2590 taliter
434 2555 576 2602 praelati,
599 2554 746 2602 capitula,
773 2561 803 2588 et
829 2562 961 2589 caetera-

217 2616 284 2639 ium
318 2603 532 2640 Ecclesiarum
572 2603 731 2648 collegia,
772 2605 805 2637 iu
846 2603 961 2651 quibus

1620 238 1688 270 2399

992 312 1094 340 certus
1111 311 1156 339 est
1180 304 1425 351 praebendarum
1451 303 1495 338 vel
1512 303 1737 337 beneficiorum

993 366 1144 389 numerus
1171 353 1343 392 institutus.
1367 366 1404 387 ne
1426 353 1560 399 aliquem
1586 351 1669 386 nulla
1706 353 1736 385 in

992 415 1101 438 eorum
1123 402 1265 438 Ecclesia
1293 401 1468 448 praebenda
1489 409 1626 442 vacante,
1652 410 1737 435 motu

994 452 1119 498 proprio
1158 452 1308 498 recipiant
1344 451 1372 485 in
1405 451 1620 494 canonicum,
1643 458 1673 484 et
1707 451 1737 484 in

995 502 1141 546 tratrem,
1162 508 1194 534 ut
1221 500 1403 535 canonicam
1442 500 1561 546 possint
1599 498 1738 546 effugere

994 550 1157 594 ultionem,
1183 556 1214 584 et
1257 561 1314 583 nos
1349 560 1444 595 super
1481 548 1541 583 boc
1576 549 1739 596 providere

993 599 1079 634 aliter
1101 610 1164 634 non
1191 609 1350 644 cogamur.
1374 597 1407 632 Si
1432 609 1503 632 vero
1535 598 1637 645 aliqua
1671 597 1739 633 Ec-

993 648 1086 683 clesia
1110 648 1291 695 parvitatem
1315 646 1562 694 praebendarum
1604 647 1648 681 vel
1684 648 1740 682 be-

995 698 1176 732 neficiorum
1201 696 1356 739 babuerit,
1378 708 1458 743 quae
1492 708 1522 730 ιιι
1559 696 1739 742 receptione

994 754 1125 793 qiiatuor
1147 746 1371 780 canonicorum
1396 745 1441 779 vel
1469 744 1656 779 clericorum
1690 757 1739 780 re-

996 804 1082 842 putet
1107 807 1140 830 se
1161 803 1331 841 gravatam,
1355 802 1439 841 puta,
1458 794 1531 840 quia
1558 793 1650 828 babet
1666 794 1739 828 citra

994 845 1156 879 denarium
1182 844 1431 891 praebendarum
1448 843 1493 877 vel
1516 842 1740 878 beneficiorum

996 905 1161 928 numerum
1186 893 1374 933 institutum,
1418 892 1442 925 si
1479 904 1576 939 super
1610 892 1669 925 boc
1702 893 1740 926 ad

993 942 1109 977 Sedem
1138 941 1350 989 Apostolicain
1376 940 1507 976 voluerit
1541 940 1654 975 babere
1691 954 1742 975 re—

994 1003 1134 1031 cursum,
1157 1003 1214 1026 nos
1242 998 1334 1038 prout
1354 990 1504 1038 expedire
1543 989 1741 1031 videbimus⁷

994 1040 1177 1075 curabimus
1201 1039 1373 1085 providere.

1043 1089 1157 1124 Datum
1185 1089 1314 1135 Neapoli
1338 1089 1432 1123 nonis
1463 1087 1581 1134 aprilis,
1617 1087 1743 1134 pontifi-

995 1146 1082 1172 catus
1104 1138 1201 1173 nostri
1230 1150 1313 1172 anno
1336 1137 1448 1185 primo.

1036 1200 1093 1229 Dat.
1117 1200 1163 1228 die
1187 1199 1204 1228 5
1226 1199 1330 1238 aprilis
1353 1199 1438 1234 1255,
1463 1197 1565 1236 pontis.
1587 1206 1663 1227 anno
1686 1206 1704 1226 l.

1339 1355 1405 1390 Vll.

999 1438 1159 1470 Revocati'o
1196 1438 1386 1470 indultorum
1431 1437 1608 1480 conferendi
1651 1447 1746 1481 quae-

1044 1498 1169 1530 cumque
1191 1486 1335 1530 beneficia
1356 1497 1424 1519 cum
1445 1486 1631 1524 vacaverint,
1648 1493 1674 1518 el
1695 1497 1747 1518 ex—

1041 1537 1262 1578 pectati'varum
1289 1536 1331 1568 ad
1356 1536 1459 1568 eadem
1486 1536 1576 1568 etiam
1589 1541 1658 1578 post
1677 1535 1747 1567 ade-

1042 1592 1127 1628 ptam
1151 1585 1369 1628 possessionem
1397 1585 1450 1627 (l).

1268 1661 1480 1691 SUMMAitlUM

998 1722 1195 1761 Expectativae
1229 1723 1388 1752 nonnullae
1417 1723 1452 1752 ab
1487 1722 1654 1753 lnnocentio
1676 1733 1747 1753 con-

1036 1775 1145 1795 cessae.
1164 1783 1201 1788 —
1223 1766 1314 1802 Quam
1352 1767 1521 1804 incongrue.
1557 1783 1596 1789 -—
1624 1766 1745 1796 lrritan-

1038 1816 1091 1840 tur.

996 1884 1144 1913 Alexander
1161 1886 1300 1922 episcopus
1309 1892 1403 1914 servus
1413 1892 1553 1914 servorum
1562 1885 1618 1919 Dei,
1634 1893 1745 1916 vonera-

1039 1933 1140 1963 bilibus
1162 1934 1302 1964 t'ratribus
1333 1934 1466 1963 universis
1503 1935 1680 1970 patriarchis.
1701 1943 1747 1965 ar-

1040 1983 1228 2019 chiepiscopis,
1248 1984 1390 2019 episcopis,
1419 1985 1446 2012 et
1464 1984 1575 2013 dilectis
1592 1984 1657 2013 filiis
1674 1985 1745 2021 prio·

1040 2032 1127 2065 ribus.
1146 2033 1265 2066 decanis,
1295 2033 1500 2066 archidiaconis,
1521 2034 1551 2062 et
1574 2033 1638 2062 aliis
1660 2035 1745 2063 lini-,10-

1041 2083 1143 2110 siarum
1160 2082 1305 2117 praelatis,
1325 2088 1425 2111 necnon
1449 2083 1589 2118 capitulis,
1611 2083 1746 2112 conventi-

1041 2132 1100 2165 bus,
1120 2133 1149 2161 et
1167 2132 1290 2168 collegiis
1313 2133 1475 2165 eorumdem.
1497 2131 1615 2160 salutem
1634 2133 1664 2161 ot
1682 2138 1745 2167 apo-

1041 2182 1168 2209 stolicam
1183 2181 1406 2210 benedictionem.

1755 248 1803 272 An.
1821 247 1849 273 C.
1869 247 1935 273 ¹255

1048 2253 1222 2287 Discrimen
1252 2252 1409 2299 praeteriti
1433 2251 1597 2307 temporis,
1625 2260 1655 2286 et
1694 2252 1746 2286 in-
1773 2257 1841 2284 eme
1845 2257 1921 2276 ¹³¹¹*ss

1760 2287 1874 2309 nonnullae
1918 2286 1942 2306 ab

998 2302 1096 2337 hiatio
1119 2301 1328 2336 inverecunda
1363 2302 1535 2348 petentium
1574 2300 1746 2336 ambitione
1759 2317 1942 2339 Innocentiocon

999 2363 1060 2386 non
1083 2363 1192 2386 carens
1219 2350 1319 2385 felicis
1347 2349 1570 2385 recordationis
1595 2349 1747 2385 Innocen-
1761 2354 1841 2370 ⁶⁰⁵*

1000 2400 1075 2434 tium
1117 2400 1231 2447 Papam
1269 2400 1538 2446 praedecessorem
1579 2407 1720 2434 nostrum
1737 2426 1746 2442 ,

999 2448 1110 2483 fortius
1132 2448 1284 2484 hactenus
1302 2449 1570 2489 constrinxerunt,
1594 2457 1624 2483 ut
1639 2449 1747 2483 multis

1000 2498 1120 2532 diversa
1143 2497 1432 2544 concederet,quae
1452 2497 1578 2532 forsitan
1594 2497 1669 2532 alias
1683 2509 1746 2532 non

1002 2546 1098 2582 suerat
1125 2559 1334 2582 concessurus
1379 2554 1409 2581 et
1449 2546 1625 2594 frequenter
1664 2546 1747 2581 idem

1036 2617 1074 2651 (t)
1096 2616 1134 2642 Ex
1154 2615 1259 2650 Regest.
1278 2615 1359 2642 Vatic.
