2129 3223
926 223 1026 247 tunnx
1050 223 1164 246 uentu
1695 212 1765 244 825

264 277 377 315 Petrus
400 279 584 326 Aragonum
613 291 666 314 rex
694 278 814 315 Romae
838 279 869 314 in
898 278 1089 314 monasterio
1112 277 1145 314 S.
1187 278 1340 313 Pancratii
1378 278 1417 313 ab
1451 277 1636 312 Innocentio
1676 275 1717 311 111
1754 275 1815 311 PP.

364 337 545 370 coronatus,
572 329 639 364 197
663 341 681 363 α
705 337 735 363 et
755 342 815 374 seq.
843 328 923 364 Eius
941 327 1079 375 diploma
1104 340 1160 375 pro
1187 327 1330 363 libertate
1357 327 1559 371 electionum,
1582 327 1653 361 204
1676 327 1703 360 b.

263 377 376 413 Petrus
404 379 665 426 archiepiscopus
687 377 977 424 Compostellanus.
1005 377 1041 411 V.
1066 376 1322 424 Compostellaua
1351 377 1504 413 Ecclesia.

262 426 376 463 Petrus
395 427 456 472 (B.)
481 438 599 476 martyr
621 427 817 463 Veronensis
836 427 957 463 ordinis
979 426 1107 461 fratrum
1132 426 1401 470 praedicatorum,
1426 430 1495 461 562
1519 428 1546 460 b.
1571 425 1649 460 Eius
1674 426 1817 465 virtutes,

360 478 431 511 563
462 479 489 512 b.
509 477 706 525 Martyrium,
735 478 805 512 564
833 491 863 512 α.
891 476 1053 517 miracuta,
1083 478 1157 511 ibid.
1185 478 1211 511 b.
1235 476 1423 511 Sanctorum
1447 475 1675 511 Consessorum
1704 475 1816 510 canoni

358 527 561 572 adscribitur,
590 527 661 562 565
689 528 718 561 b.

259 575 375 611 Petrus
397 576 484 611 card.
509 575 542 612 S.
572 576 750 618 susannae,
780 579 823 610 14
847 589 877 611 a.

261 625 376 662 Petrus
399 638 507 661 comes
529 625 786 661 Autissiodoren.
810 625 930 661 Romae
963 634 1130 660 coronatur
1152 624 1216 660 CP.
1246 625 1425 672 imperator,
1450 628 1520 660 3t6
1544 626 1571 659 b.

261 675 376 711 Petrus
397 675 437 710 de
458 673 570 711 Castro
597 675 687 711 Novo
714 675 879 721 delegatus
905 687 922 710 a
961 674 1045 710 Sede
1077 674 1258 720 Apostolica
1295 682 1402 709 contra
1435 673 1637 720 Albigenses,
1673 675 1744 709 208
1782 687 1812 708 a.

359 724 540 772 Raymundi
569 724 695 760 comitis
725 724 836 760 fraude
858 724 1039 771 decipitur,
1062 726 1134 759 209
1161 736 1190 759 α.
1221 723 1271 758 Ab
1305 724 1376 758 eius
1406 723 1597 758 satellitibus
1635 722 1817 763 occiditur,

360 776 436 809 ibid.
459 775 487 808 b.

261 824 376 859 Petrus
403 823 575 870 episcopus
594 822 810 858 Carnotensis.
845 824 880 857 V.
903 821 1099 858 Carnotense
1121 822 1306 869 capitulum.

260 873 376 908 Petrus
400 872 486 919 prior
513 872 774 907 interamnensis.
804 873 838 906 V.
862 871 1111 907 interamnensis
1132 871 1284 907 Ecclesia.

259 922 374 957 Petrus
402 920 458 965 (S.)
485 929 515 956 et
537 921 586 956 alii
617 923 750 969 apostoli
778 921 916 956 secunda
939 921 1100 956 Ecclesiae
1125 921 1340 964 fundamenta,
1363 921 1435 954 469
1457 921 1474 953 b
1497 928 1526 953 et
1547 932 1607 965 seq.
1632 918 1706 961 Quo
1719 931 1815 953 sensu

359 971 482 1006 dicatur
509 970 629 1005 Paulus
656 972 683 1005 ei
711 972 741 1005 in
772 971 880 1005 faciem
905 971 1069 1014 restitisse,
1098 974 1170 1006 470
1194 983 1223 1005 α.
1252 969 1322 1017 lpse
1341 978 1371 1003 et
1392 968 1512 1003 Paulus
1539 980 1664 1016 semper
1704 968 1733 1003 in
1763 968 1818 1003 do-

314 1028 317 1030 ’
357 1021 456 1055 ctrina
484 1020 671 1061 concordes,
693 1022 758 1054 ibid
779 1022 807 1054 b.
836 1019 914 1055 Eius
943 1021 1110 1067 primatum
1134 1020 1280 1065 cognorit
1306 1018 1436 1058 Paulus,
1473 1019 1548 1052 ibid.
1587 1019 1614 1052 b.
1651 1016 1730 1052 Eius
1752 1018 1817 1065 pri-

360 1077 462 1104 matus
486 1069 599 1104 veritas
626 1069 831 1104 confirmatur
852 1070 1046 1115 expressius⁷
1068 1070 1143 1103 ibid.
1167 1078 1196 1103 et
1217 1081 1277 1114 seq.
1309 1068 1387 1102 Eius
1415 1075 1578 1114 peccatum
1613 1079 1816 1115 successores

357 1118 449 1154 docet
467 1119 580 1153 alienis
602 1119 739 1166 compati
763 1118 1010 1158 infirmitatibus,
1034 1121 1098 1153 471
1128 1119 1155 1152 b.

260 1167 474 1216 Philippensis
496 1167 659 1203 Ecclesiae
675 1169 765 1203 variis
778 1177 890 1204 auctae
905 1167 1078 1216 privilegiis
1100 1168 1328 1202 confirmantur
1350 1166 1445 1207 bonan
1465 1165 1580 1213 illaque
1602 1165 1661 1200 sub
1684 1173 1815 1213 protect.

358 1216 452 1253 Sedis
474 1217 675 1265 Apostolicae
703 1218 889 1265 suscipitur,
912 1219 985 1252 265
1006 1219 1024 1252 b
1042 1225 1073 1252 et
1093 1229 1152 1262 seq.
1186 1215 1264 1251 Eius
1286 1215 1536 1263 archiepiscopis
1569 1215 1699 1262 pallium
1737 1227 1817 1249 con-

359 1267 484 1302 ceditur
499 1294 508 1311 ,
531 1268 604 1301 264
626 1280 656 1301 α.

259 1314 431 1364 Philippus
453 1315 492 1351 ab
513 1315 700 1352 Innocentio
721 1315 765 1351 ΠΙ
790 1315 854 1351 ΡΡ.
882 1316 1066 1362 Aragonum
1091 1327 1142 1351 rex
1166 1322 1345 1354 coronatur,
1369 1316 1439 1348 284
1463 1327 1492 1347 α.

259 1364 430 1415 Philippus
452 1365 491 1400 de
516 1365 640 1400 Assisio
662 1366 796 1401 nuntius
819 1365 966 1413 apostol,
993 1367 1065 1400 498
1087 1378 1119 1406 a,
1143 1365 1214 1399 499
1233 1376 1264 1398 a.

259 1413 429 1465 Philippus
451 1427 504 1450 rex
527 1414 679 1450 Franciae
702 1415 813 1451 foedus
836 1415 893 1450 init
915 1427 988 1450 cum
1019 1413 1175 1449 Balduino
1211 1413 1326 1448 comite
1362 1412 1530 1446 Flandriae
1564 1410 1649 1459 quod
1691 1412 1816 1446 coufir-

393 1472 510 1505 matur‚
536 1466 598 1498 121
625 1466 653 1499 b.

258 1512 430 1560 Philippus
452 1512 480 1548 II
503 1525 555 1549 rex
577 1512 740 1549 Franciae.
762 1513 842 1548 Eius
858 1513 961 1561 proles
983 1526 998 1548 a
1021 1525 1119 1560 snper
1142 1511 1268 1546 inducta
1292 1519 1439 1557 suscepta
1464 1510 1665 1556 legitimatur,
1693 1511 1760 1544 182
1784 1522 1814 1543 α.

357 1561 590 1598 Beneficiorum
613 1563 799 1598 collationes
821 1564 972 1611 episcopo
994 1562 1143 1597 Treceusi
1174 1561 1320 1600 restituit,
1349 1563 1419 1595 206
1448 1562 1476 1594 b.

258 1611 427 1660 Philippus
449 1612 570 1648 Svevus
593 1612 624 1646 in
649 1613 872 1660 imperatorem
895 1612 1032 1658 eligitur.
1068 1613 1132 1646 169
1155 1624 1185 1645 α.
1227 1609 1296 1645 lura
1332 1622 1388 1657 pro
1423 1621 1460 1643 eo
1487 1616 1617 1647 asserta,
1644 1610 1717 1642 ibid.
1742 1610 1758 1642 b
1785 1617 1815 1642 et

359 1664 429 1697 170
457 1664 485 1697 b.
513 1663 580 1696 Alia
611 1663 677 1697 iura
704 1675 720 1697 e
743 1671 862 1701 contra,
890 1664 965 1696 ibid.
993 1661 1099 1703 Quare
1122 1673 1137 1694 a
1165 1659 1347 1695 Coelestiuo
1384 1658 1426 1693 tlt
1453 1658 1514 1692 PP.
1549 1658 1641 1692 fuerit
1681 1669 1813 1692 exrom-

359 1713 551 1751 ntuuicatus,
579 1713 652 1745 ibid.
676 1711 846 1753 Quomodo
870 1711 909 1745 ab
931 1711 1080 1758 episcopo
1103 1709 1232 1744 Sutrino
1260 1708 1435 1746 absolutus.
1464 1710 1523 1741 171
1552 1720 1571 1741 α
1594 1715 1624 1741 et
1645 1719 1704 1752 seq.

260 1761 435 1796 Pictavensi
464 1762 614 1808 episcopo
643 1760 808 1795 decretalis
829 1760 921 1795 datur
943 1772 1005 1807 qua
1032 1759 1218 1794 conceditur
1243 1759 1271 1793 ei
1300 1758 1424 1792 collatio
1467 1756 1693 1791 beneficiorum
1732 1757 1810 1791 ultra

358 1822 414 1845 sex
436 1811 596 1845 mensium
621 1809 815 1850 vacantibus,
844 1811 884 1844 19
913 1811 940 1844 b.
968 1809 1021 1844 lus
1044 1809 1070 1842 ei
1094 1808 1185 1843 datur
1221 1808 1250 1841 in
1286 1807 1460 1841 alibatis<as
1493 1806 1542 1840 sui
1584 1806 1812 1852 episcopatus,

359 1861 434 1894 ibid.
455 1858 654 1906 Collatioqne
678 1859 915 1906 praepositurae
937 1858 1101 1893 Ecclesiae
1124 1856 1340 1896 pictavensis,
1363 1858 1439 1890 ibid.

260 1908 384 1944 Pisanis
410 1909 658 1956 archiepiscopis
695 1908 936 1955 metropolicum
974 1908 1023 1942 ius
1063 1907 1268 1942 confirmatur
1301 1917 1399 1952 super
1438 1904 1619 1939 Corsicanis
1648 1903 1813 1945 Ecclesiis,

361 1960 442 1992 117.
470 1960 497 1993 b.
521 1957 718 1994 Conceditur
736 1957 855 1993 eisdem
873 1957 1026 2005 primatus
1044 1969 1139 2004 super
1158 1956 1336 2003 provincias
1371 1953 1569 1993 Turitanam‚
1599 1952 1810 1987 Calaritanam

359 2015 389 2042 et
411 2007 641 2052 Arborensem,
666 2009 735 2042 1118
762 2021 793 2042 u.

260 2056 384 2091 Pisanis
409 2057 638 2092 confirmantur
671 2056 858 2091 donationes
876 2068 988 2090 omnes
1009 2054 1047 2089 ab
1069 2053 1364 2102 Hierosolymitauis
1386 2052 1525 2098 regibus,
1542 2052 1674 2098 aliisque
1698 2051 1813 2085 Terrae

359 2105 495 2141 Sanctae
518 2106 676 2152 prioribus
705 2106 813 2145 sactae,
837 2107 882 2140 86
902 2118 920 2139 a
948 2114 977 2140 et
1003 2105 1029 2137 b.
1061 2103 1178 2138 Eorum
1206 2112 1236 2137 et
1259 2102 1462 2137 lauuensium
1490 2101 1688 2136 conditiones
1725 2100 1811 2147 pacis

359 2155 454 2190 initae
476 2156 536 2190 sub
562 2154 704 2190 Honorio
725 2155 767 2190 Ill
789 2155 869 2199 PP.,
898 2156 969 2189 555
991 2155 1017 2188 b.
1041 2152 1220 2188 Sardiniam
1255 2151 1418 2192 invadunt,
1443 2152 1512 2185 345
1541 2163 1570 2185 a.
1599 2149 1812 2197 liupelluntur

357 2203 612 2240 Mediolanenses
633 2204 672 2240 ad
695 2205 876 2240 violentiam
899 2215 1008 2239 eorum
1033 2201 1259 2249 repellendam,
1287 2203 1361 2236 ibid.
1526 2208 1532 2213 ·

260 2252 436 2289 piratarum
456 2254 617 2289 adiutores
639 2254 967 2291 excommunicantur.
993 2253 1061 2287 502
1085 2253 1113 2286 b.

259 2301 444 2339 Placentino
467 2303 586 2352 populo
609 2303 738 2338 facultas
766 2303 951 2338 conceditur
995 2301 1178 2336 instituendi
1222 2299 1379 2348 publicam
1413 2299 1625 2342 academiam,
1660 2297 1810 2345 episcopo

357 2375 432 2398 vero
458 2363 596 2398 lauream
620 2362 805 2405 conserendi
833 2360 1038 2401 doctoralem,
1055 2361 1126 2394 556
1149 2361 1176 2394 b.

259 2420 409 2457 Poloniae
430 2420 651 2456 christifideles
672 2420 884 2455 admouentur
905 2419 942 2454 ad
967 2418 1108 2453 debitum
1138 2429 1266 2452 censum
1301 2415 1462 2450 Romanae
1490 2414 1652 2450 Ecclesiae
1690 2413 1810 2461 persol-

358 2480 506 2527 vendum,
533 2480 601 2513 198
624 2491 654 2512 α.

259 2537 404 2572 Pontifex
426 2537 520 2572 Rom.
545 2536 687 2570 omnium
705 2535 916 2570 Ecclesiarum
935 2547 1040 2569 curam
1061 2545 1169 2580 gerere
1193 2533 1298 2571 dehet,
1318 2533 1365 2566 65
1387 2544 1417 2574 a,
1443 2533 1508 2565 106
1531 2532 1558 2564 b.
1584 2530 1707 2564 Nemini
1737 2529 1809 2563 suh-

357 2595 447 2637 iacet‚
465 2597 534 2630 102
562 2607 592 2629 α.
616 2593 776 2628 Fidelium
800 2605 909 2641 pacem
932 2603 1102 2640 procurare
1125 2591 1229 2635 debet3
1263 2592 1328 2624 115
1355 2603 1384 2623 ιι.
1416 2588 1566 2624 Eamdem
1603 2587 1694 2623 habet
1725 2596 1810 2635 pote-

338 2652 412 2683 Bull.
433 2651 509 2682 Rom.
537 2651 592 2681 t'ol.
610 2651 662 2680 III.
834 2650 890 2680 '¹04
