2129 3223
43 221 91 250 Αη.
109 221 136 248 C
158 221 224 248 ¹2¹3

51 277 105 300 rein
109 278 163 304 leals
172 284 223 299 non-

42 309 98 330 nulla
114 310 221 336 elargitur

70 1365 186 1386 ctat-sutae

831 218 1041 242 JNNOCENTtUs
1062 218 1099 240 111
1122 219 1170 241 ΡΡ.

237 275 342 311 Liceat
367 286 493 322 quoque
524 273 611 309 vobis
637 273 770 309 clericos
805 274 850 309 vel
886 273 980 309 laicos

235 334 301 365 etc„
325 336 417 370 usque
438 323 684 358 contradictione
706 323 807 371 aliqua
833 324 978 358 retinere

237 373 445 409 Prohibemus
479 373 608 420 insuper
647 381 720 413 etc.,
746 386 839 418 usque
873 373 979 408 nullus

235 423 346 458 audeat
387 423 529 457 retinere.
572 421 654 457 Cum
690 429 796 457 autem
836 423 979 468 generale

235 472 434 508 interdictum
461 480 527 512 etc..
553 485 646 517 usque
674 471 778 506 divina
806 471 903 507 officia
927 485 978 507 ce-

234 521 364 558 lebrare.
393 522 537 557 Chrisma
577 533 660 561 vero,
693 520 809 556 Oleum
836 530 978 556 sanctum

232 579 298 616 eta,
318 583 411 617 usque
437 571 571 607 voluerit
592 570 750 606 exhibere.
777 570 924 618 Alioquin
948 571 978 605 li-

233 628 301 657 ceat
322 620 412 656 vobis
446 629 518 665 etc,
552 633 645 667 usque
678 621 763 668 quod
803 621 980 667 postulatur

234 670 404 718 impendat3
425 670 592 707 adiicimus
618 670 710 705 etiam
739 678 772 705 ut
797 671 823 704 si
851 670 979 717 quando

235 720 264 755 in
287 720 393 768 aliquo
416 720 541 767 negotio
577 732 630 755 vos
657 720 777 766 gravari
804 720 978 764 senseritis,

233 769 350 805 Sedem
386 769 599 818 Apostolicam
634 769 721 804 vobis
754 769 854 804 libere
889 770 979 804 liceat

233 819 399 867 appellare.
422 818 578 861 Quotiens
599 819 692 854 etiam
709 827 847 854 sanctam
859 818 979 854 Roma-

233 880 304 904 nam
325 868 498 904 Ecclesiam
526 881 582 916 pro
607 868 841 914 gravaminibus
868 869 979 904 vestris

233 926 286 953 aut
320 926 402 953 certa
444 918 576 953 utilitate
611 917 698 953 adire
732 918 909 963 volueritis,
946 917 977 952 id

233 968 336 1015 ipsum
351 967 672 1003 faciendifacultatem
687 967 815 1003 liberam
827 967 976 1002 habeatis

280 1013 447 1053 Sancimus
467 1018 560 1052 etiam
587 1025 619 1052 ut
641 1017 741 1052 bonae
767 1027 862 1065 atque
888 1029 978 1052 cano-

231 1066 319 1102 nicae
341 1066 590 1102 consuetudines
615 1079 696 1114 quae
725 1067 755 1103 in
779 1075 882 1102 vestro
909 1079 978 1101 mo-

233 1116 367 1152 nasterio
385 1116 537 1152 hactenus
554 1117 735 1163 viguerunt,
758 1116 861 1151 eidem
884 1127 978 1151 vene-

231 1165 319 1201 rabili
343 1165 412 1201 loco
434 1166 464 1201 in
488 1175 676 1214 perpetuum
695 1165 829 1201 illibatae
856 1177 976 1201 serven-

231 1222 293 1250 tur.
310 1214 457 1251 Obeunte
485 1227 559 1251 vero
584 1223 613 1251 te
640 1228 725 1251 nunc
739 1215 879 1250 eiusdem
918 1215 977 1250 loci

232 1264 343 1300 abbate
363 1273 431 1310 eta,
451 1277 545 1311 usque
567 1265 759 1313 providerint
780 1264 974 1311 eligendum.

280 1313 489 1350 Decernimus
507 1326 582 1361 ergo
595 1323 660 1353 etc..
681 1327 774 1360 usquo
786 1314 978 1349 omnimodis

233 1363 405 1419 profutura.
429 1363 519 1399 Salva
540 1362 633 1399 Sedis
654 1363 853 1412 Apostolicae
875 1372 979 1399 aucto-

233 1413 332 1455 ritate,
370 1421 400 1449 et
436 1413 613 1449 dioecesani
651 1414 791 1469 episcopi
829 1413 977 1449 canonica

233 1463 359 1497 iustitia.
393 1462 426 1498 Si
461 1475 523 1510 qua
554 1463 649 1510 igitur
676 1464 706 1498 iu
735 1463 876 1498 futurum
907 1470 974 1502 etc„

232 1525 324 1558 usque
337 1513 496 1548 districtae
517 1512 675 1548 subiaceat
698 1513 818 1548 ultioni.
847 1512 978 1548 Cunctis

231 1570 337 1598 autem
358 1562 460 1597 eidem
482 1562 551 1598 loco
573 1570 638 1604 etc„
668 1575 762 1608 usque
783 1563 867 1611 pacis
889 1563 978 1597 inve-

232 1619 328 1646 uiant.

282 1660 395 1696 Datum
418 1661 574 1701 Laterani,
598 1674 652 1709 per
679 1675 806 1697 manum
826 1661 978 1710 Raynaldi

232 1711 364 1760 acolyti,
403 1719 433 1746 et
464 1711 617 1759 capellani
657 1712 776 1747 domini
804 1712 978 1746 Innocentii

234 1760 337 1808 Papae
353 1759 406 1802 lli,
425 1773 496 1796 xvir
519 1760 578 1795 kal
598 1760 786 1806 decembris,
809 1761 980 1797 indictione

233 1809 393 1854 secunda,
415 1810 638 1845 incarnationis
669 1810 863 1848 dominicae
898 1823 980 1846 anno

234 1859 401 1894 millesimo
419 1859 636 1895 ducentesimo
659 1860 886 1901 tertiodecimo,
908 1872 979 1907 pon·

234 1908 368 1944 tilicatus
390 1920 461 1944 vero
488 1909 606 1944 domini
634 1908 808 1945 Innocentii
824 1909 928 1957 Papae
939 1909 981 1944 111

234 1970 317 1993 anno
339 1958 564 1994 sextodecimo.

247 2015 309 2046 Dat.
330 2015 376 2046 dic
396 2017 431 2046 15
446 2016 611 2047 novembris
625 2017 709 2053 1213,
730 2022 806 2056 pont.
823 2026 897 2047 anno
914 2026 967 2047 xvi.

554 2165 664 2201 XClX.

240 2237 440 2284 Confirmatio
473 2239 665 2276 concordiae,
694 2239 787 2273 initae
818 2240 896 2273 inter
917 2251 984 2273 mo-

285 2288 452 2322 nasterium
494 2288 726 2326 Virziliacense,
764 2296 790 2322 et
833 2289 984 2323 Herveum

287 2338 423 2371 comitem
449 2349 485 2372 ac
512 2338 691 2372 Mathildem
717 2338 898 2372 comitissam
924 2339 985 2373 Ni-

286 2397 439 2421 vernenses
458 2389 483 2431 (l
494 2390 514 2432 ).

509 2451 722 2483 SUMMARIUM

241 2506 408 2539 Exordium.
433 2526 472 2533 —
502 2510 709 2541 Monacborum
738 2509 921 2541 virziliacen.
946 2511 984 2541 li-

281 2556 358 2584 terae
385 2555 420 2584 ad
444 2554 644 2586 Innocentium
665 2553 718 2584 PP.
746 2570 784 2576 —
806 2553 987 2585 Instrumen-

277 2603 316 2640 (¹)
335 2605 374 2633 Ex
390 2607 490 2641 Buluz.‚
508 2608 553 2636 lib.
571 2617 629 2641 xvr,
644 2608 726 2643 Epist.
748 2607 805 2634 ¹59.

321 2652 395 2682 Ball.
420 2651 494 2681 Rom.
523 2653 577 2681 vol.
597 2653 645 2682 ΙΙΙ.
806 2651 842 2680 37

1646 207 1716 240 289

1061 277 1120 302 tuin
1137 273 1253 302 comitis
1275 272 1475 304 Nivernensis.
1491 289 1530 296 —
1551 272 1650 303 lnnoc.
1665 272 1766 303 literae

1059 317 1167 356 quibus
1199 317 1314 355 delegat
1340 318 1534 356 cognitionem
1557 326 1664 348 causae
1691 316 1768 347 inter

1060 365 1184 391 monast.
1198 360 1403 391 virziliacense
1422 367 1450 392 et
1461 362 1596 392 comitem
1607 360 1767 391 Nivernen-

1060 405 1399 446 semz—Delegatisque
1416 407 1541 444 mandat,
1570 411 1602 437 ut
1629 406 1765 437 comitem

1059 449 1212 480 absolvant
1230 450 1265 479 ab
1282 452 1593 481 excommunicatione.
1611 468 1650 474 —
1663 451 1766 482 Comes

1059 494 1135 524 iurat
1150 503 1181 524 se
1201 499 1383 524 servaturum
1407 495 1592 525 concordiam
1619 495 1655 526 ab
1681 494 1767 525 inno-

1058 539 1153 569 centio
1175 540 1350 570 mandatam.
1368 557 1407 562 —
1428 539 1506 569 llanc
1530 541 1697 571 confirmari
1719 549 1767 579 pe-

1059 588 1122 614 tunt
1140 583 1324 614 Virziliacen.
1342 600 1381 605 —
1395 583 1554 614 Confirmat
1567 584 1766 614 Innocentius.

1018 655 1187 684 Innocentius
1207 655 1347 691 episcopus
1366 662 1459 684 servus
1479 663 1617 685 servorum
1644 657 1699 690 Del.
1719 658 1765 686 ab·

1062 704 1132 738 bati.
1149 706 1179 733 et
1197 704 1338 733 conventui
1357 704 1553 734 Virztiiacensi.

1067 766 1150 802 Cum
1188 767 1375 814 litigantium
1401 768 1524 803 utilitati
1560 769 1691 811 intersit,
1726 783 1765 806 ne

1018 816 1138 864 sopitae
1174 817 1289 852 iudicio
1312 817 1358 852 vel
1376 817 1543 853 concordia
1566 819 1766 866 quaestiones

1020 866 1132 901 iterum
1160 866 1365 909 suscitentur,
1403 867 1427 902 si
1451 879 1499 908 ea,
1530 879 1610 916 quae
1637 870 1764 916 provida

1018 924 1093 951 sunt
1129 915 1354 952 deliberatione
1393 916 1531 958 firmata,
1573 918 1766 954 auctoritatis

1019 972 1143 1001 nostrae
1170 966 1266 1001 robur
1297 975 1479 1014 exposcant,
1507 968 1552 1002 eis
1573 976 1661 1014 grato
1687 980 1765 1004 con—

1019 1022 1180 1050 currentes
1201 1028 1345 1060 assensu,
1364 1015 1476 1051 favoris
1501 1017 1663 1064 apostolici
1682 1030 1765 1065 prae-

1018 1064 1134 1100 sidium
1171 1065 1379 1112 impertimur.
1416 1065 1499 1101 Sane
1532 1067 1714 1122 postulastis
1747 1080 1764 1103 a

1019 1113 1122 1156 nobis,
1151 1123 1183 1149 ut
1204 1114 1417 1155 concordiam,
1440 1127 1521 1162 quae
1543 1117 1624 1151 inter
1646 1129 1699 1152 vos
1725 1129 1765 1152 ex

1020 1172 1104 1210 parte
1126 1176 1197 1206 una,
1224 1173 1253 1199 et
1280 1165 1426 1199 comitem
1449 1177 1485 1200 ac
1504 1166 1696 1201 comitissam
1714 1166 1767 1201 Ni-

1020 1225 1189 1249 vernenses
1223 1226 1260 1248 ex
1286 1214 1381 1249 altera
1407 1227 1502 1270 super
1532 1216 1765 1272 procurationi-

1019 1262 1090 1308 bus⁷
1116 1262 1239 1298 damnis
1263 1271 1293 1298 et
1329 1263 1455 1298 iniuriis
1475 1264 1658 1310 intervenit,
1684 1266 1766 1301 sicut

1020 1324 1074 1359 per
1100 1312 1219 1348 litteras
1253 1321 1369 1348 vestras
1401 1314 1595 1361 accepimus,
1623 1327 1702 1362 quas
1726 1314 1766 1351 de

1020 1361 1113 1396 verbo
1139 1362 1177 1397 ad
1202 1362 1330 1397 verbum
1364 1362 1515 1398 iussimus
1549 1364 1766 1411 praesentibus

1019 1412 1180 1456 innotari,
1218 1411 1419 1458 dignaremur
1456 1413 1629 1460 apostolico
1668 1415 1767 1450 muni

1020 1462 1102 1496 mine
1129 1461 1288 1497 roborare.
1323 1462 1429 1497 Tenor
1458 1470 1563 1498 autem
1592 1463 1766 1500 litterarum

1020 1510 1090 1546 talis
1104 1511 1217 1545 existit.
1243 1511 1448 1547 Sanctissimo
1477 1513 1554 1560 patri
1581 1521 1612 1548 et
1638 1514 1767 1549 domino

1020 1560 1191 1596 reverendo
1217 1560 1401 1596 Innocentio
1423 1561 1480 1597 Dei
1507 1563 1605 1608 gratia
1632 1563 1767 1599 Summo

1020 1610 1185 1652 Pontifici,
1220 1611 1322 1645 devoti
1350 1620 1381 1646 et
1419 1612 1554 1647 humiles
1584 1612 1639 1647 filii
1674 1614 1768 1649 frater

1020 1659 1180 1695 Galterius
1202 1661 1304 1695 dictus
1324 1660 1431 1701 abbas,
1460 1670 1489 1695 et
1507 1671 1681 1698 conventus
1702 1663 1766 1698 Vir-

1021 1709 1205 1755 ziliacensis,
1230 1709 1340 1745 devota
1363 1710 1478 1757 pedum
1501 1712 1619 1747 oscula.
1641 1712 1769 1748 Noverit

1020 1761 1168 1794 sanctitas
1203 1768 1303 1795 vestra
1337 1760 1422 1807 quod
1445 1761 1593 1796 dominus
1625 1761 1769 1797 Herveus

1020 1814 1126 1844 comes
1147 1818 1177 1844 et
1203 1808 1361 1844 Mathildis
1379 1810 1538 1846 comitissa
1557 1811 1770 1847 Nivernenses

1021 1858 1163 1893 lecerunt
1199 1858 1290 1894 nobis
1324 1859 1542 1895 authenticum
1575 1861 1770 1897 instrumen-

1023 1917 1105 1952 tum,
1124 1908 1215 1943 cuius
1234 1916 1323 1944 tenor
1338 1917 1385 1944 est
1399 1909 1486 1945 talis:
1509 1909 1673 1946 Universis
1691 1911 1770 1946 cliri-

1022 1957 1209 2001 stiiidelibus
1242 1958 1281 1993 ad
1315 1971 1396 2006 quos
1432 1971 1580 2006 praesens
1616 1960 1768 2007 scriptum

1023 2008 1209 2054 pervenerit.
1237 2007 1380 2043 Herveus
1407 2020 1525 2055 comes,
1552 2018 1581 2044 et
1609 2009 1769 2045 Mathildis

1022 2056 1180 2092 comitissa
1196 2056 1408 2093 Nivernenses
1421 2058 1553 2094 salutem
1575 2059 1605 2093 in
1621 2058 1767 2094 Domino.

1024 2106 1149 2141 Noverit
1176 2107 1362 2143 universitas
1387 2117 1487 2144 vestra
1508 2108 1592 2155 quod
1620 2121 1692 2143 cum
1715 2109 1769 2143 in—

1024 2164 1070 2190 ter
1103 2168 1162 2191 nos
1188 2168 1226 2190 ex
1259 2169 1321 2191 una
1354 2166 1451 2213 parte,
1489 2165 1521 2192 et
1552 2157 1707 2198 abbatem,
1741 2166 1770 2192 et

1024 2214 1212 2241 conventum
1252 2207 1432 2241 monasterii
1472 2206 1705 2242 Virziliacensis
1732 2219 1770 2243 ex

1024 2255 1118 2290 altera
1152 2267 1247 2302 super
1272 2255 1461 2311 quibusdam
1495 2249 1771 2303 procurationibus

1025 2305 1151 2349 annuis
1176 2304 1312 2349 damnis,
1334 2313 1364 2339 et
1392 2305 1516 2339 iniuriis
1538 2306 1679 2352 quaestio
1701 2318 1772 2341 ver—

1025 2361 1164 2394 teretur,
1207 2353 1332 2388 tandem
1378 2354 1598 2390 mandavimus
1633 2355 1772 2391 Domino

1026 2402 1140 2449 Papae,
1163 2402 1248 2450 quod
1272 2415 1326 2450 per
1348 2404 1452 2439 omnia
1475 2403 1772 2441 volebamusinhac

1026 2464 1119 2487 causa
1142 2452 1242 2499 ipsuus
1268 2452 1486 2508 obtemperare
1513 2454 1677 2490 mandatis.
1700 2454 1773 2503 Ipse

1028 2514 1111 2547 vero,
1124 2511 1357 2538 communicato
1390 2502 1517 2538 fratrum
1545 2516 1674 2539 suorum
1697 2517 1774 2541 con-

1027 2551 1108 2590 silio,
1137 2552 1262 2599 scripsit
1284 2552 1313 2586 in
1344 2552 1427 2587 liunc
1451 2554 1592 2588 modum.
1616 2554 1774 2590 innocen-

1029 2601 1088 2635 tius
1121 2601 1288 2648 episcopus
1315 2614 1422 2636 servus
1450 2614 1611 2639 servorum
1640 2603 1697 2640 Dei
1720 2617 1774 2639 ve-

1783 217 1829 242 Αη,
1847 216 1875 242 C.
1894 215 1961 242 12le

1811 786 1929 807 limi-duim⁴

1799 1472 1947 1494 Monachururn

1782 1503 1914 1524 virziliacen.
1937 1505 1962 1524 ll-

1780 1538 1839 1556 ωηο
1855 1536 1879 1556 ad
1899 1534 1962 1556 luno-

1781 1567 1872 1587 centium
1888 1565 1919 1586 PP

1801 2018 1965 2038 instrumentum

1783 2050 1865 2070 comitis
1890 2047 1966 2069 bivor-

1783 2081 1862 2101 nensis.
