2129 3223
362 238 432 271 826
893 244 1081 267 9911101111
1112 244 1273 267 nonnosum

412 310 536 343 statem,
558 311 653 346 quam
682 298 830 333 Christus
856 298 944 333 dedit
972 299 1077 343 peu-,o
1108 302 1177 334 168
1200 312 1229 334 α.
1253 299 1342 342 Quae
1378 300 1446 334 eius
1472 301 1512 334 sit
1541 300 1692 345 dignitas,
1711 314 1794 348 quae
1811 314 1868 348 po-

412 360 518 388 testas,
544 351 612 383 187
636 362 665 382 (ι.
689 347 800 389 Qualis
828 348 867 382 sit
894 349 925 383 in
950 349 1018 383 eius
1039 327 1194 383 9111110119
1223 349 1328 383 divina
1352 348 1530 405 dispositio,
1559 353 1629 385 675
1657 363 1687 384 α.

314 401 446 435 Pontius
473 399 570 434 abbas
593 397 776 432 mon:·isteiii
805 397 838 432 S.
867 397 998 444 AEgidii.
1032 399 1062 432 V
1086 397 1207 437 AEoidii
1231 398 1288 443 (S.)
1312 399 1553 434 monasterium.

312 449 426 496 Populi
452 449 571 483 noviter
590 447 628 482 ad
655 447 747 482 {idem
772 448 915 482 conversi
944 447 1105 482 Romanae
1140 447 1302 483 Ecclesiae
1337 449 1472 483 subiecti
1512 448 1715 484 declarantur
1743 458 1772 484 et
1809 449 1868 485 sub

412 499 480 533 91115
505 498 698 545 protectione
721 498 930 543 recipiuntur,
959 500 1028 531 422
1052 510 1083 531 α.

313 547 571 592 Portiigallenses
595 559 683 592 reges
704 547 742 581 do
766 547 916 592 religione
944 546 1097 581 catholica
1120 547 1239 594 optime
1269 547 1385 592 meriti,
1409 549 1480 582 262
1503 549 1530 582 b.
1562 546 1630 582 Sub
1665 548 1868 595 Apostolicae

412 597 507 633 Sedis
532 597 728 643 protectione
754 596 973 641 recipiuntur,
1009 598 1085 630 ibid.

312 646 525 693 Portugalliac
550 659 681 693 regnum
706 646 797 680 Sedis
812 646 924 693 Apost.
942 645 1096 692 vectigal,
1125 646 1195 679 265
1224 659 1254 681 α.
1290 646 1335 681 Eo
1364 654 1492 693 propter
1525 645 1755 682 inhabilitatem
1785 649 1868 694 regis

412 696 592 736 deturbato,
610 696 695 742 regui
718 708 863 742 proceres
885 704 1054 729 monentur
1077 704 1108 729 ut
1130 696 1238 730 comiti
1262 696 1444 730 Boloniensi
1469 696 1569 744 ipsius
1590 696 1675 731 fratri
1703 696 1866 739 obediant,

412 747 498 781 salvo
522 754 626 780 tamen
650 746 791 780 eiusdem
811 745 903 791 regis,
926 744 1127 792 filiorumque
1151 746 1230 784 iure,
1254 747 1324 780 516
1341 758 1361 780 a
1382 754 1411 780 et
1433 758 1492 791 seq.

314 795 465 831 Praxedis
487 795 543 840 (S.)
573 795 612 829 dc
639 794 725 829 Urbc
752 794 893 830 Ecclesia
918 794 1066 829 fratribus
1089 794 1122 829 S.
1150 794 1268 830 Mariae
1308 795 1347 830 de
1383 794 1495 831 Rheno
1529 795 1690 837 adimitur,
1731 798 1801 831 106
1841 797 1871 840 b,

416 848 483 880 107
507 858 537 879 α.
559 844 719 879 Cardiuali
744 845 858 879 titulari
883 844 1080 884 conceditur,
1104 846 1179 879 ibid.

314 895 539 930 praedicatiore
555 895 680 929 nemine
699 894 840 929 facienda
865 894 933 928 51119
960 894 1053 928 Sedis
1079 893 1281 941 Apostolicae
1304 894 1349 928 vel
1378 893 1528 929 ordinarii
1553 895 1611 929 loci
1647 894 1868 939 permissione,

414 946 453 979 21
485 958 515 979 a.
540 944 610 979 Non
639 944 670 978 in
699 943 825 978 occulto
848 943 901 978 sed
928 943 1052 990 publice
1075 954 1120 979 cst
1143 944 1296 987 facienda,
1319 946 1395 979 tbi'd.
1420 953 1448 978 et
1485 947 1552 979 159
1576 946 1605 980 b.
1637 943 1706 980 Hoc
1728 943 1868 979 officium

413 1007 477 1029 non
503 1003 621 1029 1901919
648 1006 662 1028 a
687 1006 891 1049 quocumque
915 994 1147 1039 usur,pandum
1173 995 1241 1028 160
1264 995 1292 1028 b.

314 1043 554 1080 Praedicatores
577 1044 770 1091 quaestuarii
795 1043 1016 1092 inquisitorum
1045 1044 1189 1078 censuris
1210 1042 1356 1083 subiecti,
1380 1044 1451 1078 690
1473 1057 1503 1077 α.

314 1092 572 1128 Praedicatorum
596 1093 717 1128 ordinis
746 1093 928 1140 primordia,
963 1094 1033 1128 509
1056 1106 1084 1127 α.
1109 1092 1305 1128 Conceditur
1323 1092 1369 1126 eis
1392 1092 1530 1127 Ecclesia
1554 1092 1588 1127 S.
1611 1091 1690 1128 Sixti
1709 1093 1748 1128 de
1775 1093 1869 1133 Urbe,

416 1144 486 1178 566
514 1146 542 1178 b.
566 1143 645 1178 Eius
668 1143 816 1178 fratribus
842 1143 924 1190 apud
949 1142 1093 1177 infideles
1120 1142 1323 1189 degentibus,
1348 1150 1380 1176 ut
1407 1142 1546 1176 habitum
1571 1152 1705 1182 mutare,
1741 1142 1869 1177 barbam

414 1202 445 1228 et
472 1205 594 1228 comam
625 1194 745 1228 nutrire
767 1205 803 1227 ac
826 1192 979 1241 pecunias
1001 1200 1133 1227 tractare
1156 1192 1279 1227 valeant
1302 1191 1495 1238 indulgetur,
1515 1196 1585 1226 417
1619 1194 1647 1232 b;
1676 1192 1787 1227 fratres
1830 1191 1867 1226 ad

414 1243 631 1290 episcopatum
657 1242 703 1277 vel
726 1242 802 1277 alias
823 1242 1054 1277 ecclesiasticas
1076 1241 1256 1288 dignitates,
1281 1241 1385 1276 invitis
1413 1241 1533 1276 ordinis
1551 1241 1784 1288 superioribus,
1807 1253 1869 1276 000

414 1292 548 1326 suntab
570 1292 675 1339 aliquo
702 1292 954 1339 archiepiscopo,
977 1303 1035 1326 nec
1057 1292 1167 1338 Apost.
1210 1290 1301 1326 Sedis
1340 1291 1442 1336 legato
1482 1290 1701 1337 promovendi,
1737 1292 1809 1326 543
1840 1293 1869 1325 b.

415 1341 582 1388 Assumpti
606 1353 680 1375 veto
702 1341 807 1375 omnia
835 1341 952 1375 debent
987 1341 1156 1375 conventui
1195 1341 1382 1378 restituere
1426 1341 1497 1374 798
1525 1342 1551 1374 b.
1590 1340 1623 1374 ln
1661 1349 1725 1375 toto
1760 1340 1871 1375 ordine

415 1390 572 1426 uniforme
594 1390 731 1425 officium
760 1390 970 1433 recitandum,
1001 1392 1069 1425 785
1097 1403 1127 1424 α
1156 1389 1274 1425 Eorum
1305 1389 1465 1436 privilegia
1493 1389 1650 1436 episcopi,
1678 1389 1795 1436 aliique
1827 1390 1872 1424 in-

418 1440 579 1488 terpretaii
597 1453 658 1474 non
676 1448 820 1486 possunt,
835 1441 903 1474 799
918 1441 945 1473 b
961 1439 1229 1475 AbUniiersitate
1245 1439 1415 1474 Parisiensi
1429 1440 1542 1485 repulsi
1557 1438 1727 1474 Summum
1745 1439 1872 1474 Pontifi-

415 1502 483 1523 cem
507 1489 680 1544 1101)(Ἣ1Ι11111
701 1491 772 1523 605
794 1502 823 1523 a.
847 1488 931 1530 Quid
949 1490 1069 1534 egerint
1085 1488 1290 1523 Innocentius
1309 1488 1587 1523 lVetAlcxandei
1604 1487 1655 1528 lV,
1672 1490 1746 1524 ibid.
1763 1497 1868 1536 etseq.

315 1538 450 1573 Praelati
478 1538 571 1573 Eccli
565 1551 638 1573 sias
664 1551 749 1581 suas,
772 1538 889 1584 quibus
913 1546 1072 1585 praesunt,
1096 1538 1207 1573 alienis
1233 1537 1348 1573 debitis
1387 1550 1515 1583 gratare
1555 1538 1685 1571 minime
1724 1546 1871 1585 possunt,

416 1589 488 1622 465
510 1590 538 1622 b.
566 1588 693 1622 Poenae
716 1587 979 1629 inobedientium,
1008 1589 1080 1622 464
1107 1600 1137 1622 α.

316 1637 659 1672 praemonstratenses.
696 1637 935 1671 Consti-utantur
970 1649 1079 1672 eorum
1117 1636 1275 1683 regulares
1311 1636 1537 1677 institutiones,
1568 1638 1636 1671 125
1664 1638 1691 1671 b.
1729 1635 1872 1684 Regulae

416 1687 536 1722 eisdem
560 1688 685 1725 dantur,
707 1688 782 1720 ibid.
811 1686 850 1721 Et
874 1687 1024 1722 nonnulla
1048 1686 1269 1721 conceduntur
1292 1686 1466 1733 privilegia,
1495 1688 1563 1720 127
1598 1688 1615 1720 b
1658 1695 1686 1720 et
1724 1699 1783 1731 seq.
1808 1686 1872 1720 Eo-

419 1750 487 1772 rum
511 1737 588 1772 ordo
613 1737 811 1776 reformatur,
834 1738 906 1771 466
934 1749 964 1771 α.

317 1786 512 1822 Premislaus
539 1785 689 1821 Boemiae
718 1785 784 1820 dux
813 1786 894 1831 regis
917 1786 1045 1820 nomine
1068 1786 1247 1830 decoratur,
1277 1787 1346 1821 189
1370 1799 1399 1821 α.

317 1835 478 1870 Primitiae
500 1836 570 1871 Deo
593 1835 783 1875 offerendae,
810 1838 878 1870 125
902 1837 929 1869 b.

318 1884 492 1925 l’rioratus,
521 1896 696 1932 eorumque
720 1885 857 1924 collatio,
887 1887 957 1920 629
981 1886 1009 1919 b.

318 1934 510 1970 Privernatis
532 1934 673 1969 Ecclesia
697 1933 917 1969 Terracinensi
943 1935 1062 1975 unitur,
1086 1936 1157 1969 515
1184 1935 1212 1968 b.

319 1983 483 2019 Processio
511 1985 561 2019 die
590 1984 667 2018 festo
686 1983 719 2018 S.
744 1984 840 2018 Marci
864 1984 901 2018 ad
926 1983 1086 2018 basilicam
1114 1983 1148 2019 S.
1172 1982 1271 2023 Petri,
1302 1985 1365 2017 671
1408 1997 1438 2018 a.
1475 1982 1521 2017 De
1552 1982 1683 2022 vexillis,
1723 1982 1873 2018 crucibus

417 2034 548 2080 aliisque
577 2034 720 2079 insigniis
748 2034 777 2067 in
806 2046 840 2068 ea
866 2033 1013 2074 ferendis,
1040 2035 1115 2067 ibid.
1140 2034 1168 2067 b.
1196 2031 1242 2066 Dc
1265 2032 1403 2067 denariis
1429 2031 1631 2080 recipiendis,
1656 2033 1726 2066 672
1761 2045 1791 2066 α.
1825 2032 1873 2067 De

417 2083 565 2118 crucibus
589 2096 644 2129 per
667 2083 794 2117 ordines
821 2083 981 2129 regulares
1004 2082 1153 2123 ferendis,
1175 2083 1250 2117 ibid.

318 2133 521 2168 Prostitutae.
551 2133 586 2166 V.
610 2132 797 2178 Repentitae
825 2133 984 2167 mulieres.

319 2181 531 2217 provinciales
553 2181 787 2226 (liaeretici);a‹l
803 2194 911 2216 eorum
936 2181 1204 2228 expugnationem
1223 2181 1400 2216 excitantur
1418 2179 1654 2222 christifideles,
1675 2181 1745 2215 227
1765 2192 1785 2215 α
1799 2188 1828 2215 91
1843 2181 1870 2215 b.

319 2232 466 2267 Prussiae
490 2232 710 2266 christifideles
731 2232 768 2266 ad
794 2231 886 2266 11119111
910 2231 1096 2266 catholicam
1122 2232 1242 2266 noviter
1269 2231 1410 2266 conversi
1440 2230 1650 2265 admonentur
1671 2239 1707 2265 ut
1728 2229 1805 2265 alios
1832 2228 1869 2264 ad

417 2282 560 2317 eamdem
589 2280 831 2328 amplexandam
856 2282 1004 2323 excitent,
1029 2283 1099 2316 569
1122 2283 1149 2315 b.

319 2331 521 2379 Purgationis
544 2331 643 2373 locus,
668 2332 739 2366 582
767 2332 795 2366 b.

321 2478 600 2525 Quadragesimale
629 2479 795 2519 ieiunium,
819 2480 888 2513 582
912 2492 941 2513 α.

320 2527 550 2568 Quaestuautes
578 2537 607 2563 et
635 2528 746 2563 litteris
779 2528 961 2574 apostolicis
982 2527 1161 2570 abutenteS,
1192 2526 1440 2574 earumdemque
1464 2533 1623 2573 praetextu
1653 2525 1871 2572 eleemosynas

420 2577 657 2623 quomodolibet
685 2586 910 2623 extorquentes
932 2577 1134 2619 damnantur,
1158 2577 1226 2610 767
1256 2578 1283 2610 b.

321 2626 440 2666 Quirici
465 2626 521 2669 181
549 2626 730 2662 Monasterii
759 2626 881 2661 abbuis
908 2635 938 2661 et
965 2626 1142 2661 pennensis
1167 2625 1308 2673 episcopi
1338 2624 1548 2661 controversia
1577 2622 1736 2664 definitur,
1765 2625 1804 2657 17
1839 2635 1870 2658 α.
