2129 3223
369 272 437 306 790

316 337 483 373 crediderit
509 333 732 373 admittendos,
755 331 779 367 si
808 332 863 371 iis,
893 343 972 380 quae
1001 331 1060 366 sra-

316 388 416 423 trihus
449 392 664 433 apponuntur,
690 382 787 418 velint
813 393 883 417 esse
909 381 1058 417 contenti.

315 437 362 472 Ad
380 437 462 471 lauta
484 434 624 482 quidem,
646 433 711 468 sive
727 432 861 466 nimium
875 439 1059 478 sumptuosa

314 486 428 523 cibaria
460 496 520 519 non
549 490 672 530 oportet
702 493 892 530 quemquam
928 479 1059 520 admitti,

314 546 532 584 quaecumque
555 541 658 568 tamen
685 530 872 580 praestanda
888 538 972 574 sunt,
988 541 1059 564 cum

315 585 468 621 hilaritate
487 589 696 631 praestentur,
713 590 743 617 et
765 580 839 616 nulli
860 579 1059 615 maledictum

316 647 372 684 pro
395 633 559 669 maledicto
581 631 739 667 reddatur.
768 630 801 666 Si
837 630 909 677 quis
944 637 1060 668 tamen,

314 693 344 720 et
377 684 510 718 maxime
553 682 729 728 religiosus,
766 681 803 716 ad
836 678 1059 726 hospitandum

315 733 498 778 advenerit,
521 732 656 778 benigne
677 730 878 778 suscipiatur,
903 736 933 763 et
957 727 1061 763 chari-

315 783 406 819 tative
442 783 525 818 iuxta
559 793 649 829 posse
683 780 795 815 domus
831 778 871 813 illi
906 776 1062 812 submini-

314 841 441 870 stretur.
472 833 611 868 Avenam
643 838 759 870 tamen,
790 830 836 864 vel
873 827 956 862 aliud
993 827 1061 861 loco

314 895 429 919 avenae
462 881 641 929 hospitibus
679 879 754 914 dare
789 891 850 914 non
886 884 1060 921 teneantur,

315 933 340 968 si
367 932 483 968 suerint
505 932 536 966 in
563 930 684 966 civitate
706 929 753 964 vel
775 927 904 976 oppido,
932 926 983 961 ubi
1008 937 1062 961 ve-

315 983 394 1018 nalis
415 981 600 1021 inveniatur,
622 979 682 1014 nisi
716 978 793 1013 forte
825 977 961 1024 religiosi
999 975 1061 1010 sint

315 1032 465 1080 hospites,
493 1030 539 1066 vel
566 1029 654 1070 tales,
688 1028 741 1076 qui
775 1027 812 1062 ad
852 1039 963 1062 manus
999 1038 1059 1060 non

314 1082 449 1118 habeant
474 1089 504 1116 et
530 1091 635 1115 emere
659 1090 721 1113 non
745 1077 875 1125 possint.
899 1076 932 1111 Si
954 1084 1059 1111 autem

314 1132 455 1179 hospites
489 1129 628 1165 venalem
651 1140 713 1163 non
737 1126 938 1167 invenerint,
960 1134 990 1160 et
1029 1125 1060 1159 in

315 1182 420 1223 domo,
442 1192 503 1228 qua
529 1178 665 1226 suscepti
698 1177 836 1220 fuerint,
875 1176 1061 1218 inveniatur,

313 1238 524 1278 congruenter
549 1229 596 1264 eis
618 1226 814 1276 praebeatur.
847 1225 959 1260 Nullus
998 1225 1061 1259 lra-

314 1288 360 1316 ter
377 1280 511 1316 clericus
536 1286 589 1314 aut
610 1277 711 1313 laicus
732 1277 771 1311 sit
793 1276 830 1320 (si
854 1275 919 1310 fieri
951 1277 1061 1321 potest)

315 1330 382 1365 sine
405 1329 531 1378 proprio
552 1327 665 1363 officio.
690 1326 724 1362 Si
738 1325 810 1373 quis
833 1336 903 1360 vero
922 1324 1062 1359 laborare

314 1380 450 1415 noluerit
471 1386 501 1413 et
522 1378 668 1426 potuerit,
690 1376 775 1411 iuxta
812 1374 974 1409 arbitrium
1002 1374 1062 1407 mi-

315 1429 417 1474 nistri,
444 1428 594 1463 canonice
617 1426 774 1474 puniatur,
793 1436 863 1459 cum
891 1423 1061 1470 Apostolus

315 1478 406 1514 dicat:
434 1477 497 1520 Qui
524 1489 585 1512 non
608 1476 737 1514 laborat,
760 1486 821 1509 non
850 1473 1027 1508 manducet.

616 1551 699 1586 Car.
728 1553 760 1585 5.

363 1625 530 1662 Silentium
558 1634 683 1670 semper
703 1622 869 1658 observent
897 1620 927 1654 in
953 1619 1061 1663 choro,

317 1677 374 1711 nisi
413 1674 507 1710 frater
548 1673 681 1709 alicuius
714 1672 816 1707 fratris
851 1670 897 1705 vel
935 1669 1062 1704 alterius

316 1727 394 1761 forte
420 1724 652 1760 confessionem
675 1722 704 1756 in
727 1721 810 1756 dicto
838 1720 906 1754 loco
945 1718 1061 1754 audiat.

316 1775 419 1811 Pauca
441 1774 532 1809 etiam
557 1772 648 1808 verba
674 1772 704 1806 in
732 1771 828 1806 choro
849 1769 908 1804 sub
939 1767 1062 1803 silentio

118 284 169 312 An.
189 283 218 311 C.
237 284 302 311 ¹267

132 1337 155 1358 Et
165 1342 259 1358 manuum
270 1336 301 1356 ln-

119 1370 177 1390 bore

133 1680 161 1702 De
182 1681 265 1701 silentio
281 1681 301 1701 in

120 1712 191 1735 thoro.

315 1834 346 1861 et
371 1825 438 1860 sine
459 1823 602 1871 strepitu,
627 1828 753 1870 propter
781 1821 917 1867 aliquam
949 1819 1060 1853 iustam
1082 1839 1083 1851 i

316 1886 452 1916 causam,
474 1874 559 1921 loqui
588 1878 744 1920 poterunt.
768 1870 801 1905 In
831 1868 993 1904 refectorio
1032 1875 1063 1902 et

315 1926 346 1960 in
368 1924 554 1960 dormitorio
574 1921 735 1957 silentium
762 1919 985 1956 observabunt:
1002 1917 1061 1952 nisi

316 1974 486 2010 necessitas
507 1972 621 2020 aliqua,
643 1971 689 2006 vel
712 1971 793 2006 iusta
820 1981 914 2005 causa
945 1980 999 2003 eos
1023 1966 1062 2002 ad

133 1926 155 1948 Ει
172 1925 293 1950 refectorio,

316 2023 511 2073 loquendum
534 2020 710 2069 compellat:
736 2021 765 2054 in
793 2032 856 2067 quo
882 2031 956 2054 casu
985 2027 1083 2071 Pau'}

335 2075 340 2080 ”
1082 2072 1084 2096 l
1104 2068 1197 2102 suerit
1220 2066 1419 2114 poenitentia,
1443 2067 1519 2102 haec
1541 2067 1580 2102 sit
1603 2067 1696 2114 prior,
1717 2066 1847 2111 scilicet,

316 2088 360 2110 cis
387 2073 490 2108 verbis
528 2081 557 2107 et
588 2071 743 2106 submissa
776 2081 849 2104 voce
883 2068 1060 2116 loquentur.

316 2125 412 2160 Extra
433 2135 505 2158 vero
532 2121 688 2170 praedicta
706 2120 771 2154 loca
786 2119 878 2154 liceat
903 2120 947 2153 eis
977 2117 1061 2164 loqui

319 2173 515 2222 temporibus
540 2172 618 2218 aptis
644 2169 798 2206 submissa
833 2180 919 2213 voce,
957 2167 1062 2201 humi-

124 2218 160 2270 ρξῖ
175 2220 306 2270 ω”ζῖἶῖζζῖ
320 2224 388 2259 liter
405 2231 435 2258 et
462 2223 601 2257 honeste.
629 2220 755 2267 Ubique
774 2231 878 2254 sermo
899 2229 1008 2252 eorum
1024 2219 1064 2251 sit

125 2256 197 2301 σπη’
233 2268 236 2269 ’
320 2273 472 2308 honestus
507 2280 538 2307 et
558 2272 625 2306 sine
652 2269 809 2305 scandalo.
838 2267 1001 2311 Similiter,
1035 2274 1064 2301 et

320 2335 428 2358 eorum
450 2322 553 2357 omnis
578 2328 688 2364 status,
721 2326 840 2364 gestus,
879 2318 958 2372 vita,
985 2316 1085 2360 actio¹

320 2380 351 2406 et
376 2372 480 2407 omnia
502 2371 559 2406 alia
582 2370 710 2405 honesta
734 2370 763 2403 in
786 2368 830 2402 eis
861 2374 1063 2414 reperiantur.

626 2445 707 2481 Cn.
731 2448 766 2479 6.

371 2519 564 2567 Capitulum.
587 2519 611 2553 si
634 2517 700 2552 fieri
724 2523 825 2564 potest
845 2514 976 2561 singulis
1003 2513 1066 2549 die-

127 2569 310 2623 ‘¹³⁶‘:⁹¹:¹¹⁰⁶¹2·
325 2569 383 2604 bus
405 2569 571 2604 dominicis
599 2568 629 2602 in
651 2566 782 2613 singulis
812 2565 970 2608 domibus,
1005 2563 1065 2599 mi-

137 2606 201 2628 ”qu‘
244 2606 310 2624 ‘'mu''
325 2620 423 2653 nister
448 2617 690 2654 cumfratribus
713 2617 777 2652 suis
812 2622 925 2656 teneat,
964 2622 993 2649 et
1027 2613 1067 2648 de

325 2668 460 2714 negotiis
481 2668 604 2710 domus,
626 2674 655 2702 et
681 2666 787 2701 domui
811 2677 897 2702 suae,
920 2663 983 2699 sive
1006 2663 1067 2698 l'ra-

908 276 1097 300 mummuli!
1118 276 1280 299 Ronlanum

1101 330 1202 365 tribus
1224 329 1314 371 datis,
1336 336 1366 364 et
1388 328 1532 374 familiae,
1564 329 1689 364 nomine
1714 328 1844 369 ordinis,

1101 380 1193 424 datis,
1226 388 1261 414 ut
1297 379 1334 414 ad
1369 378 1616 426 redemptionem
1651 379 1844 426 captivorum

1102 430 1189 464 tertia
1217 441 1289 477 pars
1323 428 1502 475 deputetur,
1541 428 1651 464 fratres
1691 428 1846 466 ministro.

1101 487 1131 514 et
1162 479 1303 514 minister
1336 478 1482 514 fratribus
1521 479 1673 514 rationem
1714 477 1847 513 fideliter

1102 528 1243 564 reddant.
1265 527 1418 563 Similiter
1438 528 1572 575 singulis
1599 527 1764 563 dominicis
1778 527 1847 563 die-

1102 578 1172 622 bus,
1194 579 1219 613 si
1243 578 1308 612 fieri
1331 585 1444 626 potest,
1458 578 1631 613 exhortatio
1647 577 1711 621 fiat,
1730 578 1844 626 etquid

1101 628 1228 662 credere
1255 635 1308 662 aut
1344 639 1436 675 agere
1470 627 1626 667 debeant,
1663 627 1846 675 simpliciter

1102 685 1298 712 moneantur.
1322 677 1368 712 De
1390 677 1535 712 omnibus
1561 676 1655 711 rebus
1676 685 1706 711 et
1726 677 1847 712 clamo-

1102 727 1201 771 ribus,
1224 727 1331 762 fratres
1354 727 1385 761 in
1403 727 1540 773 capitulo
1562 726 1749 761 iudicentur.
1772 726 1848 762 Nul-

1103 778 1150 811 lus
1177 775 1306 811 fratrum
1334 775 1457 811 fratrem
1480 789 1571 811 suum
1595 776 1626 810 in
1649 775 1773 823 publico
1798 788 1846 811 ac-

1102 833 1200 869 cuset,
1223 826 1281 861 nisi
1297 826 1377 860 bene
1399 826 1496 873 possit
1518 826 1665 873 probare;
1703 826 1755 872 qui
1789 838 1845 861 au-

1103 884 1164 910 tem
1187 876 1247 910 hoc
1281 875 1400 916 fecerit,
1437 887 1567 923 poenam
1607 874 1718 910 subeat
1750 888 1843 923 quam

1103 937 1174 960 reus
1204 925 1336 968 subiret,
1355 925 1381 960 si
1408 925 1549 960 convinci
1573 924 1750 972 potuisset,
1785 926 1844 960 uisi

1102 975 1244 1010 minister
1270 987 1306 1010 ex
1341 986 1433 1010 causa
1476 987 1548 1010 cum
1590 986 1627 1009 eo
1663 974 1845 1022 dispensare

1102 1024 1244 1060 voluerit.
1267 1024 1300 1060 Si
1328 1024 1397 1072 quis
1420 1024 1603 1059 scandalum
1640 1023 1686 1058 vel
1719 1024 1844 1072 aliquod

1102 1073 1281 1109 huiusmodi
1293 1074 1397 1109 feccrit
1406 1074 1451 1108 vel
1463 1074 1557 1121 <quod
1567 1073 1656 1117 absit)
1665 1086 1697 1109 se
1711 1075 1843 1109 invicem

1103 1124 1324 1171 percusserint,
1340 1124 1422 1158 iuxta
1440 1123 1601 1158 arbitrium
1622 1123 1766 1166 ministri,
1784 1136 1845 1159 ma-

1102 1174 1159 1208 iori
1172 1173 1219 1208 vel
1236 1174 1347 1208 minori
1366 1172 1521 1208 vindictae
1537 1172 1704 1208 subiaceat.
1723 1172 1756 1208 Si
1775 1174 1846 1221 quis

1102 1224 1194 1258 frater
1221 1223 1251 1258 in
1275 1223 1399 1258 fratrem
1428 1223 1613 1270 peccaverit,
1635 1222 1753 1258 scilicet
1770 1235 1846 1258 con—

1103 1281 1145 1307 tra
1174 1273 1312 1314 fratrem,
1339 1272 1434 1313 idern,
1461 1285 1498 1308 eo
1528 1272 1595 1307 solo
1621 1272 1761 1313 sciente,
1791 1273 1845 1320 qui

1104 1323 1250 1358 iniuriam
1274 1334 1384 1370 passus
1410 1331 1467 1366 est,
1494 1322 1646 1358 sustineat
1681 1322 1845 1370 patienter,

1102 1372 1173 1407 licet
1195 1373 1235 1407 sit
1262 1373 1423 1407 innocens:
1452 1380 1482 1407 et
1503 1384 1573 1407 eum
1597 1372 1750 1420 quieverit
1764 1384 1847 1407 com-

1102 1423 1200 1456 motio
1239 1422 1438 1461 animorum,
1473 1422 1608 1469 benigne
1642 1429 1672 1457 et
1713 1422 1846 1457 fraterne

1102 1480 1300 1506 commoneat
1326 1481 1356 1506 et
1383 1472 1531 1519 corripiat
1556 1484 1626 1506 eum
1654 1483 1755 1519 usque
1776 1478 1843 1510 ter,

1102 1521 1182 1554 inter
1203 1533 1236 1556 se
1262 1530 1293 1555 et
1314 1521 1417 1568 ipsum
1441 1521 1557 1562 solum,
1579 1529 1609 1555 et
1624 1521 1845 1568 poenitentiam

1102 1581 1192 1616 agere
1219 1570 1258 1605 de
1284 1571 1464 1611 commisso,
1502 1578 1532 1604 et
1570 1582 1586 1605 a
1621 1570 1776 1605 similibus
1815 1570 1845 1605 in

1103 1627 1262 1667 posterum
1279 1619 1446 1655 abstinere.
1475 1620 1538 1662 Qui
1574 1619 1598 1654 si
1620 1632 1681 1654 non
1701 1619 1845 1661 audierit,

1102 1669 1185 1704 dicat
1207 1669 1363 1710 ministro,
1387 1678 1417 1704 et
1439 1669 1490 1704 ille
1512 1669 1661 1716 corripiat
1694 1681 1767 1704 eum
1796 1681 1846 1704 se-

1102 1727 1198 1762 crete,
1219 1719 1395 1754 secundum
1417 1719 1502 1766 quod
1525 1718 1635 1753 viderit
1661 1718 1752 1754 saluti
1780 1721 1847 1753 eius

1103 1769 1261 1815 expedire.
1289 1768 1349 1810 Qui
1377 1781 1449 1804 vero
1471 1768 1654 1804 scandalum
1681 1768 1789 1811 movit,
1820 1768 1846 1802 si

1104 1830 1158 1865 per
1186 1831 1219 1853 se
1252 1818 1419 1854 emendare
1461 1818 1602 1858 voluerit,
1639 1827 1737 1853 totum
1774 1825 1847 1853 ante

1104 1867 1200 1916 pedes
1229 1868 1439 1909 scandalizati,
1474 1876 1584 1915 petens
1624 1868 1772 1906 veniam,
1813 1879 1846 1902 se

1103 1917 1260 1953 extendat:
1288 1927 1317 1953 et
1339 1918 1365 1953 si
1388 1918 1486 1953 semel
1512 1930 1571 1952 nec
1597 1917 1722 1958 sufficit,
1749 1929 1847 1964 usque

1105 1976 1150 2003 ter
1171 1967 1247 2002 illud
1286 1967 1367 2002 idem
1406 1967 1505 2002 faciat.
1542 1967 1574 2003 Si
1614 1979 1686 2002 vero
1718 1967 1777 2002 hoc
1814 1967 1846 2000 in

1106 2017 1266 2065 publicum
1308 2017 1437 2061 venerit,
1479 2029 1698 2064 quaecumque
1738 2023 1847 2051 secuta

1104 2126 1175 2152 ante
1202 2115 1298 2164 pedes
1336 2117 1495 2157 ministri,
1528 2116 1665 2164 petendo
1698 2116 1847 2161 veniam,

1105 2167 1200 2202 totius
1225 2167 1365 2214 corporis
1387 2166 1584 2211 extensione,
1611 2174 1642 2200 et
1669 2174 1774 2213 postea
1796 2178 1847 2201 se—

1105 2216 1244 2251 cundum
1286 2216 1447 2251 arbitrium
1488 2216 1622 2250 ministri
1651 2215 1845 2250 emendetur.

1105 2266 1258 2301 Generale
1285 2266 1459 2312 capitulum
1485 2266 1581 2300 semel
1603 2266 1635 2300 in
1656 2277 1738 2300 anno
1763 2266 1848 2300 cele-

1106 2316 1222 2356 bretur,
1245 2315 1329 2362 quod
1356 2315 1422 2350 fieri
1444 2314 1537 2350 debet
1558 2314 1715 2349 dominica
1740 2314 1847 2361 quinta

1106 2373 1176 2412 post
1207 2365 1336 2400 Pascha.
1372 2364 1407 2399 In
1440 2376 1504 2411 quo
1534 2364 1668 2412 capitulo
1708 2364 1847 2411 quolibet

1105 2427 1187 2450 anno
1208 2422 1399 2449 correctores
1425 2414 1552 2449 maioris
1571 2413 1705 2449 ministri
1727 2412 1849 2460 eligan-

1107 2472 1166 2504 tur,
1189 2464 1241 2511 qui
1276 2476 1335 2498 una
1368 2476 1441 2498 cum
1481 2464 1587 2499 maiori
1624 2462 1767 2498 ministro
1800 2462 1847 2497 vel

1106 2514 1174 2549 eius
1195 2514 1319 2554 vicario,
1343 2513 1517 2560 corrigendi
1539 2520 1569 2548 et
1594 2511 1762 2547 definiendi
1785 2524 1850 2548 om-

1107 2564 1167 2604 nia,
1190 2575 1268 2610 quae
1289 2563 1474 2610 corrigenda
1501 2571 1531 2598 et
1565 2561 1743 2597 delinienda
1776 2569 1850 2597 sunt

1107 2613 1137 2647 in
1159 2612 1294 2659 generali
1317 2612 1465 2661 capitulo,
1488 2621 1627 2659 tempore
1660 2611 1761 2659 ipsius
1798 2623 1850 2647 ca-

1108 2662 1208 2710 pituli,
1231 2670 1260 2697 et
1294 2663 1386 2697 etiam
1435 2662 1605 2696 visitatores
1638 2660 1850 2697 constituendi

1857 272 1906 299 An.
1926 271 1953 298 C.
1980 270 2045 298 ¹26⁷

1857 681 1890 709 §Et
1900 684 2041 704 correctione.
