2129 3223
146 261 194 288 An.
213 262 241 289 C.
259 263 326 289 1229

154 670 251 690 {venam
285 675 322 696 per

141 701 214 721 <edem
230 702 319 727 Apono-

141 734 200 753 'wrim
218 733 323 753 calamita-

141 764 194 784 ’ὤας
210 763 299 784 liberati.

152 1561 192 1582 Ε-ει
215 1560 253 1582 sub
269 1565 323 1587 ape·

140 1590 217 1612 nonen
249 1593 323 1618 prote-

140 1624 211 1642 ctione
227 1622 321 1648 suscipit.

165 2453 275 2478 Privtlegix
301 2457 332 2472 eis

152 2484 257 2505 concedit,
278 2484 332 2502 Bull-

153 2519 244 2541 qnasque
261 2514 335 2533 conflr-

153 2548 194 2566 mat
220 2546 334 2564 conmotu-

153 2577 219 2597 dines.

390 253 410 285 4
417 256 435 286 4
442 255 459 285 -t
915 261 1052 285 nutum
1059 261 1104 284 mn

340 318 472 363 graviter
493 317 556 351 huc
577 327 678 364 usqne
700 316 907 363 depresserat,
937 323 968 351 et
1001 327 1082 363 pene
1101 317 1104 333 ¹

339 367 529 402 demerserat
552 366 580 400 in
601 365 804 413 profundum,
826 374 968 400 materno
1007 365 1083 399 all'e-
1101 375 1103 390 ¹

339 424 390 451 ctu
409 416 604 463 compatiens
625 415 844 451 afflictionibus
863 415 1010 458 filiorum,
1029 414 1082 462 qui

338 466 425 512 quasi
454 465 483 499 in
522 465 586 500 luto
624 473 653 500 et
688 464 782 500 latere
821 465 918 500 coacti
962 465 1082 499 fuerant

338 515 506 559 deservire,
533 514 689 550 desiderio
710 514 910 555 desideravit,
942 522 976 548 nt
1010 514 1082 560 ingo

338 564 376 598 ab
402 577 512 600 eornm
536 564 711 600 cervicibus
726 573 787 600 tarn
811 564 906 599 ‹lnrae
925 563 1083 599 servitutis

338 627 483 658 excusse,
507 614 598 649 linem
623 614 670 649 his
692 614 765 649 dare
787 614 942 649 Dominus
969 613 1082 659 ‹ligna-

339 672 432 698 retnr.
457 664 491 699 In
514 666 626 699 cll‘ectn
649 676 776 711 quoque
797 664 983 710 producens,
999 662 1082 709 quod

339 715 367 748 in
390 714 500 748 affeetu
529 714 668 759 gerebat,
692 714 722 748 in
761 725 793 747 se
827 713 963 759 suscepit
987 724 1084 758 nego-

337 764 427 803 tium,
449 773 479 799 et
496 764 642 798 submisit
665 763 811 797 humeros
828 762 864 796 ad
883 762 1084 809 portandum,

338 825 393 860 pro
414 825 478 860 qno
496 813 622 861 quidem
645 813 787 858 exposuit
810 825 843 846 se
869 810 1038 850 laboribus,
1055 818 1085 845 et

336 866 483 910 expensis
520 862 714 901 innumeris,
744 871 770 895 et
813 861 955 908 personis
991 860 1082 895 etiam

336 925 465 947 snorum
490 912 627 947 fidelium
649 923 709 946 non
742 912 893 958 pepercit,
919 910 1084 956 languores

337 974 392 1009 per
413 961 473 996 hoc
495 961 608 1005 serens,
630 969 659 996 et
683 970 810 1007 portans
831 960 954 995 dolores
979 959 1085 994 homi-

337 1023 409 1045 nnm
422 1011 662 1058 praedictorum.
680 1009 761 1045 Cum
778 1010 873 1056 igitur
885 1009 1003 1044 reducti
1016 1010 1085 1044 sitis

334 1061 372 1094 ad
405 1061 584 1096 fidelitatem
608 1068 635 1094 et
653 1060 829 1094 dominium
854 1059 1014 1094 Romanae
1029 1059 1083 1093 Ee·
1105 1090 1107 1095 t

333 1110 458 1154 clesiae,
485 1110 522 1145 ad
558 1122 651 1157 quam
688 1121 749 1144 non
785 1117 847 1144 erat
875 1108 1007 1143 dubium
1030 1111 1107 1143 vos*

334 1168 487 1207 spectare,
510 1159 725 1202 adhaerentes,
743 1158 824 1194 sicut
846 1158 976 1194 subiecti
1000 1166 1030 1193 et
1054 1158 1085 1192 fi-

336 1210 422 1245 deles
443 1209 559 1249 eidem,
581 1209 672 1244 cnins
693 1220 788 1243 suave
816 1209 938 1255 iugum,
959 1216 990 1243 et
1004 1221 1085 1243 onus

336 1260 404 1294 eius
430 1268 477 1294 est
502 1259 580 1298 leve,
607 1271 642 1293 ac
667 1270 720 1304 per
739 1258 798 1293 lioc
815 1271 875 1292 non
892 1258 986 1296 illins,
1003 1270 1084 1305 qnae

337 1310 367 1342 in
395 1309 544 1344 servitute
561 1316 703 1355 generat,
725 1308 780 1342 sed
803 1307 919 1342 liberae
940 1307 994 1341 filii
1017 1308 1086 1342 exi-

336 1359 433 1399 statis,
455 1357 585 1404 dignum
609 1366 666 1401 est,
690 1365 726 1392 nt
751 1357 790 1391 ab
825 1357 972 1392 uberibus
1008 1368 1106 1391 con-r

337 1407 502 1442 solationis
536 1406 630 1442 Sedis
665 1406 865 1453 Apostolicae
906 1406 1014 1441 matris
1057 1416 1085 1441 et

336 1456 483 1492 dominae
504 1465 624 1491 vestrae
638 1455 751 1490 amodo
779 1455 979 1490 retrahemini
1012 1468 1087 1502 gau-

337 1506 447 1541 dentes
469 1518 539 1540 cum
562 1505 691 1549 laetitia,
718 1505 771 1553 qui
800 1505 830 1539 in
858 1505 980 1539 tristitia
1004 1506 1107 1545 eni-t

339 1555 429 1591 tistis.
451 1555 497 1591 Ea
520 1562 659 1603 propter,
686 1554 791 1589 dilecti
816 1555 847 1588 in
864 1554 1001 1589 Domino
1017 1555 1086 1599 filii,

340 1605 448 1640 vestris
469 1604 645 1640 commodis
667 1603 831 1651 providere
843 1604 995 1644 volentes,
1013 1617 1084 1639 cum
1106 1639 1107 1650 γ

337 1655 480 1690 Romana
511 1653 654 1689 Ecclesia
696 1653 868 1688 clementer
906 1654 1107 1701 prospicere*

339 1704 539 1740 consueverit
560 1702 746 1738 utilitatibus
767 1703 981 1737 subiectorum
997 1730 1004 1742 ,
1033 1715 1087 1738 ve-
1106 1734 1107 1749 ἶ

339 1755 415 1789 stris
437 1752 721 1800 supplicationibus
736 1752 885 1792 inclinati,
905 1752 943 1786 de
956 1752 1085 1787 fratrum
1106 1764 1108 1769 ’

338 1812 518 1839 nostrorum
549 1814 708 1844 assensu,
743 1814 798 1836 vos
817 1830 824 1842 ,
861 1809 891 1836 et
930 1802 1085 1836 civitatem

339 1861 473 1889 vestram
516 1864 587 1887 cum
622 1851 772 1886 omnibus
806 1851 908 1890 bonis,
943 1863 1022 1898 quae
1056 1851 1087 1885 in

340 1902 588 1950 praesentiarum
637 1900 859 1936 rationabiliter
895 1901 1087 1947 possidetis,

341 1961 393 1988 aut
414 1953 445 1987 in
466 1952 606 1987 futurum
638 1951 841 1986 concessione
877 1950 1088 1993 Pontificum,

340 2002 504 2049 largitione
518 2013 626 2048 regum
638 2001 685 2035 vel
697 2000 884 2048 principum,
897 2012 952 2035 seu
967 2000 1033 2034 aliis
1048 2000 1089 2034 iu-

342 2053 398 2089 stis
410 2051 513 2087 modis
527 2058 703 2098 praestante
716 2050 850 2084 Domino
865 2050 1004 2096 poteritis
1019 2049 1090 2084 adi-

342 2102 433 2151 pisci,
451 2101 511 2136 sub
530 2101 609 2136 beati
628 2100 712 2135 Petri
731 2108 762 2134 et
775 2108 878 2135 nostra
895 2099 1088 2146 protectione

342 2152 560 2199 suscipimus;
587 2158 760 2185 statuentes
781 2150 962 2184 anctoritate
999 2161 1091 2196 prae-

343 2202 478 2237 sentium
502 2200 658 2236 civitatem
697 2199 888 2246 praedictam
923 2200 953 2233 in
990 2198 1092 2234 fideli-

343 2260 405 2286 tate
438 2250 532 2286 Sedis
569 2249 770 2297 Apostolicae
805 2248 1090 2296 persistentem,in

344 2303 413 2337 eins
439 2300 597 2339 demanio,
619 2300 700 2334 sicut
732 2298 920 2345 Anagniam,
956 2306 986 2333 et
1016 2298 1092 2332 alias

346 2351 486 2386 civitates
521 2349 723 2395 Campaniae,
758 2349 850 2383 salvis
894 2347 1032 2383 servitiis
1063 2355 1093 2382 et

347 2399 521 2435 redditibus
547 2399 652 2434 cnriae
673 2397 798 2436 debitis,
826 2405 978 2445 perpetuo
1019 2396 1094 2432 reti-

349 2449 495 2484 nendam.
522 2448 656 2496 Insuper
678 2447 884 2483 concedimus
910 2446 1021 2488 vobis,
1061 2453 1094 2481 ut

349 2499 379 2533 in
402 2497 622 2546 praeficiendis
649 2497 737 2532 vobis
770 2496 960 2538 rectoribus,
995 2504 1026 2531 et
1060 2496 1092 2530 in

349 2548 561 2584 contractibus
592 2547 804 2591 venditionis,
836 2545 1006 2593 emptionis
1023 2574 1032 2587 ,
1059 2557 1095 2581 ac

351 2597 421 2632 aliis
443 2597 581 2632 habeatis
595 2597 633 2632 ad
662 2597 756 2631 instar
783 2596 1007 2643 praedictarum
1046 2596 1095 2631 ci-

354 2647 478 2681 vitatum
515 2645 704 2694 Campaniae
740 2645 923 2682 libertatem.
970 2644 1096 2681 Lauda-

1130 259 1294 282 ROMAN'UM

1125 314 1203 349 biles
1225 322 1381 361 praeterea
1408 312 1656 349 consuetudines
1684 320 1812 354 vestras,
1837 318 1868 344 et

1124 365 1275 399 hactenns
1295 362 1493 412 approbataS,
1517 374 1640 398 necnon
1660 369 1690 397 et
1705 361 1775 405 alia,
1788 373 1868 408 quae

1123 413 1311 448 venerabilis
1337 413 1429 448 frater
1450 420 1557 448 noster
1577 413 1746 460 episcopus
1771 410 1868 446 Alba-

1125 475 1196 498 nen.
1225 462 1425 510 Apostolicae
1459 462 1551 498 Sedis
1584 462 1707 510 legatus
1740 461 1868 508 provide

1125 513 1212 547 vobis
1235 512 1375 556 indulsit,
1397 512 1577 547 auctoritate
1600 511 1770 559 apostolica
1791 523 1869 546 con-

1125 562 1297 602 firmamus,
1319 571 1350 598 et
1376 562 1550 610 praesentis
1561 562 1667 610 scripti
1694 560 1868 609 patrocinio

1123 612 1368 652 communimus,
1396 611 1480 647 salvo
1502 612 1532 646 in
1560 612 1708 647 omnibus
1736 611 1870 658 Aposto-

1125 662 1201 697 licae
1227 661 1320 697 Sedis
1340 662 1498 696 mandato.
1525 661 1610 696 Nulli
1633 673 1706 708 ergo
1739 662 1869 697 omnino

1124 711 1287 746 hominum
1318 711 1408 746 liceat
1446 711 1526 745 hanc
1565 712 1710 758 paginam
1746 719 1868 746 nostrae

1126 761 1340 808 protectionis,
1363 760 1596 796 constitutionis
1614 769 1644 795 et
1659 762 1871 796 concessionis

1125 810 1307 859 infringere,
1333 810 1380 845 vel
1404 811 1430 845 ei
1453 822 1530 845 ausu
1553 810 1717 846 temerario
1746 819 1871 846 contra-

1125 860 1180 895 ire.
1205 860 1239 895 Si
1261 860 1333 907 quis
1361 869 1465 896 autem
1492 860 1552 895 hoc
1590 867 1742 896 attentare
1782 873 1872 907 prae-

1124 911 1316 958 sumpserit,
1358 910 1604 956 indignationem
1646 909 1871 957 omnipotentis

1124 959 1195 1003 Dei,
1222 972 1259 994 ac
1279 960 1440 995 beatorum
1467 959 1552 994 Petri
1576 967 1606 994 et
1628 958 1714 994 Pauli
1742 968 1870 1007 aposto-

1126 1008 1226 1043 lorum
1249 1009 1319 1044 eius
1345 1021 1378 1044 se
1400 1009 1519 1044 noverit
1541 1009 1753 1044 incursurum.

1173 1058 1290 1094 Datum
1312 1058 1432 1093 Perusii
1460 1059 1696 1106 quartodecimo
1723 1057 1872 1094 kalendas

1126 1108 1217 1148 iunii,
1245 1108 1446 1157 pontificatus
1472 1108 1568 1144 nostri
1596 1120 1679 1143 anno
1707 1108 1807 1143 tertio.

1184 1170 1244 1200 Dat.
1264 1171 1310 1200 die
1332 1171 1366 1200 ¹9
1384 1172 1452 1201 maii
1477 1171 1561 1208 1229,
1579 1171 1681 1210 pontif.
1709 1178 1813 1201 amnt.

1453 1316 1539 1351 XVII
1545 1345 1551 1349 .

1146 1387 1264 1419 Similis
1290 1386 1436 1419 concessio
1461 1385 1577 1418 civitati
1604 1384 1766 1418 Caietanae
1797 1370 1852 1426 (l).

1396 1457 1612 1489 SUMMARIUM

1126 1522 1271 1551 Caietanis
1290 1522 1336 1550 ius
1368 1521 1494 1551 cudendi
1526 1524 1671 1551 monetam
1693 1520 1873 1550 conceditur.

1165 1584 1203 1589 —
1222 1566 1347 1605 Antiqua
1366 1575 1466 1595 eorum
1487 1566 1699 1596 confirmantur
1714 1565 1873 1604 privilegia.

1165 1629 1203 1634 —
1221 1611 1409 1642 Conditiones
1426 1610 1586 1650 appositae.
1607 1626 1647 1633 —
1668 1609 1834 1640 Clausulae.

1106 1693 1107 1705 i
1127 1679 1272 1714 Gregorius
1282 1678 1423 1714 episcopus
1435 1683 1532 1706 servus
1542 1683 1683 1706 servorum
1693 1676 1749 1709 nei.
1766 1675 1877 1705 ducetis

1171 1727 1237 1757 filiis
1255 1727 1358 1756 civibus
1382 1726 1521 1755 caietanis
1543 1725 1666 1755 fidelibus
1687 1725 1803 1758 nostris.
1832 1732 1875 1754 sa·

1171 1777 1257 1806 tutem
1276 1778 1305 1806 et
1324 1775 1503 1813 apostoticam
1520 1775 1743 1805 benedictionem.

1177 1839 1276 1875 Sedes
1298 1838 1479 1887 Apostolica
1501 1846 1567 1879 etc„
1586 1845 1680 1885 prout
1700 1840 1732 1872 in
1753 1850 1878 1884 praece-—

1129 1892 1221 1929 denti,
1231 1889 1361 1924 Dilectis
1372 1888 1443 1923 filiis
1457 1888 1578 1924 civibus
1593 1887 1770 1926 Suessanis,
1785 1901 1878 1935 usque

1129 1942 1172 1975 ad
1196 1941 1320 1974 verbum
1345 1939 1500 1974 extitistis.
1523 1938 1709 1986 Eapropter,
1724 1937 1830 1973 dilecti
1846 1939 1877 1973 in

1129 1990 1268 2025 Domino
1291 1989 1355 2033 filii,
1382 1988 1493 2023 vestris
1514 1987 1691 2023 commodis
1713 1987 1878 2036 providere

1132 2039 1280 2079 volentes,
1307 2051 1380 2073 cum
1407 2038 1549 2074 Romana
1570 2037 1715 2073 Ecclesia
1754 2037 1879 2085 prospi-

1131 2101 1201 2124 cere
1223 2088 1421 2123 consueverit
1446 2087 1635 2123 utilitatibus
1652 2087 1878 2127 subiectorum,

1132 2139 1242 2174 vestris
1267 2137 1551 2186 supplicationibus
1567 2137 1717 2181 inclinati,
1738 2136 1777 2171 de
1797 2148 1880 2171 (τοπι-

1133 2189 1221 2223 muni
1245 2188 1372 2222 fratrum
1399 2195 1576 2222 nostrorum
1603 2186 1734 2222 consilio
1767 2193 1798 2220 et
1828 2198 1880 2221 as·

1133 2249 1227 2273 sensu
1256 2237 1460 2273 concedimus
1486 2237 1516 2271 in
1540 2235 1750 2284 praeficiendo
1784 2243 1879 2283 pote-

1133 2295 1241 2327 states,
1279 2287 1427 2323 consules
1461 2295 1492 2322 et
1516 2294 1664 2327 rectores,
1685 2292 1715 2320 et
1744 2285 1774 2319 in
1809 2297 1880 2319 om-

1134 2337 1227 2372 nibus
1249 2336 1317 2372 aliis
1339 2336 1512 2372 libertatem
1534 2348 1627 2384 quam
1649 2334 1743 2370 habet
1763 2346 1779 2369 a
1798 2333 1880 2369 Sede

1112 2396 1114 2400 ’
1135 2386 1314 2434 Apostolica
1328 2386 1436 2422 civitas
1452 2385 1626 2433 Anagnina.
1645 2384 1878 2419 Immunitatcm

1113 2472 1115 2494 Ι
1134 2448 1260 2485 quoqne
1283 2449 1339 2484 per
1361 2444 1459 2471 toturn
1483 2447 1614 2483 regnum
1635 2446 1652 2469 a
1672 2435 1880 2481 praestatione

1114 2495 1115 2528 ζ
1136 2487 1285 2534 passagii,
1310 2485 1446 2533 pedagii,
1468 2483 1641 2532 salangatici
1667 2495 1701 2519 ac
1727 2483 1880 2523 dationis,

1114 2530 1216 2584 lquae
1243 2536 1381 2572 directus
1402 2535 1568 2583 vulgariter
1605 2533 1731 2574 dicitur,
1764 2532 1803 2568 ad
1825 2545 1883 2568 cu-

1114 2561 1116 2624 i
1136 2587 1210 2621 riam
1229 2585 1465 2633 pertinentium,
1486 2593 1516 2619 et
1538 2582 1735 2620 medietatem
1757 2595 1882 2627 eornm,

1173 2656 1212 2691 (t)
1234 2656 1272 2683 Ex
1289 2657 1392 2692 Regest.
1412 2654 1495 2682 Vatic.
1512 2693 1516 2695 Α

1114 2643 1118 2687 l

1882 251 1931 278 An.
1950 250 1979 278 C.
1994 249 2062 276 1229

1921 665 2030 687 Clausulas
