2129 3223
66 232 116 261 An.
136 235 164 261 C.
183 236 247 263 ¹25¹

71 833 106 856 ivn·
116 837 133 855 ia
143 837 242 857 nonnulla

61 871 124 893 sapor
143 867 182 888 hoc
205 873 244 888 ex-

60 897 173 923 plicamur.

68 1325 145 1348 Nnvitii
167 1328 238 1354 itaque

55 1356 176 1378 lihertatem
200 1358 239 1378 ha-

56 1386 106 1408 bent
120 1389 146 1409 ad
163 1389 238 1415 pristi-

55 1423 104 1439 num
114 1421 190 1440 statum
206 1425 239 1441 re-

55 1448 139 1470 (tenneli.

86 2449 203 2471 elmuino.

861 238 1046 260 GREGORH'S
1076 239 1108 260 ΙΧ
1138 238 1182 260 ΙΨ.

1680 230 1751 260 453

266 293 401 326 novitios
427 299 499 326 ante
521 299 705 337 susceptum
739 291 900 337 religionis
928 292 1012 326 liubi·
1050 304 1086 326 ac
1109 292 1271 327 beatorum
1302 294 1384 328 Petri
1411 303 1439 328 et
1468 293 1557 328 Pauli
1584 294 1799 341 apostolorum

266 349 330 375 tum
354 341 384 375 in
415 339 598 386 probatione
626 340 743 385 positos
770 353 808 375 ne
835 340 873 375 ad
896 349 1008 375 statum

265 390 431 436 pristinum
456 389 555 423 redire
580 388 700 423 valcant
723 389 892 435 prohiberi.
921 390 1009 424 Licet

1050 341 1119 376 eius
1140 354 1174 376 sc
1202 342 1321 376 noverit
1344 343 1557 378 incursurum.

1097 391 1214 426 Datum
1238 390 1394 436 Laterani,
1428 391 1665 439 quintodecimo
1696 392 1798 428 kalen.

262 448 366 474 autem
395 438 652 485 praedecessores
684 447 808 473 nostros
834 451 929 486 supcr
950 439 1009 473 boc
1049 440 1167 486 aprilis,
1195 440 1394 486 pontificatus
1416 442 1512 476 nostri
1536 453 1619 476 anno
1640 450 1761 489 quarto.

263 487 384 522 diversa
407 487 544 522 sensisse
569 486 728 534 aliquibus
756 487 912 528 videatur3
945 500 1010 522 cre-

261 536 399 571 dendum
427 544 530 571 tamen
566 548 628 571 non
660 544 724 575 est,
759 537 844 583 quod
880 537 1008 572 iniicere

263 585 418 620 voluerint
443 585 588 633 laqueum
612 585 788 630 animabus,
814 597 894 632 quae
920 598 935 620 a
964 586 1009 620 di-

262 635 360 669 versis
393 644 422 669 ct
450 635 542 669 variis
569 634 761 669 irruentibus
791 635 900 669 mortis
921 646 1008 670 occa—

261 684 404 718 sionibus
430 692 504 718 suut
534 684 637 730 potius
658 682 835 723 eruendae,
862 695 934 718 cum
969 697 1005 718 ex

261 734 430 780 imperitia,
460 745 517 768 seu
554 732 743 778 negligentia
771 733 801 767 in
830 733 889 768 lioc
923 733 1004 767 sim—

261 782 406 828 pliciores
441 782 574 816 maxime
609 782 697 816 facile
732 790 928 828 caperentur.
966 782 1004 816 Et

258 831 341 877 quod
364 832 402 866 de
430 830 653 878 protestatione
682 830 820 865 facienda
853 831 1003 878 scriptum

258 889 320 921 est,
354 881 473 916 consilii
502 892 571 915 esse
607 880 709 927 potius
737 880 874 915 creditur
909 892 1003 927 quam

258 930 427 977 praecepti,
450 930 521 977 quia
557 931 614 964 etsi
642 930 783 964 videatur
804 929 916 963 alicubi
941 941 1005 963 om-

257 979 367 1014 niisssa
396 979 576 1026 protestatio
608 979 900 1026 praesumptionem
926 990 1003 1013 con-

256 1028 407 1063 versionis
433 1028 601 1068 inducere,
632 1040 668 1061 ue
697 1027 788 1062 liceat
813 1028 1001 1062 ommittenti

256 1076 339 1112 illam
366 1077 403 1112 ad
431 1077 592 1112 saeculum
622 1077 822 1123 postmodum
851 1088 1001 1115 remeare,

256 1138 318 1161 non
352 1134 414 1162 tam
446 1127 679 1174 protestationis
705 1126 880 1165 ommissio,
908 1138 1000 1172 quam

253 1176 429 1222 assumptio
457 1175 583 1210 habitus
616 1175 787 1221 religionis,
822 1175 875 1221 qui
910 1175 1002 1209 datur

255 1224 421 1270 professis,
455 1224 495 1259 de
516 1237 580 1272 quo
606 1225 725 1258 mentio
747 1223 923 1270 specialiter
945 1224 1002 1258 ha-

255 1273 344 1308 betur
371 1273 506 1317 ibidem,
540 1273 716 1308 facultatem
744 1272 853 1307 adimit
875 1272 914 1307 ad
937 1284 1002 1307 sae-

254 1322 361 1357 culum
389 1321 554 1357 redeundi.
588 1322 653 1356 Nos
687 1330 792 1357 autem
823 1321 999 1356 animarum

253 1371 346 1406 saluti
369 1371 532 1419 providere
555 1371 710 1415 volentes,
731 1378 762 1405 et
777 1382 923 1405 amovere
938 1383 1001 1404 ma-

254 1421 362 1455 teriam
384 1420 622 1460 scandalorum,
653 1420 692 1454 de
717 1419 849 1454 consilio
871 1419 999 1454 fratrum

252 1478 430 1504 nostrorum
467 1469 621 1516 praesenti
656 1468 782 1504 decreto
813 1468 999 1509 statuimus,

252 1519 386 1554 novitios
417 1518 448 1553 in
476 1518 660 1564 probatione
692 1517 811 1564 positos
843 1525 914 1552 ante
945 1530 1000 1552 su-

250 1575 395 1615 sceptum
418 1567 580 1614 religionis
600 1567 754 1607 habitum,
776 1567 829 1613 qui
852 1566 1001 1613 dari‘pro-

252 1616 415 1651 fitentibus
446 1617 624 1656 consuevit,
660 1616 705 1650 vel
731 1623 804 1650 ante
829 1615 1000 1662 professio-

251 1677 322 1700 nem
344 1665 507 1705 emissam,
533 1665 572 1700 ad
595 1666 731 1712 priorem
753 1672 869 1699 statum
898 1664 1000 1699 redire

252 1726 344 1761 posse
371 1714 469 1749 libere
491 1714 569 1749 infra
596 1726 730 1757 annum,
757 1714 817 1747 nisi
840 1713 1001 1748 evidenter

250 1771 399 1810 appareat
432 1763 516 1810 quod
551 1763 629 1797 tales
663 1762 806 1796 absolute
843 1762 1001 1796 voluerint

251 1813 344 1846 vitam
370 1819 503 1852 mutare,
530 1819 560 1845 et
596 1812 626 1845 in
660 1811 814 1857 religione
849 1819 1000 1858 perpetuo

249 1860 388 1896 Domino
409 1861 582 1901 deservire,
609 1872 680 1894 cum
715 1859 847 1906 quilibet
879 1872 1000 1894 renun-

251 1911 334 1950 ciare
355 1909 454 1944 valeat
475 1909 515 1949 ei,
549 1909 633 1956 quod
659 1921 713 1956 pro
735 1921 769 1943 se
791 1911 931 1943 noscitur
950 1911 1000 1943 in-

250 1958 444 1994 troductum.
468 1958 515 1993 Ad
537 1958 775 2004 ambiguitatem
798 1970 924 1993 omnem
953 1966 1023 2004 [ie-1

251 2013 336 2048 nitus
347 2012 584 2059 amputandam,
600 2011 804 2046 nihilominus
813 2019 999 2052 statuentes,

1088 501 1148 532 Dat.
1167 502 1212 532 die
1232 502 1268 532 18
1291 503 1388 532 martii
1412 502 1497 540 1231,
1516 503 1617 543 pontis.
1639 499 1686 533 an‘.
1719 512 1756 534 tv.

1361 661 1476 696 xxiv.

1049 738 1249 782 Confirmatio
1279 739 1460 771 concordiae
1495 739 1572 771 inter
1611 739 1796 772 Sanctorum

1096 788 1256 820 Laurentii
1276 788 1308 820 in
1335 788 1486 825 Damaso,
1510 794 1536 820 el
1565 788 1728 821 Eustachii
1760 789 1796 821 de

1098 837 1174 869 Urbe
1209 837 1345 880 capitula
1372 837 1466 870 initae
1499 848 1587 880 super
1626 837 1796 870 nonnulla-

1094 897 1161 918 rum
1186 886 1392 919 Ecclesiarum
1411 887 1619 920 iurisdictione
1635 887 1693 928 (l).

1312 959 1526 989 Smntatttmt

1043 1025 1210 1056 Exordium.
1233 1042 1272 1048 —
1295 1025 1393 1054 Status
1433 1025 1626 1064 quaestionis.
1648 1042 1686 1047 —
1712 1026 1794 1055 Com-

1083 1070 1190 1108 positio
1212 1068 1285 1098 facta
1311 1073 1441 1107 tempore
1457 1069 1613 1098 Alexandri
1632 1068 1668 1098 lll
1692 1069 1794 1099 [³1³.-

1082 1112 1320 1142 Conlirmatoriae
1337 1122 1426 1152 super
1444 1113 1499 1142 hoc
1512 1113 1644 1143 eiusdem
1667 1113 1792 1143 Alexan-

1082 1157 1125 1186 dri
1150 1157 1272 1186 litterae.
1291 1174 1329 1180 —-
1350 1158 1431 1192 Quae
1460 1157 1545 1187 suerit
1569 1158 1734 1187 concordia.
1756 1175 1795 1181 ——-

1082 1201 1250 1230 Clausulae.

1042 1270 1186 1306 Gregorius
1205 1272 1346 1307 episeopus
1358 1278 1452 1299 servus
1465 1278 1604 1301 servornm
1613 1272 1667 1305 Boi,
1684 1272 1795 1302 dilectis

1085 1320 1151 1349 filiis
1188 1321 1438 1356 archipresbytero,
1476 1322 1506 1349 et
1537 1321 1644 1350 clericis
1663 1322 1796 1350 Ecclesiae

1086 1370 1177 1398 Sancti
1192 1369 1333 1398 Eustachii
1351 1370 1382 1398 de
1401 1369 1480 1402 urbo.
1500 1370 1620 1398 satutem
1639 1371 1669 1398 et
1685 1371 1796 1406 aposto-

1085 1418 1166 1446 licam
1182 1418 1407 1447 benedictionem.

1090 1489 1134 1524 Ea
1157 1501 1237 1536 quae
1264 1488 1382 1524 iudicio
1409 1489 1457 1525 vel
1475 1489 1650 1524 'concordia
1683 1490 1793 1524 termi-

1041 1546 1178 1579 nantur,
1215 1539 1302 1574 firma
1335 1539 1464 1582 debent,
1495 1547 1526 1574 et
1562 1539 1681 1574 illibata
1715 1551 1793 1574 con—

1040 1588 1164 1629 sistere,
1190 1596 1219 1622 et
1247 1600 1287 1622 ne
1323 1589 1355 1622 in
1394 1588 1548 1623 recidivae
1583 1589 1794 1623 contentionis

1041 1638 1227 1683 scrupulum
1248 1637 1439 1677 relabantur,
1455 1637 1629 1684 apostolico
1647 1638 1792 1673 convenit

1043 1686 1199 1732 praesidio
1221 1687 1423 1721 communiri.

1089 1735 1134 1769 Ea
1154 1743 1294 1782 propter,
1312 1734 1417 1769 dilecti
1438 1734 1468 1768 in
1492 1734 1630 1770 Domino
1651 1734 1720 1780 filii,
1740 1747 1792 1771 ve-

1041 1784 1114 1818 stris
1136 1784 1258 1819 devotis
1281 1785 1428 1831 precibus
1455 1783 1606 1824 inclinati,
1628 1785 1791 1831 composi—

1042 1841 1172 1877 tionem,
1194 1845 1275 1880 quac
1297 1835 1379 1868 inter
1406 1844 1461 1867 vos
1482 1845 1520 1867 ex
1548 1842 1634 1880 parte
1655 1846 1718 1869 una
1737 1861 1744 1875 ,
1759 1842 1791 1868 et

1043 1883 1192 1928 priorem,
1211 1890 1241 1917 et
1263 1882 1394 1917 clericos
1407 1881 1570 1918 Ecclesiae
1588 1882 1695 1918 Sancti
1712 1883 1793 1918 Lau-

1041 1932 1131 1965 rentii
1160 1932 1189 1965 in
1220 1931 1354 1966 Damaso
1376 1931 1415 1966 de
1454 1931 1565 1973 Urbe,
1599 1944 1636 1967 ex
1671 1933 1791 1974 attera,

1041 1992 1136 2027 super
1163 1973 1345 2016 investitura
1372 1980 1590 2026 sacerdotum,
1627 1982 1791 2026 scrutinio,

1042 2030 1229 2076 baptismate
1255 2039 1285 2064 et
1321 2030 1460 2077 capitulo
1495 2038 1630 2077 quatuor
1662 2031 1791 2078 cappel—

249 2075 284 2126 Ψ
305 2079 379 2102 cum
402 2067 433 2101 5¹¹
455 2065 644 2125 q¹J¹b¹¹Sd³m
674 2065 751 2124 ¹.⁰⁰.¹S
774 2064 931 2111 sehgffiffi
950 2077 998 2099 '¹0'
1042 2078 1153 2123 larum,
1171 2079 1276 2114 Sancti
1293 2079 1495 2114 pantaleonis
1511 2079 1668 2120 videlicet,
1684 2080 1790 2115 Sancti

249 2122 394 2155 V¹¹l⁰f¹¹¹¹³
423 2120 548 2154 hssbstUS
571 2131 632 2153 ¹¹0⁰
652 2119 866 2164 d¹S¹¹¹¹gu³U¹s
887 2118 926 2152 ³¹³
951 2118 999 2152 '¹3‘
1041 2127 1228 2172 Sebastiam,
1250 2128 1356 2163 Sancti
1379 2128 1542 2163 Benedicti
1565 2136 1594 2163 et
1608 2128 1715 2164 Sancti
1731 2128 1792 2163 Sil-

249 2174 314 2209 bitu
350 2173 584 2221 professorum.
620 2171 825 2218 professionis
858 2179 1000 2217 [empore
1042 2179 1133 2211 vestri
1157 2177 1363 2212 amicabiliter
1390 2177 1578 2217 intervenit,
1615 2177 1652 2211 ad
1694 2178 1791 2212 instar

250 2227 478 2262 benedicantur
506 2235 623 2269 vestes,
664 2237 745 2272 quae
778 2225 1000 2271 profitentibus
1018 2251 1023 2266 ,
1042 2225 1140 2260 felicis
1157 2226 1382 2261 recordationis
1401 2226 1569 2260 Alexandri
1585 2226 1690 2273 Papae
1704 2238 1791 2273 prae-

249 2281 487 2319 conceduntur,
525 2288 556 2314 ut
581 2279 771 2314 novitiorum
794 2291 810 2313 a
835 2279 999 2325 professo-
1041 2275 1219 2309 decessoris
1253 2276 1361 2315 nostri,
1405 2276 1485 2309 sicut
1527 2276 1597 2309 sine
1639 2275 1790 2322 pravitate

249 2347 319 2370 rum
342 2335 452 2370 habitu
475 2335 684 2369 discernatur.
1043 2328 1169 2374 provide
1197 2329 1276 2362 facta
1298 2337 1366 2370 est,
1393 2336 1425 2362 et
1458 2328 1498 2362 ab
1537 2336 1667 2376 utraque
1704 2338 1790 2376 parte

297 2388 380 2423 Nulli
420 2400 494 2435 ergo
537 2388 666 2423 omnino
704 2386 867 2420 bominum
909 2386 999 2420 liceat
1019 2399 1022 2419 ι
1042 2389 1153 2428 sponte
1175 2391 1311 2428 recepta,
1331 2389 1361 2416 et
1388 2383 1419 2416 in
1448 2383 1517 2417 eius
1548 2381 1660 2417 litteris
1695 2395 1791 2430 super

250 2442 332 2477 hanc
359 2442 504 2490 paginam
534 2449 657 2475 nostrae
692 2441 927 2474 constitutionis
950 2441 1000 2473 in-
1042 2436 1101 2470 hoc
1127 2435 1279 2470 confectis
1307 2436 1525 2483 prospeximus
1551 2437 1717 2478 contineri3
1738 2449 1791 2472 au-

250 2495 398 2542 fringere,
424 2495 472 2530 vel
494 2495 521 2529 ei
544 2506 621 2529 ausu
643 2493 809 2528 temerario
831 2494 998 2527 contraire.
1041 2490 1182 2524 ctoritate
1204 2489 1374 2536 apostolica
1396 2490 1630 2534 confirmamus,
1652 2498 1683 2525 et
1705 2502 1790 2538 prae-

250 2548 385 2596 Siquis
421 2556 528 2584 autem
563 2549 621 2582 hoc
657 2554 809 2582 attentare
837 2502 1138 2592 praesum—isentis
1178 2543 1286 2590 scripti
1329 2543 1504 2590 patrocinio
1542 2543 1788 2580 communimus.

251 2602 359 2650 pserit,
386 2601 632 2649 indignationem
671 2601 895 2647 omnipotentis
921 2599 999 2644 Dei,
1017 2587 1022 2646 i
1076 2612 1115 2647 (t)
1131 2612 1169 2639 Ex
1187 2612 1291 2648 Regest.
1311 2612 1394 2639 Vatic.

1817 239 1866 265 An.
1885 237 1911 264 C.
1933 240 1995 265 ¹23¹

1839 1501 1957 1522 Exordium.

1819 1746 1889 1766 Status
1924 1752 1987 1772 quae-

1807 1779 1882 1798 *tionis

1817 2183 1945 2210 Compositio
1961 2183 1989 2203 {a-

1806 2217 1839 2234 ct·
1855 2217 1950 2240 tompore
1963 2217 1988 2233 {-

1805 2244 1900 2266 lexaudri
1910 2243 1937 2265 ltt
1949 2243 1988 2264 Pr.
