2129 3223
155 242 205 269 An.
222 242 250 270 C.
270 243 337 269 ¹215

157 1583 263 1610 itelegatin
277 1589 325 1611 apo-

144 1616 226 1635 siniit-i·
237 1616 326 1635 mittitur

144 1647 325 1672 cogntttocaunset

195 1677 325 1698 contii-matio

143 1710 263 1728 sententiae
305 1710 324 1728 in

144 1740 234 1765 priorem
243 1739 268 1759 dc
276 1738 326 1759 Ctiu-

144 1772 206 1791 ritate
221 1770 283 1791 latae.

400 233 470 265 ‘272

350 296 451 332 tulum
478 295 675 335 ordinarunt,
697 301 727 328 et
749 292 854 328 habito
875 292 1014 339 diligenti
1033 300 1094 327 tra-

350 354 445 386 ctatu,
459 356 545 380 suam
559 343 745 379 sententiam
762 343 983 383 formaverunt,
999 354 1092 390 quam

349 395 534 429 diffinitores
560 393 715 428 redactam
739 393 769 427 in
785 393 920 440 scriptis,
949 391 1093 439 praefatis

349 444 497 491 episcopo
535 451 564 477 et
597 442 819 478 archidiacono
850 441 1029 477 convocatis
1065 449 1092 475 et

348 493 550 528 audientibus
597 491 855 540 promulgarunt:
903 490 1091 525 Gausridum

349 543 484 590 priorem
506 541 648 577 eiusdem
664 541 855 584 monasterii,
877 541 949 588 quia
967 548 1092 574 vocatus

347 592 384 626 ad
397 592 543 639 generale
553 591 724 639 capitulum
737 591 841 626 venire
852 590 1051 636 contempsit,
1062 597 1091 623 et

346 641 491 677 abbatem
514 653 606 677 suum
633 641 834 676 accedentem
857 639 893 674 ad
916 639 997 673 idem
1021 650 1091 673 mo—

347 691 516 726 nasterium
544 702 605 726 non
632 690 773 730 admisit.
807 688 861 724 sed
889 701 960 723 cum
996 689 1091 723 armis

347 741 496 776 violenter
517 740 642 780 reiecit,
676 748 707 774 et
732 739 859 774 eosdem
889 738 962 772 illuc
983 749 1091 772 corre—

344 790 458 825 ctionis
478 790 578 837 gratia
602 797 807 836 properantes
834 788 931 834 portis
959 787 1090 834 turpiter

344 840 459 887 repulit
484 839 649 882 obseram,
671 838 855 873 auctoritate
877 836 934 871 lit-i
965 844 995 871 et
1021 849 1089 879 sua,

343 901 467 924 necnon
489 888 644 935 generalis
665 887 808 935 capituli,
831 894 958 934 propter
979 886 1089 919 inobe-

343 938 504 979 dientiam,
542 937 745 972 rebellionem
791 944 822 970 et
857 935 1087 970 contumaciam

343 988 551 1027 manifestam,
578 999 614 1021 ac
641 998 752 1021 causas
773 986 847 1020 alias
870 985 1088 1019 excommuni-

341 1037 474 1072 cationis
488 1036 614 1072 vinculo
628 1035 826 1078 innodantes,
849 1044 880 1069 et
893 1034 1088 1080 deponentes

341 1098 357 1120 a
385 1086 537 1133 regimine
560 1086 725 1133 prioratus,
748 1084 848 1130 sigilla
870 1083 1012 1118 eiusdem
1033 1095 1083 1130 pa-

341 1135 426 1180 riter,
460 1143 491 1171 et
518 1143 692 1170 conventus
730 1133 871 1168 eiusdem
906 1133 1084 1167 monasterii

340 1184 598 1229 condemnando,
630 1191 660 1218 et
681 1196 791 1218 omnes
817 1182 988 1229 complices
1013 1194 1087 1216 suos

341 1235 405 1280 pari
432 1234 771 1270 excommunicationis
798 1232 953 1267 sententia
980 1231 1087 1266 invol-

340 1283 442 1319 vendo
468 1284 528 1319 nisi
552 1283 629 1318 infra
652 1290 772 1329 septem
794 1282 861 1317 dies
882 1293 898 1315 a
922 1293 1086 1328 praesum-

341 1333 448 1380 ptione
480 1332 662 1368 huiusmodi
691 1344 753 1366 non
786 1331 1028 1378 resipiscerent,
1056 1338 1086 1365 et

341 1382 527 1429 regulariter
551 1381 766 1417 emendarent.
789 1380 828 1415 Et
850 1392 889 1415 ne
912 1380 1011 1427 ipsius
1024 1392 1084 1415 mo-

341 1432 465 1467 nasterii
492 1432 616 1478 negotia
645 1430 844 1478 deperirent„
869 1429 1018 1464 dilectum
1043 1430 1085 1463 fi-

341 1481 417 1515 lium
443 1480 497 1515 W.
521 1480 763 1516 Cluniacensem
786 1479 922 1526 priorem
957 1478 1086 1525 praefe-

340 1539 451 1566 cerunt
468 1530 590 1574 eidem,
612 1530 712 1576 ipsius
733 1528 793 1564 sibi
819 1527 1086 1563 administratione

340 1592 499 1615 concessa.
522 1579 568 1614 Ne
591 1579 685 1625 igitur
705 1586 808 1613 tantae
823 1577 1086 1625 praesumptionis

340 1642 487 1665 excessus
509 1638 690 1664 remaneant
716 1627 891 1667 incorrecti,
904 1626 1084 1661 discretioni

342 1688 461 1715 vestrae
479 1691 534 1727 per
551 1677 719 1725 apostolica
734 1677 848 1723 scripta
865 1675 1085 1724 praecipiendo

340 1728 539 1773 mandamus,
552 1736 709 1776 quatenus
727 1727 765 1761 ad
780 1727 884 1761 locum
901 1726 1003 1771 ipsum
1021 1737 1087 1772 per-

340 1778 488 1814 sonaliter
513 1777 714 1817 accedentes,
741 1786 771 1811 et
810 1774 957 1822 inquisita
991 1787 1087 1821 super

340 1829 378 1863 iis
405 1828 542 1875 plenius,
563 1835 594 1862 et
619 1827 742 1872 cognita
770 1825 912 1864 veritate,
935 1824 1084 1858 scientem

340 1878 523 1912 inveneritis
551 1878 591 1911 ita
619 1888 688 1911 esse
717 1875 876 1922 probatam
914 1874 942 1907 in
971 1885 1087 1920 saepe-

339 1927 460 1962 dictum
482 1926 522 1962 G.
552 1925 760 1973 depositionis
787 1923 971 1958 sententiam
998 1936 1012 1956 a
1037 1935 1086 1956 re-

340 1977 457 2024 gimine
492 1975 650 2024 prioratus
688 1974 874 2009 auctoritate
912 1971 1085 2018 apostolica

340 2026 575 2069 confirmantes,
593 2033 623 2059 et
640 2023 848 2071 approbantes
868 2022 1085 2061 nihilominus,

341 2075 427 2124 quod
453 2075 492 2110 de
514 2074 735 2110 substitutione
762 2072 874 2119 prioris
900 2080 928 2105 et
967 2070 1087 2116 sigillo-

342 2138 410 2160 rum
432 2124 632 2160 damnatione
655 2135 710 2170 per
727 2122 880 2169 praefatos
902 2120 1086 2154 diffinitores

342 2174 389 2210 est
406 2174 535 2218 factum,
551 2171 887 2208 excommunicationis
898 2170 1085 2204 sententiam

344 2225 374 2259 in
399 2224 572 2271 praefatum
594 2221 634 2257 G.
657 2234 692 2257 ac
725 2222 792 2256 eius
814 2220 984 2267 complices
1008 2231 1087 2266 pro—

343 2274 514 2320 mulgatam
537 2272 656 2307 faciatis
684 2270 893 2318 appellatione
916 2269 1087 2316 postposita

345 2336 445 2371 usque
465 2323 504 2357 ad
531 2321 775 2357 satisfactionem
810 2319 997 2365 condignam
1032 2318 1088 2352 fir—

345 2374 435 2408 miter
457 2371 626 2416 observari,
652 2370 896 2405 contradictores
921 2367 1088 2415 quoslibet,

345 2432 398 2457 aut
429 2421 582 2465 rebelles,
614 2421 678 2455 sive
711 2419 877 2463 monachi,
904 2418 950 2453 vel
985 2417 1088 2452 clerici

347 2472 484 2513 fuerunt⁷
506 2471 572 2506 sive
594 2470 661 2505 laici
683 2481 739 2516 per
759 2480 922 2503 censuram
945 2467 1088 2502 ecclesia-

347 2522 453 2555 sticam
475 2520 598 2555 sublato
637 2518 805 2554 cuiuslibet
835 2516 1091 2552 contradictionis

347 2578 376 2603 et
403 2569 619 2616 appellationis
649 2568 813 2603 obstaculo
846 2566 1086 2614 compescendo.

349 2619 387 2653 Et
413 2619 559 2665 quoniam
591 2618 766 2653 audivimus
801 2617 970 2664 praefatum
1003 2614 1090 2650 Gau-

937 238 1121 261 BULLARtUM
1149 238 1308 260 ROMANPM

1134 291 1247 327 fridum
1273 291 1386 326 multas
1407 291 1466 326 sibi
1483 291 1632 339 pecunias
1655 303 1877 338 congregasse,

1134 341 1279 376 volumus
1300 340 1517 386 nihilominus,
1539 350 1569 377 et
1590 341 1777 376 mandamus
1799 353 1877 388 qua-

1134 399 1226 426 tenus
1246 391 1283 426 ad
1301 391 1544 438 resignationem
1566 403 1674 426 earum
1693 402 1749 438 per
1771 390 1877 426 distri-

1133 441 1269 476 ctionem
1302 441 1545 476 ecclesiasticam
1578 440 1787 488 appellatione
1820 452 1878 476 rc-

1133 498 1213 525 mota
1235 491 1430 538 compellatis
1452 490 1602 534 eundem7
1623 490 1773 525 facientes
1794 489 1876 537 ipsas

1133 540 1282 586 pecunias
1309 542 1340 575 in
1376 540 1564 575 solutionem
1592 540 1766 574 debitorum
1798 551 1876 574 con-

1133 590 1225 631 verti,
1260 590 1307 625 vel
1335 591 1366 624 in
1393 590 1483 625 aliam
1507 589 1672 624 utilitatem
1695 589 1874 625 monasterii

1132 640 1307 674 memorati.
1327 639 1390 674 Eos
1406 651 1478 674 vero
1492 651 1573 686 quos
1586 640 1875 674 excommunicatos

1131 689 1302 724 constiterit
1319 697 1435 723 temere
1456 688 1629 724 celebrasse
1647 687 1753 723 divina
1775 700 1874 735 poena

1130 739 1278 773 canonica
1305 738 1488 786 percellatis,
1527 738 1637 773 Testes
1662 746 1788 782 autem,
1821 738 1874 785 qui

1131 787 1257 822 fuerunt
1283 788 1432 822 nominati
1467 796 1532 826 ecc„
1569 800 1662 833 usque
1694 787 1876 823 substraxe-

1130 836 1202 877 rint,
1237 849 1292 883 per
1317 849 1482 872 censuram
1513 837 1644 872 eandem
1666 836 1875 884 appellatione

1129 894 1271 921 cessante
1293 887 1410 932 cogatis
1433 887 1550 921 veritati
1569 886 1786 921 testimonium
1808 898 1875 933 per-

1130 935 1247 970 hibere.
1275 935 1378 971 Nullis
1412 936 1511 971 literis
1542 936 1661 971 veritati
1688 943 1719 970 et
1740 935 1875 970 iustitiae

1130 984 1419 1032 praeiudicantibus
1444 998 1460 1020 a
1487 985 1571 1020 Sede
1597 984 1779 1032 Apostolica
1811 986 1874 1019 im-

1129 1035 1266 1080 petratis.
1293 1034 1385 1076 Quod
1421 1036 1446 1070 si
1480 1047 1544 1069 non
1580 1046 1691 1070 omnes
1716 1042 1784 1076 ecc„
1811 1034 1875 1069 duo

1130 1091 1267 1119 vestrum
1289 1092 1341 1118 etc.

1175 1132 1292 1168 Datum
1314 1133 1459 1180 Signiae,
1486 1141 1598 1181 quarto
1619 1133 1768 1169 kalendas
1794 1133 1875 1174 iulii,

1127 1183 1328 1228 pontificatus
1352 1183 1446 1218 nostri
1469 1196 1552 1218 auno
1575 1183 1824 1231 decimoquinto.

1166 1243 1227 1274 Dat.
1247 1245 1293 1275 die
1312 1245 1349 1274 ‘28
1372 1246 1446 1275 iunii
1468 1244 1552 1281 1213,
1571 1245 1672 1285 pontif.
1694 1254 1771 1275 anno
1791 1253 1836 1275 xv.

1467 1416 1534 1452 XC.

1127 1493 1336 1527 Com-eduntur
1366 1493 1528 1537 privileqia
1559 1493 1708 1525 nonnulla
1739 1492 1872 1525 dominis

1174 1546 1267 1576 castri
1292 1544 1439 1586 Sem-iae,
1468 1543 1551 1587 quod
1575 1543 1611 1575 dc
1635 1542 1761 1586 speciali
1783 1542 1872 1576 Sedis

1175 1593 1367 1637 Apostolicae
1387 1593 1453 1626 iure
1470 1604 1529 1626 esse
1548 1592 1724 1626 declaratur
1747 1592 1807 1634 (4).

1391 1665 1605 1696 SUMMARIUM

1126 1732 1258 1763 Castrum
1282 1733 1401 1763 Scuriae
1419 1733 1493 1763 iuris
1512 1732 1540 1762 S.
1563 1731 1595 1761 R.
1612 1731 1644 1761 E.
1663 1748 1702 1754 -
1719 1730 1871 1769 Privilegia

1166 1779 1229 1807 eius
1252 1778 1379 1807 dominis
1398 1786 1547 1807 concessa.
1568 1793 1607 1799 —
1625 1775 1812 1806 Innocentius
1827 1777 1873 1805 iu-

1166 1827 1329 1852 ramentum
1354 1823 1502 1852 lidelitatis
1521 1822 1637 1861 accipit.

1126 1894 1294 1922 innocentius
1313 1894 1454 1929 episcopus
1478 1899 1571 1921 servus
1594 1898 1734 1921 set-vorum
1752 1892 1807 1925 nei,
1827 1899 1872 1921 no·

1169 1943 1267 1971 bilibus
1282 1944 1351 1972 viris
1368 1943 1488 1975 Viviano,
1520 1942 1667 1975 Gaillardo‚
1687 1944 1717 1971 et
1741 1943 1804 1971 aliis
1826 1944 1873 1971 du-

1170 1993 1250 2021 minis
1269 1993 1419 2021 scuriensis
1437 1992 1534 2020 castri.

1176 2060 1374 2095 Manifestum
1407 2069 1453 2095 est
1480 2068 1616 2095 castrum
1643 2059 1727 2107 quod
1763 2060 1871 2095 Scuria

1127 2109 1242 2144 dicitur
1265 2110 1460 2157 temporibus
1481 2118 1607 2144 sanctae
1628 2111 1798 2144 memoriae
1816 2108 1874 2143 Sil-

1128 2160 1221 2194 vestri
1252 2159 1369 2207 Papae,
1401 2160 1481 2194 sicut
1503 2172 1542 2194 ex
1570 2159 1764 2206 inspectione
1791 2158 1873 2192 litte-

1128 2221 1229 2244 rarum
1253 2210 1461 2244 antecessoris
1488 2210 1585 2244 nostri
1608 2208 1706 2243 felicis
1728 2207 1874 2243 recorda-

1129 2259 1222 2293 tiouis
1267 2258 1367 2305 Sergii
1408 2258 1510 2305 Papae
1548 2259 1755 2304 cognovimus
1790 2257 1873 2303 regia

1128 2308 1310 2343 liberalitate
1326 2321 1381 2355 per
1396 2320 1506 2343 manus
1518 2307 1658 2343 eiusdem
1674 2306 1764 2341 beato
1780 2305 1874 2340 Petro

1128 2357 1286 2404 quondam
1317 2358 1412 2392 fnisse
1443 2357 1608 2401 collatum7
1637 2364 1669 2390 et
1695 2368 1711 2389 a
1735 2355 1875 2390 Vediano

1129 2407 1287 2454 quondam
1316 2408 1455 2442 eiusdem
1483 2407 1574 2442 castri
1601 2405 1729 2440 domino
1755 2417 1876 2440 memo-

1131 2464 1195 2491 rato
1231 2457 1461 2505 praedecessori
1491 2463 1598 2491 nostro
1630 2454 1734 2501 Papae
1765 2453 1875 2500 Sergio

1131 2518 1186 2552 per
1205 2506 1434 2541 innovationem
1454 2506 1512 2541 sub
1528 2516 1633 2540 annuo
1648 2516 1745 2538 censu
1764 2503 1873 2538 decem

1130 2555 1301 2590 solidorum
1330 2555 1571 2591 Raimondensis
1603 2561 1747 2588 monetae
1779 2553 1874 2588 tuisse

1165 2628 1204 2661 (t)
1222 2627 1257 2652 Ex
1276 2626 1376 2659 Baluz.‚
1394 2627 1477 2661 Epist.
1502 2625 1559 2652 188.

1891 237 1942 264 An.
1960 237 1990 264 C.
2006 238 2072 266 ¹213

1899 2067 1992 2086 Castrum
2016 2064 2069 2086 Scu-
2108 2059 2119 2084 ’Ζ

1888 2098 1930 2116 tiae
1939 2097 1989 2117 iuris
1996 2094 2066 2116 S.R.E.
