2129 3223
35 237 214 266 Amano!

228 292 301 328 titiis
324 292 429 340 priori,
457 293 656 338 proti,nciali
680 302 708 328 et
744 293 889 330 fratribus
923 295 970 329 in-

821 241 1031 264 lxxocsxwws
1053 241 1085 263 Π
1109 242 1156 264 ΡΡ.

1635 234 1706 267 555
1767 246 1818 272 An.
1837 245 1865 273 c.
1886 248 1950 274 tm

1010 295 1193 341 dignitatem
1221 295 1266 330 vel
1294 295 1429 332 officium
1453 297 1614 345 publicum
1653 297 1755 333 nulla-

227 341 431 388 quisitoribus
453 342 624 377 baereticae
655 343 812 389 pravitatis
851 343 971 379 ordinis
1010 353 1103 379 tenus
1129 353 1317 380 assumatur

228 390 479 427 praedicatorum
515 392 546 426 in
583 390 796 436 Lonibardia,
836 393 968 428 Marcliia

226 440 387 476 Tervisina
409 448 438 475 et
466 439 650 476 Romaniola
667 468 676 485 ,
711 441 822 476 damus
857 443 970 478 nostris

226 489 337 525 litteris
358 489 389 524 in
417 490 582 534 mandatis,
610 499 643 524 ut
663 491 806 538 singulos
834 501 968 527 vestrum

225 538 264 574 ad
287 538 318 574 id
341 551 395 586 per
431 539 788 575 excommunicationem
828 541 856 575 in
897 553 971 589 per-

225 600 329 632 sonas,
351 597 381 623 et
401 589 601 624 interdictum
626 589 654 623 in
679 597 804 633 terram,
832 590 971 637 appella-

225 637 309 673 tione
323 646 453 682 remota,
475 638 674 686 compellant.

257 757 345 802 Leqes
367 764 394 791 et
413 758 637 791 constitutiones
662 765 762 791 autem
783 765 851 791 sunt
873 759 937 792 hae.

542 853 608 888 Lssx
633 856 664 888 t.

275 932 297 980 S
322 933 355 966 2.
373 931 561 973 statuimus,
584 940 616 968 ut
643 940 793 980 potestas,
825 945 880 968 seu
918 945 968 969 re—

31 985 213 1039 2:533&ss
226 989 304 1023 ctor,
331 981 384 1028 qui
406 981 520 1016 civitati
549 991 671 1029 praeest,
699 981 744 1016 vel
768 982 835 1017 loco
856 982 908 1018 alii
931 983 968 1018 ad

30 1049 215 1075 gummi...
227 1041 386 1078 praesens,
408 1039 460 1065 aut
488 1042 542 1078 pro
564 1039 707 1078 tempore
730 1032 897 1078 praefuerit
938 1033 969 1067 in

30 1081 116 1101 “um
226 1079 407 1123 futurum,
400 1092 433 1114 tn
455 1079 654 1121 Lombardia,
689 1081 886 1122 Romaniola
923 1081 968 1116 vel

225 1128 363 1165 Mareliia
377 1128 550 1173 Tervisina,
573 1130 651 1165 iuret
681 1131 828 1177 praecise,
851 1139 880 1166 et
903 1132 970 1166 sine

225 1178 337 1214 timore
364 1179 481 1226 aliquo,
503 1179 664 1215 attendere
684 1179 913 1220 inviolabiliter,
941 1190 970 1215 et

225 1239 361 1273 servare,
387 1236 417 1263 et
438 1228 538 1264 facere
559 1228 597 1263 ab
633 1228 779 1264 omnibus
811 1230 968 1265 observari

225 1285 291 1313 toto
312 1286 454 1325 tempore
480 1278 528 1312 sui
556 1278 728 1324 regiminis,
750 1286 811 1313 tam
854 1279 886 1313 in
925 1279 969 1314 ci-

227 1326 331 1371 vitate,
358 1327 407 1362 vel
429 1327 499 1362 loco
525 1328 572 1362 sui
601 1327 774 1374 regiminis,
808 1340 902 1375 quam
937 1329 966 1362 in

226 1376 318 1412 terris
338 1388 413 1412 suae
448 1376 557 1411 ditioni
590 1377 752 1421 subiectis,
785 1389 895 1413 omnes
939 1386 969 1413 et

225 1425 363 1473 singulas
385 1435 445 1461 tam
484 1426 718 1474 infrascriptas,
759 1439 851 1474 quam
895 1427 968 1462 alias

225 1475 466 1510 constitutiones
486 1483 517 1510 et
543 1475 641 1522 leges,
679 1483 740 1510 tam
774 1477 941 1511 canonicas
959 1504 968 1518 ‚

225 1536 316 1572 quam
344 1525 462 1563 civiles,
494 1525 594 1560 editas
632 1533 739 1560 contra
779 1525 966 1561 haereticam

226 1574 415 1620 pravitatem.
437 1573 481 1608 Et
503 1587 598 1622 super
616 1574 665 1609 his
688 1575 826 1622 praecise
858 1575 968 1610 obser-

224 1623 335 1659 vandis
356 1623 508 1669 recipiant
527 1636 544 1659 a
571 1624 765 1671 quibuslibet
786 1625 846 1659 sibi
866 1625 896 1659 in
917 1637 969 1672 po-

225 1673 360 1717 testaria,
380 1672 429 1708 vel
451 1673 605 1720 regimine
631 1673 875 1709 succedentibus
890 1702 899 1718 ,
927 1675 967 1709 iu—

225 1730 374 1758 ramenta.
396 1721 484 1765 Quae
509 1723 563 1771 qui
590 1732 745 1770 praestare
784 1723 943 1758 noluerint
959 1738 988 1764 ,¹

224 1783 282 1819 pro
306 1771 525 1820 potestatibus,
540 1773 586 1808 vel
602 1773 775 1808 rectoribus
788 1772 967 1808 nullatenus
986 1785 988 1791 ⁴

225 1820 408 1856 habeantur.
429 1821 469 1856 Et
489 1833 568 1868 quae
591 1830 623 1856 ut
645 1829 825 1869 potestates,
847 1823 894 1856 vel
916 1834 969 1857 re-

225 1877 328 1906 ctores
348 1870 489 1911 fecerint,
516 1870 633 1905 nullam
671 1871 796 1917 penitus
835 1871 967 1907 habeant

225 1919 415 1955 firmitatem.
433 1918 498 1955 Nec
520 1919 602 1955 ullus
616 1928 768 1964 teneatur,
783 1929 836 1955 aut
857 1920 968 1956 debeat

225 1969 315 2024 sequi
341 1981 407 2010 eos,
433 1969 553 2004 etiamsi
577 1970 615 2004 de
641 1970 767 2017 sequela
784 1971 966 2017 praestanda

226 2018 272 2054 eis
292 2017 491 2054 exhibuerint
508 2019 728 2053 iuramentum
751 2019 843 2062 Quod
863 2020 887 2054 si
908 2032 967 2067 po-

32 2065 214 2121 ,ggfflfffl'w
227 2075 321 2103 testas
353 2068 400 2103 vel
424 2076 524 2102 rector
544 2068 656 2115 aliquis
693 2068 769 2104 haec
797 2069 910 2114 omnia,
938 2077 968 2104 et

75 2104 98 2121 ‘e
132 2104 200 2127 enm.
227 2116 348 2164 singula
377 2129 498 2152 servare
521 2117 664 2158 noluerit,
700 2117 746 2153 vel
785 2118 967 2165 neglexerit,

227 2175 350 2213 praeter
369 2175 474 2201 notam
498 2166 637 2213 periurii,
663 2174 692 2201 et
720 2176 887 2214 perpetuae
921 2168 967 2202 ia*

226 2224 345 2251 cturam
365 2215 521 2260 infamiae,
543 2215 747 2251 ducentarum
772 2217 965 2252 marcharum

226 2276 359 2312 poenam
399 2266 558 2305 incurrat,
600 2277 680 2312 quae
714 2266 968 2301 irremissibiliter

226 2314 391 2362 exigentur
411 2315 450 2350 ab
471 2327 519 2355 eo,
541 2314 616 2349 etin
631 2314 792 2350 utilitatem
815 2315 968 2351 Commu-

226 2364 276 2399 nis
296 2364 414 2411 integra
436 2372 665 2407 convertantur,
701 2372 731 2399 et
765 2365 968 2400 nibilominus

227 2415 418 2460 utperiurus
438 2423 468 2449 et
489 2413 624 2458 infamis,
645 2421 675 2448 et
708 2422 864 2461 tamqnam
893 2415 979 2449 tiae-⁴

228 2464 392 2498 reticorum
416 2463 526 2508 fautor,
547 2463 585 2497 de
613 2462 673 2497 lide
711 2472 886 2511 suspectus,
920 2463 968 2499 of-

229 2511 299 2547 ficio
331 2512 501 2548 ethonore
528 2513 576 2548 sui
603 2512 764 2559 regiminis
803 2513 966 2559 spolietur,

228 2572 288 2596 nec
307 2560 438 2597 ulterius
465 2570 602 2610 potestas
635 2574 690 2596 seu
714 2569 814 2597 rector
840 2563 870 2596 in
903 2563 967 2597 ali-

228 2622 292 2658 qup
313 2610 474 2653 habeatur,
500 2620 531 2647 et
556 2612 594 2646 de
615 2620 738 2647 caetero
759 2611 796 2647 ad
830 2611 966 2651 aliquam

253 2695 258 2698 ,
306 2666 379 2698 Ball.
398 2668 474 2699 Rom.
495 2668 550 2698 Vol.
570 2668 620 2698 III.
814 2668 850 2699 70

1321 426 1389 461 Lux
1414 428 1446 461 2.

1058 505 1078 551 g
1105 507 1135 539 5.
1159 504 1246 540 Idem
1275 518 1401 561 quoque
1434 515 1581 553 potestas,
1612 520 1667 544 seu
1702 521 1753 544 re-
1780 521 1949 545 nuntiem-n-

1009 557 1076 589 c'tor
1097 554 1263 590 cuiuslibet
1284 555 1427 611 civitatis,
1450 556 1494 591 iel
1519 557 1588 598 loci,
1619 558 1648 592 in
1673 559 1752 606 prin·
1767 555 1947 581 ”⁰’“⁹¹³⁰¹¹⁹¹²‘¹¹·

1009 603 1092 650 cipio
1114 603 1160 639 sui
1189 604 1359 651 ιἈρςίιηιιιιε
1384 606 1411 639 ιιι
1442 606 1563 652 publica
1602 608 1753 643 concione

1010 665 1095 689 more
1133 653 1222 688 solito
1251 663 1449 702 congiegata,
1485 655 1588 691 banno
1623 657 1754 692 civitatis

1010 701 1056 737 vel
1080 702 1139 737 loci
1162 712 1317 750 supponat
1340 714 1497 751 tamquam
1519 717 1573 752 pro
1589 705 1753 750 maleficio,

1009 763 1118 786 omnes
1141 752 1313 787 haereticos
1335 754 1496 800 utriusque
1527 766 1632 798 sexus,
1671 767 1753 802 quo-

1009 812 1144 848 cumque
1166 802 1292 837 nomine
1314 812 1513 839 censeantur.
1535 802 1573 838 Et
1614 813 1754 839 teneatur

1010 849 1147 885 bannum
1171 851 1350 887 huiusmodi
1373 865 1389 888 a
1411 853 1476 888 suis
1505 853 1754 898 praedecessori—

1009 898 1068 933 bus
1091 900 1225 946 positum
1255 901 1453 936 confirmare.
1489 901 1662 950 Praecipue
1696 915 1754 938 au·

1010 957 1083 989 tem,
1106 950 1190 996 quod
1214 949 1319 986 nullus
1342 952 1530 996 haereticus,
1564 954 1609 986 vel
1644 951 1754 987 haere—

1010 999 1067 1033 tica
1095 997 1133 1033 de
1161 1008 1284 1035 caeteio
1306 1000 1435 1041 habitet,
1459 1002 1505 1036 vel
1530 1010 1679 1044 moretur,
1701 1010 1754 1036 aut

1009 1046 1156 1083 subsistat
1184 1050 1214 1083 in
1238 1049 1372 1090 civitate,
1393 1063 1449 1086 seu
1472 1050 1575 1098 aliquo
1598 1051 1690 1086 modo
1710 1052 1753 1085 iu-

1010 1098 1211 1141 risdictionis,
1240 1106 1294 1133 aut
1331 1100 1489 1134 disti-ictus
1523 1099 1686 1144 eiusdem,
1723 1108 1753 1134 et

1010 1148 1201 1194 quicumque
1225 1149 1325 1194 ipsum
1343 1149 1388 1183 vel
1413 1150 1511 1196 ipsam
1532 1150 1696 1189 invenerit,
1712 1149 1752 1183 li-

1009 1195 1080 1230 bere
1103 1198 1213 1243 capiat.
1236 1206 1265 1232 et
1286 1210 1397 1245 capere
1421 1199 1519 1253 possit
1550 1200 1689 1254 impune,
1724 1208 1754 1234 et

1008 1257 1120 1281 omnes
1143 1259 1192 1282 res
1219 1247 1329 1293 ipsius,
1357 1248 1431 1283 tel
1425 1260 1562 1295 ipsorum
1585 1249 1632 1283 eis
1661 1248 1754 1283 licen-

1009 1303 1055 1329 ter
1076 1295 1209 1340 auferre,
1231 1308 1311 1342 quae
1333 1298 1394 1332 sint
1421 1297 1627 1332 anferentinm
1649 1298 1753 1352 pleno

1010 1344 1087 1383 iure,
1111 1346 1168 1380 nisi
1198 1345 1374 1381 auferentes
1411 1346 1594 1382 huiusmodi
1631 1346 1752 1382 sintin

1008 1393 1110 1428 officio
1137 1395 1308 1430 constituti

1315 1475 1381 1511 Lex
1411 1479 1442 1511 ὅ

1056 1556 1076 1604 g
1098 1559 1129 1590 lt
1146 1555 1230 1591 ldem
1254 1569 1380 1605 quoque
1402 1565 1552 1604 potestas,
1574 1570 1628 1593 seu
1653 1566 1753 1593 rector
1779 1571 1874 1594 facuit„
1907 1574 1948 1594 eti-

1008 1605 1084 1641 inl'ra
1107 1606 1231 1641 tei-tium
1255 1607 1336 1641 diem
1373 1616 1442 1662 post
1476 1607 1638 1642 introitum
1669 1604 1948 1661 reui-ssffndffimssgj

1009 1656 1104 1690 minis
1121 1656 1181 1696 sui,
1209 1656 1373 1691 duodecim
1397 1657 1479 1691 vitos
1501 1656 1616 1704 probos
1642 1664 1672 1692 et
1705 1670 1754 1692 ca·
1766 1666 1798 1686 ni·

1007 1705 1151 1747 tltolicos,
1178 1714 1208 1739 et
1229 1705 1308 1741 dnos
1331 1706 1476 1747 notarios,
1498 1716 1528 1741 et
1549 1707 1628 1740 duos
1653 1706 1752 1740 servi-

1008 1763 1101 1798 tores,
1121 1754 1166 1789 vel
1194 1764 1349 1802 quotquot
1363 1755 1476 1791 suerint
1499 1756 1677 1799 necessarii,
1701 1756 1751 1790 in-

1007 1805 1134 1839 stituere
1161 1812 1312 1846 teneatur,
1341 1817 1421 1852 quos
1455 1805 1687 1849 dioecesanus,
1724 1807 1749 1840 si

1009 1865 1158 1900 praesens
1180 1854 1325 1891 extiterit,
1347 1863 1377 1889 et
1400 1856 1548 1890 interesse
1566 1855 1707 1898 voluerit,
1721 1864 1751 1889 et

1008 1903 1070 1938 duo
1092 1903 1200 1938 fratres
1220 1904 1453 1939 praedicatores
1468 1913 1498 1939 et
1520 1904 1583 1939 duo
1612 1903 1751 1939 Minores

1007 1952 1044 1987 ad
1068 1953 1127 1987 boc
1149 1967 1164 1988 a
1184 1954 1249 1987 suis
1269 1954 1435 2000 prioribus,
1458 1955 1481 1988 si
1511 1963 1684 1989 conventus
1707 1954 1748 1988 ibi

1008 2002 1122 2036 fuerint
1143 2004 1325 2037 eorumdem
1347 2003 1506 2048 ordinum,
1522 2003 1673 2051 deputati,
1696 2002 1751 2038 du-

1009 2053 1109 2087 xerint
1127 2051 1300 2098 eligendos.

1305 2137 1369 2172 Lssx
1394 2139 1426 2170 4.

1056 2220 1075 2267 g
1103 2223 1133 2255 5.
1161 2220 1295 2255 Instituti
1330 2229 1432 2255 autem
1479 2220 1681 2261 huiusmodi,
1720 2230 1749 2255 et

1007 2270 1095 2304 electi
1121 2271 1240 2317 possint
1274 2278 1304 2304 et
1340 2270 1472 2304 debeant
1513 2270 1683 2305 haereticos
1721 2278 1749 2303 et

1009 2319 1178 2353 haereticas
1201 2331 1321 2366 capere,
1344 2328 1373 2353 et
1400 2331 1506 2354 eorum
1522 2318 1599 2353 bona
1617 2319 1677 2353 illis
1698 2331 1750 2354 au-

1009 2368 1096 2410 ferre,
1125 2377 1153 2403 et
1176 2368 1276 2403 facere
1297 2368 1409 2403 auferri
1434 2380 1488 2414 per
1509 2369 1596 2408 alios,
1619 2377 1647 2403 et
1676 2381 1750 2416 pro-

1007 2429 1116 2453 curare
1138 2418 1215 2453 haec
1237 2427 1297 2453 tam
1322 2419 1353 2452 in
1377 2418 1616 2465 civit-inaquam
1635 2418 1665 2453 in
1689 2427 1748 2453 tota

1007 2469 1075 2502 eius
1091 2467 1317 2508 iurisdictione,
1332 2476 1423 2515 atque
1438 2469 1590 2512 districtu,
1613 2467 1748 2514 plenarie

1008 2517 1181 2563 adimpleri,
1209 2526 1238 2552 et
1264 2529 1317 2552 eos
1338 2518 1465 2561 ducere,
1487 2525 1518 2552 et
1544 2517 1615 2552 duci
1650 2516 1749 2552 tacere

1009 2566 1039 2600 in
1070 2575 1253 2613 potestatem
1276 2566 1463 2611 dioecesani,
1489 2566 1536 2601 vel
1565 2566 1748 2602 vicariorum

1008 2615 1161 2651 eiusdem.

1777 2232 1881 2255 Haeretici
1905 2238 1945 2261 quo

1763 2264 1860 2285 ducendi.
