2129 3223
391 241 459 273 679.

342 304 492 352 pellarum
508 309 725 348 exemptarum
742 308 771 334 et
787 299 928 334 omnium
943 298 1086 337 aliarum,

149 356 421 401 P·,‘¹“¹,ffl⁵⁵=··quae
443 351 612 387 duodecim
634 349 792 390 denarios,
821 349 865 383 vel
898 348 1003 396 plures
1032 359 1087 394 pro

143 389 246 413 ‘mmm'
339 401 521 437 huiusmodi
538 400 651 434 salario
673 399 842 447 recipiunt,
857 410 930 432 cum
952 397 1088 444 propriis

339 452 468 486 omnino
486 450 636 485 crucibus
651 447 945 495 argenteis,aureis,
958 447 1003 480 vel
1021 447 1088 480 aliis

339 513 418 547 quas
439 499 566 540 habent,
585 508 615 534 et
633 511 706 533 cum
728 497 862 536 vexillis,
881 497 905 531 si
929 496 1045 530 babent
1059 504 1089 529 et

339 558 464 596 portare
478 555 721 584 consueverunt.
736 547 852 582 Clerici
868 557 995 593 quoque
1010 544 1089 579 alia-

339 611 408 634 rum
423 598 651 645 cappellarum,
664 608 797 645 quarum
812 595 954 641 singulae
968 602 1087 628 tantum

339 656 410 683 octo
425 647 571 683 denarios
588 659 643 694 pro
660 646 771 681 eodem
795 646 906 680 salario
921 643 1088 689 recipiunt,

340 698 385 733 vel
408 709 482 733 cum
505 696 642 744 propriis
663 695 813 731 crucibus
835 702 865 729 et
888 693 1019 732 vexillis,
1042 692 1088 726 vel

339 759 409 781 cum
446 746 557 781 alienis
595 746 699 785 etiam,
733 745 812 779 sicut
848 743 907 778 fuit
938 742 1090 777 hactenus

338 803 540 835 consuetum,
563 794 662 829 induti
685 792 881 828 vestimentis
902 791 1021 831 sericis,
1037 799 1090 826 ant

339 844 580 892 superpelliciis,
607 844 672 878 sive
696 843 808 886 coctis,
830 843 860 876 in
876 841 988 876 eodem
1011 840 1090 875 festo

341 894 452 929 vadant
474 892 746 941 processionaliter
772 891 933 926 annuatim
965 890 1002 924 ad
1032 889 1090 924 ba-

339 943 459 978 silicam
494 942 709 990 supradictam
744 940 901 987 recepturi
940 939 1088 974 salarium

340 992 387 1028 vel
421 992 653 1039 presbyterium
687 998 891 1033 consuetum,
924 988 1008 1036 quod
1044 988 1090 1022 eis

341 1054 397 1088 per
414 1042 585 1076 canonicos
605 1039 746 1075 eiusdem
766 1038 925 1079 basilicae,
947 1045 977 1072 et
992 1049 1089 1071 unum

340 1091 379 1125 de
401 1090 608 1126 familiaribus
629 1089 746 1124 nostris
768 1088 913 1123 volumus
934 1086 1089 1121 exhiberi.

154 1141 182 1161 ¹³⁶
215 1142 325 1192 duacum
339 1140 402 1175 Alii
440 1148 546 1174 autem
583 1138 750 1177 monachi,
791 1137 902 1171 fratres
940 1136 1090 1175 Minores,

142 1178 326 1237 Ξξῖαἷὲιωῗεῖζῖἷῖ
339 1189 576 1225 praedicatores
610 1196 642 1223 et
672 1187 846 1226 Eremitac,
885 1197 921 1220 ac
954 1185 1089 1230 religiosi

143 1235 181 1253 ⁶¹³⁴
340 1238 391 1273 alii
421 1238 652 1284 cuiuscumque
683 1236 815 1275 ordinis,
842 1247 914 1269 cum
942 1234 1091 1269 crucibus

341 1289 371 1322 in
407 1288 520 1323 eodem
557 1287 635 1322 festo
668 1284 944 1332 processionaliter
979 1283 1091 1318 vadant

340 1337 377 1372 ad
420 1336 583 1372 basilicam
626 1342 842 1370 memoratam.
890 1333 1093 1380 Quicumque

342 1399 414 1421 xero
449 1385 559 1421 fraude
605 1398 660 1419 seu
696 1383 810 1418 malitia
843 1391 950 1417 contra
979 1383 1092 1416 buius-

343 1435 428 1469 modi
456 1443 593 1469 nostram
617 1433 875 1468 constitutionem
912 1432 1016 1466 venire
1040 1439 1093 1465 aut

343 1484 458 1524 facere,
480 1495 536 1518 seu
565 1483 663 1530 ipsam
687 1481 804 1517 violare
835 1480 1091 1527 praesumpserit,

342 1545 379 1567 eo
418 1533 488 1580 ipso
527 1532 714 1566 sententiam
755 1529 1093 1565 excommunicationis

344 1583 491 1625 incurrat,
518 1593 535 1616 a
561 1593 635 1627 qua,
670 1580 794 1614 nonnisi
826 1591 882 1625 per
912 1578 1091 1613 Romanum

342 1631 542 1670 Pontificem,
569 1630 617 1664 vel
644 1641 715 1664 eum
745 1629 796 1663 cui
826 1628 886 1663 hoc
916 1627 1095 1675 specialiter

343 1680 547 1720 commiserit,
569 1678 759 1714 absolvatur.

391 1729 477 1763 Nulli
499 1741 574 1774 ergo
599 1728 731 1762 omnino
754 1727 916 1762 bominum
940 1733 994 1760 etc.

391 1778 505 1813 Datum
542 1777 705 1823 Anagniae
739 1776 930 1811 duodecimo
967 1775 1092 1809 kalend.

343 1828 428 1869 maii,
455 1827 658 1875 pontificatus
680 1826 777 1860 nostri
805 1837 888 1860 anno
910 1833 1007 1859 sexto.

382 1879 442 1910 Dat.
465 1880 512 1910 die
529 1879 569 1909 ΞΟ
587 1879 689 1918 aprilis
709 1878 794 1913 1260,
814 1877 915 1917 pontif.
927 1886 1003 1907 anno
1019 1885 1055 1906 vi.

140 257 179 280 An
211 253 242 280 C.
259 253 325 279 two

348 2069 440 2109 Quod
472 2046 666 2113 inquisitores
708 2068 877 2101 haereticae
911 2067 1095 2111 pravitatis,

395 2119 475 2151 bona
495 2118 715 2151 haereticorum
733 2118 896 2162 confiscata
909 2116 1095 2154 distrahant,

396 2174 422 2199 et
456 2168 586 2211 pretium
610 2167 652 2199 ad
679 2178 753 2210 opus
784 2173 905 2200 sanctae
942 2166 1098 2198 Romanae

399 2217 550 2249 Ecclesiae
570 2223 752 2248 conservent.

347 2280 495 2309 Alexander
511 2281 650 2316 episcopus
666 2286 761 2308 servus
771 2286 910 2309 servorum
919 2279 974 2312 Dei,
989 2279 1098 2308 dilectis

392 2325 457 2354 filiis
474 2326 614 2354 fratribus
643 2325 764 2357 Andreae.
786 2325 904 2357 Gentili,
933 2325 962 2353 et
985 2324 1099 2353 Bartho-

392 2370 500 2401 lomaeo.
521 2370 625 2398 ordinis
647 2370 793 2402 minorum.
814 2370 844 2398 et
863 2370 927 2398 aliis
952 2369 1097 2404 inquisito-

392 2414 468 2443 ribus
486 2415 642 2444 haereticae
660 2414 808 2450 pravitatis
837 2415 865 2443 in
883 2415 1000 2443 Romana
1035 2420 1097 2449 pro·

392 2459 490 2492 vincia,
507 2461 536 2488 et
553 2459 795 2488 administratione
813 2458 841 2487 B.
860 2459 1004 2491 Francisci.
1024 2458 1099 2486 salu-

392 2505 449 2531 tem
465 2505 494 2532 et
509 2504 689 2540 apostolicam
700 2504 924 2532 benedictionem.

399 2555 588 2591 Discretioni
613 2565 741 2597 vestrae,
764 2557 803 2591 de
830 2569 890 2603 qua
919 2557 1043 2604 plenam
1067 2556 1097 2590 in

349 2602 486 2639 Domino
524 2605 668 2640 fiduciam
705 2606 909 2650 obtinemus,
941 2605 1096 2641 vendendi

916 244 1103 267 nFLLAmt'M
1131 243 1291 266 ROMANUM

1897 242 1946 269 An.
1962 241 1992 268 C.
2008 242 2077 269 ¹260

1129 309 1164 331 ac
1191 297 1383 332 distrahendi
1406 297 1503 332 libere
1531 298 1612 332 bona
1635 300 1878 339 naereticorum,

1130 359 1303 393 eorumque
1324 346 1492 389 fautorum,
1514 347 1723 387 credentium,
1738 355 1880 395 recepta-

1131 404 1233 430 torum
1257 404 1285 430 et
1308 395 1521 437 defensorum,
1545 396 1699 444 publicata
1723 397 1796 441 iam,
1822 409 1878 432 seu

1131 445 1311 483 confiscata,
1335 456 1365 480 ct
1389 447 1420 480 in
1449 455 1608 493 posterum
1632 446 1822 494 publicanda
1850 455 1881 481 et

1131 495 1342 536 confiscanda,
1371 504 1464 542 prout
1489 495 1660 530 commisso
1689 496 1775 530 vobis
1807 495 1878 530 fidei

1133 545 1256 590 negotio
1283 545 1430 592 expedire
1453 545 1604 588 videritis,
1636 545 1676 580 ita
1703 544 1788 591 quod
1817 557 1880 580 eo-

1133 606 1198 628 rum
1220 594 1353 641 pretium
1373 593 1411 628 ad
1431 607 1511 641 opus
1531 594 1694 629 Romanae
1716 594 1879 629 Ecclesiae

1131 652 1349 687 conservetur,
1390 655 1531 684 necnon,
1567 651 1599 678 et
1633 643 1881 679 contradictores

1131 705 1227 740 super
1247 692 1320 736 hoc,
1349 705 1403 740 per
1427 704 1593 728 censuram
1624 692 1880 737 ecclesiasticam,

1131 742 1338 789 appellatione
1358 742 1543 789 postposita,
1557 742 1796 788 compescendi,
1814 742 1882 789 ple-

1133 804 1202 826 nam
1237 799 1268 825 et
1287 791 1429 826 ‘liberam
1462 790 1669 826 concedimus
1698 792 1881 826 auctoritate

1133 841 1347 887 praesentium
1375 840 1566 875 facultatem.

1181 890 1296 924 Datum
1324 889 1455 924 Genuae
1483 898 1592 925 octavo
1617 889 1767 925 kalendas
1793 896 1883 925 octo-

1133 939 1207 980 bris,
1237 938 1437 986 pontificatus
1460 939 1556 974 nostri
1584 951 1666 974 anno
1688 947 1786 974 sexto.

1166 1000 1227 1031 Dat.
1245 1001 1291 1031 die
1307 1000 1345 1030 ⁶24
1360 1005 1482 1040 septem.
1499 1000 1585 1035 1250,
1603 1000 1702 1039 pontif.
1718 1009 1794 1030 anno
1810 1008 1846 1030 vr.

1470 1177 1549 1212 LVl.

1137 1252 1228 1291 Quod
1246 1251 1441 1294 inquisitores
1464 1251 1631 1283 haereticae
1641 1250 1807 1294 pravitatis
1815 1261 1889 1294 pro-

1181 1301 1282 1333 cedere
1304 1301 1418 1343 possint
1456 1301 1488 1331 in
1527 1301 1628 1332 causis
1659 1299 1749 1332 Fidei
1779 1305 1887 1333 contra

1182 1361 1386 1394 quoscumque
1413 1350 1505 1382 etiam
1533 1354 1698 1393 eoeemptos,
1723 1348 1888 1393 eliyereque

1182 1400 1319 1432 notarios
1353 1399 1446 1431 etium
1471 1400 1638 1442 regulare&
1660 1398 1715 1441 qui
1728 1398 1887 1431 insaecula

1182 1449 1300 1481 notarii
1320 1449 1457 1491 ficerunt.

1402 1520 1616 1550 StutMARtUM

1134 1587 1189 1617 Fac
1196 1587 1270 1617 ultas
1282 1586 1460 1625 procedendi
1473 1591 1573 1615 contra
1586 1594 1788 1625 quoscumque
1799 1585 1887 1615 etiam

1175 1636 1334 1670 exemptos,
1352 1647 1392 1653 —
1408 1630 1601 1670 Notariosque
1624 1631 1763 1668 eligendi.

1134 1702 1285 1730 Alexander
1304 1703 1447 1738 episcopus
1469 1708 1566 1730 servus
1588 1707 1728 1729 servorum
1743 1700 1799 1734 Dei,
1819 1701 1888 1729 dile-

1180 1751 1235 1779 ctis
1252 1751 1319 1780 flliis
1332 1750 1469 1780 fratribus
1487 1749 1589 1778 ordinis
1604 1749 1833 1783 praedicatorum,
1844 1750 1889 1778 in-

1181 1801 1360 1836 quisitoribus
1378 1800 1536 1828 haereticae
1554 1799 1707 1835 pravitatis
1724 1800 1753 1828 in
1765 1800 1888 1829 Lambat-

1181 1851 1235 1883 dia.
1255 1850 1375 1878 Mai-chia
1387 1849 1520 1882 [aunensi.
1532 1849 1649 1878 salntem
1664 1849 1695 1877 et
1711 1848 1890 1885 apostolicam

1181 1899 1405 1928 benedictionem.

1185 1965 1232 2000 Ne
1254 1965 1443 2000 commissae
1470 1965 1558 2000 vobis
1579 1973 1688 2000 contra
1714 1965 1888 2001 haereticos
1915 1977 2011 1999 racana,
2034 1983 2085 2005 pro-

1138 2014 1355 2061 inquisitionis
1388 2014 1539 2058 officium,
1577 2027 1779 2062 quocumque
1804 2026 1888 2049 con-
1902 2009 2085 2066 ξζξξξξζ,ζξέ“ἑῖ

1139 2064 1236 2110 tingat
1258 2064 1349 2098 obice
1372 2064 1561 2111 praepediri,
1587 2064 1677 2098 vobis
1703 2072 1734 2099 et
1755 2063 1953 2111 singulistium
1973 2070 2084 2095 e1‘211112101

1139 2122 1275 2147 vestrum
1308 2114 1522 2160 praesentium
1562 2113 1748 2148 auctoritate
1775 2125 1889 2148 conce-

1140 2162 1258 2206 dimus,
1284 2172 1319 2198 ut
1346 2175 1408 2197 non
1432 2162 1628 2198 obstantibus
1650 2162 1808 2209 aliquibus
1829 2163 1889 2209 pri-

1139 2211 1261 2257 vilegiis
1293 2212 1338 2246 vel
1373 2212 1596 2258 indulgentiis,
1632 2212 1889 2259 quibuscumque

1141 2261 1295 2306 personiS,
1317 2261 1453 2296 cuiusvis
1479 2261 1681 2304 conditionis,
1715 2261 1888 2307 dignitatis,

1141 2309 1186 2344 vel
1202 2310 1320 2355 gradus
1351 2311 1512 2356 religionis
1530 2319 1582 2346 aut
1599 2310 1731 2351 ordinis,
1749 2317 1780 2344 et
1798 2322 1889 2356 prae-

1139 2360 1245 2393 sertim
1272 2358 1473 2404 Cistercien.,
1494 2359 1762 2403 praedicatorum,
1784 2359 1888 2393 Mino—

1139 2420 1221 2453 rum,
1245 2420 1301 2443 seu
1324 2409 1547 2453 Eremitarum‚
1569 2409 1634 2444 sive
1655 2408 1889 2443 communitati-

1141 2457 1200 2492 bus
1216 2458 1262 2493 vel
1289 2459 1545 2493 universitatibus
1558 2458 1715 2493 civitatum
1731 2457 1889 2502 locorum,

1141 2507 1316 2554 specialiter
1346 2508 1394 2542 vel
1430 2509 1618 2555 generaliter
1649 2507 1710 2541 sub
1736 2518 1890 2553 quacum-

1140 2567 1202 2602 que
1223 2557 1391 2592 verborum
1413 2557 1615 2604 expressione
1651 2556 1697 2590 vel
1725 2555 1823 2591 forma
1849 2555 1889 2590 ab

1140 2605 1321 2654 Apostolica
1359 2606 1442 2642 Sede
1480 2605 1654 2649 concessis,
1688 2605 1736 2640 vel
1775 2604 1889 2640 amodo
