2129 3223
164 240 200 264 An

232 240 343 266 01217

409 231 477 262 5i(i

936 240 1125 263 BtLLARtml
1152 240 1221 262 ROM
1225 241 1313 263 ΚΜ),

359 294 442 342 quod
469 294 629 340 quaeritur
659 292 726 327 lesu
760 292 877 328 Christi
901 302 964 335 est,
992 302 1021 328 et
1045 294 1107 341 pri-
1148 293 1223 334 Dei,
1254 307 1288 329 ac
1312 295 1472 330 beatorum
1497 296 1579 331 Petri
1601 303 1631 331 et
1659 296 1748 332 Pauli
1767 306 1897 344 aposto-

361 353 446 379 ratae
468 354 647 378 communis
675 341 790 377 utilitas
813 321 994 378 antefertiir.
1024 342 1107 379 Sane

358 407 428 429 cum
453 392 553 428 bonae
583 392 751 427 memmiae
775 391 867 427 frater
888 391 1022 428 Ioannes
1045 393 1105 426 mi-

358 444 454 479 nister
486 450 587 477 vester
613 442 650 477 ad
680 441 779 476 felicis
807 442 1033 477 recordationis
1054 442 1106 476 lii-

315 533 320 536 ,
357 492 493 529 nocentii
512 491 616 539 Papae
639 491 891 539 praedecessoris
910 491 1006 527 nostri
1030 491 1104 526 olim

168 872 170 878 ⁴
182 860 280 884 forbatus

172 1430 308 1452 snntwmatur

152 1468 183 1487 qni
195 1467 232 1487 qno
250 1463 274 1481 nl»
291 1461 333 1482 flu-

151 1499 210 1512 Tul-,iO

191 1725 281 1749 nemi..

189 2469 297 2489 clausulae

357 542 565 590 praesentiam
609 541 814 581 accessisset,
850 549 880 575 et
908 542 1104 588 propositum

355 606 468 636 suum,
496 591 581 639 quod
607 603 644 625 ex
668 590 871 637 inspiratione
905 591 1008 625 divina
1034 603 1105 625 cre—

355 642 438 676 ditur
461 640 662 689 processisse,
676 640 759 674 dicto
783 639 1015 686 praedecessori
1045 652 1104 675 no-

354 699 419 726 stro
441 690 605 726 humiliter
631 688 807 736 significare
835 697 985 729 curasset,
1000 689 1103 724 inten-

355 741 471 776 tionem
495 752 584 774 snam
609 738 775 786 postulavit
801 738 972 784 apostolico
994 740 1103 774 muni-

156 826 159 834 ,
180 799 282 847 ''⁴s.-...'1³0'⁷
301 804 328 848 ὧ
355 791 440 825 mine
460 788 651 825 confirmari.
678 788 764 823 Idem
795 787 1016 834 praedecessor
1038 801 1102 823 no-

352 849 433 879 ster,
476 848 509 874 ut
547 837 742 873 desiderium
783 836 933 884 praedicti
969 838 1102 873 ministri

353 888 517 924 tundatum
546 888 577 922 in
605 886 734 923 Christo
762 894 885 933 praeter
911 898 1006 934 quem
1029 888 1101 934 poni

352 951 414 973 non
439 945 542 985 potest
568 936 679 971 stabile
706 935 956 991 fundamentum,
979 936 1103 983 plenius

352 995 507 1031 nosceret,
529 986 566 1021 ad
590 985 689 1021 bonae
716 984 888 1019 memoriae
904 986 1101 1033 episcopum,

351 1046 378 1071 it
407 1036 556 1071 dilectum
592 1035 688 1070 lilium
727 1033 870 1069 abbatem
903 1034 1010 1069 Sancti
1044 1035 1102 1069 Vi-

351 1087 446 1121 tztoris
472 1085 626 1120 Parisien.
657 1096 729 1118 cum
753 1083 818 1118 suis
847 1095 918 1118 eum
949 1084 1038 1119 duxit
1065 1084 1103 1119 li-

350 1136 425 1170 teris
460 1133 703 1172 remittendum,
733 1142 762 1168 ut
805 1144 859 1178 per
885 1145 957 1178 eos,
994 1140 1102 1180 utpote

349 1185 400 1231 qui
437 1183 627 1219 desiderium
651 1183 720 1218 eius
744 1181 912 1229 perfectius
940 1192 1101 1228 noverant,

350 1234 388 1268 ile
412 1233 587 1268 intentione
605 1245 660 1266 sua
682 1240 711 1266 et
734 1231 917 1266 intentionis
943 1231 1046 1267 fructu
1065 1245 1102 1268 ac

350 1283 521 1318 intentione
548 1282 686 1325 ordinis,
720 1289 749 1315 et
778 1280 901 1315 vivendi
935 1281 1030 1316 modo
1052 1282 1101 1316 in-

349 1341 486 1368 structus
513 1343 676 1366 assensum
705 1343 798 1365 sunm
828 1330 886 1364 sibi
917 1339 1022 1375 posset
1047 1343 1098 1365 se-

349 1382 456 1416 curius
477 1389 506 1416 et
535 1380 692 1415 efficacius
717 1379 880 1426 impertiri.
903 1378 983 1421 Quia
1007 1380 1101 1426 igitur

349 1431 430 1465 sicut
467 1430 571 1464 dictus
600 1429 821 1476 praedecessor
854 1436 960 1463 noster
981 1441 1017 1462 ex
1045 1441 1100 1463 eo-

351 1492 418 1514 ium
450 1479 549 1514 literis
588 1478 750 1513 evidenter
784 1477 940 1524 cognovit
982 1477 1098 1513 Christi

350 1529 469 1564 lucrum
499 1536 646 1575 appetere
675 1526 822 1561 videmini
854 1526 1019 1573 plusquam
1047 1539 1100 1562 ve·
1128 1555 1130 1559 ,

350 1585 461 1619 strum,
484 1589 541 1612 nos
556 1577 706 1616 volentes,
731 1584 763 1610 ut
784 1575 992 1622 apostolicum
1013 1576 1100 1610 vobis

349 1627 431 1662 adsit
458 1626 665 1673 praesidinm,
693 1625 730 1660 ad
760 1625 921 1672 exemplar
956 1624 1097 1660 eiusdem

351 1675 600 1722 praedecessoris
616 1675 713 1709 nostri
730 1674 881 1720 regulam,
905 1673 989 1708 iuxta
1005 1685 1098 1729 quam

352 1726 451 1760 vivere
473 1724 632 1764 debeatis
656 1724 746 1758 cuius
769 1732 907 1759 tenorem
930 1722 1002 1757 dicti
1030 1723 1100 1770 epi-

349 1787 465 1822 scopus
489 1782 519 1808 et
540 1773 637 1808 abbas
659 1774 725 1807 suis
741 1772 840 1807 eidem
863 1771 1098 1819 praedecessori

350 1833 456 1859 nostro
478 1823 634 1858 inclusum
656 1822 754 1857 literis
773 1821 1013 1856 transmiserunt
1028 1833 1098 1856 cum

350 1874 386 1908 iis
414 1885 494 1921 quae
517 1872 556 1908 de
583 1871 789 1919 dispositione
818 1871 935 1918 ipsius,
962 1878 992 1905 et
1015 1871 1093 1916 peti-

350 1924 433 1958 tione
460 1922 595 1958 ministri
632 1921 760 1976 praelati
794 1920 951 1967 disposuit
984 1919 1100 1954 adiun-

350 1972 463 2018 genda,
493 1970 704 2026 praesentium
733 1969 822 2005 vobis
851 1978 880 2004 et
907 1970 1101 2004 successori-

351 2022 410 2056 bus
433 2021 542 2057 vestiis
563 2019 750 2055 anctoritate
772 2018 989 2058 concedimus,
1012 2026 1041 2052 et
1064 2018 1101 2052 il-

352 2072 442 2106 libata
462 2079 613 2118 perpetuo
631 2081 816 2117 permanere
838 2068 1009 2107 sancimus,
1025 2080 1102 2114 quo—

353 2134 419 2156 ium
445 2130 604 2163 tenorem,
632 2128 664 2153 ut
686 2117 863 2153 evidentius
897 2118 1101 2172 exprimatur,

353 2171 484 2206 inferius
524 2169 675 2204 iussimus
714 2167 865 2202 annotari
903 2166 936 2200 ln
974 2168 1101 2201 nomine

351 2221 485 2255 Sanctae
509 2227 538 2254 et
566 2217 752 2253 Individuae
774 2215 947 2251 Trinitatis.
976 2214 1102 2251 Fratres

353 2272 465 2306 domus
486 2268 606 2303 ordinis
631 2266 765 2302 Sanctae
785 2265 958 2300 Trinitatis.

403 2320 555 2359 (Caetera
596 2319 657 2362 legi
674 2323 799 2362 possunt
826 2316 859 2348 in
892 2315 1103 2349 constitutione

357 2370 522 2403 [nitorem-ii
544 2368 610 2405 ΙΙΙ
636 2378 720 2400 num.
744 2376 828 2408 xvn,
848 2376 923 2410 paq.
949 2365 1061 2404 125).

403 2418 485 2452 Nulli
501 2429 577 2462 ergo
592 2416 722 2451 omnino
737 2414 902 2449 hominum
918 2413 1008 2448 liceat
1024 2412 1103 2446 hanc

357 2468 499 2522 paginam
530 2473 652 2501 nostrae
679 2463 895 2499 concessionis
917 2470 946 2497 et
981 2461 1103 2497 consti-

357 2516 485 2551 tutionis
507 2515 690 2569 intringere,
719 2513 766 2548 vel
788 2513 814 2548 ei
834 2524 913 2547 ausu
937 2512 1102 2547 temerario

357 2565 517 2599 tontraire.
555 2564 589 2599 Si
617 2576 688 2610 quis
721 2570 823 2597 antem
858 2561 918 2596 hoc
951 2569 1102 2596 attentare

358 2613 613 2660 praesumpserit,
623 2613 866 2659 indignationem
878 2609 1104 2658 omnipotentis

1148 321 1249 379 loruiu
1272 343 1340 379 eius
1364 357 1397 379 se
1422 345 1542 380 noverit
1569 345 1783 382 incursurum

1198 392 1265 428 Dat.
1294 393 1457 435 Laterani
1484 394 1596 442 quinto
1631 394 1701 431 idus
1735 395 1895 438 februarii,

1148 443 1348 490 pontificatus
1374 443 1473 479 nostri
1496 457 1579 479 anno
1606 445 1721 492 primo.

1180 503 1240 534 Dat.
1264 505 1310 535 die
1328 506 1346 535 9
1366 505 1506 536 februarii
1529 506 1612 544 1217,
1631 506 1733 546 pontis.
1751 506 1828 538 anno
1846 517 1864 538 ι,

1456 579 1590 588 —-——..

1478 665 1544 700 Vll.

1147 743 1312 776 coronano
1335 744 1528 788 iiitperalort's
1558 743 1892 788 Constantinopolitan.

1193 800 1218 824 ee
1246 793 1352 826 uxoris
1373 793 1436 826 elus
1460 792 1574 826 Romae
1597 792 1629 825 in
1646 793 1788 827 coenobio
1810 793 1895 827 San-

1193 843 1232 874 cci
1255 842 1414 875 Laurentii
1434 849 1524 876 extra
1545 852 1648 876 muros
1671 842 1728 884 (l).

1412 918 1626 949 SUMMARIUM

1144 985 1330 1016 Prooemiurn.
1349 1003 1388 1009 —
1408 985 1569 1025 imperator
1587 985 1837 1026 constantinopol.
1856 986 1893 1017 ab

1182 1029 1311 1059 Honorio
1328 1030 1399 1068 petit
1415 1030 1558 1060 coronari.
1574 1046 1614 1053 —
1630 1029 1726 1066 Quare
1745 1030 1895 1061 distulerit

1182 1073 1339 1104 Honorius.
1356 1090 1395 1097 —
1416 1073 1546 1104 Tandem
1566 1083 1632 1104 eum
1656 1079 1785 1105 coronat.
1800 1092 1839 1098 —
1855 1075 1893 1106 De

1182 1119 1228 1148 liis
1256 1119 1452 1157 patriarcham
1473 1118 1502 1148 C.
1526 1118 1556 1148 P.
1576 1120 1731 1150 certiorem
1755 1118 1832 1150 tacit.

1141 1200 1271 1230 nonarius
1288 1201 1429 1236 episcopus
1448 1207 1542 1229 servus
1555 1207 1694 1229 sorvorum
1709 1199 1766 1234 Dei,
1782 1206 1892 1230 venera·

1186 1249 1234 1278 bili
1252 1249 1340 1279 fratri
1372 1249 1548 1285 patriarchae
1571 1249 1891 1286 constantinopolitano.

1185 1300 1304 1328 salutem
1325 1299 1354 1327 ot
1374 1299 1554 1335 apostolicam
1572 1299 1796 1328 benedictionem.

1190 1371 1252 1413 Qui
1282 1370 1389 1406 statuit
1416 1370 1569 1405 terminos
1600 1370 1745 1417 gentium
1779 1383 1892 1406 secun-

1141 1420 1216 1455 dum
1248 1433 1416 1455 nnmerum
1439 1420 1643 1466 angelorum,
1670 1428 1701 1455 et
1729 1427 1891 1456 utrorum-

1141 1482 1202 1516 que
1239 1469 1409 1505 ministeria
1446 1470 1556 1504 ordine
1591 1469 1670 1504 miro
1704 1469 1891 1517 dispensat,

1141 1520 1220 1553 sicut
1247 1519 1364 1554 choi-ns
1392 1519 1577 1565 angelorum
1610 1517 1701 1553 variis
1732 1517 1892 1565 dignitati-

1142 1568 1211 1608 bus,
1234 1581 1314 1615 quai³
1349 1568 1485 1615 propriis
1513 1567 1674 1602 vocabulis
1701 1575 1780 1602 teste
1809 1568 1892 1615 Apo-

1141 1618 1219 1652 stolo
1242 1617 1459 1664 appellantur,
1488 1616 1673 1651 mirabiliter
1706 1616 1890 1663 insignivit,

1140 1667 1184 1701 sic
1219 1675 1247 1700 et
1286 1666 1460 1701 Ecclesiam
1496 1665 1600 1700 adbuc
1635 1664 1822 1701 militantem
1857 1666 1889 1701 in

1142 1716 1233 1751 terris
1266 1715 1402 1750 diversis
1436 1724 1495 1749 tam
1530 1714 1762 1762 spiritualium.
1794 1727 1890 1763 quam

1141 1764 1363 1811 temporalium
1387 1764 1528 1799 distinxit
1564 1764 1661 1798 titulis
1687 1772 1890 1812 potestatum,

1143 1827 1241 1862 penes
1263 1826 1362 1849 unum
1387 1813 1531 1849 videlicet
1553 1813 1733 1848 Romanum
1758 1813 1890 1849 Pontifi-

1141 1877 1210 1899 cem
1244 1862 1360 1899 Christi
1401 1863 1572 1904 vicarium,
1607 1871 1637 1898 et
1675 1863 1888 1909 apostolorum

1143 1913 1292 1961 principis
1308 1925 1528 1948 successorem
1551 1912 1694 1947 omnium
1709 1912 1891 1959 magisterio

1144 1975 1198 2009 pro
1220 1963 1418 1997 firmamento
1442 1962 1513 1997 fidei
1543 1969 1739 2002 remanente,
1763 1969 1795 1996 ut
1819 1961 1891 2010 pul-

1141 2012 1214 2046 chra
1239 2010 1385 2046 fidelibus
1408 2021 1434 2045 et
1465 2011 1646 2047 infidelibus
1667 2011 1815 2045 terribilis
1840 2024 1892 2058 ap-

1143 2073 1277 2109 parens,
1317 2070 1349 2095 ut
1388 2069 1563 2096 castrorum
1601 2061 1684 2096 acies
1723 2060 1890 2105 ordinata,

1143 2109 1289 2157 procedat
1313 2123 1482 2157 prospere,
1504 2110 1607 2145 donec
1633 2110 1738 2156 regina
1765 2109 1889 2144 tandem

1142 2173 1157 2194 a
1193 2160 1310 2194 dextris
1343 2160 1459 2194 summi
1495 2159 1592 2206 Regis
1632 2159 1742 2194 vestitu
1782 2158 1891 2194 sedeat

1142 2210 1291 2244 deaurato
1318 2209 1450 2244 feliciter
1485 2210 1516 2243 in
1551 2216 1741 2256 perpetuum
1770 2220 1890 2254 regna—

1143 2266 1223 2293 tura.
1250 2256 1341 2293 Unde
1368 2271 1441 2294 cum
1468 2265 1609 2301 constet,
1630 2257 1715 2305 quod
1741 2257 1844 2292 omnis
1872 2270 1888 2291 a

1145 2307 1279 2343 Domino
1306 2316 1352 2343 est
1381 2315 1529 2355 potestas,
1551 2308 1605 2355 qui
1633 2307 1720 2342 solus
1751 2313 1889 2352 potesta-

1143 2365 1205 2392 tem
1239 2355 1362 2391 habet'
1356 2370 1386 2392 in
1409 2369 1507 2404 regno
1536 2355 1718 2396 hominum,
1741 2362 1772 2390 et
1796 2367 1888 2403 quae·

1143 2418 1279 2453 cumque
1309 2405 1373 2441 iult
1402 2406 1531 2441 suscitat
1559 2418 1656 2452 super
1679 2383 1773 2448 illiid,
1795 2416 1889 2439 nemo

1143 2455 1186 2490 illi
1205 2465 1321 2490 temeri
1344 2455 1440 2491 debet
1464 2455 1621 2494 resistere,
1644 2467 1682 2488 ne
1710 2431 1888 2488 seciindum

1143 2504 1329 2552 Apostolum
1360 2504 1502 2560 potestati
1531 2504 1654 2538 divinae
1678 2503 1823 2538 resistere
1843 2502 1888 2536 vi-

1143 2555 1267 2599 deatur,
1294 2555 1372 2602 quin
1409 2555 1513 2601 potius
1546 2561 1670 2589 tenetur
1695 2551 1830 2600 quilibet
1856 2551 1887 2586 in

1178 2620 1217 2655 (t)
1238 2620 1275 2648 Ex
1294 2621 1396 2655 Regest.
1420 2619 1500 2646 vatic.

1910 245 1959 272 An.
1977 245 2006 272 C.
2026 244 2093 273 ΗΠ

1931 1382 1956 1404 Pr
1960 1383 2062 1405 ommium.
