2129 3223
22 273 77 301 ln.
96 272 125 300 C.
146 273 212 301 ¹¹98

56 1717 174 1740 Enrdtum.

29 2311 156 2337 Permutatio
175 2313 209 2335 h-

31 2347 71 2367 “B-

815 267 984 292 lNNOCENTt
990 268 1024 289 [S
1047 267 1081 289 ΙΙΙ
1107 267 1152 288 ΡΡ.

1630 251 1696 284 119

225 330 363 365 mitatem
395 327 536 362 obtinere
574 325 792 363 decernimus,
827 336 907 371 quae
935 323 963 357 in
1007 329 1037 356 ut
1065 322 1102 357 ad
1126 321 1276 356 honorem
1300 321 1378 359 cius,
1405 319 1455 353 cui
1478 317 1594 353 servire
1617 327 1746 362 regnare

224 378 313 414 Bulla
338 378 456 420 integra
486 375 673 421 diriguntur.
703 373 786 409 Nulli
816 385 890 420 ergo
911 380 963 406 etc.

270 427 386 463 Datum
409 425 572 467 Laterani,
604 424 696 459 tertio
718 435 816 458 nonas
846 422 963 468 aprilis.

269 487 329 519 Dat.
351 488 397 519 die
416 487 433 517 3
452 487 554 527 aprilis
575 487 658 519 1198,
681 485 781 525 pontis.
806 494 881 514 auno
901 494 917 513 ι.

560 665 612 700 Vl.

223 745 390 790 Confirmat
411 746 645 778 transactionem
665 743 833 787 quomdam
856 743 964 775 initam

268 795 346 828 inter
382 795 653 838 Rothomayensem
683 792 963 837 archiepiscopum,

268 850 294 878 et
317 844 521 878 Ricchardum
546 843 678 887 Anqliae
698 853 797 886 reyem
815 843 870 885 (1).

485 920 699 951 SUMMARIUM

217 988 385 1019 Exordium.
414 1004 454 1009 —
474 987 653 1017 Permutatio
681 987 765 1017 sacta.
793 986 963 1017 —Contir-

259 1037 364 1063 matur.
395 1050 434 1055 —
468 1031 698 1062 lnstrumentum
732 1032 963 1071 permutationis.

257 1094 295 1100 —
312 1077 408 1108 Tenor
425 1076 660 1116 permutatIOnis.
679 1094 718 1099 -—
732 1076 762 1106 In
782 1075 963 1106 escambium

256 1122 378 1152 Manerii
410 1122 544 1151 concedit
566 1122 663 1151 omnia
695 1121 862 1151 molendina
890 1130 964 1160 quae

257 1166 430 1205 Rothomagi
453 1166 624 1203 possidebat
656 1176 721 1196 cum
746 1166 817 1195 haec
849 1175 964 1205 permu-

258 1211 326 1242 tatio
346 1210 419 1240 facta
447 1210 509 1240 fuit.
527 1227 565 1232 —
588 1209 726 1240 Homines
749 1210 963 1249 archiepiscopi

257 1255 293 1286 de
310 1255 459 1295 praedicto
481 1253 630 1284 escambio
646 1253 798 1284 habebunt
816 1254 964 1285 libertates

257 1304 286 1330 et
301 1300 533 1330 consuetudines
552 1308 625 1338 quas
644 1298 811 1328 habuerunt
830 1299 964 1329 homines

257 1345 293 1376 de
315 1344 419 1375 Andeti
449 1344 517 1375 dum
541 1343 702 1373 Manerium
725 1344 755 1373 in
774 1352 861 1373 manu
885 1349 963 1374 esset

256 1389 481 1428 archiepiscopi.
502 1405 538 1410 —
557 1388 624 1425 Rex,
643 1392 783 1427 quantum
808 1388 835 1417 in
860 1397 891 1418 se
910 1393 964 1425 est,

257 1434 330 1464 iram
349 1431 400 1463 Dei
419 1433 447 1464 in
463 1433 620 1463 violatores
635 1432 764 1462 advocat.
780 1449 817 1454 —
832 1431 963 1463 Testium

257 1478 383 1510 nomina.
405 1494 444 1500 —
466 1477 574 1508 Solitae
596 1477 757 1507 clausulae.

217 1549 389 1580 Innocentius
407 1549 549 1586 episcopus
559 1555 654 1578 servus
667 1555 810 1579 servorum.
824 1548 879 1581 Dei,
896 1548 963 1577 Wal-

261 1600 322 1630 tero
341 1598 548 1634 nothomagensi
567 1597 777 1634 archiepiscopo.

268 1666 349 1703 Cum
374 1665 601 1711 emergentium
625 1664 722 1710 litigia
744 1665 963 1712 quaestionum

219 1716 270 1752 vix
303 1717 424 1763 possint
457 1715 525 1750 sine
559 1714 739 1749 alterutrius
777 1714 963 1760 litigantium

220 1765 358 1802 laesione
388 1764 575 1800 iudicialiter
607 1763 749 1798 diffiniri:
786 1764 811 1798 si
839 1763 965 1810 quando

220 1813 324 1862 partes
361 1815 443 1850 inter
477 1826 510 1849 se
544 1825 638 1860 super
671 1821 753 1847 mota
780 1813 965 1860 quaestione

220 1864 353 1901 honeste
373 1863 577 1905 conveniunt,
598 1869 683 1898 tanto
705 1861 854 1897 libentius
877 1874 966 1897 com-

220 1913 369 1961 positioni
395 1925 504 1949 eorum
538 1912 726 1959 praesidium
759 1912 963 1958 apostolicum

221 1963 430 2012 impertimur,
456 1970 573 2010 quanto
595 1973 650 2009 per
661 1961 721 1996 hoc
742 1970 887 1997 neutrum
901 1961 966 1997 lae-

221 2012 346 2056 dimus,
379 2020 410 2047 et
439 2011 574 2058 amplius
608 2019 776 2058 utrumque
811 2011 964 2046 iuramus.

221 2061 435 2098 Intelleximus
448 2060 603 2108 siquidem
627 2070 686 2096 tam
709 2073 745 2095 ex
767 2060 879 2096 litteris
894 2061 965 2104 tuis,

221 2124 315 2160 quam
339 2110 592 2146 reverendissimi
623 2111 652 2145 in
681 2109 808 2145 Christo
832 2110 886 2144 filii
909 2122 965 2145 no-

221 2162 275 2198 stri
297 2159 465 2197 Ricchardi
487 2159 619 2206 Angliae
646 2160 726 2205 regis
761 2159 913 2197 illustris„
937 2168 965 2194 et

221 2210 359 2259 plurium
386 2209 537 2248 aliorum,
565 2208 648 2255 quod
669 2221 764 2256 super
790 2208 965 2248 discordia,

221 2273 301 2308 quae
327 2260 408 2295 inter
433 2267 463 2294 te
500 2266 531 2293 et
562 2257 706 2293 eumdem
743 2271 848 2305 regem
872 2270 967 2305 super

222 2309 326 2346 villam
348 2308 460 2344 Andeli
482 2320 552 2343 cum
575 2306 677 2354 Rupe,
704 2319 740 2343 ac
757 2307 862 2343 Insula
884 2315 965 2342 mota

223 2359 335 2399 suerat,
358 2358 440 2405 regia
468 2356 618 2392 serenitas
647 2357 858 2403 evangelicum
891 2356 966 2392 illud

1005 379 1069 411 est,
1107 370 1301 406 amicabilem
1344 377 1447 404 tecum
1486 366 1745 413 compositionem

1007 421 1114 462 iniret,
1149 429 1179 455 et
1214 421 1243 454 iu
1264 419 1444 453 'utilitatem
1482 415 1746 462 Rotliomagensis

1005 470 1166 506 Ecclesiae
1193 468 1383 508 molendina,
1410 478 1489 514 quae
1524 465 1633 500 ltabuit
1663 464 1744 509 apud

1004 521 1216 565 Rothmagum
1239 531 1310 553 cum
1335 517 1414 551 villis
1436 516 1474 550 de
1501 515 1609 561 Diepa,
1631 522 1661 549 et
1683 514 1746 548 Bo-

1006 571 1104 605 teilles
1130 577 1160 604 et
1181 568 1321 603 Manerio
1345 566 1383 601 ‹le
1411 565 1526 600 Lovers
1552 576 1622 599 cum
1649 563 1747 598 omni-

1004 620 1063 655 bus
1096 618 1292 666 pertinentiis
1318 624 1348 651 ct
1380 613 1575 650 libertatibus
1605 613 1686 655 suis,
1717 620 1746 646 et

1005 668 1179 704 ministerio
1200 668 1238 702 de
1252 667 1380 706 Lovers,
1407 673 1435 698 et
1458 664 1570 698 foresta
1593 662 1631 696 ‹le
1653 661 1748 696 Aller-

1006 727 1092 754 mont
1114 718 1211 762 (sicut
1241 717 1270 751 in
1294 714 1474 751 authentico
1495 712 1637 748 eiusdem
1666 711 1748 756 regis

1005 768 1146 804 confecto
1173 766 1285 802 exinde
1312 764 1435 812 plenius
1469 762 1665 802 continetur)
1700 768 1747 795 te-

1005 831 1076 853 cum
1116 826 1268 864 perpetuo
1306 819 1522 849 commutaret.
1564 810 1627 845 Nos
1654 810 1747 855 igitur

1007 867 1267 913 permutationem
1290 865 1406 912 ipsam.
1440 862 1521 896 sicut
1541 858 1748 895 amicabiliter

1006 918 1082 954 sacta
1109 925 1167 959 est,
1204 924 1233 950 et
1266 914 1304 950 ab
1339 921 1470 959 utraque
1497 917 1583 958 parte
1611 917 1747 955 recepta,

1005 977 1035 1002 et
1072 966 1252 1003 authentico
1291 963 1389 1010 ipsius
1425 960 1507 1007 regis
1541 958 1747 1006 exprimitur,

1005 1017 1188 1052 auctoritate
1229 1012 1397 1061 apostolica
1438 1010 1677 1050 confirmamus,
1719 1015 1748 1041 et

1006 1066 1177 1112 praesentis
1191 1064 1299 1110 scripti
1314 1060 1486 1110 patrocinio
1505 1058 1747 1093 commuuimus.

1006 1117 1052 1151 Ad
1076 1115 1225 1151 maiorem
1249 1120 1352 1148 autem
1375 1110 1468 1145 liuius
1490 1115 1612 1143 nostrae
1633 1106 1749 1141 contir-

1006 1165 1151 1200 mationis
1177 1162 1378 1201 evidentiam,
1406 1158 1622 1194 authenticum
1646 1157 1748 1203 ipsum

1005 1216 1043 1250 de
1064 1215 1159 1250 verbo
1180 1213 1219 1248 ad
1240 1211 1368 1246 verbum
1392 1209 1505 1244 nostris
1527 1207 1677 1241 duximus
1691 1205 1748 1240 lit-

1006 1266 1080 1300 teris
1106 1261 1358 1310 exprimendum,
1384 1258 1469 1306 quod
1498 1257 1556 1291 tale
1587 1264 1647 1290 est:
1670 1253 1748 1289 Ric-

1005 1313 1141 1349 chardus
1160 1311 1219 1347 Dei
1241 1310 1337 1357 gratia
1359 1321 1412 1344 rex
1428 1306 1570 1353 Angliae,
1592 1304 1655 1339 dux
1671 1303 1749 1339 Nor-

1005 1363 1142 1402 maniae,
1170 1359 1372 1408 Aquitaniae,
1407 1368 1512 1393 comes
1534 1353 1746 1399 Antlegaviae,

1005 1410 1262 1460 archiepiscopis,
1283 1408 1452 1457 episcopis,
1474 1404 1650 1444 abbatibus,
1669 1404 1750 1450 prio-

1005 1462 1103 1506 ribus,
1129 1459 1310 1503 comitibus,
1337 1456 1527 1499 baronibus,
1557 1453 1748 1495 iustitiariis,

1004 1510 1212 1548 senescalcis,
1251 1506 1507 1545 vicecomitibus,
1546 1502 1749 1552 praepositis,

1005 1561 1168 1604 ministris,
1195 1558 1329 1602 ballivis,
1358 1566 1388 1592 et
1422 1554 1568 1591 omnibus
1606 1551 1749 1588 fidelibus

1005 1611 1072 1646 suis
1094 1610 1237 1646 salutem.
1277 1606 1358 1642 Cum
1385 1612 1579 1640 sacrosancta
1606 1601 1748 1638 Ecclesia

1005 1673 1120 1707 sponsa
1149 1659 1189 1695 sit
1209 1657 1292 1704 regis
1318 1668 1444 1702 regum,
1469 1662 1500 1688 et
1520 1653 1615 1688 unica
1636 1651 1749 1687 dilecta

1006 1711 1102 1750 illius,
1134 1720 1190 1756 per
1211 1719 1305 1754 quem
1330 1717 1419 1752 reges
1440 1710 1582 1750 regnant,
1609 1710 1638 1736 et
1659 1702 1748 1750 prin-—

1005 1760 1091 1806 cipes
1113 1756 1323 1806 gubernacula
1356 1753 1530 1802 possident,
1564 1759 1649 1787 tanto
1680 1763 1748 1786 am=

1006 1809 1137 1856 pliorem
1160 1807 1187 1843 ei
1211 1806 1355 1841 volumus
1385 1803 1582 1838 devotionem
1609 1808 1639 1836 et
1661 1812 1747 1836 reve-

1007 1859 1135 1894 rentiam
1164 1855 1321 1893 exhibere,
1343 1861 1459 1901 quanto
1485 1851 1601 1887 certius
1623 1862 1683 1886 non
1703 1863 1748 1885 re-

1005 1909 1086 1954 giam
1109 1914 1240 1945 tantum,
1262 1905 1316 1939 sed
1339 1915 1464 1939 omnem
1488 1914 1503 1936 a
1526 1900 1660 1936 Domino
1680 1899 1748 1936 Deo

1006 1970 1073 1993 esse
1108 1955 1266 1992 credimus
1302 1961 1499 2001 potestatem.
1541 1949 1632 1985 Unde
1667 1951 1749 1985 sicut

1006 2005 1193 2042 venerabilt's
1207 2003 1473 2049 Rothomagensis
1495 2000 1646 2043 Ecclesia,
1668 2011 1749 2047 quae

1007 2057 1086 2092 inter
1113 2055 1273 2091 universas
1298 2062 1449 2088 terrarum
1478 2057 1654 2087 nostrarum
1677 2048 1748 2096 plu=

1007 2106 1082 2141 rima
1106 2104 1288 2140 celebritate
1315 2101 1511 2148 dignoscitur
1532 2099 1664 2137 enitere,
1694 2109 1748 2145 pro

1006 2168 1111 2191 rerum
1136 2153 1335 2191 necessitate,
1362 2150 1409 2185 vel
1433 2158 1607 2196 temporum
1636 2147 1748 2182 nostris

1007 2205 1094 2240 ducit
1115 2202 1302 2238 utilitatibus
1316 2209 1492 2248 opportuna
1507 2197 1663 2244 diligentia
1677 2208 1748 2231 con-

1007 2253 1186 2289 sulendum.
1221 2251 1274 2286 Sic
1307 2262 1363 2284 nos
1389 2248 1527 2283 eiusdem
1554 2245 1660 2280 matris
1689 2257 1750 2280 no·

1007 2312 1087 2339 strae
1108 2300 1282 2338 commodis
1304 2308 1333 2334 et
1350 2297 1527 2344 augmentis
1548 2296 1638 2341 digna
1666 2307 1750 2330 com·=

1008 2353 1189 2399 pensatione
1215 2344 1358 2395 dignum*
1374 2347 1521 2382 ducimus
1547 2343 1746 2391 respondere.

223 2407 409 2445 attendens:
436 2407 498 2450 Qui
521 2419 554 2442 se
575 2405 737 2445 humiliat,
765 2406 966 2442 exaltabitur:
986 2402 989 2426 t
1008 2403 1091 2438 Sane
1112 2401 1183 2435 villa
1209 2397 1380 2435 Andetiaei,
1408 2404 1437 2431 et
1464 2393 1654 2443 quibusdam
1681 2393 1748 2428 aliis

225 2466 269 2494 et:
297 2457 424 2500 Quanto
451 2457 549 2491 maior
570 2468 620 2496 es,
645 2455 773 2490 humilia
796 2465 825 2491 te
847 2456 877 2491 in
899 2468 968 2491 om-

224 2507 382 2552 nibus(2):
396 2505 572 2542 humiliavit
584 2504 848 2551 magnificentiam
867 2518 968 2550 suam,

225 2564 257 2593 et
269 2557 466 2594 severitatem
487 2556 603 2603 regiam
626 2566 736 2602 passus
757 2563 804 2590 est
825 2554 969 2597 emolliri,

262 2624 301 2661 (1)
316 2625 356 2653 Ex
372 2624 472 2658 Baluz.,
489 2624 571 2660 Epist,
592 2623 650 2651 108.
690 2622 730 2658 (2)
755 2622 817 2651 Luc.
839 2630 905 2656 xiv„
922 2624 948 2649 tt

228 2663 307 2692 Eccli.
323 2672 364 2698 ιιι,
380 2663 423 2692 20.

986 2429 990 2490 l
1009 2449 1224 2486 adiacentibus
1247 2447 1336 2486 locis,
1365 2457 1444 2492 quae
1465 2452 1553 2479 erant
1574 2442 1749 2479 Rothoma-

987 2496 990 2533 ἰ
1009 2501 1114 2548 gensis
1125 2497 1283 2534 Ecclesiae
1293 2495 1397 2530 minus
1409 2494 1598 2530 sufficienter
1608 2493 1748 2537 firmatis,

987 2537 991 2582 l
1011 2549 1146 2585 inimicis
1172 2549 1288 2583 nostris
1313 2546 1344 2580 in
1367 2553 1477 2580 terram
1502 2550 1640 2579 nostram
1667 2542 1749 2578 Nor-

962 2632 967 2636 .
987 2592 992 2641 l
1010 2613 1094 2634 man.
1109 2609 1164 2645 per
1177 2596 1284 2633 eadem
1296 2594 1361 2631 loca
1373 2594 1494 2642 patebat
1509 2594 1680 2641 ingressus,
1694 2605 1750 2640 per

962 2645 968 2656 '
987 2646 1089 2708 [quae
1111 2646 1277 2691 incendiis,
1298 2652 1328 2681 et
1349 2644 1475 2692 rapinis,
1497 2654 1619 2680 necnon
1638 2652 1668 2678 et
1682 2642 1749 2678 aliis

1758 260 1808 285 An.
1822 258 1850 284 C.
1872 256 1938 282 ¹198

1781 822 1923 842 tlontirumiur.

1782 1310 1943 1332 ltistrumentum

1762 1343 1930 1368 permutationis.
