2129 3223
159 275 208 302 An.
226 276 254 302 C.
273 276 340 305 ¹¹98

172 983 301 1005 Prooemium.

158 2384 239 2405 tumen
288 2390 323 2405 ar·

144 2418 212 2441 rhiep.
248 2416 324 2441 primes

143 2448 201 2473 regni
217 2446 307 2468 Svetiae,

408 264 474 297 152

689 326 758 362 XV.

379 406 529 441 Lundensi
556 404 706 438 Ecclesiae
728 403 880 448 primatus
900 403 1073 437 conceditur

347 467 439 501 super
459 462 593 490 caeteras
619 455 705 498 regni
731 453 851 488 Svetiac
873 453 1024 487 Ecclesias
1040 453 1094 494 (1).

615 532 829 564 SUMMARIUM

348 603 535 633 Prooemium.
549 618 587 624 -·
598 600 726 631 Lunden.
743 599 871 638 archiep.
885 598 995 637 primas
1011 598 1092 635 regui

389 647 511 678 Svetiae.
546 662 584 668 -—
616 645 717 675 Modus
748 644 863 683 petendi
894 642 1023 682 pallium.
1054 659 1093 664 --

386 691 462 722 Haec
484 691 581 721 omnia
604 690 822 720 confirmantur.

344 764 511 793 Innocentius
530 763 669 799 spiscopus
685 767 778 790 servus
797 766 935 788 servorum
957 758 1011 791 Det.
1042 758 1090 787 Ab·

388 814 476 843 saloni
494 813 607 842 Lunden.
627 811 836 847 archiepiscopo.
856 810 966 845 eiusque
986 815 1089 837 succes·

388 864 493 894 sot-ibus
511 862 635 892 canonice
652 860 856 892 substituendis.
876 859 904 887 tn
918 860 1088 895 perpetuum.

391 932 426 967 In
441 931 589 967 eminenti
616 929 816 977 Apostolicae
834 928 927 964 Sedis
949 927 1087 974 specula,

341 982 530 1029 disponente
559 980 708 1019 Domino,
731 978 903 1022 constituti,
923 976 1088 1012 salubriter

341 1031 476 1068 iniuncti
507 1029 600 1066 nobis
637 1027 730 1063 officii
766 1027 952 1075 exequimur
986 1027 1086 1061 actio-

340 1095 425 1123 nem,
459 1081 484 1116 si
511 1092 559 1123 ea,
586 1090 666 1126 quae
693 1088 750 1124 per
780 1085 994 1112 antecessores
1028 1088 1085 1110 no-

339 1140 421 1167 stros
448 1131 487 1166 ad
514 1129 646 1164 salutem
674 1126 812 1161 fidelium
848 1126 988 1162 instituta
1027 1138 1086 1160 no-

339 1190 483 1225 scuntur,
505 1190 661 1215 consensu
677 1184 784 1211 nostro
802 1176 976 1216 firmamus,
999 1183 1029 1210 et
1047 1187 1085 1211 ne

339 1231 508 1266 cuiuslibet
536 1227 722 1264 temeritatis
743 1226 923 1274 quatiantur
945 1225 1084 1265 incursu,

338 1289 475 1316 exactam
521 1277 715 1325 diligentiam
763 1276 960 1311 adhibemus.
1003 1273 1082 1310 Cum

338 1332 420 1365 enim
438 1329 597 1366 Ecclesiae
617 1338 693 1362 suae
714 1326 891 1374 promiserit
913 1324 1084 1367 Dominus,

337 1380 466 1415 dicens:
501 1379 562 1413 Pro
585 1376 728 1425 patribus
749 1376 811 1410 tuis
837 1375 899 1409 nati
929 1382 1002 1408 sunt
1024 1374 1081 1408 tibi

338 1429 404 1464 filii:
420 1428 593 1464 constitues
606 1438 661 1461 eos
675 1425 834 1473 principes
848 1436 943 1472 super
956 1435 1081 1459 omnem

338 1487 450 1514 terram
480 1481 537 1521 (2):
578 1476 620 1510 illi
651 1475 732 1510 bene
767 1474 911 1509 videntur
944 1473 1083 1520 patribus

337 1528 537 1568 successisse,
564 1534 657 1572 atque
679 1525 798 1560 utiliter
824 1523 1004 1570 impositum
1026 1535 1082 1569 ge-

337 1590 405 1613 rere
427 1577 653 1624 principatum,
679 1575 732 1623 qui
757 1586 817 1609 non
845 1581 996 1620 potestate
1019 1572 1082 1608 lae-

338 1635 453 1667 tantur,
475 1625 530 1661 sed
558 1624 594 1661 ad
622 1624 754 1660 salutem
777 1636 900 1663 eorum,
935 1623 988 1670 qui
1016 1634 1081 1668 gu-

337 1676 488 1712 bernandi
515 1683 586 1710 sunt
622 1687 693 1709 cum
725 1673 838 1708 timore
876 1684 913 1707 ac
946 1680 1081 1707 tremore

336 1726 473 1761 creditae
500 1724 662 1772 potestatis
683 1722 896 1758 auctoritatem
921 1728 1079 1756 exercent:

336 1776 499 1810 studentes
525 1785 650 1821 semper
679 1770 929 1807 antecessoribus
955 1771 1022 1805 suis
1049 1770 1079 1804 in

336 1825 426 1860 bonis
460 1824 580 1859 actibus
614 1822 822 1861 conformari,
849 1829 878 1855 et
905 1832 984 1869 quae
1012 1820 1081 1854 lau-

336 1874 481 1909 dabiliter
503 1873 542 1908 ah
569 1873 613 1907 eis
640 1872 716 1906 sacta
739 1879 822 1911 sunt,
850 1878 880 1905 et
901 1881 1023 1904 servare
1050 1870 1079 1903 in

335 1924 533 1970 semetipsis,
562 1931 592 1956 et
613 1921 681 1957 aliis
703 1920 909 1955 nihilominus
931 1918 1080 1954 servanda

337 1982 520 2009 monstrare.
543 1971 609 2007 Hac
630 1972 735 2019 itaque
756 1982 814 2004 nos
832 1969 971 2016 suscepti
987 1968 1079 2004 officii

337 2023 589 2058 consideratione
623 2020 759 2061 inducti,
786 2027 816 2054 et
837 2018 938 2054 felicis
959 2031 1081 2053 memo-

337 2074 402 2109 riae
440 2072 570 2108 Adriani
609 2071 712 2118 Papae
745 2069 951 2104 antecessoris
984 2069 1079 2103 nostri

339 2123 478 2170 vestigiis
498 2122 710 2164 inhaerentes,
743 2118 826 2167 quod
849 2118 915 2165 ipse
937 2117 976 2153 de
998 2130 1081 2153 con-

338 2173 512 2209 firmatione
550 2172 635 2218 regni
673 2169 800 2206 Svetiae
839 2180 910 2203 cum
950 2166 1079 2202 fratrum

338 2235 466 2258 suorum
501 2221 633 2257 consilio
666 2228 697 2255 et
723 2219 882 2253 voluntate
908 2217 1081 2262 constituit,

339 2289 396 2312 nos
416 2277 509 2312 etiam
531 2275 656 2310 firmum
691 2280 722 2309 et
743 2272 896 2307 illibatum
921 2271 1082 2319 perpetuis

338 2330 534 2378 temporibus
554 2328 753 2365 decernimus
774 2337 968 2375 permanere.
995 2325 1081 2361 Con-

338 2385 438 2420 stituit
463 2385 546 2420 enim
582 2383 666 2431 quod
694 2381 840 2418 Lunden.
868 2380 1081 2428 archiepisco-

341 2452 416 2485 pus,
432 2439 483 2487 qui
496 2450 553 2486 pro
568 2445 708 2485 tempore
721 2435 825 2479 fuerit,
839 2447 933 2482 super
950 2446 1081 2482 regnum

341 2493 415 2527 illud
450 2493 616 2540 primatum
653 2502 777 2538 semper
802 2489 950 2529 obtineat,
978 2496 1007 2524 et
1028 2489 1106 2524 οῖ’-1

342 2547 412 2581 ilinc
433 2559 495 2594 quo
516 2546 730 2594 subsequitur,
757 2543 867 2580 debeat
891 2544 917 2578 ei
937 2553 1081 2591 praeesse:

343 2601 394 2649 ⁴¹tui
417 2609 501 2636 tanto
535 2600 729 2648 frequentius
761 2607 790 2634 et
817 2597 927 2633 utilius
949 2598 992 2633 illi
1020 2607 1083 2632 ter-

377 2673 415 2707 (Ι)
431 2671 469 2711 Εῃ
489 2672 587 2704 Μαι,
601 2672 682 2708 Epist.
694 2671 754 2698 4¹7.
793 2668 937 2703 mt’salm.
951 2676 1014 2696 xm·
1040 2666 1071 2696 17

947 270 1131 293 nummum
1159 269 1321 293 ROMANUM

1139 335 1203 364 rae,
1228 335 1309 371 quae
1329 322 1368 358 ad
1389 323 1520 360 salutem
1548 323 1684 359 fidelium
1713 325 1882 372 pertinent,

1139 373 1345 418 ministrabit,
1372 380 1489 420 quanto
1514 374 1733 409 necessitatem
1754 385 1880 415 eorum,

1138 430 1230 470 atque
1263 422 1419 458 defectum
1447 435 1465 458 e
1490 423 1593 459 vicino
1615 423 1738 471 plenius
1768 424 1881 470 poterit

1138 472 1260 508 intueri.
1289 472 1423 507 Pallium
1446 473 1530 508 enim
1552 473 1742 509 antecessori
1760 480 1815 509 tuo
1830 474 1880 508 tri-

1136 521 1215 566 buit,
1236 530 1270 558 ut
1285 522 1557 570 archiepiscopum
1576 522 1607 558 in
1627 535 1724 571 regno
1741 522 1878 564 Svetiae,

1135 584 1229 619 quam
1256 572 1349 607 citius
1370 572 1590 619 opportunitas
1611 572 1798 614 occurrerit,
1819 585 1877 608 or-

1134 622 1266 663 dinaret,
1292 630 1323 657 et
1349 622 1490 669 pallium,
1516 621 1601 669 quod
1624 630 1729 657 nostra
1752 622 1780 658 ei
1812 623 1877 658 vice

1134 671 1307 712 conferret,
1343 683 1380 706 eo
1407 671 1533 718 quidem
1566 671 1674 706 ordine
1701 671 1874 711 observato.

1133 729 1165 755 ut
1186 721 1330 756 videlicet
1352 721 1388 762 is,
1411 721 1462 768 qui
1487 732 1542 768 per
1559 721 1705 756 Lunden.
1728 721 1878 768 archiepi-

1131 782 1261 818 scopum
1289 770 1550 817 metropolitanus
1573 770 1613 805 ibi
1637 771 1728 806 fuerit
1750 770 1876 806 institu-

1132 827 1197 861 tus,
1233 821 1364 867 gratiam
1391 819 1635 855 consecrationis
1668 832 1723 868 per
1747 832 1875 856 manum

1129 869 1358 917 archiepiscopi
1397 869 1541 904 Lunden.
1570 869 1718 916 adeptus,
1741 869 1811 917 ipsi,
1845 878 1875 905 et

1129 918 1273 954 Lunden.
1308 917 1479 963 Ecclesiae,
1512 918 1596 954 salva
1627 919 1776 955 fidelitate
1807 919 1874 955 Ro-

1129 980 1238 1004 manae
1259 968 1432 1008 Ecclesiae,
1467 968 1649 1003 tidelitatem
1671 977 1702 1003 et
1722 968 1873 1004 obedien-

1129 1018 1201 1052 tiam
1231 1018 1407 1053 iuramento
1434 1018 1602 1065 promittat.
1631 1017 1766 1054 Panium
1797 1031 1872 1055 sane

1127 1067 1229 1102 taliter
1248 1074 1474 1114 consequetur:
1497 1067 1631 1102 nuncius
1645 1067 1789 1103 Lunden.
1810 1068 1871 1104 Ec-

1127 1116 1241 1152 clesiae
1273 1117 1426 1164 siquidem
1449 1129 1522 1152 cum
1550 1117 1667 1152 nuncio
1693 1117 1777 1153 illius
1810 1118 1868 1153 Ec-

1126 1165 1238 1201 clesiae
1260 1178 1316 1214 pro
1345 1166 1545 1214 impetrando
1573 1166 1667 1214 pallio
1693 1167 1732 1203 ad
1760 1167 1870 1203 Eccle-

1126 1215 1203 1251 siam
1225 1215 1400 1252 Romanam
1427 1216 1569 1257 accedat,
1604 1224 1728 1252 etcum
1755 1216 1831 1252 illud
1854 1230 1870 1252 a

1126 1265 1270 1301 Romano
1295 1265 1448 1300 Pontifice
1474 1266 1700 1313 impetraverit,
1727 1265 1765 1301 ad
1784 1266 1870 1302 Lun-

1125 1314 1197 1350 den.
1242 1314 1416 1351 Ecclesiam
1467 1315 1680 1362 reportabunt.
1723 1315 1867 1352 Lunden.

1124 1372 1228 1400 autem
1251 1365 1508 1412 archiepiscopus
1533 1364 1609 1400 illud
1632 1365 1801 1413 accipiens,
1818 1378 1869 1401 ar-

1124 1414 1328 1462 chiepiscopo
1341 1414 1465 1450 Svetiae
1482 1413 1607 1458 tribuet,
1629 1422 1659 1449 et
1687 1414 1867 1451 fidelitatem

1124 1470 1153 1498 et
1174 1463 1383 1499 obedientiam
1411 1463 1574 1499 Romanae
1600 1463 1758 1500 Ecclesiae
1784 1464 1868 1501 iure-

1124 1512 1255 1548 iurando
1277 1513 1448 1560 promittet.
1471 1513 1712 1560 Metropolitano
1733 1525 1806 1549 vero
1825 1515 1866 1550 ibi

1123 1562 1159 1596 ad
1183 1562 1334 1598 honorem
1356 1562 1427 1607 Dei,
1448 1570 1477 1598 et
1496 1562 1642 1598 decorem
1664 1563 1778 1599 domus
1791 1576 1867 1600 suae

1123 1612 1318 1660 salutemque
1341 1611 1479 1647 fidelium
1505 1612 1689 1654 constituto,
1718 1612 1863 1649 Lunden.

1123 1662 1388 1709 archiepiscopus,
1422 1669 1453 1696 et
1473 1661 1623 1708 dignitate
1657 1663 1808 1710 primatus
1834 1663 1864 1698 in

1124 1719 1308 1759 perpetuum
1338 1710 1540 1758 praesidebit,
1566 1718 1597 1746 et
1623 1711 1690 1758 ipse
1722 1712 1750 1747 ei
1776 1724 1865 1749 reve-

1123 1761 1252 1795 rentiam
1295 1767 1325 1794 et
1365 1760 1574 1795 obedientiam
1613 1768 1760 1809 tanquam
1807 1774 1865 1797 suo

1124 1810 1245 1857 primati
1269 1809 1427 1844 humiliter
1449 1810 1596 1845 exhibere
1616 1811 1748 1846 curabit.
1772 1811 1864 1853 Quod

1124 1860 1231 1907 utique
1272 1860 1302 1894 iu
1347 1859 1447 1894 bonae
1490 1860 1659 1895 memoriae
1704 1860 1865 1907 Stephano

1122 1909 1279 1956 quondam
1307 1908 1470 1956 Upsalen.,
1506 1909 1559 1956 qui
1587 1922 1603 1944 a
1626 1909 1866 1955 praedecessore

1123 1968 1177 1994 tuo
1204 1959 1272 2007 piae
1306 1958 1530 1994 recordationis
1563 1958 1677 1995 Escillo
1707 1960 1865 2008 archiepi-

1122 2021 1231 2056 scopo,
1245 2016 1386 2056 tempore
1400 2007 1500 2043 felicis
1509 2009 1676 2044 memoriae
1695 2009 1863 2045 Alexandri

1123 2058 1235 2105 Papae,
1263 2071 1301 2093 eo
1324 2065 1486 2106 praesente
1513 2057 1630 2094 Senon.
1664 2059 1863 2105 rationeiam

1122 2107 1222 2143 dictae
1250 2108 1455 2143 institutionis
1469 2108 1597 2154 gratiam
1621 2109 1865 2145 consecrationis

1122 2158 1253 2206 accepit,
1275 2166 1304 2193 et
1327 2157 1386 2192 sub
1407 2157 1658 2193 antecessoribus
1680 2157 1792 2193 nostris
1815 2157 1864 2193 bo-

1123 2220 1180 2243 nae
1206 2208 1375 2243 memoriae
1410 2207 1508 2242 Lucio
1540 2215 1569 2242 et
1601 2206 1780 2248 Clemente,
1813 2219 1864 2244 se-

1123 2257 1260 2292 cundum
1284 2256 1512 2305 praescriptum
1535 2256 1676 2292 ordinem
1703 2258 1734 2291 in
1762 2256 1805 2292 Io.
1833 2265 1861 2292 et

1122 2306 1215 2343 Petro
1254 2306 1450 2353 supradictae
1492 2305 1650 2341 Ecclesiae
1689 2306 1862 2354 episcopis,

1122 2369 1202 2404 quos
1223 2365 1274 2392 tua
1293 2356 1469 2404 fraternitas
1482 2355 1512 2389 iu
1529 2356 1779 2402 archiepiscopos
1793 2369 1862 2391 con-

1122 2407 1263 2450 secravit,
1297 2414 1326 2441 et
1354 2406 1480 2453 pallium
1508 2406 1576 2440 vice
1603 2405 1740 2451 ipsorum
1775 2414 1863 2441 ante-

1123 2467 1284 2491 cessorum
1309 2465 1480 2490 vestrorum
1505 2453 1648 2495 contulit,
1670 2454 1864 2501 dignoscitur

1100 2505 1336 2552 iadimplettun.
1367 2505 1522 2547 Quoniam
1545 2503 1639 2550 igitur
1659 2503 1719 2538 hoc
1743 2504 1825 2539 sicut
1846 2517 1861 2539 a

1099 2543 1106 2632 Ι
1124 2555 1359 2602 praenominato
1381 2554 1519 2589 Adriano
1540 2561 1737 2588 antecessore
1755 2561 1863 2589 nostro

1123 2611 1271 2640 statutum
1294 2612 1351 2645 est,
1381 2604 1419 2638 ita
1447 2604 1506 2638 sub
1531 2609 1578 2642 te,
1613 2610 1642 2637 et
1667 2609 1865 2638 antecessore

1124 2662 1174 2688 tuo
1196 2654 1341 2689 effectum
1357 2653 1488 2700 accepit,
1505 2665 1562 2687 nos
1576 2652 1736 2687 memorati
1753 2652 1865 2688 Adria-

1878 2548 1888 2563 C

1900 270 1950 297 An.
1962 270 1992 298 C.
2011 270 2069 297 1¹⁹5

1899 1030 1970 1053 Modus
1982 1034 2066 1059 petendi

1885 1063 1976 1089 milium-

1890 2510 1947 2532 fluc
1990 2511 2059 2532 omnis

1891 2542 2035 2564 (infirmentur.
