2129 3223
362 235 432 268 828
894 244 1081 266 sectantum
1111 244 1271 266 nonaum:

310 300 468 335 Rohertus
491 299 629 345 archiep.
661 297 868 342 Viennensis,
892 299 937 333 56
960 311 990 333 α.

311 349 471 384 Robertus
495 347 556 391 (B)
588 347 755 382 virtutibus
782 356 810 382 et
846 347 1008 383 miraculis
1043 348 1160 392 clarus,
1193 350 1263 382 385
1295 361 1325 382 a.
1355 347 1381 381 Α
1409 348 1668 384 Molismensihus
1703 356 1862 395 tamquam

409 397 547 432 Sanctus
572 397 771 432 venerandus
793 397 984 438 declaratur,
1014 399 1086 431 ibid.
1107 399 1135 432 b.

311 448 471 483 Robertus
493 447 662 493 episcopus
683 445 873 486 Fundanus,
896 449 969 482 255
995 459 1024 481 a.

310 495 461 533 Rochella
488 496 548 540 (de)
571 496 833 544 archipresbyter.
867 498 903 531 V.
932 496 1098 531 Aieusium
1123 496 1364 535 monachorum,
1388 506 1441 531 etc.

310 547 490 582 Rodericus
513 546 686 581 Toletauus
711 547 848 594 archiep.
882 548 914 580 V.
942 546 1115 581 Toletanae
1143 545 1317 586 Ecclesiae,

310 595 477 632 Rofl'ridus
500 595 596 630 abbas
625 595 805 631 monasterii
828 595 862 631 S.
886 595 1051 630 Benedicti
1075 595 1191 630 Montis
1213 595 1350 638 Cassini,
1373 597 1412 629 6l
1443 597 1469 629 b.

310 646 456 693 Rogerus
479 645 691 680 Eboracensis
718 645 979 692 archiepiscopus
1002 644 1200 679 Wilielmum
1214 645 1339 680 Scotiae
1363 657 1469 691 regem
1492 645 1767 685 excommunicat,
1794 649 1810 679 7
1834 646 1863 678 b.

311 695 451 730 Romana
480 694 623 730 Ecclesia
645 695 814 742 primatum
836 695 865 729 in
889 707 1000 730 omnes
1022 695 1159 729 universi
1191 694 1276 729 orbis
1310 694 1470 729 Ecclesias
1505 694 1610 739 habet,
1632 696 1676 729 10
1701 695 1763 728 bet
1784 707 1863 739 seq..

410 747 479 779 596
503 746 530 778 b.
556 743 659 791 Supra
684 752 802 792 petram
828 744 899 779 fidei
924 743 1063 786 fundata,
1093 745 1158 778 102
1185 757 1215 779 α.
1239 744 1319 779 Eius
1341 743 1506 784 stabilitas,
1522 745 1598 778 ibid.
1617 742 1719 791 Caput
1743 751 1772 777 et
1797 755 1865 777 tna-

409 796 505 840 gistra
533 794 677 828 omnium
718 794 946 834 Ecclesiamm,
982 795 1057 827 ibid.
1095 793 1142 828 Ad
1177 806 1245 828 eam
1274 793 1378 828 omnis
1405 793 1549 840 quaestio
1578 792 1651 828 fidei
1679 791 1864 835 referenda,

410 846 475 878 471
503 857 532 878 α.
567 842 722 878 Omnium
747 843 961 877 Ecclesiarum
993 852 1091 877 mater
1118 851 1149 878 et
1181 843 1330 890 magistra
1360 843 1390 877 in
1425 843 1544 878 unitate
1568 842 1638 877 fidei
1672 850 1701 877 et
1732 841 1864 889 spiritus

409 905 554 929 concors,
579 896 648 926 472
672 906 702 927 a.

308 941 443 976 Romani
472 941 528 986 (S.)
555 941 704 977 Tolosan.
730 942 969 983 monasterium,
995 944 1065 977 509
1088 954 1117 977 α.
1147 941 1180 976 In
1205 954 1242 976 eo
1265 940 1411 976 ordinem
1442 940 1699 976 praedicatorum
1729 939 1865 975 instituit

408 989 443 1025 B.
469 990 668 1031 Dominicus‚
696 993 770 1026 ibid.
800 991 888 1026 Bona
912 992 938 1026 ei
963 991 1202 1031 confirmantur,
1225 992 1301 1026 ibid.
1326 999 1356 1025 et
1378 1003 1438 1036 seq.

309 1039 525 1075 Romanorum
554 1040 745 1075 Pontificum
770 1040 910 1087 dignitas
936 1049 1031 1088 atque
1057 1050 1206 1086 potestas,
1237 1041 1304 1075 187
1324 1052 1354 1075 α.

308 1089 472 1124 Romanus
494 1089 748 1137 archipresbyter
770 1090 820 1124 Ss.
838 1089 1010 1137 Martyrum
1035 1090 1136 1136 Sergii
1160 1098 1189 1125 et
1209 1089 1338 1125 Bacchi.
1361 1091 1393 1124 V.
1418 1088 1520 1135 Sergii
1538 1089 1698 1124 etBacchi
1716 1088 1790 1132 (Ss.)
1808 1096 1862 1122 etc.

309 1137 575 1185 Rothomageusis
603 1140 744 1185 archiep.
775 1139 955 1174 mandatum
986 1139 1074 1174 habet
1100 1140 1139 1175 de
1166 1139 1293 1187 publice
1315 1138 1354 1173 iis
1375 1138 1703 1177 excommunicandis.
1731 1138 1784 1185 qui
1813 1149 1866 1172 ex—

406 1189 658 1223 communicatos
680 1189 716 1222 ad
746 1188 908 1223 Ecclesiae
931 1189 1191 1224 communionem
1219 1188 1441 1232 admittebant,
1468 1190 1535 1223 105
1558 1190 1586 1222 b.

310 1235 561 1284 Rothomagensi
590 1237 754 1273 Ecclesiae
779 1238 930 1272 nonnulla
954 1238 1184 1273 confirmantur
1212 1238 1305 1279 bona,
1337 1239 1405 1272 '119
1428 1250 1457 1272 α.

309 1284 376 1319 Rov
407 1286 468 1330 (de)
492 1286 652 1322 Ecclesiae
679 1286 922 1322 Ratisbouensis
949 1286 1103 1322 dioecesis
1133 1287 1213 1322 bona
1241 1287 1346 1322 omnia
1373 1287 1619 1331 confirmantur,
1646 1285 1865 1332 nonnullaque

409 1336 631 1371 conceduntur
654 1337 828 1383 privilegia,
853 1338 924 1371 540
946 1349 966 1371 α
992 1345 1023 1372 et
1050 1350 1110 1383 seq.

1079 1505 1112 1548 S

310 1623 489 1659 Sabaudiae
522 1624 629 1659 comiti
658 1626 846 1661 conceditur
872 1626 902 1660 in
933 1625 1063 1660 feudum
1090 1625 1224 1660 Avillani
1254 1634 1406 1670 castrum,
1434 1625 1519 1672 quod
1553 1626 1621 1673 ipse
1650 1625 1759 1672 Apost.
1789 1626 1865 1661 Sedi

410 1671 593 1717 donaverat,
617 1675 688 1709 450
715 1676 743 1709 b.

311 1720 440 1756 Sabinia
470 1723 673 1769 proprietatis
699 1723 793 1758 Sedis
820 1723 1034 1770 Apostolicae,
1064 1725 1135 1758 486
1165 1736 1194 1757 α.
1223 1723 1300 1758 Sine
1331 1724 1427 1758 huius
1453 1723 1581 1758 licentia
1608 1731 1707 1758 castra
1732 1724 1774 1759 ibi
1805 1735 1867 1759 non

409 1770 619 1815 aedificanda,
641 1773 718 1807 ibid.

310 1819 537 1855 Sacerdotibus
565 1822 742 1857 necessaria
769 1822 900 1857 scientia
932 1824 1001 1856 160
1035 1823 1063 1856 b.
1099 1821 1221 1856 Eorum
1251 1822 1399 1868 dignitas,
1431 1824 1494 1856 161
1522 1834 1553 1856 α.
1587 1821 1655 1856 Non
1686 1834 1701 1856 a
1731 1823 1867 1869 populo,

410 1869 465 1903 scd
489 1869 528 1904 ab
556 1871 706 1918 episcopo
731 1880 805 1906 sunt
835 1871 1103 1919 reprehendendi,
1131 1872 1207 1905 ibid.
1242 1871 1458 1907 Promoveudi
1487 1871 1524 1906 ad
1562 1870 1643 1905 hanc
1680 1870 1866 1918 dignitatem

410 1927 499 1953 antea
524 1930 597 1955 suut
619 1922 836 1962 examinandi,
865 1924 930 1957 581
965 1934 995 1955 a.

310 1969 482 2005 Saladinus
510 1979 647 2018 stragem
679 1972 770 2007 infert
797 1972 978 2007 christianis
1006 1971 1251 2019 Hierosolymis,
1275 1975 1321 2006 50
1348 1984 1378 2006 α.
1409 1970 1513 2006 Cruce
1540 1970 1707 2006 Dominica
1738 1973 1867 2018 potitur,

410 2021 484 2055 ibid.

311 2070 524 2105 Salamantina
555 2071 752 2106 Universitas
778 2085 794 2106 a
817 2070 974 2106 Castellae
1004 2083 1075 2117 rege
1098 2070 1227 2105 fundata
1254 2070 1472 2111 confirmatur,
1500 2071 1565 2105 601
1595 2083 1614 2105 a
1637 2078 1667 2106 et
1689 2072 1718 2105 b.

310 2120 534 2167 Salburgeusis
561 2120 792 2168 archiepiscopi
822 2129 850 2156 et
880 2121 1008 2166 capituli
1032 2119 1211 2167 Gurgensis
1233 2119 1402 2155 concordia
1433 2120 1640 2154 confirmatur
1669 2120 1743 2154 inita
1771 2133 1867 2166 super

412 2169 506 2204 modo
529 2169 667 2215 eligendi
692 2170 877 2217 episcopum
902 2170 1118 2217 Gurgensem‚
1141 2171 1214 2204 212
1240 2182 1270 2203 α.

311 2218 515 2264 Salinguerra
550 2219 588 2253 tle
619 2218 774 2254 Ferraria.
819 2219 897 2254 Eius
941 2220 1043 2254 lavore
1083 2219 1288 2254 inseudantttr
1321 2218 1474 2253 nonnulla
1515 2218 1580 2253 loca
1613 2232 1651 2253 ex
1695 2217 1865 2253 donatione

410 2268 590 2303 comitissae
612 2269 774 2304 Matliildis
804 2270 1034 2316 proxenientia,
1059 2271 1128 2303 317
1157 2270 1186 2303 b.

310 2317 482 2352 Salvatoris
504 2318 561 2362 (S.)
585 2318 624 2354 de
646 2318 743 2354 Curte
767 2319 909 2353 Ecclesia
934 2319 1104 2353 subiicitur
1119 2318 1280 2353 Ecclesiae
1294 2318 1327 2352 S.
1348 2317 1538 2363 Chi-isogoni
1563 2317 1602 2352 de
1628 2316 1724 2361 Urbe,
1748 2320 1813 2351 162
1837 2318 1864 2350 b.

312 2366 418 2401 Sancti
449 2367 554 2414 plures
582 2380 597 2402 a
626 2368 693 2403 Deo
723 2380 778 2415 pro
803 2368 942 2403 lidelium
972 2369 1074 2403 salute
1096 2368 1249 2409 suscitati,
1278 2370 1350 2402 483
1376 2370 1404 2401 b.

311 2415 459 2452 Sanctius
481 2417 508 2451 ll
531 2417 715 2453 Lusitaniae
746 2430 799 2452 rex
827 2432 841 2451 a
872 2417 1026 2464 Gregorio
1054 2418 1137 2462 Papa
1167 2417 1310 2451 censuris
1335 2417 1506 2452 innodatur
1523 2417 1593 2451 516
1615 2429 1644 2450 α.
1662 2415 1865 2461 Negligeutet·

413 2478 548 2512 regnans
572 2466 685 2501 damna
716 2467 849 2513 plurima
874 2467 1026 2502 Ecclesiis
1053 2467 1158 2509 infert,
1182 2468 1251 2500 517
1275 2479 1304 2500 α.
1330 2465 1519 2511 Deponitur,
1545 2468 1615 2500 548
1642 2478 1671 2499 α.

312 2515 535 2550 Sanctnarium
560 2515 617 2551 Dei
642 2518 711 2551 iure
733 2517 822 2563 quasi
852 2516 1061 2552 haereditario
1090 2528 1151 2550 non
1176 2524 1222 2550 est
1251 2515 1492 2562 possidendum,
1516 2517 1562 2550 48
1585 2528 1615 2548 a.

312 2563 456 2599 Sardinia
486 2565 562 2600 iuris
585 2566 644 2612 Ap.
673 2565 778 2606 Sedis,
808 2567 878 2600 545
906 2579 935 2600 α.
959 2566 987 2600 Α
1010 2565 1174 2600 nonnullis
1197 2564 1321 2599 Pisanis
1344 2564 1512 2608 invaditur,
1539 2565 1615 2598 ibid.

312 2612 464 2648 scafones
492 2614 566 2661 quid
590 2616 666 2659 sint,
700 2616 766 2649 116
790 2617 816 2650 b.
842 2614 878 2649 V.
903 2624 967 2651 not.
991 2615 1029 2650 ad
1052 2614 1170 2650 calcem
1199 2613 1317 2649 colum.
1346 2613 1449 2649 eiusd.
