2129 3223
135 235 183 260 An,
203 234 230 259 C.
248 233 313 259 tate}

379 222 447 254 510

330 287 418 334 piens
440 284 549 322 laicali,
572 294 642 317 cum
666 280 780 315 stultus
803 279 941 314 melioris
972 277 1072 313 condi-

330 335 420 370 tionis
453 344 522 367 esse
556 343 617 365 non
658 329 780 374 debeat,
814 341 907 377 quam
944 328 1072 375 peritus.

329 384 388 419 Per
413 380 668 416 confirmationes
698 391 823 426 quoque
856 377 1073 412 Romanorum

328 431 513 467 Pontificum
546 441 661 464 novum
704 427 914 475 possessionis
946 426 1072 461 titulum

325 481 517 529 Spoletanus
540 491 600 514 non
616 478 782 525 acquisivit
797 477 979 524 episcopus,
1002 487 1071 510 cum

325 543 359 565 ea
388 538 506 565 tantum
531 528 624 563 modo
646 527 871 565 confirmarint,
893 537 974 573 quae
994 525 1072 558 iuste

325 592 360 614 ac
381 579 532 614 canonice
561 577 750 624 possidebat.
779 576 877 610 Porro
904 575 977 610 licet
1005 574 1072 620 plc-

905 224 1041 247 Bt’LLARt
1048 223 1092 246 ml
1120 222 1280 246 ROMANUM

1116 276 1344 311 habitatoribus
1364 276 1423 311 loci
1447 289 1501 324 per
1539 276 1706 324 specialem
1746 276 1864 323 episco-

1116 338 1190 374 pum
1226 325 1346 361 facilius
1392 326 1507 372 poterit
1541 325 1726 374 provenire,
1756 333 1864 360 atten-

1115 375 1228 410 dentes
1254 374 1474 417 nihilominus,
1492 375 1578 423 quod
1592 383 1735 423 tempore
1756 382 1863 409 nostro

1115 424 1360 460 Interamnensis
1381 426 1590 461 communitas
1624 437 1678 472 per
1710 423 1864 459 adiectio-

1114 486 1187 509 nem
1210 485 1272 508 non
1296 474 1450 510 modicam
1480 487 1534 520 pro
1556 474 1727 522 episcopali
1754 485 1862 509 mensa

1115 523 1208 571 plene
1232 523 1378 569 providit,
1400 536 1439 559 ne
1465 523 1591 559 divinae
1619 523 1736 570 gratiae
1777 522 1861 557 vide-

1114 585 1204 607 amur
1230 573 1353 619 ingrati,
1376 585 1456 620 quae
1477 572 1515 607 ad
1539 572 1631 607 talem
1657 580 1772 608 statum
1807 571 1863 606 In-

1880 221 1929 249 An.
1947 221 1977 249 C.
1993 221 2062 249 ¹218

1114 630 1345 657 teramnensem
1368 622 1494 657 reduxit
1514 621 1703 662 Ecclesiam,
1728 628 1763 657 ut
1788 633 1862 668 pro-
1888 634 1926 662 Qui
1945 637 2057 662 episcopa-

1114 671 1218 717 prium
1247 671 1347 718 possit
1369 671 1518 706 rehabere
1545 678 1713 718 pastorem,
1740 678 1771 705 et
1802 683 1861 705 ne-
1876 665 2056 717 ’ῗζῗθῐῗξῗζζᾙ

1113 732 1200 756 cesse
1221 732 1284 755 non
1307 720 1420 756 babeat
1453 721 1545 755 alicui
1564 719 1713 766 suffragia
1734 720 1861 755 mendi·
1887 727 1926 748 bus
1943 727 2043 749 restituti,

326 629 395 663 bem
419 628 553 663 Sanciae
572 626 688 661 Mariae
704 624 948 660 interamnensis
971 623 1073 657 videa-

324 686 374 712 tur
417 677 498 712 inter
519 676 594 711 alias
620 674 780 711 Ecclesias
811 675 840 708 in
873 674 939 708 suis
979 672 1072 718 privi-

323 727 413 773 legiis
431 726 645 763 confirmasse,
669 737 730 759 non
769 730 893 770 propter
934 722 993 756 boc
1023 733 1073 755 se-

136 1814 216 1835 qnitur*
239 1814 304 1835 inuo-

122 1847 243 1867 reutio.res
258 1848 304 1865 acta

122 1882 191 1897 noum
203 1875 303 1897 Honorio.

323 777 443 823 quitur,
485 775 568 821 quod
605 774 643 808 de
679 772 818 808 Ecclesia
861 771 1073 806 intellexerint

323 823 505 862 cathedrali,
532 835 602 858 cum
635 835 696 857 non
721 821 905 868 simpliciter
920 820 1071 854 Interam-

322 885 450 909 nensem
488 872 660 907 Ecclesiam
684 871 830 914 dixerint,
853 869 906 904 sed
947 868 1069 916 plebem

322 922 456 958 Sanctae
482 921 599 957 Mariae
620 919 882 959 Interamnensis3
922 926 951 952 et
993 918 1071 952 forte

322 984 384 1007 non
396 971 515 1018 absque
530 970 661 1009 cautela,
678 981 736 1003 nec
758 968 840 1006 ideo,
854 967 937 1014 quod
952 966 1070 1001 sciebat

321 1020 530 1056 cathedralem
554 1019 770 1053 interamnen.
787 1017 896 1060 fuisse,
915 1016 1069 1062 sequitur,

320 1070 404 1117 qnod
432 1068 581 1104 sciverint
605 1068 696 1102 talem
736 1067 817 1100 banc
854 1077 936 1105 esse,
974 1077 1068 1111 quam

321 1119 409 1166 plebs
429 1117 613 1164 simpliciter
639 1117 719 1151 inter
744 1115 821 1150 alias
847 1114 987 1158 vocabat,
1015 1126 1070 1160 per

320 1167 404 1214 quod
428 1168 497 1215 plus
519 1166 715 1213 impetrantis
753 1172 877 1199 notatur
910 1163 1067 1203 obiectio,

343 1229 412 1252 uam
441 1216 610 1251 liberalitas
643 1213 869 1253 confirmantis,
897 1224 968 1247 cum
991 1223 1069 1247 con-

343 1265 513 1301 rmationes
534 1263 714 1299 huiusmodi
738 1262 918 1309 suspicione
936 1273 998 1296 non
1021 1273 1069 1295 ca-

320 1321 418 1355 reant,
445 1313 497 1348 ubi
521 1325 635 1348 nomen
658 1312 865 1359 supprimitur
897 1310 1066 1356 dignitatis.

319 1363 499 1403 Caeterum,
527 1362 550 1396 si
574 1362 667 1396 etiam
695 1361 809 1395 tacitus
844 1367 948 1405 posset
983 1371 1069 1406 prae-

320 1413 401 1447 sumi
424 1422 607 1451 consensuS,
624 1422 686 1444 non
702 1409 827 1444 deberet
842 1408 985 1443 sufficere
1000 1408 1068 1442 talis

321 1460 545 1508 praesumptio,
570 1459 705 1493 maxime
733 1459 763 1492 in
783 1457 964 1492 manifestae
984 1469 1067 1504 prae-

320 1510 472 1545 iudicium
496 1508 661 1546 libertatis,
684 1507 755 1554 quia
783 1518 856 1541 cum
876 1506 979 1541 omnis
1020 1518 1068 1539 res

320 1571 374 1605 per
395 1569 611 1605 quascumque
638 1568 748 1591 causas
769 1555 975 1593 contrabitur,
1012 1567 1069 1601 per

319 1607 446 1643 casdem
469 1606 652 1653 regulariter
673 1605 864 1639 dissolvitur.
885 1604 918 1638 In
942 1603 1068 1646 talibus,

319 1668 400 1703 quae
422 1656 549 1702 speciali
574 1654 736 1702 privilegio
752 1653 885 1688 Summo
900 1661 973 1688 sunt
987 1652 1068 1687 Pon-

318 1706 393 1740 tifici
416 1712 583 1747 reservata,
605 1704 686 1738 sicut
712 1703 742 1736 in
763 1701 966 1737 concedendo
984 1730 991 1744 ‚
1024 1702 1068 1736 sic

319 1763 348 1789 et
388 1754 418 1788 in
460 1752 631 1788 auferendo
665 1763 834 1799 expressus
874 1750 1069 1785 desideratur

319 1802 614 1838 assensus.1nterim
628 1813 714 1838 vero,
732 1800 968 1846 praenominato
985 1811 1070 1846 prac-

320 1854 485 1888 decessore
514 1859 619 1886 nostro
641 1849 764 1885 sublato
787 1849 825 1883 tle
853 1849 970 1888 medio,
985 1849 1067 1895 apud

321 1914 377 1936 nos
404 1900 568 1936 instetistis
585 1899 781 1947 suppliciter,
807 1905 837 1933 et
867 1889 1091 1945 supplicastisl

321 1952 483 1990 instanter,
508 1957 541 1983 ut
563 1950 622 1983 iam
647 1948 739 1983 finem
765 1947 969 1994 dignaremur
995 1948 1068 1981 dare

320 2000 458 2046 negotio.
481 1998 564 2034 Cum
588 2009 645 2046 per
666 1996 815 2032 eumdem
838 2009 899 2032 non
937 2003 1069 2031 conteu-

320 2050 400 2085 tioso
427 2048 556 2088 iudicio,
594 2046 650 2082 sed
688 2046 865 2092 cognitione
898 2046 1069 2080 summaria

322 2110 422 2146 nsque
449 2097 528 2133 adeo
552 2096 611 2131 fuit
633 2095 670 2130 ad
699 2096 800 2142 ipsius
839 2096 953 2141 negotii
993 2107 1069 2128 con-

320 2148 565 2183 summationem
584 2157 780 2193 processum,
797 2145 880 2191 quod
903 2155 999 2190 super
1012 2144 1069 2177 lioc

321 2198 449 2232 demum
473 2195 681 2231 deliberatum
707 2194 809 2229 extitit
831 2205 846 2228 a
870 2192 1016 2228 fratribus
1039 2194 1069 2226 in

321 2246 495 2285 communi,
524 2256 583 2280 nec
605 2243 761 2291 superfuit
783 2242 880 2287 aliud,
908 2243 965 2276 nisi
1005 2254 1070 2289 pu-

323 2296 449 2330 blicatio
473 2294 643 2330 voluntatis
670 2293 824 2331 eiusdem,
847 2303 927 2339 quae
952 2300 1070 2325 tantum

322 2345 400 2379 facto
423 2343 592 2378 videbatur
614 2344 765 2389 exposita,
788 2353 860 2376 cum
893 2341 974 2375 idem
1019 2352 1072 2387 per

323 2395 408 2428 cives
429 2393 688 2427 interamnenses
710 2391 873 2426 Ecclesiae
895 2401 1015 2425 vestrae
1034 2390 1071 2424 atl

323 2455 403 2489 opus
425 2442 520 2477 futuri
552 2441 687 2489 pastoris
711 2440 741 2475 in
764 2439 922 2479 domibus,
946 2451 1073 2487 posses*

324 2491 479 2535 sionibus,
501 2499 532 2526 et
553 2492 621 2525 aliis
645 2502 701 2537 pro
723 2489 832 2524 maiori
856 2497 942 2536 parte
965 2488 1095 2539 fecerit¹

326 2540 498 2586 providere.
522 2540 586 2575 Nos
609 2547 715 2575 autem
737 2546 860 2586 praeter
890 2538 1047 2585 praedicta
1065 2565 1072 2577 ,
1091 2566 1095 2584 2

1113 782 1195 814 care,
1209 770 1240 804 in
1263 769 1385 811 eadem,
1401 769 1440 805 de
1467 769 1628 804 communi
1652 769 1781 804 fratrum
1802 781 1862 804 no-

1112 827 1248 854 strorum
1287 819 1429 860 consilio,
1465 817 1654 866 episcopalis
1699 818 1862 865 dignitatis

1113 876 1326 904 restauramus
1337 869 1503 913 honorem,
1520 875 1707 909 statuentes,
1724 875 1759 902 ut
1770 867 1861 908 nulli,

1112 918 1171 952 nisi
1192 916 1337 952 Romano
1363 917 1508 952 Pontifici
1535 917 1575 953 sit
1599 915 1756 953 subiecta,

1159 965 1276 1001 Datum
1298 967 1441 1002 Laterani
1481 966 1522 1001 id.
1567 966 1710 1008 ianuarii,
1729 966 1861 1014 pontifi-

1111 1024 1201 1051 catus
1227 1016 1324 1051 nostri
1346 1028 1430 1051 anno
1451 1016 1601 1051 secundo.

1130 1077 1190 1108 Dat.
1214 1078 1261 1108 die
1281 1077 1318 1108 13
1341 1078 1467 1108 ianuarii
1488 1077 1572 1111 ¹218,
1594 1077 1696 1118 pontif.
1715 1087 1792 1108 anno
1809 1086 1839 1108 11.

1430 1253 1530 1288 XXII.

1110 1333 1297 1366 Sanctorum
1313 1331 1526 1374 Gonsessorum
1544 1330 1726 1375 Pontificum
1745 1331 1862 1363 ,canoni

1158 1381 1344 1414 adscribitur
1387 1381 1491 1413 beatus
1538 1379 1704 1412 Willelmus
1735 1378 1860 1412 Bituri-

1159 1442 1221 1463 cen.
1244 1429 1500 1473 archiepiscoptffi,
1522 1426 1590 1462 cuin
1609 1428 1725 1461 decreto
1751 1434 1784 1461 ut
1798 1428 1861 1461 eius

1157 1480 1307 1522 festivitas
1337 1490 1357 1511 α
1394 1478 1640 1522 christifidelibus
1673 1478 1765 1510 annis
1795 1477 1858 1510 sin-

1157 1530 1236 1572 yulis
1258 1528 1420 1561 celebretur
1442 1528 1498 1569 (i).

1377 1607 1590 1639 St-MMARIUM

1110 1675 1276 1705 Exordium.
1301 1691 1338 1696 —
1361 1673 1391 1703 B.
1419 1673 1595 1704 Villhelmus
1621 1674 1773 1704 miraculis
1796 1674 1859 1704 cla-

1150 1729 1209 1749 rus.
1231 1735 1269 1741 —
1291 1718 1472 1748 Commissus
1492 1718 1521 1748 in
1541 1717 1673 1757 partibus
1693 1727 1861 1758 processus.

1148 1780 1186 1785 —
1208 1762 1253 1792 Ss.
1273 1762 1403 1801 catalogo
1425 1762 1612 1792 adscribitur.

1109 1833 1238 1863 nonarius
1262 1833 1404 1869 episcopus
1418 1839 1514 1862 sei-vus
1527 1839 1665 1862 sorvorum
1676 1832 1733 1865 Dei.
1749 1832 1862 1861 attactis

1153 1883 1219 1912 filiis
1246 1883 1317 1911 clero
1336 1883 1367 1911 ot
1383 1882 1482 1918 populo
1501 1882 1674 1915 Biturioensi,
1695 1881 1815 1911 salutem
1831 1883 1861 1910 et

1155 1932 1334 1968 apostoticam
1353 1930 1577 1960 benedictionem.

1159 1999 1227 2035 Etsi
1265 1999 1355 2035 electi
1402 1999 1546 2034 dicantur
1584 1999 1675 2046 pauci
1716 2007 1858 2048 respectu

1111 2049 1323 2084 multitudinis
1355 2055 1554 2090 vocatorum,
1586 2061 1648 2083 non
1676 2056 1723 2084 est
1756 2057 1858 2084 tamen

1111 2099 1310 2146 aliquatenus
1338 2098 1559 2140 dubitandum,
1593 2101 1671 2145 quin
1704 2110 1742 2134 ex
1775 2105 1861 2133 tanto

1112 2148 1253 2182 fidelium
1281 2160 1413 2183 numero
1435 2147 1567 2194 eligatur
1589 2150 1724 2183 maxima
1748 2148 1860 2182 multi-

1112 2197 1198 2236 tudo,
1226 2209 1310 2237 nam,
1332 2205 1361 2232 et
1392 2197 1567 2244 Prophetae
1588 2198 1791 2244 conquerenti
1827 2209 1860 2230 se

1111 2247 1214 2281 solum
1236 2258 1306 2281 esse
1328 2247 1483 2287 relictum,
1503 2246 1651 2281 omnibus
1683 2245 1752 2280 aliis
1786 2248 1859 2281 inte-

1114 2302 1255 2343 remptis,
1278 2307 1324 2330 est
1351 2307 1540 2343 responsum
1566 2308 1583 2330 a
1611 2295 1756 2330 Domino:
1796 2294 1860 2329 Rea

1113 2346 1188 2392 liqui
1215 2346 1291 2380 mibi
1324 2354 1443 2392 septem
1485 2344 1580 2380 millia
1615 2345 1763 2383 virorum,
1806 2343 1859 2391 qui

1112 2403 1184 2429 ante
1207 2395 1279 2429 Baai
1307 2406 1407 2440 genua
1431 2407 1493 2429 non
1516 2400 1723 2428 curvaverunt
1749 2398 1804 2436 (2).
1823 2392 1860 2427 Et

1114 2444 1221 2478 beatus
1247 2443 1443 2490 Evangelista
1477 2442 1625 2482 loannes,
1663 2455 1734 2477 cum
1770 2455 1861 2477 reve-

1114 2493 1210 2529 latum
1232 2493 1289 2528 sibi
1313 2503 1480 2529 numerum
1502 2492 1694 2538 signatorum
1726 2504 1764 2526 ex
1786 2493 1862 2526 duo-

1149 2559 1188 2594 (t)
1205 2558 1243 2585 Ex
1261 2559 1418 2591 Fontanim,
1435 2558 1500 2586 cod.
1521 2557 1657 2589 Canoniz.,
1675 2565 1733 2592 pag.
1758 2557 1798 2584 49.

325 2588 558 2623 considerantes
572 2589 773 2624 commodum
786 2588 973 2629 animarum,
986 2588 1072 2634 quod
1091 2591 1097 2639 Ξ
1149 2599 1188 2633 (2)
1206 2598 1283 2625 Rom.
1302 2606 1342 2631 χι,
1359 2600 1374 2625 ιι
1391 2607 1422 2626 cx
1441 2606 1470 2625 m
1487 2597 1548 2632 neg.
1572 2604 1629 2624 xm

1905 2011 1957 2033 Exci
1964 2013 2025 2033 lium.
