2129 3223
144 228 237 254 An.c.
258 228 325 255 12¹5

389 221 460 254 298

389 285 504 320 Datum
542 283 683 318 Laterani
716 283 839 318 decimo
881 292 989 319 octavo
1023 283 1084 317 ka-

921 229 1057 252 BELLARi
1064 228 1108 250 [Μ
1130 228 1242 250 Roman
1248 228 1291 250 ΠΜ

1464 280 1542 315 cvi.

339 338 448 373 lendas
487 350 572 382 'nau’
617 337 816 386 P⁰m¹fic³¹us
863 346 960 373 nosm
1001 350 1084 372 ³⁰⁰⁰
1128 360 1267 392 Irritotio
1296 359 1515 392 concessionum
1554 358 1690 390 omnium
1730 355 1768 388 ab
1807 356 1875 387 Au—

339 392 584 427 octavodecimo.

352 452 414 484 Dat÷
431 454 478 484 die
498 455 533 484 14
552 454 654 493 aprilis
673 454 758 491 1215,
777 455 878 494 pontis.
894 464 969 484 anno
989 462 1065 483 xvtttv

679 667 746 702 CV.

409 745 456 777 De
484 745 610 778 vitanda
631 745 762 778 si'iiionia
790 745 821 777 in
848 743 1011 788 receptione

366 799 583 832 monachorum
611 806 662 832 aut
686 799 970 833 sanctimonialium
991 798 1047 839 ti).

333 882 504 911 innocentius
519 882 659 918 episcopus
678 888 773 910 servus
798 887 937 910 servorum
955 880 1011 914 Dei,
1041 887 1084 909 ve·

378 931 544 961 nerabilibus
568 931 707 960 tratribus
741 930 951 966 archiepiscopis
974 932 1002 960 et
1030 931 1084 966 epi·

379 982 466 1018 scopis
485 982 513 1010 in
531 988 614 1016 regno
633 980 759 1009 Franciae
771 981 945 1014 constitutis,
966 980 1086 1009 salntem

378 1034 408 1061 et
427 1031 605 1068 apostolicam
621 1030 845 1059 benedictionem.

382 1103 543 1138 Multoties
566 1102 756 1143 audivimus,
778 1111 807 1137 et
829 1114 845 1137 a
868 1100 1085 1148 multis‚quod

334 1158 363 1191 in
387 1157 576 1205 quibusdam
599 1156 844 1202 monachorum,
887 1155 1086 1195 monialium,

333 1220 361 1245 et
380 1212 511 1246 aliorum
540 1211 760 1259 religiosorum
793 1210 991 1246 monasteriis
1030 1222 1087 1256 per

335 1273 450 1300 vestras
473 1265 636 1302 dioeceses
669 1265 865 1310 constitutis,
889 1264 1087 1300 consuetudo

333 1319 532 1361 damnabilis,
552 1321 649 1355 immo
664 1320 830 1355 damnatus
846 1328 876 1354 et
890 1318 1088 1354 damnandus

334 1374 463 1415 abusus,
478 1388 542 1421 usq.
559 1374 638 1410 adeo
652 1375 793 1415 inolevit,
812 1383 842 1408 ut
863 1386 943 1421 pene
963 1373 1088 1421 penitus

335 1429 417 1463 nulla
435 1441 566 1476 persona
598 1430 764 1476 recipiatur
800 1430 829 1463 iu
861 1428 935 1475 ipsis
969 1428 1088 1474 absque

335 1482 402 1516 labe
415 1482 601 1518 simoniacae
616 1484 785 1531 pravitatis.
802 1483 847 1518 Ne
862 1483 958 1529 igitur
973 1482 1089 1518 clamo·

336 1550 399 1572 rem
434 1538 550 1573 totiens
584 1539 728 1573 iteratum
773 1537 958 1583 videamur,
1004 1537 1088 1586 quod

335 1592 427 1633 absit,
454 1592 633 1627 simulando
673 1593 788 1634 fovere,
820 1593 1013 1628 universitati
1039 1605 1086 1626 ve-

336 1656 416 1681 strae
452 1658 505 1693 per
542 1646 713 1694 apostolica
745 1648 858 1694 scripta
899 1646 1086 1681 mandamus

336 1709 429 1747 atque
461 1702 680 1748 praecipimus,
724 1709 880 1747 quatenus
919 1700 1017 1735 semel
1058 1701 1089 1734 in

336 1767 419 1789 anno
441 1755 619 1790 huiusmodi
656 1755 842 1790 monasteria
885 1754 999 1801 singuli
1034 1766 1090 1801 per

336 1819 454 1844 vestras
476 1809 638 1844 dioeceses
665 1810 826 1844 visitantes
854 1809 913 1843 sub
953 1809 1090 1843 anatlie-

338 1865 428 1899 matis
475 1864 728 1899 interminatione
779 1864 905 1906 vetetis,
950 1876 988 1897 ne
1027 1877 1089 1910 qua

339 1930 470 1964 persona
493 1918 532 1952 de
554 1926 676 1952 caetero
703 1919 871 1965 recipiatur
899 1918 927 1951 in
959 1918 1003 1951 eis
1035 1930 1090 1965 per

337 1971 518 2006 huiusmodi
548 1972 740 2019 pravitatem,
769 1985 891 2018 semper
915 1972 944 2006 iu
981 1972 1089 2006 vestris

339 2030 466 2078 synodis
487 2031 714 2066 denunciantes
733 2031 791 2065 lioc
819 2031 935 2077 ipsum,
959 2038 989 2065 et
1007 2030 1089 2065 circa

340 2100 393 2123 eas
419 2101 497 2135 quas
524 2089 568 2123 sic
591 2098 733 2137 receptas
755 2089 932 2132 invenietis,
947 2088 1088 2123 auctori-

339 2156 402 2182 tate
423 2148 608 2195 apostolica,
631 2148 754 2183 sublato
789 2147 1009 2195 appellationis
1031 2146 1089 2182 ob-

341 2206 472 2247 staculo,
487 2208 638 2248 statuatis,
664 2207 746 2255 quod
765 2207 856 2242 saluti
876 2215 905 2241 et
933 2207 1087 2242 honestati

343 2266 483 2301 videritis
505 2267 664 2315 expedire.

390 2324 506 2360 Datum
548 2325 693 2362 Laterani
741 2326 978 2372 decimoquinto
1028 2324 1088 2360 kal.

344 2384 430 2427 maii,
463 2385 662 2431 pontificatus
698 2386 794 2420 nostri
842 2396 924 2419 anno
968 2383 1091 2418 decimo

346 2451 464 2478 octavo.

362 2503 421 2533 Dat.
444 2505 490 2534 die
509 2506 543 2535 17
564 2506 666 2544 aprilis
684 2506 769 2540 1215,
789 2506 890 2544 pontif.
914 2514 989 2535 anno
1002 2514 1077 2534 xviii.

382 2576 420 2609 tt)
436 2575 474 2601 Ex
491 2583 554 2603 mss.
571 2576 598 2603 S.
612 2576 743 2603 Michaelis
758 2576 782 2602 in
796 2575 913 2603 Periculo
925 2575 1001 2602 Maris
1011 2574 1091 2602 edidit

347 2619 463 2645 Martem·
492 2620 618 2647 Theseus.
637 2620 779 2652 Anecdot„
797 2624 859 2646 tom.
879 2627 898 2651 1,
915 2620 963 2646 col.
982 2619 1043 2645 817.

1174 409 1258 452 qliae
1280 420 1346 452 reye
1367 408 1563 453 „raynucibus
1588 409 1620 439 in
1650 404 1875 450 praeiudicium

1176 459 1263 502 requi
1286 458 1440 502 factarum
1471 460 1532 499 (l).

1383 537 1599 569 SUMMARlUM

1127 602 1244 632 loannis
1261 602 1340 641 regis
1356 600 1535 641 poenitentia
1551 616 1590 622 -
1610 599 1645 629 Et
1662 598 1795 629 voluntas
1812 608 1877 638 pro-

1166 647 1317 676 ficiscendi
1338 647 1366 675 in
1390 644 1510 675 Terram
1528 644 1674 674 Sanctam.
1691 660 1729 665 —
1746 641 1876 673 Barones

1166 696 1265 721 contra
1293 700 1359 720 eum
1389 690 1556 728 insurgunt.
1587 705 1627 710 —
1655 686 1729 717 Cura
1759 687 1795 718 de
1821 687 1876 717 hoc

1166 734 1339 764 lnnocentii.
1363 751 1400 755 —
1431 733 1552 763 Frustra
1583 742 1651 762 vero
1682 731 1805 762 laborat.
1839 748 1878 753 —

1166 778 1243 808 Iusta
1268 779 1411 818 promittit
1433 787 1483 807 rex
1500 777 1670 807 rebellibus.
1692 793 1730 799 —
1748 775 1793 805 Nil
1813 784 1878 814 pro-

1168 825 1236 854 ficii.
1253 841 1291 846 —
1310 823 1442 863 lniquam
1470 832 1535 852 rum
1559 823 1595 852 iis
1618 823 1674 852 init
1691 821 1878 861 compositio-

1168 877 1244 898 nem.
1267 885 1304 890 -—
1326 867 1395 898 Eam
1419 872 1516 898 cassat
1532 867 1673 897 Pontifex.

1127 932 1296 963 innocentius
1315 935 1456 970 episcopus
1475 940 1570 963 servus
1590 939 1729 962 servorum
1742 931 1800 965 Dei,
1818 931 1880 960 nni-

1172 984 1259 1012 versis
1277 983 1499 1012 christifidelibus
1513 984 1580 1012 hanc
1599 982 1727 1019 paginam
1741 982 1877 1018 inspectu·

1172 1034 1221 1066 ris.
1242 1033 1360 1062 salutem
1379 1034 1409 1062 et
1434 1033 1608 1069 apostolicam
1626 1032 1852 1062 benedictionem.

1178 1096 1244 1130 Etsi
1295 1096 1498 1131 charissimus
1545 1096 1575 1129 in
1624 1094 1750 1130 Christo
1793 1094 1877 1129 iilius

1129 1154 1235 1180 noster
1257 1144 1391 1180 loannes
1423 1157 1476 1180 rex
1516 1145 1691 1191 Auglorum
1729 1144 1875 1187 illustris,

1132 1195 1231 1229 Deum
1255 1204 1284 1229 et
1319 1194 1489 1230 Ecclesiam
1530 1195 1731 1229 veliementer
1769 1193 1877 1228 offen—

1129 1245 1219 1284 derit,
1244 1244 1327 1279 unde
1349 1257 1406 1279 nos
1431 1257 1503 1279 eum
1532 1243 1658 1278 vinculo
1696 1256 1878 1278 excommu-

1130 1295 1295 1329 nicationis
1317 1294 1547 1337 innodavimus,
1575 1302 1605 1328 et
1639 1305 1770 1340 reguum
1809 1293 1878 1328 eius

1130 1344 1346 1378 ecclesiastico
1368 1343 1562 1378 subiecimus
1589 1343 1768 1387 interdicto,
1811 1343 1878 1389 ipse

1132 1402 1235 1428 tamen
1254 1394 1317 1438 (illo
1344 1393 1589 1428 misericorditer
1611 1393 1795 1440 inspirante,
1821 1392 1876 1439 qui

1131 1455 1193 1477 non
1215 1443 1278 1477 vult
1299 1450 1431 1478 mortem
1456 1442 1640 1489 peccatoris,
1662 1442 1716 1477 sed
1745 1451 1778 1476 ut.
1806 1453 1876 1477 con-

1132 1500 1267 1526 vertatur
1306 1500 1336 1526 et
1359 1492 1463 1535 vivat),
1489 1491 1614 1527 tandem
1641 1503 1811 1526 conversus
1836 1491 1877 1526 ad

1131 1554 1195 1585 cor,
1217 1540 1284 1576 Deo
1307 1550 1336 1576 et
1363 1541 1520 1576 Ecclesiae
1542 1540 1702 1576 humiliter
1715 1540 1876 1580 satisfecit,

1133 1591 1162 1625 in
1189 1599 1308 1625 tantum
1330 1591 1414 1638 quod
1440 1603 1500 1626 non
1524 1591 1626 1625 solum
1660 1594 1878 1638 recompensa-

1132 1641 1249 1675 tionem
1280 1653 1334 1688 pro
1362 1640 1497 1680 damnis,
1528 1640 1757 1675 restitutionem
1786 1640 1876 1675 exhi-

1133 1689 1198 1723 buit
1227 1702 1281 1736 pro
1308 1689 1430 1733 ablatis,
1457 1702 1563 1724 verum
1586 1690 1681 1725 etiam
1704 1690 1874 1737 plenariam

1132 1739 1304 1773 libertatam
1332 1739 1467 1773 contulit
1492 1739 1651 1774 Ecclesiae
1672 1738 1874 1785 Anglicanae.

1131 1787 1282 1830 Quinimo
1310 1797 1441 1835 utraque
1463 1789 1617 1823 sententia
1651 1789 1796 1831 relaxata,
1833 1800 1878 1823 re·

1132 1850 1230 1883 gnum
1258 1851 1350 1872 suum
1380 1846 1440 1872 tam
1470 1837 1612 1883 Angliae,
1634 1849 1726 1884 quam
1763 1837 1878 1872 Hiber-

1132 1888 1202 1922 niae
1229 1887 1319 1922 beato
1347 1887 1458 1925 Petro,
1493 1896 1523 1921 et
1567 1886 1727 1922 Ecclesiae
1764 1886 1878 1922 Roma-

1133 1949 1189 1971 nae
1212 1937 1378 1971 concessit:
1404 1938 1560 1983 recipiens
1583 1936 1658 1971 illud
1683 1937 1712 1971 in
1748 1936 1876 1971 feudum

1132 1986 1191 2020 sub
1213 1999 1318 2021 annuo
1340 1998 1438 2021 censu
1461 1986 1545 2021 mille
1572 1998 1760 2025 marcarum,
1797 1986 1877 2020 flde-

1132 2035 1225 2070 litatis
1262 2036 1352 2070 uobis
1394 2036 1467 2070 inde
1502 2036 1648 2082 praestito
1686 2036 1877 2078 iuramento,

1131 2085 1210 2119 sicut
1236 2098 1290 2132 per
1327 2085 1524 2132 privilegium
1560 2085 1628 2119 eius
1665 2097 1757 2119 aurea
1792 2084 1875 2119 bulla

1133 2135 1297 2168 munitum.
1323 2134 1440 2169 Adbuc
1459 2135 1552 2169 etiam
1576 2134 1785 2181 omnipotenti
1809 2133 1876 2168 Deo

1131 2183 1266 2230 amplius
1294 2184 1416 2230 placere
1437 2184 1632 2224 desiderans,
1654 2184 1779 2229 signum
1795 2184 1875 2217 vivi-

1132 2233 1207 2267 ficae
1229 2233 1340 2268 Crucis
1355 2243 1531 2269 reverenter
1542 2233 1673 2269 accessit
1688 2234 1748 2275 (2),
1770 2232 1873 2278 prose-

1132 2291 1239 2317 cturus
1263 2283 1292 2316 in
1316 2282 1490 2318 subsidium
1513 2282 1628 2317 Terrae
1653 2281 1800 2325 Sanctae,
1837 2282 1876 2316 ad

1132 2332 1215 2379 quod
1240 2344 1272 2366 se
1295 2332 1460 2378 magnifice
1483 2331 1692 2379 praeparabat.
1713 2330 1777 2366 Sed
1811 2331 1877 2365 liu-

1133 2393 1215 2415 niani
1238 2393 1361 2426 generis
1384 2382 1534 2416 inimicus
1560 2382 1612 2428 qui
1635 2392 1760 2427 semper
1797 2392 1877 2415 con-

1132 2431 1231 2465 suevit
1254 2431 1344 2465 bonis
1365 2431 1486 2466 actibus
1526 2429 1678 2470 invidere,
1714 2430 1779 2463 suis
1814 2431 1877 2464 cal-

1133 2479 1205 2515 lidis
1225 2480 1346 2515 artibus
1367 2480 1517 2516 adversus
1544 2491 1618 2514 eum
1649 2478 1782 2513 barones
1814 2480 1878 2514 An-

1168 2547 1207 2581 (t)
1225 2546 1261 2572 Ex
1284 2546 1392 2577 Par-isio,
1410 2547 1458 2573 loc.
1476 2546 1530 2577 citi,
1547 2552 1606 2579 pag.
1627 2544 1688 2570 266.
1710 2543 1776 2570 Vide
1799 2545 1878 2571 etiam

1133 2581 1254 2616 Rymer„
1273 2586 1335 2608 tom.
1355 2589 1374 2613 i,
1391 2589 1449 2617 pag.
1468 2582 1528 2607 205.
1567 2580 1606 2615 (2)
1624 2579 1776 2614 Legendum
1800 2583 1877 2616 puta-

1133 2625 1192 2644 mus
1212 2621 1319 2650 accepit.

1889 219 1938 245 An.
1953 215 1981 243 C.
1999 214 2067 243 ¹215

1905 1101 1990 1123 loannis
2017 1103 2074 1128 regis

1890 1133 2024 1160 poenitentia

1905 2138 1928 2159 Et
1978 2139 2074 2159 voluntas

1892 2170 2039 2196 proficiscendi
2053 2169 2074 2189 in

1893 2201 1976 2222 serram
2020 2199 2074 2220 San-

1893 2236 1952 2252 ctam.
