2129 3223
27 260 78 287 Αιι.
95 259 208 287 (1.1255
810 261 1019 285 ixxocnsrrcs
1040 260 1074 283 iv
1101 260 1148 283 ΡΡ.
1630 248 1699 281 563

224 317 351 352 materia
380 315 576 351 iucunditatis
596 315 732 351 advenit.
760 317 861 352 Habet
884 316 966 351 unde

222 364 359 401 Domino
389 366 545 401 canticum
579 377 695 401 novum
730 374 854 410 cantet,
883 366 966 401 unde

223 416 396 451 immensae
433 415 535 450 laudis
571 415 721 463 hymnum
760 415 872 450 referat
899 416 965 451 Deo

221 476 288 500 suc.
311 464 412 500 Habet
438 464 525 510 plebs
550 464 701 500 catholica
724 465 807 500 unde
828 465 964 511 plaudat,

220 514 330 549 levatis
354 513 517 549 Altissimo
547 513 709 554 manibus,
737 515 860 549 sonoris
883 514 964 549 iubi-
984 548 985 554 ,

220 562 263 598 let
283 563 429 607 vocibus,
456 571 487 599 et
513 563 602 599 laetis
624 563 738 598 animis
760 564 959 600 iucundetur.
983 590 985 598 ,

208 611 320 651 ,Habet
355 612 525 648 christiana
551 613 680 653 concio,
714 613 798 648 unde
835 613 984 649 devotas*

219 660 380 697 Conditori
415 663 561 698 concinat
593 663 766 698 cantiones.
795 663 842 698 De
875 663 963 698 horto

218 711 372 758 siquidem
406 711 494 757 fidei,
529 724 629 758 nuper
658 713 688 746 in
720 724 860 747 mensam
884 712 961 758 Regi

218 769 346 796 aeterno
383 761 485 796 dulcis
522 762 634 796 allatus
669 770 716 796 est
749 762 879 797 fructus.
917 761 962 797 De

217 811 307 846 vinea
325 809 484 845 Ecclesiae
498 811 527 845 in
547 823 666 857 regium
684 812 810 846 calicem
833 811 962 847 affluens

217 861 338 896 noviter
358 859 460 908 liquor
485 860 618 895 influxit.
652 861 809 903 Quoniam
832 861 962 896 foecun-

216 909 276 945 dus
297 909 416 958 palmes
438 909 707 946 hostilimucrone
729 911 887 951 concisus,
910 911 961 946 ha-

216 958 284 994 buit
316 959 386 1006 plus
412 959 572 999 humoris,
597 961 671 1006 quia
703 960 839 995 cohaesit
874 973 961 1007 pres-

215 1008 284 1044 sius
304 1009 394 1043 vivae
415 1008 479 1043 viti.
508 1008 554 1043 De
576 1008 828 1044 praedicatorum
852 1010 961 1045 ordine

216 1057 328 1093 florido
349 1057 464 1104 prodiit
491 1070 559 1093 rosa
587 1059 720 1103 rubens,
742 1071 821 1106 quae
848 1060 961 1106 regali-

215 1106 274 1142 bus
294 1106 396 1143 oblata
422 1108 662 1155 conspectibus,
698 1109 804 1143 intulit
824 1110 960 1143 suavita-

215 1163 276 1192 tem
303 1156 421 1192 odoris.
449 1156 496 1192 De
523 1157 616 1192 huius
649 1157 807 1193 Ecclesiae
844 1157 959 1193 fabrica

214 1205 337 1242 electus
357 1214 404 1241 est
431 1206 523 1254 lapis,
552 1207 604 1255 qui
632 1219 776 1254 pressura
798 1216 828 1241 et
849 1215 960 1242 contu-

214 1257 304 1292 sione
332 1255 465 1303 politus,
490 1255 636 1291 decenter
657 1258 802 1304 supernis
829 1256 960 1292 aedibus

214 1314 262 1340 cst
287 1305 437 1340 insertus.
465 1304 500 1339 ln
529 1306 654 1340 coelesti
681 1318 809 1354 quoque
842 1307 960 1341 rosario

214 1354 273 1390 flos
293 1366 456 1399 amoenus,
475 1354 570 1390 rubro
591 1355 694 1390 colore
712 1356 852 1396 rutilans,
876 1367 961 1391 nnnc

214 1412 264 1439 est
284 1411 376 1439 natus
397 1404 428 1439 in
452 1404 587 1445 mundo,
616 1413 645 1439 et
672 1405 805 1439 candido
828 1414 960 1440 sancto-

215 1465 283 1489 rum
302 1453 446 1501 collegio,
465 1466 578 1488 novum
602 1454 776 1489 munditiae
795 1454 893 1489 lilium
913 1463 960 1490 est

213 1511 368 1538 exortum.
406 1501 498 1538 Unde
521 1502 636 1538 facturn
664 1512 711 1538 est
747 1515 893 1550 magnum
927 1505 958 1539 in

213 1552 301 1588 coelo
322 1552 485 1600 gaudium,
512 1552 723 1588 exultantibus
745 1552 871 1588 Sanctis
897 1566 959 1589 om-

212 1601 307 1638 nibus
345 1609 376 1637 et
408 1602 641 1637 solemnitatem
680 1602 847 1649 agentibus
883 1603 958 1638 tanti

212 1651 294 1687 festi.

260 1701 281 1749 g
309 1703 340 1735 1.
374 1701 458 1736 Sane
492 1701 600 1736 beatus
634 1702 747 1737 Petrus
778 1702 816 1737 de
851 1701 960 1737 ordine

18 1749 200 1804 „2535ssng
213 1751 342 1786 fratrum
365 1750 634 1791 praedicatorum,
657 1750 836 1786 lombardus
864 1751 960 1798 origi-

177 1797 182 1803 ’
215 1811 271 1840 ne,
307 1799 478 1846 prudenter
516 1800 680 1835 attendens
714 1800 812 1835 dolosi
851 1801 958 1835 mundi

214 1849 360 1892 fallacias,
375 1857 407 1884 et
421 1849 510 1884 devia
527 1850 640 1884 saeculi
663 1849 833 1885 defluentis
859 1851 960 1894 (cuius

215 1898 374 1934 blanditiis
395 1899 466 1946 quis
480 1898 624 1939 laeditur,
651 1911 723 1934 cum
747 1900 871 1941 lenitur)
887 1912 958 1934 cum

215 1948 255 1983 ab
276 1948 324 1983 his
345 1948 377 1983 in
392 1948 622 1983 adolescentiae
643 1949 732 1984 annis
755 1949 881 1997 provide
904 1949 961 1984 de-

215 1997 375 2037 clinasset,
399 1998 476 2032 vitae
498 1998 639 2033 semitam
660 1999 779 2045 eligens
800 1999 960 2043 tutiorem,

217 2055 286 2082 uta
317 2046 447 2082 lubricis
477 2055 567 2082 caute
590 2047 669 2094 pede
693 2055 833 2088 retracto,
865 2049 960 2083 firmis

218 2104 323 2144 posset
344 2096 490 2131 incedere
511 2096 686 2143 gressibus,
712 2097 749 2132 ad
773 2098 874 2133 divina
896 2097 961 2133 ob·-

216 2147 324 2194 sequia
351 2158 384 2180 se
411 2146 544 2181 totaliter
569 2147 742 2190 transtulit,
768 2147 798 2182 in
820 2159 961 2194 evange-

217 2196 294 2231 licae
334 2195 539 2230 institutionis
583 2195 812 2231 observantiam
848 2205 960 2232 cuncta

217 2257 272 2280 sua
300 2253 487 2280 convertens
519 2244 633 2285 studia,
667 2253 698 2280 et
723 2246 884 2281 universas
910 2246 960 2281 di—

218 2295 324 2342 rigens
344 2295 495 2336 actiones,
522 2302 641 2329 rectum
669 2303 699 2330 et
724 2295 865 2330 lucidum
897 2297 962 2331 cal-

217 2343 279 2379 lem
315 2355 466 2392 sequenS‚
499 2343 656 2379 salubrem
692 2344 835 2381 videlicet
862 2346 963 2393 ipsius

218 2391 339 2429 ordinis
365 2393 518 2440 regulam,
551 2405 606 2440 per
628 2406 721 2441 quam
755 2395 820 2441 regi
843 2394 963 2430 valeret

220 2449 251 2481 et
271 2441 382 2489 dirigi,
409 2443 481 2478 duci
514 2444 607 2478 etiam
635 2450 667 2478 et
694 2443 799 2479 induci
826 2443 862 2478 ad
889 2456 963 2492 spe-

221 2498 317 2526 ratam
340 2492 479 2539 requiem
507 2500 576 2541 post
598 2492 747 2527 laborem.

101 2583 127 2587 ..
270 2539 291 2588 S
315 2543 349 2576 2.
371 2541 404 2576 ln
432 2554 493 2589 qua
520 2542 628 2590 utique
661 2542 787 2589 triginta
812 2542 876 2578 fere
907 2554 964 2578 an-

27 2579 209 2634 „22'²{2⁸¹2¹„³d}‘„¹,¹,†
224 2601 336 2624 norum
358 2591 477 2639 spatio,
514 2591 610 2627 fultus
643 2600 764 2627 caterva
799 2592 963 2632 virtutum,

27 2641 208 2666 ‘nmen-*1¹1⁸-
223 2637 302 2674 Fide
335 2640 557 2688 praeambula,
592 2641 656 2690 Spe
688 2649 824 2684 astante,
851 2642 965 2677 comite

1007 314 1178 354 Cliaritatc,
1200 315 1244 349 sic
1258 314 1429 361 praevaluit
1450 322 1480 349 et
1505 312 1645 361 profecit,
1666 312 1748 348 circa

1007 365 1107 412 ipsius
1148 376 1282 399 maxime
1318 364 1532 399 defensionem
1573 362 1644 398 fidei
1672 364 1748 409 (pro

1006 427 1066 462 qua
1089 422 1174 449 totus
1200 413 1343 458 ardebat)
1366 413 1450 461 quod
1477 422 1583 448 contra
1606 412 1690 447 illius
1705 411 1750 446 di-

1006 476 1056 499 ros
1082 464 1198 505 hostes,
1226 472 1331 498 mente
1359 462 1529 509 intrepida,
1556 462 1749 509 ferventique

1004 514 1132 560 spiritu,
1167 513 1354 548 cotitinuum
1389 520 1547 547 certamen
1580 523 1748 551 exercens,

1004 575 1097 598 suum
1125 562 1250 597 tandem
1277 573 1409 607 agonem
1432 561 1589 597 diutinum
1612 561 1747 605 (victrici

1004 620 1173 660 superante
1195 612 1357 659 martyrio)
1391 609 1522 646 feliciter
1547 622 1749 646 consumma-

1004 662 1056 696 vit.
1091 661 1131 696 Et
1152 661 1198 697 sic
1220 661 1286 708 ipse
1310 660 1436 700 Petrus,
1470 660 1579 695 firmus
1607 661 1637 694 in
1663 669 1748 707 petra

1004 711 1089 752 fidei,
1118 718 1203 759 petra
1235 710 1362 745 demunt
1387 710 1539 757 passionis
1564 709 1683 753 allisus,
1709 709 1746 744 ad

1005 768 1122 807 petram
1146 759 1304 795 Christum
1322 758 1414 806 digne
1436 759 1623 794 laureandus
1645 770 1747 794 asceu-

1002 810 1058 844 dit.
1085 809 1184 845 Porro
1209 821 1248 844 ne
1275 821 1360 844 sacra
1383 819 1513 844 suorum
1540 816 1664 844 actuum
1693 819 1749 844 vos

1002 858 1144 907 exempla
1171 866 1378 907 praetereant,
1400 857 1506 906 aliqua
1524 859 1564 893 de
1589 859 1650 893 vita
1668 858 1748 899 eius,

1001 908 1040 944 ad
1077 908 1316 944 instructionem
1343 916 1374 943 et
1409 907 1582 955 profectum
1616 908 1749 944 audien·

1001 960 1092 999 tium,
1114 958 1297 993 reseremus.

1050 1007 1070 1055 S
1097 1012 1128 1043 5.
1156 1007 1227 1055 lpse
1261 1019 1397 1055 namque
1432 1006 1572 1042 veritatis
1608 1005 1692 1041 filius
1719 1015 1748 1042 et

1001 1056 1148 1093 bonitatis
1168 1058 1338 1100 alumnus,
1359 1057 1596 1091 conversatione
1619 1057 1749 1102 conspi-

1001 1119 1093 1151 cuus,
1120 1106 1301 1154 spectabilis
1323 1105 1402 1140 fama
1430 1113 1461 1141 et
1483 1106 1631 1153 opinione
1653 1106 1749 1140 mira-

1002 1156 1084 1197 bilis,
1108 1158 1187 1191 miro
1210 1154 1411 1204 praefulsisse
1437 1156 1538 1190 nitore
1560 1154 1749 1199 munditiae,

1002 1206 1208 1252 virginitatem
1220 1206 1339 1252 integre
1351 1204 1540 1245 custodisse;
1559 1216 1616 1240 nec
1632 1206 1748 1240 mentis

1002 1255 1171 1299 habuisse,
1205 1266 1263 1290 nec
1291 1254 1432 1301 corporis
1466 1254 1677 1301 corruptelam
1718 1263 1747 1289 et

1002 1304 1118 1339 nullius
1141 1304 1282 1340 mortalis
1308 1304 1451 1338 criminis
1472 1304 1611 1338 sensisse
1631 1312 1747 1339 conta-2

1001 1362 1105 1395 ctum,
1139 1353 1226 1388 firma
1252 1365 1380 1388 suornm
1407 1352 1622 1388 confessorum
1645 1365 1747 1387 asser·

1002 1403 1085 1438 tione
1107 1410 1309 1438 monstratur.
1330 1401 1372 1437 Et
1392 1403 1464 1448 quia
1486 1414 1596 1437 servus
1616 1401 1747 1437 delicate

1002 1453 1140 1488 nutritus
1163 1452 1311 1500 protervit
1337 1451 1367 1486 in
1395 1451 1586 1492 Dominum,
1620 1463 1746 1487 carnem

1001 1514 1108 1546 suam,
1148 1501 1274 1537 assidua
1307 1500 1366 1535 cibi
1404 1509 1434 1536 et
1461 1509 1552 1549 potus
1579 1502 1747 1549 parvitate,

1001 1551 1169 1587 restrinxit.
1206 1551 1252 1586 Ne
1297 1562 1368 1586 vero
1405 1563 1462 1597 per
1502 1550 1560 1586 ocii
1594 1550 1746 1587 desidiam

1002 1601 1165 1636 hostilibus
1192 1608 1312 1648 pateret
1334 1600 1465 1644 insidiis,
1492 1600 1522 1635 in
1546 1600 1747 1635 iustificatio-

1002 1651 1094 1686 nibus
1115 1651 1242 1686 Domini
1270 1649 1473 1685 exercebatur
1498 1650 1634 1695 assidue,
1657 1659 1689 1684 ut
1708 1662 1746 1686 eo

1001 1701 1081 1736 circa
1104 1700 1185 1735 licita
1219 1699 1352 1735 totaliter
1372 1707 1542 1746 occupato,
1576 1700 1680 1734 locum
1714 1700 1745 1735 in

1002 1750 1069 1796 ipso
1097 1749 1202 1785 illicita
1230 1761 1291 1784 non
1315 1748 1476 1788 haberent,
1498 1756 1528 1783 et
1558 1761 1573 1783 a
1597 1749 1746 1796 spiritua-

1001 1800 1083 1834 libus
1110 1799 1258 1847 nequitiis
1279 1806 1366 1832 tutus
1386 1807 1480 1834 esset.
1502 1798 1660 1834 Nocturna
1674 1799 1747 1846 qui-

1001 1849 1071 1884 dem
1106 1848 1227 1883 silentia
1259 1847 1414 1883 humanae
1446 1848 1593 1895 deputata
1626 1848 1746 1895 quieti,

1003 1906 1071 1946 post
1093 1898 1315 1933 dormitionem
1338 1897 1477 1938 brevem,
1504 1898 1690 1933 decurrebat
1714 1898 1746 1933 in

1001 1948 1114 1983 studiis
1135 1948 1314 1987 lectionum.
1338 1955 1366 1982 et
1393 1947 1495 1982 somni
1524 1956 1647 1994 tempus
1670 1947 1747 1994 vigi-

1003 1998 1051 2032 liis
1076 1998 1258 2045 occupabat.
1299 1997 1374 2032 Dies
1407 2005 1511 2032 autem
1544 1997 1747 2044 impendebat

1001 2048 1174 2083 commodis
1200 2048 1391 2091 animarum,
1418 2047 1463 2081 vel
1490 2046 1610 2081 sedulis
1636 2046 1748 2081 immi-

1002 2097 1105 2132 nendo
1128 2096 1425 2144 praedicationibus,
1453 2096 1498 2131 vel
1511 2095 1746 2131 confessionum

1002 2147 1179 2182 audientiae
1195 2146 1381 2189 insistendo,
1395 2153 1448 2181 aut
1462 2145 1654 2180 haereticum
1672 2144 1745 2192 dog-

1002 2208 1051 2230 ma
1085 2195 1267 2243 pestiserum
1291 2196 1402 2230 validis
1432 2194 1604 2230 rationibus
1634 2193 1748 2229 confu-

1002 2245 1109 2289 tando,
1136 2246 1164 2279 in
1200 2245 1315 2292 quibus
1340 2244 1485 2290 specialis
1511 2244 1596 2279 dono
1630 2244 1748 2290 gratiae

1004 2295 1143 2330 noscitur
1164 2294 1324 2329 claruisse.
1346 2293 1518 2328 Devotione
1541 2293 1670 2340 insuper
1683 2304 1748 2339 gra·

1004 2352 1070 2384 tus,
1093 2343 1268 2378 humilitate
1286 2343 1377 2383 lenis,
1400 2342 1576 2378 obedientia
1593 2342 1747 2389 placidus,

1005 2392 1198 2434 benignitate
1234 2393 1354 2433 suavis,
1390 2392 1501 2438 pietate
1536 2391 1748 2438 compatiens,

1005 2443 1152 2491 patientia
1175 2450 1339 2482 constans,
1365 2441 1513 2476 charitate
1540 2440 1747 2488 praestabilis,

1005 2500 1034 2527 et
1064 2492 1094 2527 in
1122 2491 1242 2527 cunctis
1272 2503 1393 2525 morum
1416 2490 1591 2525 maturitate
1616 2501 1748 2537 compo-

1005 2542 1100 2582 situs,
1128 2541 1204 2576 alios
1232 2540 1366 2586 profusis
1387 2541 1535 2574 virtutum
1556 2539 1748 2575 aromatibus

1006 2591 1189 2627 attrahebat.
1224 2589 1362 2625 Fervens
1388 2601 1515 2637 quoque
1547 2597 1668 2625 amator
1693 2588 1748 2624 Fi-

982 2641 1072 2688 ,dei,
1108 2640 1207 2676 cultor
1230 2640 1430 2688 praecipuus,
1465 2647 1678 2687 propugnator
1698 2651 1748 2675 ar·

1764 257 1812 284 An.
1830 256 1856 283 C>
1878 257 1943 283 tatis

1776 1014 1844 1039 Ιμιῐηι
1855 1017 1944 1037 virtute!

1762 1050 1901 1067 recensentur
