2129 3223
159 248 210 276 Aa.
228 248 257 275 C.
275 247 337 275 126¹

179 303 318 331 Paruittisum

160 336 240 361 gressui
264 335 338 356 reddit.

169 752 257 774 Pinum
268 754 336 774 desie-

157 788 195 803 Pet,

168 1003 218 1026 Tres
243 1008 337 1026 mortuos

155 1037 248 1057 suscitat,

167 1332 286 1354 Exanimem
298 1338 337 1353 na-

155 1367 197 1384 tum
213 1364 309 1385 vivificat.

169 1766 287 1788 Alexander
297 1764 336 1787 PP.

157 1804 220 1824 super
248 1797 280 1818 his
303 1798 339 1817 in-

156 1829 209 1855 quirz
224 1829 314 1848 maudut.

406 234 475 269 686

355 308 470 337 tractus
491 299 581 334 cuius
604 297 745 333 membra
767 296 950 332 naturaliter
975 295 1096 343 gressui

355 348 579 387 ministrantia,
611 348 651 383 ita
679 347 811 382 totaliter
838 346 974 394 plurium
996 358 1096 381 anno-

355 412 422 435 rum
446 398 593 446 paralysis
626 398 794 432 inveterata
817 403 1029 440 contraxerat,
1063 402 1097 430 ut

353 448 484 489 eisdem,
499 447 650 482 membris
670 446 765 482 huius
786 446 960 481 ministerio
983 444 1097 492 ineptis

353 497 496 539 redditis,
524 496 609 532 nulla
636 496 766 531 omnino
787 495 913 531 daretur
934 494 1096 542 gradiendi

353 547 498 592 facultas,
525 546 579 582 ltte
600 547 692 582 cuius
718 546 794 580 mira
816 552 891 580 sunt
912 557 1018 592 opera,
1040 557 1097 579 su-

353 597 417 633 bito
443 596 596 632 memhris
627 596 701 643 ipsis
734 596 764 629 in
793 595 915 630 solitam
951 595 1095 629 virtutem

351 646 474 691 erectis,
492 646 524 681 in
546 645 637 681 liberi
652 657 780 692 gressus
801 644 975 679 libertatem
988 645 1093 679 erexit.

401 697 421 744 g
444 698 498 731 11.
526 695 715 742 Antiquatas
738 694 856 729 fistulas
880 694 1015 741 plurium
1044 706 1097 729 os-

351 747 432 781 sium
467 746 657 781 extractione
688 756 851 787 concavas,
886 751 916 778 et
950 743 1017 778 sine
1039 756 1096 791 spe

351 795 493 831 sanitatis
514 795 666 830 stillantes
681 795 819 834 saniem,
839 793 978 828 eiusdem
989 793 1097 828 Sancti

352 845 489 886 meritis,
517 844 676 880 ulceribus
693 843 785 878 etiam
805 850 934 890 repente
963 842 1095 885 sanatis,

351 895 476 930 divinae
499 894 622 942 pietatis
643 893 802 929 affluentia
828 893 1004 928 desiccavit.

398 945 420 993 g
446 945 503 979 12.
537 944 614 979 Tres
647 951 799 986 mortuos,
834 955 970 989 quorum
998 954 1095 977 unum

350 998 505 1034 currentis
525 1009 638 1033 currus
661 1009 717 1044 per
742 996 882 1031 medium
913 1004 977 1031 rota
1008 1008 1096 1032 com-

353 1060 518 1100 presserat,
544 1051 683 1100 reliquos
705 1062 777 1086 vero
796 1051 889 1085 febris
911 1051 1096 1093 extinxerat,

351 1107 418 1148 Ille,
441 1106 494 1154 qui
518 1113 650 1140 mortem
670 1104 830 1140 moriendo
845 1104 1009 1149 destruxit,
1024 1117 1097 1153 pre-

350 1161 441 1197 cibus
466 1160 525 1196 sub
552 1159 693 1195 eiusdem
722 1159 884 1206 porrectis,
902 1160 1028 1194 nomine
1048 1160 1097 1194 in-

349 1215 496 1256 clinatus,
522 1213 683 1250 suscitavit
706 1212 746 1248 ad
768 1213 874 1248 vitam.

398 1270 419 1317 S
441 1271 496 1304 15.
518 1269 559 1304 Et
581 1268 665 1316 quod
685 1280 747 1303 non
767 1276 814 1303 est
833 1268 1096 1315 praetereundum

350 1323 494 1367 silentio,
519 1322 575 1358 sed
600 1322 734 1358 solemni
755 1321 948 1368 vulgandum
970 1321 1096 1369 gaudio,

350 1379 382 1413 in
404 1378 578 1413 humanum
597 1376 822 1424 corpusculum
845 1388 863 1411 e
889 1376 1021 1423 vestigio
1048 1377 1097 1410 in-

351 1430 568 1471 humandum,
611 1437 718 1477 utpote
752 1429 790 1464 de
826 1441 956 1476 corpore
991 1431 1097 1465 matris

350 1493 458 1522 natum
480 1484 643 1527 exanime,
670 1484 709 1519 de
733 1491 823 1518 utero
846 1484 1096 1519 transferendum

351 1540 388 1575 ad
415 1538 586 1583 tumulum,
608 1538 676 1573 eius
698 1538 839 1572 invocato
861 1538 1000 1578 nomine,
1028 1538 1097 1572 ani-

351 1605 434 1630 mam
469 1593 626 1628 viventem
672 1592 845 1627 animarum
885 1590 1016 1627 Creator
1049 1592 1097 1626 in-

351 1647 463 1682 fundit.
580 1648 583 1652 '

400 1702 420 1750 g
448 1704 503 1736 14.
526 1701 609 1736 Sane
634 1700 672 1736 iis
693 1708 722 1735 et
744 1699 812 1735 aliis
834 1699 920 1735 miris
948 1700 1098 1747 operibus

351 1755 459 1791 Sancti
483 1755 576 1790 huius
609 1753 823 1790 astruentibus
847 1753 1041 1789 sanctitatem
1069 1764 1098 1790 et

351 1809 538 1846 christianae
569 1808 641 1844 fidei
667 1809 840 1850 veritatem,
874 1808 1097 1844 miraculorum

351 1864 457 1911 lingua
481 1864 648 1911 loquente,
680 1862 841 1898 concurrit
872 1862 1012 1911 undique
1040 1875 1099 1910 po-

352 1918 459 1965 pulus,
486 1917 583 1952 crevit
609 1916 749 1958 devotio,
777 1916 922 1952 laudatur
942 1916 1099 1952 Dominus

351 1971 391 2007 de
412 1971 578 2007 salutiferis
604 1971 722 2018 gratiis,
743 1970 852 2006 salutis
879 1970 1006 2006 Auctori
1027 1984 1099 2018 gra—

353 2025 412 2061 tiae
441 2024 630 2061 referuntur.
663 2024 794 2059 lnvaluit
815 2037 911 2072 super
942 2025 991 2059 his
1018 2024 1098 2060 fama

353 2079 548 2123 communis,
572 2087 603 2113 et
627 2078 760 2114 celebris
795 2079 825 2113 in
855 2078 986 2114 auribus
1018 2078 1097 2114 felic.

353 2133 472 2170 record.
507 2133 675 2168 Alexandri
714 2132 816 2179 Papae
848 2132 1100 2179 praedecessoris

353 2189 470 2234 nostri,
505 2188 544 2224 de
581 2187 757 2234 Anglorum
795 2186 1005 2222 tabernaculis
1042 2199 1099 2222 vox

353 2243 554 2280 exultationis
583 2250 615 2277 et
648 2242 757 2277 salutis
783 2242 928 2278 intonuit.
969 2242 1017 2278 Ad
1051 2242 1100 2290 ip-

354 2311 423 2334 sum
456 2297 634 2334 charissimi
664 2309 695 2332 in
717 2296 843 2332 Christo
865 2296 918 2331 filii
940 2296 1038 2332 nostri
1060 2297 1098 2331 N.

355 2353 437 2399 regis
482 2351 626 2392 illustris,
664 2350 871 2399 praelatorum
910 2358 940 2386 et
965 2350 1099 2386 aliorum

354 2413 534 2454 magnatum
548 2405 694 2453 Angliae,
716 2404 956 2453 supplicationis
973 2404 1100 2440 humilis

355 2462 473 2495 instans
505 2459 624 2495 clamor
657 2459 820 2504 ascendit,
852 2458 1100 2507 praedecessoris

357 2514 455 2560 ipsius
480 2513 679 2558 auctoritate,
707 2514 939 2561 inquisitionem
964 2512 1101 2548 fierisu-

358 2578 412 2613 per
445 2566 613 2615 praedictis
646 2567 792 2603 obtinuit.
835 2567 899 2602 Nos
931 2575 961 2603 et
993 2567 1101 2602 fratres

358 2630 492 2665 nostros,
512 2632 568 2668 per
583 2622 746 2669 praelatos,
766 2621 939 2668 religiosos,
959 2620 1100 2661 comites,

928 242 946 264 B
951 240 1065 264 ULLAnt
1070 241 1115 264 ulti
1140 240 1302 264 Romanum

1137 295 1281 336 barones,
1305 302 1335 330 et
1365 294 1442 331 alios
1463 295 1523 330 fide
1549 294 1661 342 dignos
1682 294 1712 329 in
1748 294 1883 342 inquisi-

1137 349 1221 384 tione
1257 349 1323 398 ipsa
1351 348 1477 396 probata
1506 350 1618 385 veritas
1644 356 1675 384 et
1702 348 1882 383 auctoritate

1137 412 1259 449 nostra,
1292 403 1393 451 primo
1420 415 1474 451 per
1496 415 1565 439 ven.
1592 402 1717 438 fratrem
1740 410 1881 438 nostrum

1135 457 1174 492 N.
1199 457 1382 505 episcopum
1404 457 1594 502 Tuscutau„
1618 469 1654 492 ac
1675 457 1802 492 demum
1830 469 1884 504 per

1137 523 1206 556 nos,
1239 519 1270 547 et
1301 511 1427 547 eosdem
1455 511 1565 546 fratres
1596 511 1736 558 diligenti
1769 511 1884 546 exami-

1136 566 1263 602 natione
1289 566 1448 607 discussa,
1469 566 1508 601 de
1528 565 1636 600 Sancti
1658 565 1801 601 eiusdem
1824 566 1882 600 vita

1136 620 1282 665 mirabili,
1301 620 1460 655 miraculis
1482 627 1512 654 et
1533 619 1652 654 meritis
1676 619 1822 666 gloriosis
1839 620 1884 654 in-

1137 674 1260 710 struxit.

1186 728 1206 775 g
1229 730 1284 763 15.
1308 727 1436 763 Exultet
1451 728 1557 775 itaque
1577 727 1701 763 coelum
1723 727 1883 771 laudibus,

1137 782 1265 817 resultet
1304 790 1384 816 terra
1418 781 1561 828 gaudiis,
1587 789 1617 816 et
1650 780 1744 816 huius
1777 781 1882 817 Sancti

1137 835 1289 870 solemnia
1310 835 1391 870 laeto
1410 843 1565 870 concentu
1580 834 1724 870 concinat
1747 834 1884 883 populus

1137 889 1337 925 christianus.
1364 889 1523 924 Molliatur
1544 889 1657 924 duritia
1682 888 1884 934 iudaeorum,

1137 956 1330 992 paganorum
1356 944 1529 990 ignorantia
1559 943 1744 984 instruatur,
1770 942 1883 979 sileant

1137 999 1298 1040 haereses,
1320 998 1549 1033 haereticorum
1571 997 1682 1034 dolosa
1701 997 1782 1033 labia
1804 1009 1883 1034 con-

1138 1053 1299 1097 ticescant,
1323 1064 1382 1088 nec
1404 1051 1574 1088 moliantur
1598 1052 1736 1100 amplius
1757 1052 1883 1088 dolosae

1139 1106 1324 1154 vulpeculae
1340 1105 1501 1153 religionis
1522 1106 1711 1142 christianae
1731 1115 1883 1153 segetem,

1137 1161 1244 1196 caudis
1270 1161 1379 1207 ignitis
1393 1168 1424 1196 et
1443 1160 1560 1196 dolosis
1580 1160 1755 1205 fraudibus,
1777 1159 1885 1196 demo-

1137 1215 1197 1250 liri.
1236 1215 1389 1250 Virtutem
1427 1224 1592 1250 vereantur
1618 1214 1781 1250 Ecclesiae
1806 1216 1884 1250 tanti

1137 1281 1173 1304 ac
1200 1268 1269 1304 talis
1305 1276 1336 1304 et
1362 1268 1513 1303 similium
1540 1276 1745 1316 patronorum
1772 1267 1886 1304 defen-

1137 1324 1226 1359 sione
1259 1323 1414 1363 munitae‚
1450 1335 1509 1358 nec
1543 1323 1684 1371 ipsorum
1714 1334 1885 1371 praesum-

1138 1386 1248 1425 ptuosa
1270 1376 1428 1412 temeritas
1444 1377 1483 1412 de
1498 1385 1621 1412 caetero
1638 1377 1670 1412 in
1686 1377 1784 1425 ipsam
1799 1389 1886 1425 prae-

1137 1439 1239 1466 sumat
1273 1430 1424 1472 insidias,
1460 1430 1654 1466 evidentium
1679 1442 1831 1478 operum,
1854 1438 1886 1466 et

1137 1485 1301 1531 signorum
1319 1484 1567 1532 propugnaculis
1583 1485 1676 1520 tantis
1690 1485 1884 1526 instrttctam;

1137 1538 1236 1585 signis
1279 1539 1388 1573 saltem
1430 1538 1628 1574 evidentibus
1666 1538 1885 1586 acquiescant,

1137 1594 1189 1641 qui
1206 1593 1237 1627 in
1251 1592 1314 1627 veri
1329 1592 1485 1639 dogmatis
1506 1592 1697 1628 testimoniis
1714 1604 1776 1628 non
1795 1593 1885 1641 quie-

1137 1654 1240 1682 scunt.
1262 1645 1423 1694 Operibus
1444 1647 1554 1682 saltem
1577 1646 1716 1688 credant,
1738 1647 1791 1695 qui
1811 1659 1884 1694 per-

1138 1701 1281 1736 tinaciter
1311 1700 1507 1747 evangelicae
1540 1700 1701 1736 doctrinae
1726 1712 1789 1735 non
1814 1713 1884 1736 cre-

1138 1755 1228 1790 dunt.
1255 1754 1445 1789 Avertantur
1465 1754 1504 1790 ab
1530 1766 1672 1790 errorum
1694 1754 1804 1796 inviis,
1831 1767 1885 1789 ve·—

1139 1809 1236 1843 ritatis
1262 1816 1483 1844 convertantur
1506 1808 1546 1844 ad
1573 1809 1671 1853 viam,
1699 1816 1733 1844 ut
1759 1809 1790 1844 in
1811 1807 1886 1844 Do-

1138 1863 1215 1898 mini
1235 1863 1365 1898 veritate
1384 1862 1505 1908 directi,
1526 1862 1643 1898 rectius
1664 1862 1758 1898 huius
1773 1862 1811 1898 B.
1826 1863 1885 1898 viri

1138 1917 1202 1952 vias
1230 1916 1315 1961 fidei,
1342 1925 1372 1952 et
1394 1917 1497 1964 operis
1518 1917 1658 1964 vestigiis
1679 1917 1885 1964 investigent,

1138 1970 1306 2018 ipsumque
1328 1972 1418 2018 sequi
1442 1970 1603 2012 studeant,
1637 1971 1690 2018 qui
1719 1970 1884 2006 ambulans

1140 2024 1171 2059 in
1194 2024 1240 2059 via
1267 2024 1476 2066 immaculata,
1502 2024 1635 2059 Domino
1660 2024 1790 2060 fideliter
1818 2024 1885 2059 mi-

1140 2085 1290 2113 nistravit.

1900 237 1950 264 An.
1963 237 1992 263 C.
2011 235 2075 264 1262

1187 2133 1207 2180 ἓ
1242 2135 1298 2168 16.
1332 2133 1518 2173 Caeterum,
1546 2133 1616 2180 quia
1643 2133 1724 2168 sicut
1749 2132 1788 2168 de
1815 2132 1884 2180 ipso
1911 2142 2082 2169 ῦυᾱηιοεοιοι·

1898 2177 1979 2196 etot-um
1997 2173 2080 2196 aii-ert-

1141 2198 1196 2234 pro
1222 2194 1306 2222 certo
1329 2194 1412 2222 tenet
1438 2195 1586 2234 concepta
1615 2198 1651 2222 ex
1673 2186 1722 2222 his
1745 2192 1828 2222 certa
1853 2194 1961 2227 et1,1„,„

1140 2239 1313 2275 indubitata
1339 2240 1525 2281 credulitas,
1564 2240 1631 2276 Rex
1665 2240 1809 2276 coelestis
1839 2242 1886 2275 sic

1139 2307 1212 2330 eum
1234 2295 1380 2330 honorari
1397 2294 1535 2330 decrevit
1551 2294 1583 2329 in
1604 2295 1710 2335 coelis,
1733 2302 1766 2329 ut
1782 2302 1886 2330 aeter-

1140 2360 1197 2383 nae
1229 2348 1379 2384 claritatis
1404 2349 1533 2390 lumine,
1560 2349 1651 2396 quasi
1669 2348 1762 2395 regiis
1789 2349 1886 2383 vesti-

1141 2402 1255 2437 mentis
1294 2402 1428 2438 amictus
1460 2410 1489 2437 et
1525 2403 1732 2450 sempiternae
1767 2400 1886 2449 gloriae

1140 2456 1313 2492 diademate
1327 2456 1504 2497 decoratus,
1521 2456 1586 2491 sedi
1602 2466 1756 2503 supernae
1771 2455 1886 2503 quietis

1142 2510 1292 2552 insideat;
1319 2510 1409 2546 decet
1442 2519 1476 2546 ut
1497 2518 1602 2546 nostro
1627 2509 1804 2545 ministerio
1830 2520 1885 2556 pet·

1141 2575 1266 2600 omnem
1295 2565 1454 2601 christiani
1485 2564 1588 2600 cultus
1614 2563 1766 2599 ambitum
1794 2563 1886 2599 vehi-

1141 2618 1213 2654 culo
1235 2619 1356 2655 debitae
1381 2618 1588 2655 venerationis
1610 2617 1776 2664 incedens,
1807 2629 1885 2666 pro-
