2129 3223
141 297 191 324 An.
210 296 237 323 C⁴
255 297 320 323 1255

166 1022 285 1045 cunnum.

384 284 455 318 608

335 351 381 386 vel
415 349 616 385 charissimae
637 347 668 381 in
695 345 822 381 Christo
849 344 929 379 filiae
955 351 1078 378 nostrae

332 400 538 446 Margbaritae
553 397 682 432 illustris
697 396 821 442 reginae
835 393 997 437 Franciae,
1008 404 1079 447 uxos

335 451 375 483 ris
403 458 483 488 tuae,
510 456 563 482 aut
598 457 815 481 successorum
843 452 989 481 tuorum,
1025 455 1077 489 qui

334 499 471 545 legitime
494 498 523 531 in
553 496 709 544 praedicto
729 494 882 529 Franciae
900 505 995 538 regno
1014 503 1079 525 suc-

332 550 458 588 cedent,
495 558 654 593 personas,
673 544 841 582 interdicti,
868 542 916 576 vel
950 553 1078 576 excom—

333 597 555 632 municationis
581 595 769 630 sententiam
805 593 903 627 valeat
941 591 1080 638 promul-

332 660 417 694 gare,
444 648 513 681 sine
531 645 659 692 speciali
676 644 816 678 eiusdem
838 642 931 677 Sedis
946 641 1079 680 licentia,

334 697 380 731 vel
419 696 565 730 mandato
599 695 724 742 plenam
757 701 788 727 et
818 703 995 737 expressam
1033 689 1080 723 fa-

333 747 435 782 ciente
457 745 496 781 de
518 744 736 793 praesentibus
763 743 968 776 mentionem.

382 800 600 836 Decernentes
636 796 816 832 huiusmodi
843 793 1027 833 sententias,
1055 793 1079 826 si

332 862 439 889 contra
467 854 526 888 hoc
552 852 709 888 indultum
734 850 871 898 prolatae
895 848 1022 892 fuerint,
1037 847 1081 881 ir-

333 910 406 944 ritas
428 917 457 944 et
479 908 598 943 inanes.

381 962 465 998 Nulli
505 974 580 1008 ergo
616 960 745 995 omnino
785 958 948 992 hominum
992 955 1081 989 liceat

332 1017 413 1052 hanc
453 1016 597 1064 paginam
639 1021 762 1048 nostrae
803 1011 1017 1047 concessionis
1053 1018 1083 1044 ct

332 1071 566 1106 constitutionis
587 1068 769 1114 infringere,
801 1066 853 1101 vel*
875 1065 904 1100 ei
929 1077 1009 1099 ausu
1037 1072 1083 1098 te-

333 1126 467 1159 merario
500 1123 668 1159 contraire.
704 1121 737 1155 Si
774 1121 845 1168 quis
879 1127 983 1154 autem
1023 1118 1083 1152 hoc

333 1187 483 1214 attentare
528 1176 789 1224 praesumpserit,
834 1173 1081 1219 indignationem

333 1233 562 1280 omnipotentis
587 1231 659 1269 Dei,
694 1242 730 1264 ac
758 1229 917 1263 beatorum
942 1227 1025 1262 Petri
1053 1234 1083 1261 et

333 1287 422 1322 Pauli
443 1285 659 1334 apostolorum
682 1285 751 1318 eins
772 1295 806 1318 se
834 1282 955 1317 noverit
978 1282 1084 1315 incur-

334 1353 457 1376 surum.

381 1396 498 1430 Datum
522 1394 650 1440 Neapoli
673 1394 808 1439 septimo
828 1391 976 1426 kalendas
999 1391 1083 1431 maii,

336 1449 538 1498 pontificatus
560 1447 657 1482 nostri
681 1458 764 1481 anno
787 1446 898 1492 primo.

382 1511 443 1541 Dat.
462 1511 509 1541 die
525 1510 563 1539 25
578 1509 680 1548 aprilis
701 1508 783 1542 1255,
807 1507 907 1546 pontif.
924 1516 998 1535 anno
1020 1515 1035 1534 1.

669 1667 751 1702 XIII.

341 1746 542 1791 Confirmatio
564 1745 743 1779 concordiae
767 1744 846 1776 inter
870 1742 981 1785 fratres
1007 1741 1084 1774 Car-

389 1801 548 1834 thasianos
569 1800 663 1833 initae
686 1809 743 1843 pro
769 1798 846 1830 bono
874 1796 1019 1840 reyimine
1041 1802 1090 1828 to-

390 1855 448 1887 tius
469 1854 588 1888 ordinis
610 1854 672 1895 (d).

611 1930 825 1961 SUMMARIUM

341 1989 458 2020 Fratres
489 1989 713 2019 Caribusienses
745 1992 889 2027 quaerunt
911 1988 946 2018 de
973 1988 1091 2017 ordina-

385 2034 463 2064 tione
494 2033 616 2072 capituli
637 2032 793 2071 generalis.
813 2048 853 2054 —
870 2031 1012 2062 Statuitur
1039 2033 1092 2062 iis-

383 2079 449 2108 dem
468 2077 613 2117 quaedam
634 2077 776 2106 servanda
796 2076 960 2106 methodus.
978 2076 1092 2112 —Qua

386 2132 483 2157 tamen
502 2136 533 2156 se
556 2126 669 2165 gravari
685 2129 859 2165 queruntur.
875 2141 915 2147 --
931 2125 993 2154 Atia
1011 2134 1093 2164 prae-

386 2171 525 2202 scribitur
561 2170 728 2200 methodus.
762 2186 801 2192 ——
836 2169 977 2208 Superius
1016 2169 1092 2199 dicta

387 2221 569 2246 enarrantur.
591 2232 631 2237 —
650 2213 827 2244 Claustrales
846 2223 903 2243 non
922 2214 1093 2243 admittendi

387 2271 454 2292 cum
486 2260 633 2300 prioribus
657 2260 692 2289 ad
721 2259 930 2288 definiendum.
951 2275 990 2280 -
1016 2258 1093 2288 Idem

388 2307 590 2337 confirmatum
607 2304 643 2334 ab
655 2303 882 2334 Innocentio.-
896 2302 1011 2333 Fratres
1026 2302 1095 2333 Car-

390 2351 505 2381 thusiae
535 2351 589 2379 hoc
612 2350 730 2379 decreto
758 2348 865 2386 gravati
888 2347 993 2377 Sedem
1019 2349 1096 2387 Apo-

390 2395 524 2425 stolicam
542 2393 740 2432 interpellant.
761 2409 801 2414 —
818 2391 961 2422 Iudicium
981 2392 1016 2422 de
1043 2393 1096 2421 hac

390 2448 421 2469 re
453 2438 595 2469 cardinali
616 2438 817 2468 commissum.
838 2454 878 2460 -
898 2436 1095 2477 Compositio-

391 2493 457 2514 nem
479 2485 583 2514 ineunt
599 2482 794 2513 Carthusiani.
813 2499 851 2504 —
871 2482 1040 2512 Concordia.
1060 2500 1097 2504 -

392 2527 587 2558 Confirmatur
605 2537 620 2558 a
647 2526 788 2556 cardinali
812 2527 953 2565 delegato.
981 2544 1018 2548 —
1040 2527 1099 2557 Ob-

393 2573 532 2602 stantium
551 2572 711 2610 derogatio.
738 2587 776 2593 —
803 2570 991 2601 instrumenti
1016 2571 1097 2609 lega-

394 2615 507 2646 iizatio.'
518 2633 557 2638 -
573 2616 729 2646 Clausulae
751 2616 925 2654 pontificiae.

392 2677 432 2708 (i)
448 2677 485 2703 Ex
504 2678 604 2712 Regest.
624 2678 706 2705 Vatic.

925 288 1023 311 BULLA
1030 287 1111 309 RtUM
1138 285 1297 308 ROMANUM

1879 284 1929 310 An.
1946 283 1975 310 C.
1993 283 2060 310 1255

1118 353 1266 382 Alexander
1283 352 1526 388 episcopusservus
1537 357 1675 380 servorum
1685 351 1742 385 Dei,
1758 350 1866 380 directis

1162 397 1228 426 filiis
1246 397 1418 430 carthusiae,
1439 403 1470 425 ac
1488 396 1660 425 Carthasien.
1685 395 1787 425 ordinis
1805 394 1867 424 unl-

1163 443 1252 472 vorsis
1286 442 1423 478 prioribus
1453 442 1482 470 et
1505 441 1658 474 fratribus.
1689 440 1808 469 satutem
1839 441 1867 469 ot

1163 487 1343 524 apostolicam
1361 487 1583 515 benedictionem.

1168 549 1243 584 Orta
1275 548 1395 584 dudum
1436 549 1515 583 inter
1547 561 1612 590 vos,
1636 549 1676 584 iili
1717 549 1811 596 prior,
1838 558 1864 584 et
1895 561 1977 583 rfatres
2011 561 2063 584 ear-

1121 599 1230 634 fratres
1260 598 1445 634 Cartliusiae
1459 611 1494 632 ex
1519 607 1604 646 parte
1637 611 1714 638 una,
1737 607 1767 633 et
1801 611 1866 642 vos,
1881 594 2064 646 ξξζῗῦζζῗᾞξ,

1121 649 1174 683 (ilii
1193 649 1314 696 priores
1327 648 1529 682 Cartliusicn.
1552 648 1684 691 ordinis,
1706 660 1743 682 ex
1760 649 1866 691 altera,
1881 655 2063 691 natione—caritufi

1121 711 1218 746 super
1250 697 1451 744 processibus
1486 705 1516 732 et
1549 697 1745 732 ordinatione
1774 698 1866 733 vestri
1881 686 1992 713 *³⁰¹¹⁹'“¹¹³'

1121 748 1274 793 generalis
1296 748 1421 794 capituli
1445 748 1572 781 materia
1595 747 1800 793 quaestionis,
1823 747 1868 781 se—

1122 798 1188 832 licis
1204 797 1429 831 recordationis
1446 796 1650 831 Innocentius
1671 795 1756 843 Papa
1779 809 1867 844 prae-

1121 846 1269 881 decessor
1291 854 1396 880 noster
1417 845 1531 880 dilecto
1550 845 1614 879 lilio
1637 854 1743 880 nostro
1761 845 1868 880 Ioanni

1122 896 1202 930 tituli
1229 895 1335 930 Sancti
1365 895 1522 930 Laurentii
1547 895 1578 929 in
1600 895 1722 930 Lucina
1744 895 1871 942 presby-

1123 954 1189 980 tero
1216 944 1364 979 cardinali
1400 945 1569 985 commisit,
1605 953 1639 978 ut
1666 944 1735 979 sine
1763 944 1867 979 iudicii

1122 994 1253 1041 strepitu
1281 995 1451 1040 corrigeret
1485 1006 1581 1041 super
1614 993 1674 1028 hoc
1707 1005 1755 1038 ea,
1789 1006 1869 1040 quae

1123 1043 1161 1079 ad
1201 1043 1364 1078 utilitatem
1407 1043 1506 1090 ipsius
1543 1042 1673 1083 ordinis,
1708 1051 1738 1078 et
1776 1055 1870 1090 super

1123 1102 1205 1128 statu
1240 1093 1340 1139 ipsius
1378 1092 1507 1139 capituli
1543 1083 1726 1139 corrigenda
1764 1100 1870 1136 erant,

1125 1142 1170 1177 vel
1209 1142 1301 1177 etiam
1343 1141 1556 1183 reformanda,
1602 1142 1655 1189 qui
1694 1154 1791 1189 super
1833 1142 1870 1176 iis

1123 1192 1291 1240 quamdam
1315 1191 1542 1226 ordinationem
1564 1191 1648 1234 fecit,
1670 1204 1764 1237 quam
1786 1190 1869 1226 idem

1126 1241 1348 1288 praedecessor
1379 1241 1561 1276 auctoritate
1597 1240 1767 1287 apostolica
1799 1252 1871 1275 con*

1126 1291 1268 1325 tii-mavit.
1296 1290 1335 1325 Et
1362 1290 1434 1324 licet
1457 1290 1637 1326 huiusmodi
1661 1290 1818 1325 ordinatio
1839 1290 1868 1324 in
1897 1299 1999 1320 statuitur
2029 1300 2069 1319 iis-

1124 1340 1234 1375 eodem
1264 1340 1402 1387 capitulo
1431 1348 1505 1374 tunc
1541 1341 1684 1387 proximo
1715 1339 1871 1375 celebrato
1885 1330 2069 1383 flfflflnffiffl‘ss'en}

1126 1390 1220 1424 fuerit
1241 1389 1421 1431 observata3
1444 1402 1498 1424 vos
1519 1397 1635 1428 tamen,
1657 1389 1767 1424 fraires
1793 1388 1872 1424 Car·
1886 1393 1968 1413 “ww-

1126 1440 1259 1483 thusiae,
1281 1446 1456 1474 asserentes
1470 1451 1525 1474 vos
1545 1451 1582 1473 cx
1605 1439 1761 1486 praedicta
1792 1438 1872 1474 ordi-

1127 1490 1253 1523 natione
1280 1496 1435 1534 gravatOS,
1461 1488 1500 1523 ad
1523 1496 1661 1523 nostram
1692 1500 1787 1534 super
1811 1487 1871 1522 hoc

1128 1537 1354 1584 providentiam
1378 1538 1564 1572 recurristis.
1587 1537 1669 1572 Cum
1692 1538 1795 1584 itaque
1816 1537 1873 1572 hu·
1898 1548 2026 1574 Qummeu
2046 1551 2070 1567 se

1127 1587 1260 1621 iusmodi
1290 1586 1449 1633 negotium
1479 1587 1581 1621 eidem
1608 1586 1756 1621 cardinali
1783 1598 1873 1622 com-
1887 1579 1970 1631 ξζζζζξὶ
2007 1581 2072 1604 ‘¹⁰³²'

1128 1636 1307 1671 miserimus
1334 1635 1451 1670 iudicio
1486 1636 1533 1670 vel
1565 1636 1732 1671 concordia
1766 1637 1875 1671 termi-

1129 1685 1279 1725 nandum,
1303 1685 1384 1719 idem
1407 1685 1574 1720 cardinalis
1590 1687 1749 1732 negotium
1772 1686 1873 1732 ipsun*-

1129 1747 1184 1782 per
1211 1734 1379 1781 quamdam
1401 1735 1629 1770 ordinationem
1653 1735 1692 1770 de
1719 1747 1874 1770 consenso

1131 1784 1265 1831 partium
1291 1784 1478 1823 terminavit,
1503 1792 1596 1831 prout
1617 1785 1647 1819 in
1671 1785 1876 1819 instrumento

1132 1834 1257 1880 publico
1282 1833 1444 1874 confecto,
1477 1834 1590 1868 exinde
1617 1834 1751 1881 sigillato
1779 1834 1877 1882 ipsius

1130 1883 1298 1917 cardinalis
1325 1883 1429 1929 sigillo
1452 1883 1576 1930 plenius
1598 1884 1786 1919 continetur.
1814 1882 1878 1917 Nos

1132 1932 1236 1979 itaque
1258 1932 1340 1978 quod
1364 1944 1459 1979 super
1487 1932 1545 1967 hoc
1573 1933 1611 1967 ab
1637 1933 1748 1968 eodem
1775 1932 1878 1968 cardi·
1892 1941 2074 1992 b1i¹u¹²uilt²if5322‘

1907 1979 1911 1992 Ι
1938 1979 1947 1992 Γ
2068 1986 2071 1990 .

1133 1983 1200 2016 nale
1219 1981 1332 2016 factum
1360 1989 1407 2016 est
1434 1989 1534 2017 ratum
1557 1990 1587 2016 et
1609 1990 1731 2028 gratum
1759 1981 1878 2016 haben-

1133 2040 1190 2072 tes,
1214 2031 1242 2065 id
1266 2031 1448 2065 auctoritate
1465 2032 1635 2078 apostolica
1656 2032 1880 2067 contii-mamus

1133 2090 1161 2115 et
1191 2081 1363 2127 praesentis
1389 2081 1495 2128 scripti
1531 2081 1703 2128 patrocinio
1734 2093 1878 2116 commu-

1134 2130 1249 2164 nimus.
1283 2129 1439 2165 Tenorem
1475 2130 1574 2178 ipsius
1612 2131 1810 2166 instrumenti
1840 2129 1880 2164 de

1134 2179 1229 2214 verbo
1255 2178 1293 2213 ad
1320 2179 1450 2214 verbum
1478 2180 1692 2227 praesentibus
1719 2179 1811 2214 inseri
1834 2178 1880 2213 fa-

1135 2228 1264 2269 cientes,
1288 2228 1341 2275 qui
1369 2229 1439 2263 talis
1464 2238 1527 2264 est:

1259 2296 1292 2330 In
1316 2297 1443 2331 nomine
1469 2296 1607 2331 Domini.
1636 2296 1750 2331 Amen.

1185 2367 1328 2408 Quanto,
1351 2367 1454 2403 dilecti
1479 2367 1532 2401 filii
1556 2367 1664 2402 fratres
1680 2367 1879 2402 Cartliusien.

1137 2417 1267 2457 ordinis,
1297 2429 1351 2463 per
1380 2417 1559 2451 meritorum
1590 2417 1735 2463 suffragia
1757 2424 1882 2451 sanctae

1138 2467 1383 2501 conversationis
1400 2466 1554 2512 exempla,
1572 2474 1601 2500 et
1620 2479 1675 2512 per
1691 2467 1881 2500 incrementa

1138 2517 1307 2562 sapientiae
1329 2516 1473 2551 salutaris
1496 2516 1525 2550 in
1552 2515 1798 2550 aedificationem
1823 2516 1882 2550 Ec-

1139 2565 1252 2600 clesiae
1278 2565 1395 2600 Christi
1418 2566 1572 2600 ferventer
1597 2574 1774 2611 assurgunt,
1798 2573 1882 2600 tanto

1139 2623 1287 2649 attentius
1316 2623 1463 2649 convenit
1494 2627 1601 2649 eorum
1629 2615 1766 2662 prospici
1793 2627 1882 2650 com-

1120 2664 1241 2706 ,modis
1274 2673 1302 2698 et
1336 2663 1489 2711 provideri
1521 2664 1627 2710 quieti,
1662 2672 1692 2697 ut
1724 2672 1881 2711 tamquam
