2129 3223
158 276 202 302 λη.
225 276 253 303 Γ..
273 277 337 304 ties

154 929 332 951 'iinocenttnsan-

148 965 183 979 ira
217 965 333 982 canonieus
371 974 375 979 -

149 992 158 1010 t:
169 996 209 1011 ltu!
222 990 331 1012 basilicae.

161 1518 276 1541 Concessio
299 1523 332 1542 ei-

148 1551 194 1570 dem
210 1549 264 1571 lacta
275 1558 278 1570 ;

406 270 472 302 tet

353 336 523 390 pliilacium
547 338 729 382 acceptavit
755 346 878 372 nostiae
904 350 1030 385 quoque
1054 350 1103 373 ie-

351 384 461 430 spii-iat
477 384 662 421 humilitatis
684 385 844 427 affectum,
861 399 922 422 non
936 395 1102 434 quantum,

350 433 403 466 sed
447 445 484 467 ex
528 442 646 489 quanto
689 435 884 482 proiciamus
917 436 1100 473 attendens:

349 482 401 527 qui
429 494 500 517 cum
522 484 563 518 sit
599 483 758 519 Dominus
789 487 944 529 omnium,
988 493 1017 520 et
1045 486 1101 520 bo-

349 543 461 566 norum
486 541 664 567 nostroium
694 546 754 568 non
783 543 884 579 egeat,
908 535 982 582 quid
1005 534 1100 581 digne

349 581 507 626 possimus
544 582 692 617 tribuenti
727 584 899 618 retribuere
941 594 1001 619 non
1038 585 1098 618 ha—

349 629 469 664 bemus:
494 632 627 677 quiade
655 644 713 667 suo
752 632 927 677 reddimus,
964 645 1024 667 non
1061 633 1100 667 (le

349 686 455 713 nostro
482 679 644 725 largimui.
676 681 718 716 Ea
753 690 891 728 propter
929 682 1033 716 dilecti
1068 683 1098 716 in

350 727 486 762 Domino
516 728 582 770 filii,
617 730 704 765 vobis
737 738 884 785 tanquam
912 731 1100 785 specialibus

349 777 500 824 principis
514 779 728 833 apostolorum
750 780 913 819 ministris
929 781 968 814 ob
999 793 1098 826 ipsius

346 827 477 871 apostoli
513 828 718 862 reveletitiam
766 829 928 883 cupientes
981 829 1100 864 utilitei

347 875 523 921 providere,
545 877 742 912 attendentes
763 878 854 912 etiam
898 878 982 925 quod
1019 878 1099 913 inter

347 932 485 960 caeteras
507 926 657 960 ecclesias
684 938 739 973 per
773 926 948 961 universam
988 927 1096 962 urbem

347 973 487 1018 diffusas,
516 974 676 1010 basilicam
702 975 855 1022 principis
868 976 1096 1022 apostolorum.

347 1030 455 1070 utpote
475 1023 584 1059 sedem
609 1031 745 1058 nostram
770 1025 939 1070 specialius
966 1025 1097 1071 diligere

346 1084 381 1107 ac
408 1072 562 1107 honorare
589 1080 746 1113 tenemur,
768 1074 846 1107 sicut
869 1074 921 1120 qui
954 1073 1028 1108 olim
1066 1075 1095 1108 in

346 1121 413 1168 ipsa
448 1121 611 1156 vobiscum
652 1122 767 1169 pariter
809 1122 951 1157 canonici
1000 1123 1097 1157 bene—

346 1171 452 1205 ficium
475 1171 621 1210 assecuti,
645 1183 731 1206 nnnc
753 1171 791 1206 de
817 1170 882 1205 filio
909 1170 939 1205 in
978 1180 1094 1218 patrem

345 1220 415 1254 eius
436 1219 539 1255 diviua
574 1232 684 1255 sumus
715 1221 915 1255 miseratione
947 1222 1094 1268 promoti.

345 1268 483 1303 Alteram
506 1279 648 1316 quartam
672 1269 919 1304 ministeriorum
955 1269 992 1304 ad
1037 1270 1097 1305 ho-

347 1329 453 1352 norem
477 1318 535 1353 Dei
557 1327 588 1353 et
608 1318 821 1365 apostolorum
859 1318 1022 1366 principis,
1043 1332 1096 1354 ·ac

347 1374 379 1400 ut
406 1366 572 1402 sollicitius
602 1375 633 1402 et
654 1368 797 1402 devotius
836 1367 950 1402 divinis
983 1367 1095 1402 officiis

346 1416 526 1457 intendatis;
554 1417 593 1451 de
614 1418 775 1452 communi
799 1416 928 1450 fratrum
963 1425 1092 1452 nostro-

345 1476 414 1499 rum
469 1465 626 1509 consilio,
665 1465 755 1500 vobis
795 1472 823 1500 et
857 1466 1095 1501 successoribus

347 1513 455 1548 vestris
488 1522 635 1561 perpetua
674 1514 843 1550 donatione
878 1514 1094 1555 concedimus,

345 1571 375 1597 et
402 1564 600 1610 Apostolicae
622 1563 716 1598 Sedis
749 1562 910 1610 privilegio
951 1576 1094 1599 commu-

345 1612 462 1653 nimus,
490 1613 567 1647 itaut
600 1613 749 1659 deinceps
790 1613 987 1647 medietatem
1023 1626 1094 1647 om-

345 1661 432 1696 nium
472 1661 717 1696 ministeriorum
772 1662 838 1696 sine
883 1661 1093 1696 diminutione

345 1709 484 1756 qualibet
530 1710 679 1746 habeatis.
730 1710 777 1744 Ad
828 1711 903 1744 haec
945 1711 1093 1746 ecclesias

345 1760 450 1794 Sancti
472 1759 589 1800 Iacchi,
625 1767 656 1794 et
684 1759 790 1795 Sancti
825 1759 981 1794 Leonardi
1021 1760 1094 1795 sitas

345 1809 375 1842 in
417 1808 616 1856 Septiciam,
660 1816 812 1856 quantum
848 1808 886 1843 ad
921 1809 1093 1856 spiritualia

345 1857 438 1902 pleno
460 1858 548 1892 vobis
576 1858 643 1892 iure
665 1857 862 1901 subiicimus,
898 1869 993 1903 super
1016 1858 1095 1893 iure-

346 1915 526 1951 patronatus
541 1907 657 1942 nemini
686 1906 911 1953 praeiudicium
933 1906 1091 1942 facientes.

344 1955 394 1989 Ab
433 1955 586 1990 Ecclesiis
620 1963 724 1990 autem
764 1956 870 1990 Sancti
909 1955 1091 1997 Michaelis,

343 2004 478 2039 Sanctae
519 2005 635 2040 Mariae
675 2005 706 2039 in
741 2003 847 2049 Saxia,
885 2013 913 2038 et
956 2005 1091 2040 Sanctae

344 2053 460 2089 Mariae
488 2055 518 2088 in
542 2053 773 2101 Transpadina.
807 2053 1023 2098 concedimus,
1064 2062 1093 2089 et

343 2107 512 2138 statuimus
539 2104 569 2137 i'n
603 2103 768 2142 scrutinio,
813 2102 991 2150 Baptismo,
1021 2116 1092 2149 pro-

343 2152 552 2191 cessionibus,
586 2161 616 2187 et
662 2152 851 2187 Clu-ismatis
883 2151 1091 2196 confectione,

344 2201 432 2236 vobis
451 2202 681 2237 'subiectionem
710 2209 739 2236 et
774 2201 979 2236 reverentiam
1021 2214 1092 2247 per-

345 2252 448 2296 petuis
470 2252 675 2298 imposterum
709 2250 904 2297 temporibus
938 2250 1089 2284 exhiberi.

344 2299 446 2334 Nullis
472 2300 673 2335 obstantibus
707 2300 886 2346 privilegiis,
923 2311 992 2333 cum
1033 2300 1092 2334 lioc

345 2348 533 2384 beneficium
574 2350 659 2383 vobis
710 2349 748 2382 dc
784 2356 866 2383 certa
901 2349 1090 2383 couscientia

344 2399 563 2433 conferamus:
594 2407 788 2433 reservantes
827 2397 915 2432 uobis
948 2405 976 2432 et
1015 2410 1091 2432 suc-

344 2447 524 2481 cessoribus
559 2448 675 2482 nostris
710 2448 739 2481 in
790 2447 887 2481 tribus
925 2446 1091 2493 praedictis

345 2495 498 2531 Ecclesiis
541 2497 794 2535 institutionem,
841 2495 1089 2535 destitutionem,

343 2552 373 2577 et
395 2546 620 2580 correctionem
644 2546 785 2580 omnium
819 2545 1017 2579 clericorum.
1050 2544 1088 2579 *ln

345 2595 475 2628 caeteris
497 2602 600 2628 autem
625 2594 789 2636 Ecclesiis,
825 2606 905 2640 quae
945 2601 1017 2628 suut
1059 2594 1088 2627 in

343 2643 466 2676 civitate
489 2642 659 2687 Leoniuna3
687 2651 716 2677 et
745 2656 800 2689 pei·
832 2650 957 2677 stratam
991 2655 1090 2690 usque

948 282 1027 305 ΒΓΗ
1031 281 1135 305 ANUM
1163 281 1323 304 ROMANUM

1143 337 1179 371 ad
1204 345 1342 373 montem
1366 337 1495 378 Malum,
1523 338 1583 378 ius,
1617 336 1703 385 quod
1738 336 1893 372 hactenus

1143 386 1312 425 habuistis,
1341 386 1440 427 vobis,
1468 397 1499 421 et
1524 385 1761 422 successoribus
1784 386 1893 421 vestris

1142 436 1324 471 auctoritate
1351 435 1554 483 apostolica
1548 448 1578 470 in
1600 444 1790 483 perpetuum
1816 447 1892 470 con-

1143 485 1316 520 firmamus.
1354 483 1564 521 Deceiuimus
1602 497 1694 531 ergo,
1733 492 1767 520 ut
1812 485 1890 519 nulli

1141 536 1273 569 omnino
1295 535 1459 570 hominum
1481 534 1572 569 liceat
1594 534 1762 581 praefatam
1780 530 1892 569 Eccle-

1141 583 1218 617 siam
1242 583 1327 618 Beiti
1351 584 1435 619 Petri
1465 591 1583 618 temere
1618 583 1800 630 perturbare
1837 591 1890 618 etc.

1140 632 1173 667 Si
1196 645 1256 679 qua
1281 634 1374 679 igitui
1394 640 1448 667 etc

1189 681 1303 716 Datum
1329 681 1471 717 Laterani
1496 693 1550 735 puer
1581 691 1709 716 manum
1744 680 1890 716 Rainaldi

1140 731 1259 765 domini
1283 731 1337 777 Ρ3
1342 744 1386 766 iae
1408 731 1518 765 notaiii
1542 729 1641 764 vicem
1658 730 1786 784 ‘agentis
1821 742 1893 765 can-

1140 780 1275 819 cellarii,
1317 780 1408 815 tertio
1447 780 1517 814 idus
1565 778 1690 824 martii,
1718 778 1891 814 indictione

1141 829 1251 875 prima,
1303 828 1526 864 incarnationis
1573 827 1753 863 dominicae
1807 840 1891 863 anno

1138 890 1299 918 mcxcvni,
1325 878 1526 933 pontificatus
1548 889 1621 913 vero
1647 877 1770 913 domini
1794 877 1891 912 lnno-

1139 928 1232 962 centii
1256 927 1361 974 Papae
1384 928 1466 962 tertii
1482 938 1567 963 anno
1590 927 1709 975 primo.

1191 981 1251 1014 Dat
1273 985 1319 1014 die
1340 985 1380 1015 13
1403 985 1524 1034 martii·
1523 994 1599 1015 anno
1615 978 1734 1015 Domini
1752 980 1843 1021 1198,

1393 1029 1494 1068 pontis.
1498 1017 1631 1060 ..311301

1444 1103 1557 1110 .—

1492 1195 1532 1229 X.

1139 1271 1252 1305 Ratum
1267 1272 1354 1305 habet
1381 1276 1526 1304 statutum
1555 1273 1648 1316 laquei
1673 1273 1834 1317 apostolici
1856 1273 1889 1304 in

1186 1321 1391 1359 Lombardia,
1423 1321 1507 1366 quod
1535 1321 1678 1355 haeretici
1709 1321 1754 1355 ad
1783 1321 1889 1366 di'qnt'-

1185 1376 1259 1403 tates
1281 1380 1331 1402 nec
1352 1371 1436 1414 eligi,
1457 1382 1509 1403 nec
1528 1370 1634 1414 eh'y'ere
1652 1371 1769 1414 possint
1794 1372 1850 1413 (1).

1359 1457 1361 1459 ·
1406 1448 1620 1479 SUMMARIUM

1135 1513 1324 1545 Prooemium.
1357 1530 1395 1536 —
1423 1514 1576 1543 Decretum
1608 1513 1696 1552 legati
1728 1518 1820 1553 apost.
1849 1529 1887 1536 —-

1174 1557 1314 1588 Eiusdem
1338 1558 1532 1587 confirmatio.

1134 1629 1303 1658 Innocentius
1322 1630 1461 1665 episcopus
1485 1636 1581 1658 servus
1604 1635 1744 1658 servorum
1762 1629 1817 1662 Det.
1841 1636 1885 1658 ar-

1179 1678 1330 1707 chidiacono
1349 1678 1550 1707 Mediolanensi.

1185 1745 1251 1783 His.
1279 1757 1358 1792 quae
1374 1745 1410 1780 ad
1434 1745 1645 1791 ampliandam
1666 1745 1758 1780 tidem
1776 1746 1884 1782 cathos

1136 1794 1237 1834 licam,
1265 1802 1295 1829 et
1317 1795 1549 1841 reprimendam
1584 1794 1767 1841 pravitatem
1803 1795 1885 1830 hae-

1135 1844 1262 1878 reticam
1285 1851 1477 1887 statuuntur⁷
1498 1844 1715 1879 auctoritatem
1744 1852 1883 1880 nostram

1135 1883 1267 1928 libenter
1309 1892 1522 1947 impendimus
1548 1901 1578 1927 et
1613 1893 1760 1928 savorem.
1783 1892 1883 1936 Sane,

1134 1942 1215 1976 sicut
1261 1942 1455 1987 accepimus,
1489 1942 1624 1976 dilectus
1657 1942 1739 1977 lilius
1779 1951 1884 1978 noster

1133 1991 1171 2025 G.
1195 1991 1328 2026 Sanctae
1347 1990 1468 2025 ‘Mariae
1504 1991 1534 2025 in
1569 1991 1694 2026 Porticu
1731 1992 1884 2027 diaconus

1133 2040 1312 2081 cardinatis,
1331 2039 1408 2074 dum
1432 2040 1597 2085 legationis
1614 2040 1801 2087 fungeretur
1832 2042 1883 2076 01-

1134 2090 1202 2123 ficio
1223 2090 1251 2123 iii
1278 2089 1420 2135 partibus
1443 2089 1663 2130 Lombardiae‚
1684 2090 1724 2125 de
1743 2091 1882 2125 consilio

1134 2139 1357 2173 venerabilium
1386 2138 1519 2172 fratrum
1557 2147 1734 2174 nostrorum
1755 2139 1882 2174 Medio-

1134 2187 1235 2221 lanen.
1279 2187 1520 2234 archiepiscopi,
1561 2197 1591 2222 et
1641 2189 1879 2236 episcoporum,

1132 2237 1184 2282 qui
1218 2237 1255 2270 ad
1289 2249 1362 2271 eum
1406 2237 1549 2275 Veronae
1582 2245 1817 2281 convenerant,
1849 2246 1880 2272 et

1131 2286 1338 2331 quorumdam
1355 2287 1448 2320 etiam
1471 2287 1662 2332 sapientum,
1684 2288 1828 2331 instituit,
1847 2296 1880 2322 ut
1891 2286 2020 2344 ἓῡηῦῐῗξπ
2040 2288 2074 2309 ¹⁸·

1131 2335 1169 2368 de
1191 2343 1312 2369 caetero
1344 2335 1490 2370 haeretici
1512 2335 1550 2370 ad
1573 2335 1704 2370 consilia
1723 2343 1754 2370 et
1775 2314 1879 2383 dig’ni-

1132 2390 1210 2417 tates
1230 2384 1439 2419 Lombardiae
1467 2385 1643 2419 nullatenus
1663 2385 1877 2420 admittantur.

1132 2444 1188 2466 nec
1215 2433 1350 2478 eligendi
1373 2433 1452 2468 alios
1485 2434 1532 2468 eis
1567 2433 1729 2467 arbitrium
1769 2435 1879 2469 00313-

1132 2489 1225 2515 ratur:
1254 2494 1311 2516 nec
1340 2484 1369 2516 iu
1393 2482 1546 2529 eligendis
1578 2483 1720 2529 personis
1745 2483 1785 2518 ad
1824 2496 1877 2520 eas

1131 2542 1237 2565 vocem
1256 2530 1391 2566 debeant
1410 2532 1546 2578 aliquam
1581 2531 1734 2566 obtinere.
1765 2533 1811 2566 Ad
1846 2534 1876 2567 id

1130 2586 1232 2614 autem
1256 2580 1443 2615 servandum
1460 2581 1676 2626 imposterum,
1697 2589 1875 2628 potestates,

1165 2655 1203 2685 (l)
1221 2654 1257 2680 Ex
1277 2655 1375 2686 Baitia„
1394 2655 1474 2690 Epist.
1493 2654 1553 2679 ⁸297.

1909 279 1957 307 An.
1976 281 2005 308 C.
2021 279 2087 308 tm

1939 488 2056 511 Clau-uno.

1926 1750 2049 1772 Prommium

2118 2171 2129 2639 ‹--2-.,.<-.=mffl.——a
2128 2051 2129 2061 ⁴
2128 2021 2129 2031 ⁴

2112 2862 2129 2971 „'²“*ss⁴'·**
2114 2807 2120 2833 1„-
2115 2779 2118 2794 »
2116 2666 2123 2770 ...Αμῖύ
