2129 3223
66 231 116 261 Αη.
135 232 161 259 C.
179 232 244 260 11ἠὸ

259 286 343 324 tibus
364 287 572 323 nibilominus
591 298 685 333 quam
713 284 820 321 multis
840 285 909 320 aliis
935 298 998 332 gra-

259 337 392 374 vissimis
413 336 525 384 culpis,
547 348 624 383 quas
645 335 682 369 ad
707 347 854 382 praesens
874 335 998 370 silentio

258 387 475 435 relinquimus,
497 394 542 421 est
565 384 716 420 iudicium
742 384 921 425 iaculatum;
943 385 997 420 sed

256 443 341 472 certe
363 435 522 476 nondum,
557 434 629 470 licet
652 435 754 469 forsan
776 435 954 474 tremuerit,
981 447 997 468 a

255 485 344 521 solita
383 484 571 531 malignitate
610 483 746 530 quievit,
774 483 849 530 quin
883 483 997 531 potiuS,

255 543 411 582 tamquam
436 534 465 568 in
490 533 679 580 profundum
705 532 855 567 malorum
878 533 999 567 demer-

253 596 318 628 sus,
336 584 507 631 desperans
526 582 657 618 ulterius
678 590 707 618 et
731 591 947 625 contemnens,
969 583 996 616 in

253 642 425 668 extremum
450 632 664 680 praecipitium
695 631 920 666 committendo
950 632 998 666 in—

254 691 410 718 cessanter
437 682 587 716 deteriora
622 681 775 728 prioribus
808 688 890 715 totus
912 680 995 715 abiit.

73 732 239 787 ¹2⁸⁰0⁰¹¹²¹tfld⁰
256 732 369 767 Verum
397 733 468 778 quia
497 730 702 778 principalssus
727 730 765 764 ad
794 742 850 765 nos
881 739 995 777 spectat

59 770 131 820 xmae-m
174 770 239 792 ‘em
253 781 292 816 de
314 780 439 829 praefati
465 781 657 827 reparatione
685 779 770 826 regni
793 779 923 814 sollicite
943 793 997 814 co-

252 832 363 876 gitare,
385 842 456 865 cum
473 837 588 878 quanto
610 829 780 876 specialius
801 830 838 864 ad
862 829 997 875 Aposto-

253 881 342 916 licam
371 879 485 915 Sedem
514 879 659 926 pertinet,
686 892 722 914 ac
744 878 802 913 sibi
825 879 928 913 existit
952 880 996 913 vi-

251 930 374 971 cinius,
409 937 494 964 tanto
528 930 625 976 ipsius
658 928 809 975 profectui
844 936 874 962 et
906 928 994 963 saluti

251 979 450 1015 affectuosius
477 979 638 1013 intendere
660 986 834 1018 teneamur,
866 986 995 1024 pensato

250 1036 377 1067 attente,
400 1029 483 1076 quod
513 1028 569 1062 nisi
593 1027 745 1069 Ecclesia,
772 1040 843 1062 cum
869 1029 906 1062 sit
930 1040 996 1062 ma-

250 1086 309 1121 ter,
348 1077 438 1126 plena
461 1089 517 1112 sua
539 1077 678 1111 libertate
710 1085 741 1112 et
761 1077 943 1113 auctoritate
965 1078 993 1111 in

251 1139 346 1175 regno
374 1128 441 1174 ipso
479 1126 631 1173 gaudeat,
673 1126 709 1161 ad
747 1134 882 1172 optatam
917 1126 993 1161 illud

250 1177 397 1213 laetitiam
421 1188 582 1222 resurgere
610 1176 657 1210 vix
683 1175 804 1217 valebit,
831 1183 861 1210 et
883 1176 907 1210 si
928 1188 995 1223 per-

249 1226 329 1262 fecte
353 1227 418 1274 ipsa
438 1232 663 1260 restauraretur
686 1225 812 1269 ibidem,
836 1225 920 1260 illius
942 1237 994 1260 re-

250 1275 395 1312 formatio
421 1275 544 1310 facilius
566 1283 595 1310 et
618 1275 752 1310 celerius
769 1274 993 1322 subsequetur,

251 1325 446 1372 providimus
469 1323 533 1359 sore
554 1324 637 1358 clero
659 1331 690 1359 et
721 1323 873 1359 Ecclesiis
903 1324 994 1359 eius-

249 1374 320 1409 dem
345 1374 444 1420 regni,
473 1382 504 1408 ut
524 1373 559 1407 ad
579 1373 694 1408 bonum
723 1381 752 1407 et
775 1373 905 1408 liberum
936 1382 994 1407 stn-

251 1431 314 1459 tum
341 1424 482 1459 adiutore
508 1422 645 1458 Domino
680 1423 888 1463 reducantur,
918 1423 993 1466 cito,

249 1480 279 1508 et
305 1473 471 1509 efficaciter
509 1472 777 1515 succurrendum,
812 1472 991 1518 praesertim

248 1523 318 1571 quia
342 1531 445 1558 nostra
470 1522 619 1557 interesse
634 1521 829 1568 dignoscitur
843 1521 881 1555 de
898 1534 993 1568 regno

249 1574 330 1619 ipso,
352 1584 424 1607 cum
453 1572 494 1606 sit
514 1571 650 1619 speciale
669 1570 761 1605 Sedis
787 1571 940 1613 eiusdem,
963 1579 991 1605 et

250 1634 320 1669 rege
337 1634 421 1657 nunc
443 1631 557 1665 careat,
579 1628 751 1655 memorato
762 1620 797 1655 F.
821 1621 994 1655 sententia-

67 1676 176 1727 ΑΡι-οεὲιξε
193 1676 236 1712 ἰυῑῑ
250 1672 319 1707 liter
340 1672 394 1706 illo
413 1671 543 1718 privato,
565 1671 660 1705 libere
673 1670 830 1705 ordinare.
852 1670 932 1704 Hinc
948 1679 994 1704 est

52 1707 235 1765 mirabimini&
248 1721 332 1769 quod
355 1733 413 1756 nos
435 1720 473 1755 de
496 1721 620 1755 fratrum
646 1727 823 1754 nostrorum
845 1719 992 1763 consilio,

53 1770 236 1823 ξὲζῗὶῑξζιξπωὼ
250 1770 472 1805 deliberatione
491 1769 666 1816 praehabita
688 1768 848 1814 diligenti,
873 1770 993 1803 consti-

78 1819 81 1822 ’
147 1817 152 1822 ”
252 1821 387 1855 tutiones
403 1831 524 1860 ornnes,
546 1831 601 1853 seu
623 1826 748 1855 statuta,
770 1818 992 1861 ordinationes,

251 1869 484 1916 dispositiones,
498 1868 662 1906 iussiones,
677 1874 707 1901 et
723 1867 905 1902 universalia
923 1867 991 1902 talia

253 1919 281 1953 in
304 1918 536 1964 derogationem
566 1925 597 1952 et
619 1916 843 1963 praeiudicium
869 1917 994 1952 liberta-

251 1969 300 2009 tis,
324 1967 546 2006 immunitatis,
568 1966 779 2007 auctoritatis,
805 1974 836 2001 et
861 1966 993 2001 iurisdi-

250 2017 365 2053 ctionis
390 2016 620 2052 ecclesiasticae
642 2023 694 2050 aut
720 2028 993 2063 quorumcumque

252 2067 364 2102 iurium
387 2066 670 2101 ecclesiasticorum
698 2078 712 2100 a
743 2065 900 2112 praedicto
922 2065 994 2100 Fri-

251 2115 357 2152 derico
378 2124 460 2156 ante,
483 2115 530 2150 vel
555 2122 623 2162 post
650 2114 876 2161 depositionem
894 2115 993 2161 ipsius

252 2165 349 2210 edita,
374 2177 496 2200 necnon
532 2172 562 2199 et
576 2163 729 2211 quaslibet
750 2164 994 2199 consuetudines

252 2222 358 2250 contra
386 2215 462 2250 liaec
488 2214 517 2248 in
540 2214 648 2248 eodem
673 2225 766 2260 regno
787 2213 826 2248 ab
848 2214 927 2261 ipso,
946 2213 993 2248 vel

251 2265 317 2300 suis
338 2263 631 2312 praedecessoribus
657 2262 783 2298 Siciliae
802 2263 926 2309 regibus
944 2264 995 2297 in·—

253 2313 413 2350 troductas
435 2313 536 2348 irritas
557 2313 685 2347 omnino
707 2320 736 2347 et
763 2324 876 2347 vacuas
892 2312 993 2347 decer-

252 2371 374 2406 nentes,
392 2362 524 2409 singulis
538 2362 636 2409 ipsius
658 2361 744 2407 regni
768 2361 917 2396 Ecclesiis
933 2369 993 2396 tam

253 2412 484 2453 saecularibus,
511 2423 604 2458 quam
640 2410 850 2457 regularibus,
888 2411 995 2445 catlie-

253 2461 409 2503 dralibus,
436 2470 466 2496 et
498 2461 582 2501 aliis,
619 2471 739 2494 necnon
781 2468 811 2494 et
849 2459 995 2495 domibus

255 2510 422 2557 religiosis,
444 2510 603 2553 civitates,
626 2519 736 2549 castra,
763 2508 860 2553 villas,
883 2517 995 2549 terras,

257 2560 395 2607 praedia,
418 2560 645 2608 possessiones,
665 2558 820 2598 homines,
838 2558 996 2597 vassallos,

255 2608 407 2654 affidatos,
433 2617 463 2646 et
485 2617 605 2646 caetera
631 2609 721 2646 bona,
743 2615 771 2642 et
795 2608 857 2642 iura
885 2608 997 2654 quibus

851 228 1059 252 INNoCtzN‘rttts
1091 230 1122 252 lV
1149 230 1197 252 Pr.

1666 224 1735 257 539

1040 298 1092 322 eas
1114 285 1196 321 idem
1226 285 1417 333 Fridcricns,
1447 289 1490 323 vel
1529 301 1583 336 per
1607 288 1784 337 inquisitio-

1040 348 1113 379 nes,
1147 344 1202 371 aut
1233 339 1471 379 concessiones,
1498 351 1552 374 seu
1577 340 1781 380 venditiones.

1041 385 1086 420 vel
1109 385 1302 424 concambia,
1325 387 1390 422 sive
1407 399 1595 436 quocunque
1613 389 1674 424 alio
1690 389 1782 425 modo

1039 435 1191 479 destituit,
1218 435 1356 482 plenarie
1379 437 1583 478 restituimus,
1602 438 1723 485 integre
1743 439 1783 474 ab

1040 484 1117 531 ipsis
1156 497 1228 520 cum
1253 484 1401 521 omnibus
1428 486 1625 532 pertinentiis
1653 496 1684 523 et
1706 488 1783 523 iuri»

1040 533 1099 569 bus
1124 533 1190 569 suis
1211 533 1248 569 de
1275 542 1398 569 caetero
1422 535 1631 582 possidenda,
1661 549 1781 573 conce—

1039 583 1149 618 dentes
1182 582 1299 619 eisdem
1334 592 1363 619 et
1387 585 1530 630 praelatis
1558 586 1698 632 ipsorum
1726 598 1781 622 re·-

1041 632 1165 678 parandi
1207 640 1237 669 et
1269 633 1472 668 reaedificandi
1500 634 1539 668 de
1567 647 1646 669 novo
1673 636 1781 671 civita-

1800 237 1847 263 An.
1867 237 1894 263 C,
1913 237 1982 264 {2718

1040 689 1104 725 tes,
1127 690 1234 723 terras,
1257 682 1343 716 villas
1366 691 1393 717 et
1415 691 1513 718 castra
1534 695 1603 724 sua,
1629 684 1668 720 de
1690 697 1781 720 man·

1039 731 1110 767 dato
1143 731 1284 767 eiusdem
1307 730 1458 766 Friderici
1487 732 1517 766 in
1542 741 1644 780 parte,
1666 735 1711 768 vel
1748 736 1778 770 in

1039 790 1102 817 toto
1123 781 1242 825 diruta,
1264 794 1319 817 seu
1342 781 1516 825 destructa,
1532 791 1561 818 ct
1576 782 1705 818 faciendi
1730 785 1779 820 in-

1039 831 1172 866 habitata
1215 830 1380 865 reliabitari
1417 830 1545 867 liberam
1584 840 1776 878 potestatem.

1040 880 1111 915 Post
1134 880 1209 915 baec
1233 880 1432 927 irrefragabili
1460 881 1685 919 constitutione
1707 896 1778 916 san<
1806 896 1934 920 uiiorenon
1949 903 1974 918 ο-

1037 930 1148 970 cimus,
1178 938 1210 964 ut
1232 930 1261 964 in
1284 929 1529 974 cathedralibus,
1562 928 1972 968 conveniunt}-¹⁰⁶¹¹⁰⁵⁰·¹³¹’‘·²

1038 979 1094 1014 bus
1120 987 1150 1013 et
1183 979 1353 1025 collegiatis
1387 978 1535 1014 Ecclesiis
1569 980 1640 1015 dicti
1671 983 1778 1028 regui,

1036 1029 1161 1076 quando
1189 1029 1376 1068 vacaverint,
1410 1028 1581 1065 electiones
1616 1030 1709 1065 libere
1748 1041 1777 1067 et

1036 1078 1184 1114 canonice
1206 1079 1414 1118 celebrentur,
1442 1091 1500 1113 nec
1526 1078 1660 1125 eligendi
1685 1080 1778 1115 licen-

1037 1128 1094 1171 tia,
1131 1128 1154 1162 si
1181 1139 1232 1162 rex
1269 1127 1298 1161 in
1326 1127 1436 1162 eodem
1471 1140 1565 1174 regno
1598 1128 1704 1169 fuerit,
1738 1131 1778 1165 ab

1037 1177 1104 1224 ipso
1126 1177 1321 1224 aliquatenus
1344 1176 1528 1223 postuletur,
1555 1180 1707 1213 contraria
1729 1193 1777 1215 su-

1037 1238 1090 1272 per
1125 1227 1182 1261 hoc
1210 1226 1456 1265 consuetudine,
1490 1238 1561 1261 cum
1588 1227 1724 1274 praefato
1746 1230 1774 1264 in

1035 1287 1162 1310 enorme
1201 1275 1349 1310 libertatis
1383 1276 1608 1312 ecclesiasticae
1642 1277 1775 1324 dispen-

1035 1324 1122 1359 dium
1140 1324 1340 1365 redundaret,
1362 1337 1423 1360 non
1439 1325 1592 1366 obstante,
1611 1338 1666 1361 nec
1680 1328 1774 1364 etiam

1036 1382 1106 1420 post
1127 1374 1209 1421 ipsas
1231 1374 1399 1409 electiones
1421 1376 1524 1421 regius
1543 1376 1717 1422 requiratur
1730 1389 1775 1412 as-

1034 1435 1164 1464 sensus;
1188 1435 1393 1470 provisiones,
1415 1432 1445 1458 et
1466 1436 1696 1464 concessiones,
1718 1439 1773 1461 seu

1034 1472 1218 1507 collationes
1238 1485 1359 1513 omnes,
1387 1473 1425 1507 de
1451 1473 1643 1521 praelaturis,
1670 1475 1775 1521 digni-

1035 1522 1160 1566 tatibus,
1183 1522 1419 1569 personatibus.¹
1441 1523 1600 1561 ecclesiis.
1629 1525 1775 1570 praeben·

1035 1571 1104 1611 dis,
1126 1580 1156 1606 et
1177 1572 1247 1607 aliis
1269 1572 1430 1607 beneficiis
1446 1573 1666 1609 ecclesiasticis
1687 1576 1773 1622 regni

1036 1620 1160 1668 praefati
1186 1633 1240 1668 per
1259 1622 1318 1656 iam
1341 1622 1459 1664 dictum
1488 1621 1701 1667 Frui-ancum,
1730 1625 1775 1659 vel

1034 1671 1101 1706 eins
1124 1671 1280 1713 mandato,
1302 1684 1356 1706 seu
1378 1683 1432 1718 per
1453 1684 1527 1707 suos
1549 1671 1695 1708 officiales
1718 1686 1776 1707 va-

1034 1720 1177 1754 cantibus
1203 1720 1344 1755 eiusdem
1375 1722 1459 1767 regni
1487 1721 1639 1756 Ecclesiis
1661 1730 1775 1758 temere

1037 1778 1264 1817 praesumptas,
1286 1779 1316 1804 et
1337 1770 1361 1805 si
1386 1782 1462 1817 quas
1485 1772 1513 1805 in
1531 1779 1701 1816 posterum,
1723 1781 1776 1808 aut

1037 1831 1090 1865 per
1112 1819 1240 1865 regiam,
1266 1828 1319 1854 aut
1340 1832 1571 1868 quamcumque
1593 1829 1774 1868 potestatem

1034 1867 1124 1902 aliam
1153 1869 1341 1904 saecularem
1369 1869 1407 1904 de
1431 1870 1505 1915 ipsis
1529 1872 1682 1917 praesumi
1698 1883 1776 1906 con-

1035 1917 1157 1964 tigerit,
1186 1919 1305 1959 inanes,
1333 1920 1395 1953 imo
1423 1919 1523 1954 nullas
1555 1921 1679 1967 penitus
1701 1933 1775 1956 nun-

1035 1968 1156 2002 tiantes.
1184 1967 1360 2003 Statuimns
1383 1969 1529 2014 insuper,
1562 1977 1594 2004 ut
1619 1971 1692 2016 regi,
1720 1983 1774 2006 seu

1034 2017 1102 2051 aliis
1123 2017 1259 2052 dominis
1286 2017 1496 2053 saecularibus
1517 2019 1660 2054 eiusdem
1690 2021 1775 2066 regni

1035 2065 1244 2101 Ecclesiarum
1269 2068 1406 2111 ipsarum
1431 2069 1569 2114 praelati,
1591 2070 1642 2116 qui
1664 2070 1775 2116 regalia

1036 2133 1097 2155 non
1128 2129 1234 2156 tenent
1260 2121 1298 2156 ab
1321 2122 1392 2162 illis,
1420 2122 1542 2156 nullum
1564 2122 1714 2170 deinceps
1740 2124 1776 2157 fi-

1035 2174 1170 2209 delitatis
1196 2175 1361 2211 exhibeant
1390 2176 1611 2211 iuramentum.
1640 2177 1775 2224 Antiqua

1034 2241 1159 2277 quoque
1202 2228 1388 2263 Sanctorum
1416 2229 1541 2264 Patrum
1577 2238 1688 2265 statuta
1723 2244 1775 2266 se-

1035 2290 1176 2330 quentes,
1216 2290 1366 2329 perpetuo
1389 2282 1548 2317 firmamus
1584 2285 1704 2326 edicto,
1744 2275 1973 2326 titl',³,‡}’a⁵“1‘l„i.{¹⁰⁰1l}[

1036 2336 1139 2370 nullus
1160 2336 1303 2377 clericuS,
1324 2336 1389 2371 sive
1411 2337 1538 2383 quaevis
1567 2350 1699 2385 persona
1723 2351 1777 2374 ec-
1791 2337 1849 2359 [ΠΜ

1036 2390 1205 2425 clesiastica
1233 2390 1319 2436 regni
1348 2390 1474 2436 praefati
1509 2391 1708 2438 respondere,
1746 2394 1775 2427 in

1036 2443 1252 2479 criminalibus
1293 2442 1338 2477 vel
1361 2443 1503 2478 civilibus
1529 2445 1777 2492 quaestionibus,

1037 2498 1156 2533 etiamsi
1179 2506 1284 2532 contra
1313 2509 1380 2532 eam
1414 2498 1452 2532 de
1479 2498 1579 2534 laesae
1607 2500 1778 2535 maiestatis

1037 2560 1147 2599 agatur
1168 2551 1313 2592 crimine,
1341 2552 1370 2586 in
1407 2552 1558 2587 saeculari
1590 2553 1706 2588 iudicio
1733 2563 1778 2589 te-

1039 2615 1158 2645 neatur,
1186 2605 1357 2641 districtius
1378 2607 1592 2653 proliibenteS,
1619 2619 1658 2642 ne
1680 2608 1711 2642 in
1727 2608 1779 2643 illo

1793 1435 1972 1464 provisioneque

1788 1473 1800 1487 n
1816 1466 1920 1489 friderico
1940 1468 1971 1489 la-

1789 1501 1833 1519 etas
1848 1500 1923 1519 irritat.

1803 2243 1902 2264 Prohibet
1927 2242 1972 2263 eto-
