<?xml version="1.0" encoding="UTF-8"?>
<!DOCTYPE html PUBLIC "-//W3C//DTD XHTML 1.0 Transitional//EN"
    "http://www.w3.org/TR/xhtml1/DTD/xhtml1-transitional.dtd">
<html xmlns="http://www.w3.org/1999/xhtml" xml:lang="en" lang="en">
 <head>
  <title>
</title>
<meta http-equiv="Content-Type" content="text/html;charset=utf-8" />
  <meta name='ocr-system' content='tesseract 3.04.00' />
  <meta name='ocr-capabilities' content='ocr_page ocr_carea ocr_par ocr_line ocrx_word'/>
</head>
<body>
  <div class='ocr_page' id='page_1' title='image "./bullarumdiplomat03cath_0683.png"; bbox 0 0 2129 3223; ppageno 0'>
   <div class='ocr_carea' id='block_1_1' title="bbox 41 235 219 264">
    <p class='ocr_par' dir='ltr' id='par_1_1' title="bbox 41 235 219 264">
     <span class='ocr_line' id='line_1_1' title="bbox 41 235 219 264; baseline 0.006 -1"><span class='ocrx_word' id='word_1_1' title='bbox 41 235 89 263; x_wconf 75' lang='lat' dir='ltr'>An.</span> <span class='ocrx_word' id='word_1_2' title='bbox 107 235 136 263; x_wconf 89' lang='lat' dir='ltr'>C.</span> <span class='ocrx_word' id='word_1_3' title='bbox 157 237 219 264; x_wconf 63' lang='lat' dir='ltr'>tect</span> 
     </span>
    </p>
   </div>
   <div class='ocr_carea' id='block_1_2' title="bbox 58 1806 182 1830">
    <p class='ocr_par' dir='ltr' id='par_1_2' title="bbox 58 1806 182 1830">
     <span class='ocr_line' id='line_1_2' title="bbox 58 1806 182 1830; baseline 0 -1"><span class='ocrx_word' id='word_1_4' title='bbox 58 1806 182 1830; x_wconf 72' lang='lat' dir='ltr'>Pnoemmm</span> 
     </span>
    </p>
   </div>
   <div class='ocr_carea' id='block_1_3' title="bbox 861 237 1142 261">
    <p class='ocr_par' dir='ltr' id='par_1_3' title="bbox 861 237 1142 261">
     <span class='ocr_line' id='line_1_3' title="bbox 861 237 1142 261; baseline 0 -1"><span class='ocrx_word' id='word_1_5' title='bbox 861 237 1004 261; x_wconf 71' lang='lat' dir='ltr'><strong>URBANUS</strong></span> <span class='ocrx_word' id='word_1_6' title='bbox 1036 237 1069 260; x_wconf 82' lang='lat' dir='ltr'>tv</span> <span class='ocrx_word' id='word_1_7' title='bbox 1093 237 1142 260; x_wconf 73' lang='lat' dir='ltr'>PP.</span> 
     </span>
    </p>
   </div>
   <div class='ocr_carea' id='block_1_4' title="bbox 267 293 982 1606">
    <p class='ocr_par' dir='ltr' id='par_1_4' title="bbox 267 293 982 1606">
     <span class='ocr_line' id='line_1_4' title="bbox 275 293 981 332; baseline 0.001 -8"><span class='ocrx_word' id='word_1_8' title='bbox 275 311 313 317; x_wconf 88' lang='lat'>·—-</span> <span class='ocrx_word' id='word_1_9' title='bbox 334 295 361 324; x_wconf 84' lang='lat'>5.</span> <span class='ocrx_word' id='word_1_10' title='bbox 384 294 572 332; x_wconf 83' lang='lat' dir='ltr'>Regularium</span> <span class='ocrx_word' id='word_1_11' title='bbox 590 293 719 322; x_wconf 80' lang='lat' dir='ltr'>vestitus.</span> <span class='ocrx_word' id='word_1_12' title='bbox 743 310 780 315; x_wconf 93' lang='lat'><strong>—</strong></span> <span class='ocrx_word' id='word_1_13' title='bbox 802 293 829 323; x_wconf 78' lang='lat'>6.</span> <span class='ocrx_word' id='word_1_14' title='bbox 844 293 883 324; x_wconf 84' lang='lat' dir='ltr'>De</span> <span class='ocrx_word' id='word_1_15' title='bbox 906 295 981 325; x_wconf 88' lang='lat' dir='ltr'>reci-</span> 
     </span>
     <span class='ocr_line' id='line_1_5' title="bbox 274 336 982 379; baseline -0.001 -10"><span class='ocrx_word' id='word_1_16' title='bbox 274 340 388 379; x_wconf 91' lang='lat' dir='ltr'>piendis</span> <span class='ocrx_word' id='word_1_17' title='bbox 411 339 439 368; x_wconf 94' lang='lat' dir='ltr'>in</span> <span class='ocrx_word' id='word_1_18' title='bbox 459 337 570 367; x_wconf 82' lang='lat' dir='ltr'>ordine.</span> <span class='ocrx_word' id='word_1_19' title='bbox 586 353 626 360; x_wconf 89' lang='lat'><strong>—</strong></span> <span class='ocrx_word' id='word_1_20' title='bbox 644 337 668 366; x_wconf 79' lang='lat'>7.</span> <span class='ocrx_word' id='word_1_21' title='bbox 687 336 815 376; x_wconf 82' lang='lat' dir='ltr'>Tempus</span> <span class='ocrx_word' id='word_1_22' title='bbox 835 338 982 377; x_wconf 86' lang='lat' dir='ltr'>probatio-</span> 
     </span>
     <span class='ocr_line' id='line_1_6' title="bbox 274 381 982 414; baseline -0.001 0"><span class='ocrx_word' id='word_1_23' title='bbox 274 385 328 414; x_wconf 91' lang='lat' dir='ltr'>nis.</span> <span class='ocrx_word' id='word_1_24' title='bbox 346 400 384 406; x_wconf 91' lang='lat'><em>-</em></span> <span class='ocrx_word' id='word_1_25' title='bbox 402 381 597 412; x_wconf 66' lang='lat' dir='ltr'>professionis</span> <span class='ocrx_word' id='word_1_26' title='bbox 619 382 768 411; x_wconf 73' lang='lat' dir='ltr'>faciendae</span> <span class='ocrx_word' id='word_1_27' title='bbox 789 383 921 413; x_wconf 83' lang='lat' dir='ltr'>formula.</span> <span class='ocrx_word' id='word_1_28' title='bbox 943 400 982 406; x_wconf 90' lang='lat'>—</span> 
     </span>
     <span class='ocr_line' id='line_1_7' title="bbox 273 426 981 465; baseline -0.004 -6"><span class='ocrx_word' id='word_1_29' title='bbox 273 429 300 459; x_wconf 89' lang='lat'>8.</span> <span class='ocrx_word' id='word_1_30' title='bbox 316 427 428 458; x_wconf 85' lang='lat' dir='ltr'>Nemini</span> <span class='ocrx_word' id='word_1_31' title='bbox 445 426 501 456; x_wconf 91' lang='lat' dir='ltr'>nisi</span> <span class='ocrx_word' id='word_1_32' title='bbox 518 426 552 455; x_wconf 85' lang='lat' dir='ltr'>ad</span> <span class='ocrx_word' id='word_1_33' title='bbox 572 426 725 455; x_wconf 77' lang='lat' dir='ltr'>arctiorem</span> <span class='ocrx_word' id='word_1_34' title='bbox 739 426 870 456; x_wconf 75' lang='lat' dir='ltr'>ordinem</span> <span class='ocrx_word' id='word_1_35' title='bbox 886 431 981 465; x_wconf 88' lang='lat' dir='ltr'>pateat</span> 
     </span>
     <span class='ocr_line' id='line_1_8' title="bbox 274 470 979 502; baseline 0 0"><span class='ocrx_word' id='word_1_36' title='bbox 274 472 511 502; x_wconf 70' lang='lat' dir='ltr'>transitus—9.</span> <span class='ocrx_word' id='word_1_37' title='bbox 532 470 569 500; x_wconf 86' lang='lat' dir='ltr'>De</span> <span class='ocrx_word' id='word_1_38' title='bbox 587 470 720 500; x_wconf 76' lang='lat' dir='ltr'>Fratrum</span> <span class='ocrx_word' id='word_1_39' title='bbox 740 470 979 502; x_wconf 85' lang='lat' dir='ltr'>Conventualium</span> 
     </span>
     <span class='ocr_line' id='line_1_9' title="bbox 273 515 980 554; baseline 0.001 -9"><span class='ocrx_word' id='word_1_40' title='bbox 273 516 411 547; x_wconf 78' lang='lat' dir='ltr'>vestibus.</span> <span class='ocrx_word' id='word_1_41' title='bbox 443 533 481 538; x_wconf 92' lang='lat'>-—</span> <span class='ocrx_word' id='word_1_42' title='bbox 509 516 595 546; x_wconf 81' lang='lat' dir='ltr'>Arma</span> <span class='ocrx_word' id='word_1_43' title='bbox 628 515 761 545; x_wconf 86' lang='lat' dir='ltr'>militaria</span> <span class='ocrx_word' id='word_1_44' title='bbox 792 520 819 544; x_wconf 88' lang='lat' dir='ltr'>et</span> <span class='ocrx_word' id='word_1_45' title='bbox 844 516 980 554; x_wconf 75' lang='lat' dir='ltr'>insignia.</span> 
     </span>
     <span class='ocr_line' id='line_1_10' title="bbox 271 560 982 596; baseline -0.001 -6"><span class='ocrx_word' id='word_1_46' title='bbox 271 577 310 583; x_wconf 94' lang='lat'><em>—</em></span> <span class='ocrx_word' id='word_1_47' title='bbox 329 561 374 591; x_wconf 79' lang='lat'>10.</span> <span class='ocrx_word' id='word_1_48' title='bbox 395 560 518 596; x_wconf 83' lang='lat' dir='ltr'>Quando</span> <span class='ocrx_word' id='word_1_49' title='bbox 537 561 623 590; x_wconf 86' lang='lat' dir='ltr'>liceat</span> <span class='ocrx_word' id='word_1_50' title='bbox 638 569 785 590; x_wconf 90' lang='lat' dir='ltr'>armorum</span> <span class='ocrx_word' id='word_1_51' title='bbox 806 560 921 590; x_wconf 90' lang='lat' dir='ltr'>delatio.</span> <span class='ocrx_word' id='word_1_52' title='bbox 943 579 982 584; x_wconf 93' lang='lat'><strong>—</strong></span> 
     </span>
     <span class='ocr_line' id='line_1_11' title="bbox 273 603 978 640; baseline 0.004 -7"><span class='ocrx_word' id='word_1_53' title='bbox 273 604 318 634; x_wconf 80' lang='grc' dir='ltr'>Μ.</span> <span class='ocrx_word' id='word_1_54' title='bbox 337 603 376 634; x_wconf 84' lang='lat' dir='ltr'>De</span> <span class='ocrx_word' id='word_1_55' title='bbox 394 604 523 634; x_wconf 79' lang='lat' dir='ltr'>ieiuniis.</span> <span class='ocrx_word' id='word_1_56' title='bbox 545 620 585 627; x_wconf 91' lang='lat'>—</span> <span class='ocrx_word' id='word_1_57' title='bbox 610 603 731 640; x_wconf 82' lang='lat' dir='ltr'>Quando</span> <span class='ocrx_word' id='word_1_58' title='bbox 754 612 820 633; x_wconf 90' lang='lat' dir='ltr'>cum</span> <span class='ocrx_word' id='word_1_59' title='bbox 840 604 894 640; x_wconf 90' lang='lat' dir='ltr'>eis,</span> <span class='ocrx_word' id='word_1_60' title='bbox 916 609 944 634; x_wconf 88' lang='lat' dir='ltr'>et</span> <span class='ocrx_word' id='word_1_61' title='bbox 965 615 978 636; x_wconf 87' lang='lat' dir='ltr'>a</span> 
     </span>
     <span class='ocr_line' id='line_1_12' title="bbox 272 647 982 686; baseline -0.001 -9"><span class='ocrx_word' id='word_1_62' title='bbox 272 647 381 686; x_wconf 86' lang='lat' dir='ltr'>quibus</span> <span class='ocrx_word' id='word_1_63' title='bbox 404 648 645 686; x_wconf 87' lang='lat' dir='ltr'>dispensandum.</span> <span class='ocrx_word' id='word_1_64' title='bbox 670 664 709 670; x_wconf 91' lang='lat'><em>-</em></span> <span class='ocrx_word' id='word_1_65' title='bbox 729 647 773 677; x_wconf 86' lang='lat'>12.</span> <span class='ocrx_word' id='word_1_66' title='bbox 796 647 834 677; x_wconf 85' lang='lat' dir='ltr'>De</span> <span class='ocrx_word' id='word_1_67' title='bbox 853 647 927 677; x_wconf 86' lang='lat' dir='ltr'>cibo.</span> <span class='ocrx_word' id='word_1_68' title='bbox 943 666 982 672; x_wconf 85' lang='lat'>—</span> 
     </span>
     <span class='ocr_line' id='line_1_13' title="bbox 273 691 979 722; baseline 0 -1"><span class='ocrx_word' id='word_1_69' title='bbox 273 691 318 722; x_wconf 75' lang='lat'>13.</span> <span class='ocrx_word' id='word_1_70' title='bbox 346 691 386 721; x_wconf 87' lang='lat' dir='ltr'>De</span> <span class='ocrx_word' id='word_1_71' title='bbox 410 692 606 722; x_wconf 75' lang='lat' dir='ltr'>celebratione</span> <span class='ocrx_word' id='word_1_72' title='bbox 625 691 787 721; x_wconf 88' lang='lat' dir='ltr'>divinorum</span> <span class='ocrx_word' id='word_1_73' title='bbox 812 691 979 722; x_wconf 85' lang='lat' dir='ltr'>Officiorum</span> 
     </span>
     <span class='ocr_line' id='line_1_14' title="bbox 271 735 978 774; baseline 0.001 -9"><span class='ocrx_word' id='word_1_74' title='bbox 271 745 323 774; x_wconf 86' lang='lat' dir='ltr'>per</span> <span class='ocrx_word' id='word_1_75' title='bbox 353 736 485 772; x_wconf 71' lang='lat' dir='ltr'>eterit-os,</span> <span class='ocrx_word' id='word_1_76' title='bbox 508 740 534 765; x_wconf 94' lang='lat' dir='ltr'>et</span> <span class='ocrx_word' id='word_1_77' title='bbox 559 736 688 766; x_wconf 91' lang='lat' dir='ltr'>oratione</span> <span class='ocrx_word' id='word_1_78' title='bbox 711 735 842 765; x_wconf 89' lang='lat' dir='ltr'>fratrum.</span> <span class='ocrx_word' id='word_1_79' title='bbox 874 753 913 759; x_wconf 93' lang='lat'><strong>—</strong></span> <span class='ocrx_word' id='word_1_80' title='bbox 933 738 978 766; x_wconf 67' lang='lat' dir='ltr'>li.</span> 
     </span>
     <span class='ocr_line' id='line_1_15' title="bbox 271 779 979 810; baseline 0.003 -2"><span class='ocrx_word' id='word_1_81' title='bbox 271 779 309 809; x_wconf 83' lang='lat' dir='ltr'>De</span> <span class='ocrx_word' id='word_1_82' title='bbox 340 780 531 810; x_wconf 87' lang='lat' dir='ltr'>Confessione</span> <span class='ocrx_word' id='word_1_83' title='bbox 564 783 591 809; x_wconf 87' lang='lat' dir='ltr'>et</span> <span class='ocrx_word' id='word_1_84' title='bbox 619 779 840 809; x_wconf 87' lang='lat' dir='ltr'>Communione.</span> <span class='ocrx_word' id='word_1_85' title='bbox 869 796 908 802; x_wconf 91' lang='lat'><strong>—</strong></span> <span class='ocrx_word' id='word_1_86' title='bbox 936 781 979 810; x_wconf 76' lang='lat'>15.</span> 
     </span>
     <span class='ocr_line' id='line_1_16' title="bbox 270 823 978 862; baseline 0 -9"><span class='ocrx_word' id='word_1_87' title='bbox 270 823 349 859; x_wconf 91' lang='lat' dir='ltr'>Quae</span> <span class='ocrx_word' id='word_1_88' title='bbox 372 824 408 853; x_wconf 88' lang='lat' dir='ltr'>ab</span> <span class='ocrx_word' id='word_1_89' title='bbox 427 824 463 853; x_wconf 88' lang='lat' dir='ltr'>iis</span> <span class='ocrx_word' id='word_1_90' title='bbox 483 823 542 853; x_wconf 91' lang='lat' dir='ltr'>sint</span> <span class='ocrx_word' id='word_1_91' title='bbox 561 823 709 862; x_wconf 79' lang='lat' dir='ltr'>fugienda.</span> <span class='ocrx_word' id='word_1_92' title='bbox 728 839 767 845; x_wconf 89' lang='lat'>--</span> <span class='ocrx_word' id='word_1_93' title='bbox 786 824 830 852; x_wconf 76' lang='grc' dir='ltr'>Π.</span> <span class='ocrx_word' id='word_1_94' title='bbox 853 823 892 853; x_wconf 89' lang='lat' dir='ltr'>De</span> <span class='ocrx_word' id='word_1_95' title='bbox 916 824 978 853; x_wconf 90' lang='lat' dir='ltr'>ele-</span> 
     </span>
     <span class='ocr_line' id='line_1_17' title="bbox 271 867 980 907; baseline 0.003 -11"><span class='ocrx_word' id='word_1_96' title='bbox 271 867 366 897; x_wconf 80' lang='lat' dir='ltr'>ctione</span> <span class='ocrx_word' id='word_1_97' title='bbox 393 868 499 906; x_wconf 89' lang='lat' dir='ltr'>prioris</span> <span class='ocrx_word' id='word_1_98' title='bbox 518 868 731 897; x_wconf 79' lang='lat' dir='ltr'>conventualis.</span> <span class='ocrx_word' id='word_1_99' title='bbox 759 885 797 890; x_wconf 96' lang='lat'>—</span> <span class='ocrx_word' id='word_1_100' title='bbox 825 868 869 897; x_wconf 83' lang='grc'>18.</span> <span class='ocrx_word' id='word_1_101' title='bbox 892 869 980 907; x_wconf 88' lang='lat' dir='ltr'>Capi·-</span> 
     </span>
     <span class='ocr_line' id='line_1_18' title="bbox 271 911 981 949; baseline 0 -9"><span class='ocrx_word' id='word_1_102' title='bbox 271 911 364 940; x_wconf 86' lang='lat' dir='ltr'>tulum</span> <span class='ocrx_word' id='word_1_103' title='bbox 391 912 528 949; x_wconf 82' lang='lat' dir='ltr'>generale</span> <span class='ocrx_word' id='word_1_104' title='bbox 555 911 681 949; x_wconf 83' lang='lat' dir='ltr'>singulis</span> <span class='ocrx_word' id='word_1_105' title='bbox 713 911 798 940; x_wconf 81' lang='lat' dir='ltr'>annis</span> <span class='ocrx_word' id='word_1_106' title='bbox 830 911 981 941; x_wconf 84' lang='lat' dir='ltr'>celebran-</span> 
     </span>
     <span class='ocr_line' id='line_1_19' title="bbox 270 954 980 994; baseline 0.001 -10"><span class='ocrx_word' id='word_1_107' title='bbox 270 954 356 990; x_wconf 85' lang='lat' dir='ltr'>dum;</span> <span class='ocrx_word' id='word_1_108' title='bbox 388 960 415 984; x_wconf 91' lang='lat' dir='ltr'>et</span> <span class='ocrx_word' id='word_1_109' title='bbox 442 964 517 994; x_wconf 91' lang='lat' dir='ltr'>quae</span> <span class='ocrx_word' id='word_1_110' title='bbox 547 955 575 985; x_wconf 93' lang='lat' dir='ltr'>in</span> <span class='ocrx_word' id='word_1_111' title='bbox 607 964 640 984; x_wconf 89' lang='lat' dir='ltr'>eo</span> <span class='ocrx_word' id='word_1_112' title='bbox 663 955 784 992; x_wconf 83' lang='lat' dir='ltr'>agenda.</span> <span class='ocrx_word' id='word_1_113' title='bbox 809 972 847 977; x_wconf 90' lang='lat'><strong>—</strong></span> <span class='ocrx_word' id='word_1_114' title='bbox 872 955 914 984; x_wconf 78' lang='lat'>10.</span> <span class='ocrx_word' id='word_1_115' title='bbox 940 954 980 985; x_wconf 91' lang='lat' dir='ltr'>De</span> 
     </span>
     <span class='ocr_line' id='line_1_20' title="bbox 269 997 980 1036; baseline 0 -10"><span class='ocrx_word' id='word_1_116' title='bbox 269 997 410 1027; x_wconf 87' lang='lat' dir='ltr'>fratribus</span> <span class='ocrx_word' id='word_1_117' title='bbox 421 997 597 1036; x_wconf 80' lang='lat' dir='ltr'>coniugatis.</span> <span class='ocrx_word' id='word_1_118' title='bbox 610 1015 647 1020; x_wconf 92' lang='lat'><strong>—</strong></span> <span class='ocrx_word' id='word_1_119' title='bbox 663 998 709 1028; x_wconf 84' lang='lat'>20.</span> <span class='ocrx_word' id='word_1_120' title='bbox 728 997 834 1027; x_wconf 87' lang='lat' dir='ltr'>Eorum</span> <span class='ocrx_word' id='word_1_121' title='bbox 852 997 980 1027; x_wconf 86' lang='lat' dir='ltr'>babitus.</span> 
     </span>
     <span class='ocr_line' id='line_1_21' title="bbox 268 1040 979 1078; baseline 0 -8"><span class='ocrx_word' id='word_1_122' title='bbox 268 1058 307 1063; x_wconf 91' lang='lat'><strong>—</strong></span> <span class='ocrx_word' id='word_1_123' title='bbox 328 1040 375 1070; x_wconf 75' lang='lat'>21.</span> <span class='ocrx_word' id='word_1_124' title='bbox 394 1041 495 1071; x_wconf 88' lang='lat' dir='ltr'>Modus</span> <span class='ocrx_word' id='word_1_125' title='bbox 507 1050 557 1070; x_wconf 87' lang='lat' dir='ltr'>eos</span> <span class='ocrx_word' id='word_1_126' title='bbox 570 1041 742 1078; x_wconf 87' lang='lat' dir='ltr'>recipiendi.</span> <span class='ocrx_word' id='word_1_127' title='bbox 759 1058 797 1063; x_wconf 90' lang='lat'>——</span> <span class='ocrx_word' id='word_1_128' title='bbox 814 1041 861 1070; x_wconf 68' lang='lat'>22.</span> <span class='ocrx_word' id='word_1_129' title='bbox 876 1041 979 1071; x_wconf 81' lang='lat' dir='ltr'>Forma</span> 
     </span>
     <span class='ocr_line' id='line_1_22' title="bbox 269 1084 980 1123; baseline 0 -9"><span class='ocrx_word' id='word_1_130' title='bbox 269 1084 472 1123; x_wconf 81' lang='lat' dir='ltr'>professionis.</span> <span class='ocrx_word' id='word_1_131' title='bbox 489 1101 528 1107; x_wconf 88' lang='lat'>—-</span> <span class='ocrx_word' id='word_1_132' title='bbox 545 1085 591 1114; x_wconf 84' lang='lat'>23.</span> <span class='ocrx_word' id='word_1_133' title='bbox 615 1084 693 1114; x_wconf 88' lang='lat' dir='ltr'>Nulli</span> <span class='ocrx_word' id='word_1_134' title='bbox 715 1084 750 1114; x_wconf 88' lang='lat' dir='ltr'>ab</span> <span class='ocrx_word' id='word_1_135' title='bbox 774 1085 876 1114; x_wconf 88' lang='lat' dir='ltr'>ordine</span> <span class='ocrx_word' id='word_1_136' title='bbox 903 1085 980 1115; x_wconf 78' lang='lat' dir='ltr'>exire</span> 
     </span>
     <span class='ocr_line' id='line_1_23' title="bbox 268 1128 979 1158; baseline 0.001 -1"><span class='ocrx_word' id='word_1_137' title='bbox 268 1128 363 1158; x_wconf 88' lang='lat' dir='ltr'>liceat.</span> <span class='ocrx_word' id='word_1_138' title='bbox 383 1145 423 1151; x_wconf 87' lang='lat'>—-</span> <span class='ocrx_word' id='word_1_139' title='bbox 440 1128 487 1158; x_wconf 69' lang='lat'>24.</span> <span class='ocrx_word' id='word_1_140' title='bbox 503 1128 609 1158; x_wconf 88' lang='lat' dir='ltr'>Eorum</span> <span class='ocrx_word' id='word_1_141' title='bbox 640 1128 767 1158; x_wconf 80' lang='lat' dir='ltr'>habitus.</span> <span class='ocrx_word' id='word_1_142' title='bbox 790 1146 828 1150; x_wconf 87' lang='lat'><strong>—</strong></span> <span class='ocrx_word' id='word_1_143' title='bbox 854 1129 900 1158; x_wconf 71' lang='lat'>025,</span> <span class='ocrx_word' id='word_1_144' title='bbox 932 1129 979 1158; x_wconf 86' lang='lat' dir='ltr'>le-</span> 
     </span>
     <span class='ocr_line' id='line_1_24' title="bbox 270 1172 979 1202; baseline 0 0"><span class='ocrx_word' id='word_1_145' title='bbox 270 1172 351 1202; x_wconf 87' lang='lat' dir='ltr'>iunia</span> <span class='ocrx_word' id='word_1_146' title='bbox 381 1177 410 1202; x_wconf 82' lang='lat' dir='ltr'>et</span> <span class='ocrx_word' id='word_1_147' title='bbox 441 1173 599 1202; x_wconf 89' lang='lat' dir='ltr'>orationes.</span> <span class='ocrx_word' id='word_1_148' title='bbox 626 1189 664 1194; x_wconf 93' lang='lat'>—</span> <span class='ocrx_word' id='word_1_149' title='bbox 690 1172 764 1202; x_wconf 89' lang='lat' dir='ltr'>Cibi.</span> <span class='ocrx_word' id='word_1_150' title='bbox 790 1189 828 1194; x_wconf 88' lang='lat'>—-</span> <span class='ocrx_word' id='word_1_151' title='bbox 850 1173 897 1202; x_wconf 64' lang='lat'>25.</span> <span class='ocrx_word' id='word_1_152' title='bbox 931 1172 979 1202; x_wconf 89' lang='lat' dir='ltr'>Bis</span> 
     </span>
     <span class='ocr_line' id='line_1_25' title="bbox 268 1216 978 1247; baseline 0.001 -2"><span class='ocrx_word' id='word_1_153' title='bbox 268 1216 297 1245; x_wconf 90' lang='lat' dir='ltr'>in</span> <span class='ocrx_word' id='word_1_154' title='bbox 330 1224 432 1246; x_wconf 89' lang='lat' dir='ltr'>mense</span> <span class='ocrx_word' id='word_1_155' title='bbox 460 1216 489 1245; x_wconf 93' lang='lat' dir='ltr'>in</span> <span class='ocrx_word' id='word_1_156' title='bbox 518 1216 710 1245; x_wconf 90' lang='lat' dir='ltr'>conventibus</span> <span class='ocrx_word' id='word_1_157' title='bbox 741 1217 915 1247; x_wconf 85' lang='lat' dir='ltr'>conveniant</span> <span class='ocrx_word' id='word_1_158' title='bbox 945 1218 978 1246; x_wconf 92' lang='lat' dir='ltr'>ad</span> 
     </span>
     <span class='ocr_line' id='line_1_26' title="bbox 268 1259 980 1291; baseline 0.001 -3"><span class='ocrx_word' id='word_1_159' title='bbox 268 1259 447 1289; x_wconf 88' lang='lat' dir='ltr'>audiendum</span> <span class='ocrx_word' id='word_1_160' title='bbox 483 1260 603 1289; x_wconf 86' lang='lat' dir='ltr'>verbum</span> <span class='ocrx_word' id='word_1_161' title='bbox 634 1259 693 1289; x_wconf 85' lang='lat' dir='ltr'>Dei.</span> <span class='ocrx_word' id='word_1_162' title='bbox 729 1277 768 1282; x_wconf 95' lang='lat'><strong>—</strong></span> <span class='ocrx_word' id='word_1_163' title='bbox 794 1261 841 1290; x_wconf 81' lang='lat'>27.</span> <span class='ocrx_word' id='word_1_164' title='bbox 863 1261 902 1291; x_wconf 82' lang='lat' dir='ltr'>Ex</span> <span class='ocrx_word' id='word_1_165' title='bbox 935 1261 980 1290; x_wconf 87' lang='lat' dir='ltr'>his</span> 
     </span>
     <span class='ocr_line' id='line_1_27' title="bbox 268 1303 981 1343; baseline 0.003 -10"><span class='ocrx_word' id='word_1_166' title='bbox 268 1304 318 1342; x_wconf 92' lang='lat' dir='ltr'>qui</span> <span class='ocrx_word' id='word_1_167' title='bbox 343 1303 502 1341; x_wconf 79' lang='lat' dir='ltr'>Regulares</span> <span class='ocrx_word' id='word_1_168' title='bbox 526 1304 587 1333; x_wconf 77' lang='lat' dir='ltr'>lieri</span> <span class='ocrx_word' id='word_1_169' title='bbox 618 1305 731 1341; x_wconf 84' lang='lat' dir='ltr'>volunt,</span> <span class='ocrx_word' id='word_1_170' title='bbox 754 1306 927 1343; x_wconf 79' lang='lat' dir='ltr'>recipiendi.</span> <span class='ocrx_word' id='word_1_171' title='bbox 943 1321 981 1328; x_wconf 84' lang='lat'>—</span> 
     </span>
     <span class='ocr_line' id='line_1_28' title="bbox 267 1346 979 1379; baseline 0.004 -3"><span class='ocrx_word' id='word_1_172' title='bbox 267 1346 314 1376; x_wconf 84' lang='lat'>28.</span> <span class='ocrx_word' id='word_1_173' title='bbox 336 1346 438 1377; x_wconf 85' lang='lat' dir='ltr'>Vestes</span> <span class='ocrx_word' id='word_1_174' title='bbox 462 1356 584 1377; x_wconf 85' lang='lat' dir='ltr'>uxorum</span> <span class='ocrx_word' id='word_1_175' title='bbox 604 1348 736 1378; x_wconf 90' lang='lat' dir='ltr'>fratrum.</span> <span class='ocrx_word' id='word_1_176' title='bbox 758 1366 797 1371; x_wconf 90' lang='lat'>—-</span> <span class='ocrx_word' id='word_1_177' title='bbox 827 1349 874 1379; x_wconf 81' lang='lat'>29.</span> <span class='ocrx_word' id='word_1_178' title='bbox 906 1349 979 1379; x_wconf 86' lang='lat' dir='ltr'>Fra-</span> 
     </span>
     <span class='ocr_line' id='line_1_29' title="bbox 267 1392 979 1431; baseline 0.004 -12"><span class='ocrx_word' id='word_1_179' title='bbox 267 1395 327 1420; x_wconf 85' lang='lat' dir='ltr'>tres</span> <span class='ocrx_word' id='word_1_180' title='bbox 357 1393 468 1422; x_wconf 82' lang='lat' dir='ltr'>uxorati</span> <span class='ocrx_word' id='word_1_181' title='bbox 499 1392 616 1422; x_wconf 84' lang='lat' dir='ltr'>subsint</span> <span class='ocrx_word' id='word_1_182' title='bbox 641 1393 798 1431; x_wconf 87' lang='lat' dir='ltr'>episcopis.</span> <span class='ocrx_word' id='word_1_183' title='bbox 816 1410 855 1415; x_wconf 97' lang='lat'><strong>—</strong></span> <span class='ocrx_word' id='word_1_184' title='bbox 877 1393 922 1423; x_wconf 88' lang='grc'>30.</span> <span class='ocrx_word' id='word_1_185' title='bbox 942 1393 979 1422; x_wconf 92' lang='lat' dir='ltr'>De</span> 
     </span>
     <span class='ocr_line' id='line_1_30' title="bbox 267 1435 980 1475; baseline 0 -10"><span class='ocrx_word' id='word_1_186' title='bbox 267 1435 415 1473; x_wconf 78' lang='lat' dir='ltr'>generalis</span> <span class='ocrx_word' id='word_1_187' title='bbox 438 1436 559 1475; x_wconf 86' lang='lat' dir='ltr'>praelati</span> <span class='ocrx_word' id='word_1_188' title='bbox 578 1437 730 1466; x_wconf 80' lang='lat' dir='ltr'>electione.</span> <span class='ocrx_word' id='word_1_189' title='bbox 750 1453 788 1458; x_wconf 91' lang='lat'>—</span> <span class='ocrx_word' id='word_1_190' title='bbox 808 1437 854 1466; x_wconf 79' lang='lat'>31.</span> <span class='ocrx_word' id='word_1_191' title='bbox 877 1437 915 1465; x_wconf 88' lang='lat' dir='ltr'>De</span> <span class='ocrx_word' id='word_1_192' title='bbox 932 1447 980 1466; x_wconf 82' lang='lat' dir='ltr'>vo-</span> 
     </span>
     <span class='ocr_line' id='line_1_31' title="bbox 267 1478 980 1519; baseline 0.001 -10"><span class='ocrx_word' id='word_1_193' title='bbox 267 1478 382 1509; x_wconf 84' lang='lat' dir='ltr'>calibus</span> <span class='ocrx_word' id='word_1_194' title='bbox 397 1478 532 1519; x_wconf 82' lang='lat' dir='ltr'>Capituli.</span> <span class='ocrx_word' id='word_1_195' title='bbox 547 1497 587 1502; x_wconf 95' lang='lat'><strong>—</strong></span> <span class='ocrx_word' id='word_1_196' title='bbox 614 1480 661 1510; x_wconf 86' lang='lat'>32.</span> <span class='ocrx_word' id='word_1_197' title='bbox 696 1480 826 1510; x_wconf 87' lang='lat' dir='ltr'>Visitatio</span> <span class='ocrx_word' id='word_1_198' title='bbox 849 1481 980 1519; x_wconf 87' lang='lat' dir='ltr'>quolibet</span> 
     </span>
     <span class='ocr_line' id='line_1_32' title="bbox 267 1521 979 1562; baseline -0.001 -8"><span class='ocrx_word' id='word_1_199' title='bbox 267 1532 344 1554; x_wconf 82' lang='lat' dir='ltr'>anno</span> <span class='ocrx_word' id='word_1_200' title='bbox 375 1524 551 1562; x_wconf 83' lang='lat' dir='ltr'>peragenda.</span> <span class='ocrx_word' id='word_1_201' title='bbox 581 1541 621 1547; x_wconf 97' lang='lat'><strong>—</strong></span> <span class='ocrx_word' id='word_1_202' title='bbox 652 1524 684 1554; x_wconf 94' lang='lat' dir='ltr'>In</span> <span class='ocrx_word' id='word_1_203' title='bbox 720 1524 834 1554; x_wconf 87' lang='lat' dir='ltr'>statutis</span> <span class='ocrx_word' id='word_1_204' title='bbox 867 1521 979 1554; x_wconf 83' lang='lat' dir='ltr'>ordinis</span> 
     </span>
     <span class='ocr_line' id='line_1_33' title="bbox 268 1566 978 1606; baseline 0 -9"><span class='ocrx_word' id='word_1_205' title='bbox 268 1566 374 1598; x_wconf 84' lang='lat' dir='ltr'>fratres</span> <span class='ocrx_word' id='word_1_206' title='bbox 385 1567 421 1598; x_wconf 91' lang='lat' dir='ltr'>ad</span> <span class='ocrx_word' id='word_1_207' title='bbox 440 1567 650 1598; x_wconf 86' lang='lat' dir='ltr'>correctionem</span> <span class='ocrx_word' id='word_1_208' title='bbox 666 1572 777 1598; x_wconf 84' lang='lat' dir='ltr'>tantum</span> <span class='ocrx_word' id='word_1_209' title='bbox 801 1568 978 1606; x_wconf 83' lang='lat' dir='ltr'>obligantur.</span> 
     </span>
    </p>
   </div>
   <div class='ocr_carea' id='block_1_5' title="bbox 272 1636 936 1715">
    <p class='ocr_par' dir='ltr' id='par_1_5' title="bbox 272 1636 936 1715">
     <span class='ocr_line' id='line_1_34' title="bbox 272 1636 936 1674; baseline -0.002 -8"><span class='ocrx_word' id='word_1_210' title='bbox 272 1636 424 1667; x_wconf 73' lang='lat' dir='ltr'>Alexander</span> <span class='ocrx_word' id='word_1_211' title='bbox 442 1637 584 1674; x_wconf 76' lang='lat' dir='ltr'>episcopus</span> <span class='ocrx_word' id='word_1_212' title='bbox 606 1645 701 1666; x_wconf 83' lang='lat' dir='ltr'>servus</span> <span class='ocrx_word' id='word_1_213' title='bbox 721 1645 861 1667; x_wconf 80' lang='lat' dir='ltr'>servorum</span> <span class='ocrx_word' id='word_1_214' title='bbox 880 1638 936 1670; x_wconf 85' lang='lat' dir='ltr'>Dei,</span> 
     </span>
     <span class='ocr_line' id='line_1_35' title="bbox 389 1686 818 1715; baseline -0.002 0"><span class='ocrx_word' id='word_1_215' title='bbox 389 1687 423 1715; x_wconf 79' lang='lat' dir='ltr'>ad</span> <span class='ocrx_word' id='word_1_216' title='bbox 446 1687 572 1715; x_wconf 73' lang='lat' dir='ltr'>futuram</span> <span class='ocrx_word' id='word_1_217' title='bbox 591 1687 631 1715; x_wconf 83' lang='lat' dir='ltr'>rei</span> <span class='ocrx_word' id='word_1_218' title='bbox 649 1686 818 1715; x_wconf 78' lang='lat' dir='ltr'>memoriam.</span> 
     </span>
    </p>
   </div>
   <div class='ocr_carea' id='block_1_6' title="bbox 229 1756 985 2637">
    <p class='ocr_par' dir='ltr' id='par_1_6' title="bbox 229 1756 985 2574">
     <span class='ocr_line' id='line_1_36' title="bbox 277 1756 980 1804; baseline -0.001 -13"><span class='ocrx_word' id='word_1_219' title='bbox 277 1757 299 1804; x_wconf 72' lang='lat' dir='ltr'>S</span> <span class='ocrx_word' id='word_1_220' title='bbox 327 1759 358 1791; x_wconf 73' lang='grc'>1.</span> <span class='ocrx_word' id='word_1_221' title='bbox 389 1756 445 1792; x_wconf 88' lang='lat' dir='ltr'>Sol</span> <span class='ocrx_word' id='word_1_222' title='bbox 478 1757 530 1791; x_wconf 88' lang='lat' dir='ltr'>ille</span> <span class='ocrx_word' id='word_1_223' title='bbox 565 1768 656 1791; x_wconf 91' lang='lat' dir='ltr'>verus</span> <span class='ocrx_word' id='word_1_224' title='bbox 684 1764 837 1804; x_wconf 88' lang='lat' dir='ltr'>perpetuo</span> <span class='ocrx_word' id='word_1_225' title='bbox 859 1756 980 1802; x_wconf 83' lang='lat' dir='ltr'>fulgore</span> 
     </span>
     <span class='ocr_line' id='line_1_37' title="bbox 229 1804 979 1852; baseline 0 -12"><span class='ocrx_word' id='word_1_226' title='bbox 229 1817 413 1848; x_wconf 80' lang='lat' dir='ltr'>coruscans,</span> <span class='ocrx_word' id='word_1_227' title='bbox 427 1806 482 1840; x_wconf 82' lang='lat' dir='ltr'>lux</span> <span class='ocrx_word' id='word_1_228' title='bbox 500 1804 627 1852; x_wconf 89' lang='lat' dir='ltr'>quidem</span> <span class='ocrx_word' id='word_1_229' title='bbox 651 1805 821 1840; x_wconf 85' lang='lat' dir='ltr'>clarissima</span> <span class='ocrx_word' id='word_1_230' title='bbox 835 1817 979 1840; x_wconf 85' lang='lat' dir='ltr'>summae</span> 
     </span>
     <span class='ocr_line' id='line_1_38' title="bbox 230 1853 981 1890; baseline -0.003 0"><span class='ocrx_word' id='word_1_231' title='bbox 230 1854 310 1890; x_wconf 88' lang='lat' dir='ltr'>tucis</span> <span class='ocrx_word' id='word_1_232' title='bbox 347 1862 378 1889; x_wconf 83' lang='lat' dir='ltr'>et</span> <span class='ocrx_word' id='word_1_233' title='bbox 412 1854 483 1889; x_wconf 89' lang='lat' dir='ltr'>fons</span> <span class='ocrx_word' id='word_1_234' title='bbox 505 1854 635 1888; x_wconf 88' lang='lat' dir='ltr'>luminis</span> <span class='ocrx_word' id='word_1_235' title='bbox 656 1853 812 1889; x_wconf 87' lang='lat' dir='ltr'>defectum</span> <span class='ocrx_word' id='word_1_236' title='bbox 845 1854 891 1888; x_wconf 79' lang='lat' dir='ltr'>vel</span> <span class='ocrx_word' id='word_1_237' title='bbox 922 1854 981 1888; x_wconf 87' lang='lat' dir='ltr'>im-</span> 
     </span>
     <span class='ocr_line' id='line_1_39' title="bbox 230 1903 979 1951; baseline -0.001 -13"><span class='ocrx_word' id='word_1_238' title='bbox 230 1904 436 1939; x_wconf 83' lang='lat' dir='ltr'>mutationem</span> <span class='ocrx_word' id='word_1_239' title='bbox 466 1903 592 1951; x_wconf 90' lang='lat' dir='ltr'>penitus</span> <span class='ocrx_word' id='word_1_240' title='bbox 624 1903 805 1944; x_wconf 84' lang='lat' dir='ltr'>nescientis,</span> <span class='ocrx_word' id='word_1_241' title='bbox 839 1903 979 1938; x_wconf 83' lang='lat' dir='ltr'>fidelium</span> 
     </span>
     <span class='ocr_line' id='line_1_40' title="bbox 230 1952 981 1998; baseline -0.003 -10"><span class='ocrx_word' id='word_1_242' title='bbox 230 1952 324 1988; x_wconf 89' lang='lat' dir='ltr'>corda</span> <span class='ocrx_word' id='word_1_243' title='bbox 352 1952 382 1987; x_wconf 93' lang='lat' dir='ltr'>in</span> <span class='ocrx_word' id='word_1_244' title='bbox 405 1953 462 1988; x_wconf 77' lang='lat' dir='ltr'>liac</span> <span class='ocrx_word' id='word_1_245' title='bbox 485 1953 546 1987; x_wconf 88' lang='lat' dir='ltr'>ima</span> <span class='ocrx_word' id='word_1_246' title='bbox 570 1961 600 1987; x_wconf 88' lang='lat' dir='ltr'>et</span> <span class='ocrx_word' id='word_1_247' title='bbox 628 1953 799 1998; x_wconf 84' lang='lat' dir='ltr'>caliginosa</span> <span class='ocrx_word' id='word_1_248' title='bbox 821 1952 898 1986; x_wconf 88' lang='lat' dir='ltr'>valle</span> <span class='ocrx_word' id='word_1_249' title='bbox 921 1952 981 1987; x_wconf 86' lang='lat' dir='ltr'>sub</span> 
     </span>
     <span class='ocr_line' id='line_1_41' title="bbox 230 2001 979 2047; baseline -0.003 -10"><span class='ocrx_word' id='word_1_250' title='bbox 230 2002 334 2037; x_wconf 88' lang='lat' dir='ltr'>carnis</span> <span class='ocrx_word' id='word_1_251' title='bbox 356 2002 438 2037; x_wconf 89' lang='lat' dir='ltr'>mole</span> <span class='ocrx_word' id='word_1_252' title='bbox 459 2001 639 2047; x_wconf 85' lang='lat' dir='ltr'>degentium</span> <span class='ocrx_word' id='word_1_253' title='bbox 655 2002 810 2039; x_wconf 81' lang='lat' dir='ltr'>infusione</span> <span class='ocrx_word' id='word_1_254' title='bbox 832 2001 979 2036; x_wconf 89' lang='lat' dir='ltr'>invisibili</span> 
     </span>
     <span class='ocr_line' id='line_1_42' title="bbox 231 2050 981 2095; baseline 0 -9"><span class='ocrx_word' id='word_1_255' title='bbox 231 2063 306 2086; x_wconf 90' lang='lat' dir='ltr'>suae</span> <span class='ocrx_word' id='word_1_256' title='bbox 348 2050 541 2085; x_wconf 87' lang='lat' dir='ltr'>admirabilis</span> <span class='ocrx_word' id='word_1_257' title='bbox 575 2050 723 2085; x_wconf 87' lang='lat' dir='ltr'>claritatis</span> <span class='ocrx_word' id='word_1_258' title='bbox 757 2050 913 2095; x_wconf 84' lang='lat' dir='ltr'>illustrat,</span> <span class='ocrx_word' id='word_1_259' title='bbox 952 2060 981 2086; x_wconf 83' lang='lat' dir='ltr'>et</span> 
     </span>
     <span class='ocr_line' id='line_1_43' title="bbox 231 2099 981 2147; baseline -0.001 -12"><span class='ocrx_word' id='word_1_260' title='bbox 231 2111 328 2147; x_wconf 84' lang='lat' dir='ltr'>saepe</span> <span class='ocrx_word' id='word_1_261' title='bbox 351 2099 472 2134; x_wconf 91' lang='lat' dir='ltr'>nobiles</span> <span class='ocrx_word' id='word_1_262' title='bbox 506 2107 537 2134; x_wconf 91' lang='lat' dir='ltr'>et</span> <span class='ocrx_word' id='word_1_263' title='bbox 567 2107 708 2146; x_wconf 87' lang='lat' dir='ltr'>potentes</span> <span class='ocrx_word' id='word_1_264' title='bbox 743 2100 981 2135; x_wconf 85' lang='lat' dir='ltr'>micantioribus</span> 
     </span>
     <span class='ocr_line' id='line_1_44' title="bbox 232 2147 982 2194; baseline 0 -11"><span class='ocrx_word' id='word_1_265' title='bbox 232 2149 421 2194; x_wconf 86' lang='lat' dir='ltr'>contingens</span> <span class='ocrx_word' id='word_1_266' title='bbox 442 2147 549 2188; x_wconf 59' lang='lat' dir='ltr'>radiis,</span> <span class='ocrx_word' id='word_1_267' title='bbox 582 2148 612 2182; x_wconf 92' lang='lat' dir='ltr'>in</span> <span class='ocrx_word' id='word_1_268' title='bbox 646 2160 753 2183; x_wconf 89' lang='lat' dir='ltr'>eorum</span> <span class='ocrx_word' id='word_1_269' title='bbox 782 2158 905 2183; x_wconf 87' lang='lat' dir='ltr'>mentes</span> <span class='ocrx_word' id='word_1_270' title='bbox 932 2149 982 2183; x_wconf 92' lang='lat' dir='ltr'>lu-</span> 
     </span>
     <span class='ocr_line' id='line_1_45' title="bbox 233 2197 981 2244; baseline -0.001 -11"><span class='ocrx_word' id='word_1_271' title='bbox 233 2209 303 2233; x_wconf 92' lang='lat' dir='ltr'>cem</span> <span class='ocrx_word' id='word_1_272' title='bbox 329 2197 444 2243; x_wconf 85' lang='lat' dir='ltr'>ingerit</span> <span class='ocrx_word' id='word_1_273' title='bbox 467 2197 631 2242; x_wconf 87' lang='lat' dir='ltr'>potiorem:</span> <span class='ocrx_word' id='word_1_274' title='bbox 667 2209 722 2244; x_wconf 85' lang='lat' dir='ltr'>per</span> <span class='ocrx_word' id='word_1_275' title='bbox 757 2209 851 2244; x_wconf 89' lang='lat' dir='ltr'>quam</span> <span class='ocrx_word' id='word_1_276' title='bbox 886 2197 981 2232; x_wconf 90' lang='lat' dir='ltr'>iidem</span> 
     </span>
     <span class='ocr_line' id='line_1_46' title="bbox 234 2246 982 2292; baseline 0.001 -12"><span class='ocrx_word' id='word_1_277' title='bbox 234 2246 348 2282; x_wconf 86' lang='lat' dir='ltr'>intuitu</span> <span class='ocrx_word' id='word_1_278' title='bbox 381 2246 601 2292; x_wconf 82' lang='lat' dir='ltr'>perspicaciori</span> <span class='ocrx_word' id='word_1_279' title='bbox 634 2246 802 2281; x_wconf 88' lang='lat' dir='ltr'>sublimius</span> <span class='ocrx_word' id='word_1_280' title='bbox 840 2255 982 2282; x_wconf 86' lang='lat' dir='ltr'>contem-</span> 
     </span>
     <span class='ocr_line' id='line_1_47' title="bbox 236 2294 981 2342; baseline 0 -12"><span class='ocrx_word' id='word_1_281' title='bbox 236 2295 369 2342; x_wconf 75' lang='lat' dir='ltr'>plantes,</span> <span class='ocrx_word' id='word_1_282' title='bbox 396 2295 501 2329; x_wconf 85' lang='lat' dir='ltr'>altiora</span> <span class='ocrx_word' id='word_1_283' title='bbox 524 2294 654 2330; x_wconf 89' lang='lat' dir='ltr'>liberius</span> <span class='ocrx_word' id='word_1_284' title='bbox 686 2296 981 2342; x_wconf 76' lang='lat' dir='ltr'>comprehendunt,</span> 
     </span>
     <span class='ocr_line' id='line_1_48' title="bbox 235 2343 982 2391; baseline 0.001 -12"><span class='ocrx_word' id='word_1_285' title='bbox 235 2352 266 2379; x_wconf 83' lang='lat' dir='ltr'>et</span> <span class='ocrx_word' id='word_1_286' title='bbox 287 2343 416 2379; x_wconf 82' lang='lat' dir='ltr'>celsiora</span> <span class='ocrx_word' id='word_1_287' title='bbox 444 2344 536 2378; x_wconf 80' lang='lat' dir='ltr'>etiam</span> <span class='ocrx_word' id='word_1_288' title='bbox 559 2343 599 2378; x_wconf 90' lang='lat' dir='ltr'>de</span> <span class='ocrx_word' id='word_1_289' title='bbox 621 2343 672 2378; x_wconf 88' lang='lat' dir='ltr'>his</span> <span class='ocrx_word' id='word_1_290' title='bbox 693 2343 840 2379; x_wconf 86' lang='lat' dir='ltr'>subtilius</span> <span class='ocrx_word' id='word_1_291' title='bbox 861 2344 982 2391; x_wconf 89' lang='lat' dir='ltr'>eligunt</span> 
     </span>
     <span class='ocr_line' id='line_1_49' title="bbox 237 2392 982 2441; baseline 0 -13"><span class='ocrx_word' id='word_1_292' title='bbox 237 2401 267 2428; x_wconf 85' lang='lat' dir='ltr'>et</span> <span class='ocrx_word' id='word_1_293' title='bbox 287 2392 448 2428; x_wconf 79' lang='lat' dir='ltr'>ardentius</span> <span class='ocrx_word' id='word_1_294' title='bbox 469 2392 722 2439; x_wconf 84' lang='lat' dir='ltr'>amplectuntur:</span> <span class='ocrx_word' id='word_1_295' title='bbox 757 2393 834 2428; x_wconf 91' lang='lat' dir='ltr'>adeo</span> <span class='ocrx_word' id='word_1_296' title='bbox 873 2394 956 2441; x_wconf 90' lang='lat' dir='ltr'>quod</span> <span class='ocrx_word' id='word_1_297' title='bbox 974 2422 982 2435; x_wconf 90' lang='lat'>,</span> 
     </span>
     <span class='ocr_line' id='line_1_50' title="bbox 238 2442 985 2487; baseline 0.001 -11"><span class='ocrx_word' id='word_1_298' title='bbox 238 2442 327 2477; x_wconf 86' lang='lat' dir='ltr'>etad</span> <span class='ocrx_word' id='word_1_299' title='bbox 356 2454 481 2476; x_wconf 84' lang='lat' dir='ltr'>suavem</span> <span class='ocrx_word' id='word_1_300' title='bbox 504 2450 628 2487; x_wconf 82' lang='lat' dir='ltr'>gustum</span> <span class='ocrx_word' id='word_1_301' title='bbox 656 2449 686 2476; x_wconf 89' lang='lat' dir='ltr'>et</span> <span class='ocrx_word' id='word_1_302' title='bbox 712 2454 849 2477; x_wconf 89' lang='lat' dir='ltr'>amorem</span> <span class='ocrx_word' id='word_1_303' title='bbox 885 2443 985 2477; x_wconf 88' lang='lat' dir='ltr'>coele-</span> 
     </span>
     <span class='ocr_line' id='line_1_51' title="bbox 238 2490 984 2538; baseline 0.003 -13"><span class='ocrx_word' id='word_1_304' title='bbox 238 2490 333 2531; x_wconf 83' lang='lat' dir='ltr'>stium</span> <span class='ocrx_word' id='word_1_305' title='bbox 354 2490 432 2526; x_wconf 88' lang='lat' dir='ltr'>alios</span> <span class='ocrx_word' id='word_1_306' title='bbox 454 2503 512 2525; x_wconf 88' lang='lat' dir='ltr'>suo</span> <span class='ocrx_word' id='word_1_307' title='bbox 545 2491 672 2526; x_wconf 89' lang='lat' dir='ltr'>salutari</span> <span class='ocrx_word' id='word_1_308' title='bbox 706 2491 849 2538; x_wconf 86' lang='lat' dir='ltr'>exemplo</span> <span class='ocrx_word' id='word_1_309' title='bbox 888 2492 984 2527; x_wconf 80' lang='lat' dir='ltr'>velie-</span> 
     </span>
     <span class='ocr_line' id='line_1_52' title="bbox 239 2539 763 2574; baseline 0 0"><span class='ocrx_word' id='word_1_310' title='bbox 239 2547 361 2574; x_wconf 80' lang='lat' dir='ltr'>menter</span> <span class='ocrx_word' id='word_1_311' title='bbox 386 2540 525 2574; x_wconf 87' lang='lat' dir='ltr'>animant</span> <span class='ocrx_word' id='word_1_312' title='bbox 548 2548 576 2574; x_wconf 91' lang='lat' dir='ltr'>et</span> <span class='ocrx_word' id='word_1_313' title='bbox 600 2539 763 2574; x_wconf 88' lang='lat' dir='ltr'>inducunt.</span> 
     </span>
    </p>

    <p class='ocr_par' dir='ltr' id='par_1_7' title="bbox 288 2587 985 2637">
     <span class='ocr_line' id='line_1_53' title="bbox 288 2587 985 2637; baseline 0.001 -14"><span class='ocrx_word' id='word_1_314' title='bbox 288 2587 356 2635; x_wconf 64' lang='lat'>32.</span> <span class='ocrx_word' id='word_1_315' title='bbox 384 2588 450 2624; x_wconf 88' lang='lat' dir='ltr'>Hac</span> <span class='ocrx_word' id='word_1_316' title='bbox 472 2589 626 2637; x_wconf 89' lang='lat' dir='ltr'>siquidem</span> <span class='ocrx_word' id='word_1_317' title='bbox 649 2589 717 2624; x_wconf 90' lang='lat' dir='ltr'>luce</span> <span class='ocrx_word' id='word_1_318' title='bbox 754 2589 871 2636; x_wconf 86' lang='lat' dir='ltr'>profusi</span> <span class='ocrx_word' id='word_1_319' title='bbox 902 2590 985 2624; x_wconf 89' lang='lat' dir='ltr'>nobi-</span> 
     </span>
    </p>
   </div>
   <div class='ocr_carea' id='block_1_7' title="bbox 1021 231 1966 339">
    <p class='ocr_par' dir='ltr' id='par_1_8' title="bbox 1021 231 1966 339">
     <span class='ocr_line' id='line_1_54' title="bbox 1651 231 1962 272; baseline 0.006 -4"><span class='ocrx_word' id='word_1_320' title='bbox 1651 231 1720 264; x_wconf 78' lang='grc'>677</span> <span class='ocrx_word' id='word_1_321' title='bbox 1786 243 1833 269; x_wconf 74' lang='lat' dir='ltr'>An.</span> <span class='ocrx_word' id='word_1_322' title='bbox 1852 243 1879 270; x_wconf 86' lang='lat' dir='ltr'>c.</span> <span class='ocrx_word' id='word_1_323' title='bbox 1901 244 1962 272; x_wconf 69' lang='lat' dir='ltr'>iaci</span> 
     </span>
     <span class='ocr_line' id='line_1_55' title="bbox 1021 291 1966 339; baseline 0.004 -13"><span class='ocrx_word' id='word_1_324' title='bbox 1021 292 1066 327; x_wconf 88' lang='lat' dir='ltr'>les</span> <span class='ocrx_word' id='word_1_325' title='bbox 1088 292 1142 327; x_wconf 91' lang='lat' dir='ltr'>viri</span> <span class='ocrx_word' id='word_1_326' title='bbox 1158 291 1385 339; x_wconf 82' lang='lat' dir='ltr'>Lodderengus</span> <span class='ocrx_word' id='word_1_327' title='bbox 1419 293 1459 329; x_wconf 91' lang='lat' dir='ltr'>de</span> <span class='ocrx_word' id='word_1_328' title='bbox 1490 294 1624 337; x_wconf 81' lang='lat' dir='ltr'>Andalo,</span> <span class='ocrx_word' id='word_1_329' title='bbox 1664 296 1771 332; x_wconf 86' lang='lat' dir='ltr'>Grua-</span> <span class='ocrx_word' id='word_1_330' title='bbox 1798 303 1811 323; x_wconf 81' lang='grc' dir='ltr'><strong>Α</strong></span> <span class='ocrx_word' id='word_1_331' title='bbox 1829 303 1966 330; x_wconf 67' lang='lat' dir='ltr'>quibu-hm</span> 
     </span>
    </p>
   </div>
   <div class='ocr_carea' id='block_1_8' title="bbox 1020 337 1968 2640">
    <p class='ocr_par' dir='ltr' id='par_1_9' title="bbox 1021 337 1967 537">
     <span class='ocr_line' id='line_1_56' title="bbox 1022 337 1965 392; baseline 0.012 -16"><span class='ocrx_word' id='word_1_332' title='bbox 1022 353 1113 377; x_wconf 91' lang='lat' dir='ltr'>mons</span> <span class='ocrx_word' id='word_1_333' title='bbox 1135 341 1174 376; x_wconf 88' lang='lat' dir='ltr'>de</span> <span class='ocrx_word' id='word_1_334' title='bbox 1197 340 1405 377; x_wconf 88' lang='lat' dir='ltr'>Cazanimicis</span> <span class='ocrx_word' id='word_1_335' title='bbox 1427 343 1513 379; x_wconf 89' lang='lat' dir='ltr'>cives</span> <span class='ocrx_word' id='word_1_336' title='bbox 1538 343 1770 386; x_wconf 84' lang='lat' dir='ltr'>Bononienses,</span> <span class='ocrx_word' id='word_1_337' title='bbox 1784 337 1965 392; x_wconf 56' lang='lat' dir='ltr'>›iil23,¹2‡{‚&#39;²,⁰33</span> 
     </span>
     <span class='ocr_line' id='line_1_57' title="bbox 1021 390 1967 445; baseline 0.006 -19"><span class='ocrx_word' id='word_1_338' title='bbox 1021 390 1170 426; x_wconf 86' lang='lat' dir='ltr'>Scelanca</span> <span class='ocrx_word' id='word_1_339' title='bbox 1193 390 1269 426; x_wconf 88' lang='lat' dir='ltr'>civis</span> <span class='ocrx_word' id='word_1_340' title='bbox 1283 392 1433 437; x_wconf 76' lang='lat' dir='ltr'>Reginus,</span> <span class='ocrx_word' id='word_1_341' title='bbox 1455 392 1633 440; x_wconf 79' lang='lat' dir='ltr'>Raynerius</span> <span class='ocrx_word' id='word_1_342' title='bbox 1645 394 1770 430; x_wconf 84' lang='lat' dir='ltr'>deAde-</span> <span class='ocrx_word' id='word_1_343' title='bbox 1784 396 1869 445; x_wconf 37' lang='lat'>‘52¹³‘</span> <span class='ocrx_word' id='word_1_344' title='bbox 1885 401 1896 414; x_wconf 78' lang='lat'><strong>⁸</strong></span> <span class='ocrx_word' id='word_1_345' title='bbox 1911 394 1967 420; x_wconf 63' lang='grc' dir='ltr'>ΡΨ*</span> 
     </span>
     <span class='ocr_line' id='line_1_58' title="bbox 1021 431 1870 490; baseline 0.007 -16"><span class='ocrx_word' id='word_1_346' title='bbox 1021 439 1118 474; x_wconf 89' lang='lat' dir='ltr'>lardis</span> <span class='ocrx_word' id='word_1_347' title='bbox 1139 440 1215 475; x_wconf 90' lang='lat' dir='ltr'>civis</span> <span class='ocrx_word' id='word_1_348' title='bbox 1226 440 1395 485; x_wconf 89' lang='lat' dir='ltr'>Mutinen.,</span> <span class='ocrx_word' id='word_1_349' title='bbox 1411 448 1442 476; x_wconf 90' lang='lat' dir='ltr'>et</span> <span class='ocrx_word' id='word_1_350' title='bbox 1463 442 1514 477; x_wconf 88' lang='lat' dir='ltr'>alii</span> <span class='ocrx_word' id='word_1_351' title='bbox 1536 442 1643 490; x_wconf 87' lang='lat' dir='ltr'>plures</span> <span class='ocrx_word' id='word_1_352' title='bbox 1664 443 1704 479; x_wconf 92' lang='lat' dir='ltr'>de</span> <span class='ocrx_word' id='word_1_353' title='bbox 1725 444 1772 479; x_wconf 87' lang='lat' dir='ltr'>ci·</span> <span class='ocrx_word' id='word_1_354' title='bbox 1784 431 1870 451; x_wconf 47' lang='lat' dir='ltr'>pem*</span> 
     </span>
     <span class='ocr_line' id='line_1_59' title="bbox 1023 489 1767 537; baseline 0.005 -14"><span class='ocrx_word' id='word_1_355' title='bbox 1023 489 1166 524; x_wconf 88' lang='lat' dir='ltr'>vitatibus</span> <span class='ocrx_word' id='word_1_356' title='bbox 1198 489 1400 534; x_wconf 88' lang='lat' dir='ltr'>eorumdem,</span> <span class='ocrx_word' id='word_1_357' title='bbox 1433 491 1485 537; x_wconf 93' lang='lat' dir='ltr'>qui</span> <span class='ocrx_word' id='word_1_358' title='bbox 1518 491 1612 527; x_wconf 87' lang='lat' dir='ltr'>buius</span> <span class='ocrx_word' id='word_1_359' title='bbox 1652 493 1767 529; x_wconf 86' lang='lat' dir='ltr'>saeculi</span> 
     </span>
    </p>

    <p class='ocr_par' dir='ltr' id='par_1_10' title="bbox 1022 538 1771 584">
     <span class='ocr_line' id='line_1_60' title="bbox 1022 538 1771 584; baseline 0.007 -11"><span class='ocrx_word' id='word_1_360' title='bbox 1022 538 1134 584; x_wconf 88' lang='lat' dir='ltr'>spretis</span> <span class='ocrx_word' id='word_1_361' title='bbox 1156 538 1356 579; x_wconf 82' lang='lat' dir='ltr'>vanitatibus,</span> <span class='ocrx_word' id='word_1_362' title='bbox 1380 539 1410 573; x_wconf 89' lang='lat' dir='ltr'>in</span> <span class='ocrx_word' id='word_1_363' title='bbox 1432 540 1495 574; x_wconf 82' lang='lat' dir='ltr'>otio</span> <span class='ocrx_word' id='word_1_364' title='bbox 1513 540 1615 576; x_wconf 87' lang='lat' dir='ltr'>dulcis</span> <span class='ocrx_word' id='word_1_365' title='bbox 1633 550 1771 578; x_wconf 87' lang='lat' dir='ltr'>contem·</span> 
     </span>
    </p>

    <p class='ocr_par' dir='ltr' id='par_1_11' title="bbox 1022 586 1771 635">
     <span class='ocr_line' id='line_1_61' title="bbox 1022 586 1771 635; baseline 0.008 -14"><span class='ocrx_word' id='word_1_366' title='bbox 1022 587 1169 634; x_wconf 87' lang='lat' dir='ltr'>plationis</span> <span class='ocrx_word' id='word_1_367' title='bbox 1186 586 1303 622; x_wconf 91' lang='lat' dir='ltr'>divinis</span> <span class='ocrx_word' id='word_1_368' title='bbox 1324 596 1559 635; x_wconf 86' lang='lat' dir='ltr'>perseveranter</span> <span class='ocrx_word' id='word_1_369' title='bbox 1580 601 1689 626; x_wconf 88' lang='lat' dir='ltr'>vacare</span> <span class='ocrx_word' id='word_1_370' title='bbox 1707 592 1771 627; x_wconf 91' lang='lat' dir='ltr'>lau-</span> 
     </span>
    </p>

    <p class='ocr_par' dir='ltr' id='par_1_12' title="bbox 1022 636 1771 684">
     <span class='ocr_line' id='line_1_62' title="bbox 1022 636 1771 684; baseline 0.008 -14"><span class='ocrx_word' id='word_1_371' title='bbox 1022 636 1114 671; x_wconf 86' lang='lat' dir='ltr'>dibus</span> <span class='ocrx_word' id='word_1_372' title='bbox 1131 636 1261 671; x_wconf 88' lang='lat' dir='ltr'>ferventi</span> <span class='ocrx_word' id='word_1_373' title='bbox 1284 637 1393 684; x_wconf 89' lang='lat' dir='ltr'>spiritu</span> <span class='ocrx_word' id='word_1_374' title='bbox 1415 646 1579 684; x_wconf 83' lang='lat' dir='ltr'>appetunt,</span> <span class='ocrx_word' id='word_1_375' title='bbox 1606 639 1697 676; x_wconf 90' lang='lat' dir='ltr'>nobis</span> <span class='ocrx_word' id='word_1_376' title='bbox 1719 641 1771 676; x_wconf 88' lang='lat' dir='ltr'>de-</span> 
     </span>
    </p>

    <p class='ocr_par' dir='ltr' id='par_1_13' title="bbox 1022 685 1770 733">
     <span class='ocr_line' id='line_1_63' title="bbox 1022 685 1770 733; baseline 0.009 -15"><span class='ocrx_word' id='word_1_377' title='bbox 1022 692 1091 720; x_wconf 90' lang='lat' dir='ltr'>vote</span> <span class='ocrx_word' id='word_1_378' title='bbox 1113 697 1148 719; x_wconf 91' lang='lat' dir='ltr'>ac</span> <span class='ocrx_word' id='word_1_379' title='bbox 1175 685 1336 720; x_wconf 85' lang='lat' dir='ltr'>humiliter</span> <span class='ocrx_word' id='word_1_380' title='bbox 1362 685 1593 733; x_wconf 55' lang='lat' dir='ltr'>supplicarint,</span> <span class='ocrx_word' id='word_1_381' title='bbox 1620 696 1654 722; x_wconf 91' lang='lat' dir='ltr'>ut</span> <span class='ocrx_word' id='word_1_382' title='bbox 1675 689 1721 724; x_wconf 91' lang='lat' dir='ltr'>eis</span> <span class='ocrx_word' id='word_1_383' title='bbox 1739 698 1770 725; x_wconf 91' lang='lat' dir='ltr'>et</span> 
     </span>
    </p>

    <p class='ocr_par' dir='ltr' id='par_1_14' title="bbox 1021 734 1771 784">
     <span class='ocr_line' id='line_1_64' title="bbox 1021 734 1771 784; baseline 0.007 -16"><span class='ocrx_word' id='word_1_384' title='bbox 1021 734 1168 769; x_wconf 89' lang='lat' dir='ltr'>omnibus</span> <span class='ocrx_word' id='word_1_385' title='bbox 1189 734 1340 782; x_wconf 86' lang='lat' dir='ltr'>inclytum</span> <span class='ocrx_word' id='word_1_386' title='bbox 1363 735 1489 770; x_wconf 87' lang='lat' dir='ltr'>Christo</span> <span class='ocrx_word' id='word_1_387' title='bbox 1510 748 1583 771; x_wconf 84' lang='lat' dir='ltr'>cum</span> <span class='ocrx_word' id='word_1_388' title='bbox 1605 737 1680 784; x_wconf 88' lang='lat' dir='ltr'>ipsis</span> <span class='ocrx_word' id='word_1_389' title='bbox 1713 751 1771 773; x_wconf 77' lang='lat' dir='ltr'>cu-</span> 
     </span>
    </p>

    <p class='ocr_par' dir='ltr' id='par_1_15' title="bbox 1023 783 1769 834">
     <span class='ocr_line' id='line_1_65' title="bbox 1023 783 1769 834; baseline 0.007 -17"><span class='ocrx_word' id='word_1_390' title='bbox 1023 783 1181 830; x_wconf 88' lang='lat' dir='ltr'>pientibus</span> <span class='ocrx_word' id='word_1_391' title='bbox 1208 783 1390 831; x_wconf 87' lang='lat' dir='ltr'>impendere</span> <span class='ocrx_word' id='word_1_392' title='bbox 1416 784 1612 829; x_wconf 80' lang='lat' dir='ltr'>famulatum,</span> <span class='ocrx_word' id='word_1_393' title='bbox 1635 786 1769 834; x_wconf 86' lang='lat' dir='ltr'>aliquam</span> 
     </span>
    </p>

    <p class='ocr_par' dir='ltr' id='par_1_16' title="bbox 1021 833 1771 882">
     <span class='ocr_line' id='line_1_66' title="bbox 1021 833 1771 882; baseline 0.007 -16"><span class='ocrx_word' id='word_1_394' title='bbox 1021 839 1136 866; x_wconf 88' lang='lat' dir='ltr'>certam</span> <span class='ocrx_word' id='word_1_395' title='bbox 1164 833 1318 878; x_wconf 89' lang='lat' dir='ltr'>regulam,</span> <span class='ocrx_word' id='word_1_396' title='bbox 1344 844 1400 868; x_wconf 90' lang='lat' dir='ltr'>seu</span> <span class='ocrx_word' id='word_1_397' title='bbox 1423 833 1549 868; x_wconf 90' lang='lat' dir='ltr'>vivendi</span> <span class='ocrx_word' id='word_1_398' title='bbox 1588 835 1771 882; x_wconf 81' lang='lat' dir='ltr'>regulariter</span> 
     </span>
    </p>

    <p class='ocr_par' dir='ltr' id='par_1_17' title="bbox 1023 880 1771 928">
     <span class='ocr_line' id='line_1_67' title="bbox 1023 880 1771 928; baseline 0.008 -14"><span class='ocrx_word' id='word_1_399' title='bbox 1023 880 1185 915; x_wconf 88' lang='lat' dir='ltr'>formulam</span> <span class='ocrx_word' id='word_1_400' title='bbox 1202 881 1382 928; x_wconf 79' lang='lat' dir='ltr'>specialem,</span> <span class='ocrx_word' id='word_1_401' title='bbox 1400 881 1460 916; x_wconf 89' lang='lat' dir='ltr'>sub</span> <span class='ocrx_word' id='word_1_402' title='bbox 1473 883 1563 918; x_wconf 84' lang='lat' dir='ltr'>cuius</span> <span class='ocrx_word' id='word_1_403' title='bbox 1577 883 1771 920; x_wconf 87' lang='lat' dir='ltr'>observantia</span> 
     </span>
    </p>

    <p class='ocr_par' dir='ltr' id='par_1_18' title="bbox 1021 929 1771 980">
     <span class='ocr_line' id='line_1_68' title="bbox 1021 929 1771 980; baseline 0.008 -17"><span class='ocrx_word' id='word_1_404' title='bbox 1021 929 1138 964; x_wconf 88' lang='lat' dir='ltr'>salubri</span> <span class='ocrx_word' id='word_1_405' title='bbox 1162 930 1309 964; x_wconf 88' lang='lat' dir='ltr'>virtutum</span> <span class='ocrx_word' id='word_1_406' title='bbox 1338 930 1474 966; x_wconf 92' lang='lat' dir='ltr'>Domino</span> <span class='ocrx_word' id='word_1_407' title='bbox 1505 932 1606 973; x_wconf 75' lang='lat' dir='ltr'>magis</span> <span class='ocrx_word' id='word_1_408' title='bbox 1648 933 1771 980; x_wconf 85' lang='lat' dir='ltr'>placere</span> 
     </span>
    </p>

    <p class='ocr_par' dir='ltr' id='par_1_19' title="bbox 1023 979 1768 1018">
     <span class='ocr_line' id='line_1_69' title="bbox 1023 979 1768 1018; baseline 0.008 -6"><span class='ocrx_word' id='word_1_409' title='bbox 1023 979 1153 1018; x_wconf 86' lang='lat' dir='ltr'>valeant,</span> <span class='ocrx_word' id='word_1_410' title='bbox 1176 986 1314 1014; x_wconf 88' lang='lat' dir='ltr'>statuere</span> <span class='ocrx_word' id='word_1_411' title='bbox 1336 991 1372 1014; x_wconf 86' lang='lat' dir='ltr'>ac</span> <span class='ocrx_word' id='word_1_412' title='bbox 1400 979 1537 1016; x_wconf 88' lang='lat' dir='ltr'>condere</span> <span class='ocrx_word' id='word_1_413' title='bbox 1576 994 1768 1018; x_wconf 87' lang='lat' dir='ltr'>curaremus.</span> 
     </span>
    </p>

    <p class='ocr_par' dir='ltr' id='par_1_20' title="bbox 1020 1027 1968 1757">
     <span class='ocr_line' id='line_1_70' title="bbox 1070 1027 1968 1079; baseline 0.009 -18"><span class='ocrx_word' id='word_1_414' title='bbox 1070 1027 1090 1073; x_wconf 66' lang='lat' dir='ltr'>g</span> <span class='ocrx_word' id='word_1_415' title='bbox 1117 1029 1150 1061; x_wconf 79' lang='lat'>5.</span> <span class='ocrx_word' id='word_1_416' title='bbox 1174 1027 1239 1062; x_wconf 90' lang='lat' dir='ltr'>Nos</span> <span class='ocrx_word' id='word_1_417' title='bbox 1266 1028 1371 1075; x_wconf 88' lang='lat' dir='ltr'>itaque</span> <span class='ocrx_word' id='word_1_418' title='bbox 1405 1028 1464 1076; x_wconf 89' lang='lat' dir='ltr'>piis</span> <span class='ocrx_word' id='word_1_419' title='bbox 1497 1041 1606 1065; x_wconf 91' lang='lat' dir='ltr'>eorum</span> <span class='ocrx_word' id='word_1_420' title='bbox 1639 1031 1770 1079; x_wconf 85' lang='lat' dir='ltr'>suppli-</span> <span class='ocrx_word' id='word_1_421' title='bbox 1793 1040 1870 1061; x_wconf 64' lang='lat' dir='ltr'>Nomen</span> <span class='ocrx_word' id='word_1_422' title='bbox 1881 1040 1968 1063; x_wconf 70' lang='lat' dir='ltr'>Militiae</span> 
     </span>
     <span class='ocr_line' id='line_1_71' title="bbox 1021 1072 1853 1116; baseline 0.01 -7"><span class='ocrx_word' id='word_1_423' title='bbox 1021 1075 1200 1110; x_wconf 87' lang='lat' dir='ltr'>cationibus</span> <span class='ocrx_word' id='word_1_424' title='bbox 1219 1084 1250 1111; x_wconf 86' lang='lat' dir='ltr'>et</span> <span class='ocrx_word' id='word_1_425' title='bbox 1271 1077 1449 1112; x_wconf 89' lang='lat' dir='ltr'>salubribus</span> <span class='ocrx_word' id='word_1_426' title='bbox 1470 1077 1634 1115; x_wconf 85' lang='lat' dir='ltr'>de&#39;sideriis</span> <span class='ocrx_word' id='word_1_427' title='bbox 1654 1080 1768 1116; x_wconf 40' lang='lat' dir='ltr'>savora*</span> <span class='ocrx_word' id='word_1_428' title='bbox 1784 1072 1853 1098; x_wconf 47' lang='grc' dir='ltr'>ω’*</span> 
     </span>
     <span class='ocr_line' id='line_1_72' title="bbox 1022 1124 1767 1176; baseline 0.009 -18"><span class='ocrx_word' id='word_1_429' title='bbox 1022 1124 1126 1159; x_wconf 89' lang='lat' dir='ltr'>biliter</span> <span class='ocrx_word' id='word_1_430' title='bbox 1145 1133 1332 1170; x_wconf 82' lang='lat' dir='ltr'>annuentes,</span> <span class='ocrx_word' id='word_1_431' title='bbox 1360 1126 1591 1175; x_wconf 84' lang='lat' dir='ltr'>infrascriptam</span> <span class='ocrx_word' id='word_1_432' title='bbox 1629 1129 1767 1176; x_wconf 86' lang='lat' dir='ltr'>regulam</span> 
     </span>
     <span class='ocr_line' id='line_1_73' title="bbox 1021 1173 1771 1222; baseline 0.009 -15"><span class='ocrx_word' id='word_1_433' title='bbox 1021 1173 1161 1208; x_wconf 88' lang='lat' dir='ltr'>studiose</span> <span class='ocrx_word' id='word_1_434' title='bbox 1193 1175 1400 1221; x_wconf 88' lang='lat' dir='ltr'>compositam</span> <span class='ocrx_word' id='word_1_435' title='bbox 1440 1177 1584 1222; x_wconf 88' lang='lat' dir='ltr'>praefatis</span> <span class='ocrx_word' id='word_1_436' title='bbox 1613 1178 1771 1214; x_wconf 90' lang='lat' dir='ltr'>nobilibus</span> 
     </span>
     <span class='ocr_line' id='line_1_74' title="bbox 1021 1221 1771 1275; baseline 0.011 -20"><span class='ocrx_word' id='word_1_437' title='bbox 1021 1221 1235 1268; x_wconf 88' lang='lat' dir='ltr'>omnibusque</span> <span class='ocrx_word' id='word_1_438' title='bbox 1258 1223 1339 1258; x_wconf 90' lang='lat' dir='ltr'>illam</span> <span class='ocrx_word' id='word_1_439' title='bbox 1368 1225 1520 1271; x_wconf 79' lang='lat' dir='ltr'>profiteri,</span> <span class='ocrx_word' id='word_1_440' title='bbox 1554 1234 1585 1261; x_wconf 91' lang='lat' dir='ltr'>et</span> <span class='ocrx_word' id='word_1_441' title='bbox 1610 1227 1669 1262; x_wconf 92' lang='lat' dir='ltr'>sub</span> <span class='ocrx_word' id='word_1_442' title='bbox 1704 1227 1771 1275; x_wconf 89' lang='lat' dir='ltr'>ipsa</span> 
     </span>
     <span class='ocr_line' id='line_1_75' title="bbox 1022 1270 1772 1321; baseline 0.011 -17"><span class='ocrx_word' id='word_1_443' title='bbox 1022 1270 1136 1305; x_wconf 89' lang='lat' dir='ltr'>divinis</span> <span class='ocrx_word' id='word_1_444' title='bbox 1164 1271 1295 1307; x_wconf 91' lang='lat' dir='ltr'>omnino</span> <span class='ocrx_word' id='word_1_445' title='bbox 1325 1285 1360 1307; x_wconf 88' lang='lat' dir='ltr'>se</span> <span class='ocrx_word' id='word_1_446' title='bbox 1399 1273 1602 1321; x_wconf 87' lang='lat' dir='ltr'>beneplacitis</span> <span class='ocrx_word' id='word_1_447' title='bbox 1626 1275 1772 1312; x_wconf 90' lang='lat' dir='ltr'>dedicare</span> 
     </span>
     <span class='ocr_line' id='line_1_76' title="bbox 1022 1319 1771 1364; baseline 0.009 -11"><span class='ocrx_word' id='word_1_448' title='bbox 1022 1319 1213 1364; x_wconf 83' lang='lat' dir='ltr'>volentibus,</span> <span class='ocrx_word' id='word_1_449' title='bbox 1241 1320 1279 1354; x_wconf 92' lang='lat' dir='ltr'>de</span> <span class='ocrx_word' id='word_1_450' title='bbox 1311 1321 1442 1356; x_wconf 78' lang='lat' dir='ltr'>fratrum</span> <span class='ocrx_word' id='word_1_451' title='bbox 1476 1332 1652 1359; x_wconf 90' lang='lat' dir='ltr'>nostrorum</span> <span class='ocrx_word' id='word_1_452' title='bbox 1687 1337 1771 1360; x_wconf 90' lang='lat' dir='ltr'>con-</span> 
     </span>
     <span class='ocr_line' id='line_1_77' title="bbox 1021 1368 1769 1417; baseline 0.008 -15"><span class='ocrx_word' id='word_1_453' title='bbox 1021 1368 1090 1403; x_wconf 87' lang='lat' dir='ltr'>silio</span> <span class='ocrx_word' id='word_1_454' title='bbox 1113 1370 1275 1416; x_wconf 87' lang='lat' dir='ltr'>perpetuis</span> <span class='ocrx_word' id='word_1_455' title='bbox 1309 1370 1504 1417; x_wconf 90' lang='lat' dir='ltr'>temporibus</span> <span class='ocrx_word' id='word_1_456' title='bbox 1530 1372 1769 1408; x_wconf 88' lang='lat' dir='ltr'>observandam:</span> 
     </span>
     <span class='ocr_line' id='line_1_78' title="bbox 1021 1418 1772 1467; baseline 0.011 -17"><span class='ocrx_word' id='word_1_457' title='bbox 1021 1429 1115 1463; x_wconf 90' lang='lat' dir='ltr'>quam</span> <span class='ocrx_word' id='word_1_458' title='bbox 1139 1418 1247 1464; x_wconf 90' lang='lat' dir='ltr'>utique</span> <span class='ocrx_word' id='word_1_459' title='bbox 1269 1418 1412 1464; x_wconf 87' lang='lat' dir='ltr'>regulam</span> <span class='ocrx_word' id='word_1_460' title='bbox 1442 1421 1593 1467; x_wconf 88' lang='lat' dir='ltr'>appellari</span> <span class='ocrx_word' id='word_1_461' title='bbox 1626 1422 1772 1458; x_wconf 89' lang='lat' dir='ltr'>volumus</span> 
     </span>
     <span class='ocr_line' id='line_1_79' title="bbox 1021 1466 1771 1518; baseline 0.009 -19"><span class='ocrx_word' id='word_1_462' title='bbox 1021 1466 1163 1500; x_wconf 90' lang='lat' dir='ltr'>ordinem</span> <span class='ocrx_word' id='word_1_463' title='bbox 1186 1466 1315 1502; x_wconf 89' lang='lat' dir='ltr'>Militiae</span> <span class='ocrx_word' id='word_1_464' title='bbox 1341 1467 1456 1502; x_wconf 85' lang='lat' dir='ltr'>Beatae</span> <span class='ocrx_word' id='word_1_465' title='bbox 1485 1470 1602 1504; x_wconf 85' lang='lat' dir='ltr'>Mariae</span> <span class='ocrx_word' id='word_1_466' title='bbox 1634 1470 1771 1518; x_wconf 84' lang='lat' dir='ltr'>Virginis</span> 
     </span>
     <span class='ocr_line' id='line_1_80' title="bbox 1020 1514 1772 1563; baseline 0.009 -15"><span class='ocrx_word' id='word_1_467' title='bbox 1020 1514 1186 1560; x_wconf 83' lang='lat' dir='ltr'>gloriosae,</span> <span class='ocrx_word' id='word_1_468' title='bbox 1217 1523 1250 1550; x_wconf 84' lang='lat' dir='ltr'>ut</span> <span class='ocrx_word' id='word_1_469' title='bbox 1279 1516 1333 1562; x_wconf 89' lang='lat' dir='ltr'>qui</span> <span class='ocrx_word' id='word_1_470' title='bbox 1368 1517 1499 1563; x_wconf 87' lang='lat' dir='ltr'>professi</span> <span class='ocrx_word' id='word_1_471' title='bbox 1535 1519 1653 1554; x_wconf 88' lang='lat' dir='ltr'>fuerint</span> <span class='ocrx_word' id='word_1_472' title='bbox 1691 1521 1772 1556; x_wconf 89' lang='lat' dir='ltr'>hanc</span> 
     </span>
     <span class='ocr_line' id='line_1_81' title="bbox 1021 1563 1771 1616; baseline 0.011 -19"><span class='ocrx_word' id='word_1_473' title='bbox 1021 1563 1175 1609; x_wconf 85' lang='lat' dir='ltr'>regulam,</span> <span class='ocrx_word' id='word_1_474' title='bbox 1212 1572 1370 1612; x_wconf 89' lang='lat' dir='ltr'>tamquam</span> <span class='ocrx_word' id='word_1_475' title='bbox 1405 1566 1532 1613; x_wconf 87' lang='lat' dir='ltr'>speciali</span> <span class='ocrx_word' id='word_1_476' title='bbox 1567 1576 1597 1603; x_wconf 91' lang='lat' dir='ltr'>et</span> <span class='ocrx_word' id='word_1_477' title='bbox 1619 1577 1771 1616; x_wconf 89' lang='lat' dir='ltr'>perpetuo</span> 
     </span>
     <span class='ocr_line' id='line_1_82' title="bbox 1021 1612 1772 1662; baseline 0.009 -16"><span class='ocrx_word' id='word_1_478' title='bbox 1021 1612 1185 1658; x_wconf 84' lang='lat' dir='ltr'>designato</span> <span class='ocrx_word' id='word_1_479' title='bbox 1203 1613 1312 1648; x_wconf 89' lang='lat' dir='ltr'>ordine</span> <span class='ocrx_word' id='word_1_480' title='bbox 1334 1613 1435 1649; x_wconf 87' lang='lat' dir='ltr'>taliter</span> <span class='ocrx_word' id='word_1_481' title='bbox 1463 1625 1696 1662; x_wconf 89' lang='lat' dir='ltr'>nuncupentur,</span> <span class='ocrx_word' id='word_1_482' title='bbox 1723 1619 1772 1653; x_wconf 93' lang='lat' dir='ltr'>vi-</span> 
     </span>
     <span class='ocr_line' id='line_1_83' title="bbox 1021 1660 1772 1701; baseline 0.009 -6"><span class='ocrx_word' id='word_1_483' title='bbox 1021 1660 1133 1696; x_wconf 88' lang='lat' dir='ltr'>delicet</span> <span class='ocrx_word' id='word_1_484' title='bbox 1156 1662 1265 1697; x_wconf 85' lang='lat' dir='ltr'>fratres</span> <span class='ocrx_word' id='word_1_485' title='bbox 1287 1661 1406 1698; x_wconf 90' lang='lat' dir='ltr'>ordinis</span> <span class='ocrx_word' id='word_1_486' title='bbox 1427 1663 1554 1700; x_wconf 83' lang='lat' dir='ltr'>Militiae</span> <span class='ocrx_word' id='word_1_487' title='bbox 1573 1665 1687 1701; x_wconf 89' lang='lat' dir='ltr'>Beatae</span> <span class='ocrx_word' id='word_1_488' title='bbox 1708 1667 1772 1701; x_wconf 88' lang='lat' dir='ltr'>Ma·</span> 
     </span>
     <span class='ocr_line' id='line_1_84' title="bbox 1023 1709 1431 1757; baseline 0.007 -14"><span class='ocrx_word' id='word_1_489' title='bbox 1023 1709 1084 1744; x_wconf 89' lang='lat' dir='ltr'>riae</span> <span class='ocrx_word' id='word_1_490' title='bbox 1105 1710 1244 1756; x_wconf 84' lang='lat' dir='ltr'>Virginis</span> <span class='ocrx_word' id='word_1_491' title='bbox 1264 1711 1431 1757; x_wconf 80' lang='lat' dir='ltr'>gloriosae.</span> 
     </span>
    </p>

    <p class='ocr_par' dir='ltr' id='par_1_21' title="bbox 1021 1759 1772 2640">
     <span class='ocr_line' id='line_1_85' title="bbox 1070 1759 1772 1807; baseline 0.009 -14"><span class='ocrx_word' id='word_1_492' title='bbox 1070 1759 1091 1805; x_wconf 62' lang='grc' dir='ltr'><strong>ἓ</strong></span> <span class='ocrx_word' id='word_1_493' title='bbox 1112 1763 1144 1793; x_wconf 77' lang='grc'>4.</span> <span class='ocrx_word' id='word_1_494' title='bbox 1168 1759 1289 1805; x_wconf 86' lang='lat' dir='ltr'>Regula</span> <span class='ocrx_word' id='word_1_495' title='bbox 1319 1771 1390 1795; x_wconf 89' lang='lat' dir='ltr'>vero</span> <span class='ocrx_word' id='word_1_496' title='bbox 1411 1760 1480 1796; x_wconf 89' lang='lat' dir='ltr'>talis</span> <span class='ocrx_word' id='word_1_497' title='bbox 1500 1770 1556 1797; x_wconf 88' lang='lat' dir='ltr'>est:</span> <span class='ocrx_word' id='word_1_498' title='bbox 1581 1763 1700 1807; x_wconf 86' lang='lat' dir='ltr'>fratres,</span> <span class='ocrx_word' id='word_1_499' title='bbox 1716 1765 1772 1799; x_wconf 90' lang='lat' dir='ltr'>mi-</span> 
     </span>
     <span class='ocr_line' id='line_1_86' title="bbox 1022 1807 1771 1857; baseline 0.009 -16"><span class='ocrx_word' id='word_1_500' title='bbox 1022 1807 1102 1852; x_wconf 90' lang='lat' dir='ltr'>lites,</span> <span class='ocrx_word' id='word_1_501' title='bbox 1124 1808 1227 1843; x_wconf 89' lang='lat' dir='ltr'>clerici</span> <span class='ocrx_word' id='word_1_502' title='bbox 1256 1816 1285 1843; x_wconf 90' lang='lat' dir='ltr'>et</span> <span class='ocrx_word' id='word_1_503' title='bbox 1306 1808 1390 1850; x_wconf 89' lang='lat' dir='ltr'>laici,</span> <span class='ocrx_word' id='word_1_504' title='bbox 1417 1810 1471 1857; x_wconf 93' lang='lat' dir='ltr'>qui</span> <span class='ocrx_word' id='word_1_505' title='bbox 1502 1811 1533 1845; x_wconf 92' lang='lat' dir='ltr'>in</span> <span class='ocrx_word' id='word_1_506' title='bbox 1565 1813 1771 1848; x_wconf 89' lang='lat' dir='ltr'>conventibus</span> 
     </span>
     <span class='ocr_line' id='line_1_87' title="bbox 1021 1856 1771 1898; baseline 0.009 -8"><span class='ocrx_word' id='word_1_507' title='bbox 1021 1868 1077 1890; x_wconf 88' lang='lat' dir='ltr'>seu</span> <span class='ocrx_word' id='word_1_508' title='bbox 1103 1856 1366 1892; x_wconf 85' lang='lat' dir='ltr'>conventualibus</span> <span class='ocrx_word' id='word_1_509' title='bbox 1396 1859 1536 1894; x_wconf 90' lang='lat' dir='ltr'>ecclesiis</span> <span class='ocrx_word' id='word_1_510' title='bbox 1557 1860 1631 1896; x_wconf 88' lang='lat' dir='ltr'>dicti</span> <span class='ocrx_word' id='word_1_511' title='bbox 1653 1861 1771 1898; x_wconf 89' lang='lat' dir='ltr'>ordinis</span> 
     </span>
     <span class='ocr_line' id='line_1_88' title="bbox 1022 1904 1772 1955; baseline 0.009 -16"><span class='ocrx_word' id='word_1_512' title='bbox 1022 1904 1148 1947; x_wconf 84' lang='lat' dir='ltr'>fuerint,</span> <span class='ocrx_word' id='word_1_513' title='bbox 1184 1905 1412 1953; x_wconf 87' lang='lat' dir='ltr'>professionem</span> <span class='ocrx_word' id='word_1_514' title='bbox 1446 1908 1623 1955; x_wconf 83' lang='lat' dir='ltr'>regularem</span> <span class='ocrx_word' id='word_1_515' title='bbox 1659 1911 1772 1946; x_wconf 83' lang='lat' dir='ltr'>faciant</span> 
     </span>
     <span class='ocr_line' id='line_1_89' title="bbox 1022 1954 1772 2006; baseline 0.009 -18"><span class='ocrx_word' id='word_1_516' title='bbox 1022 1954 1196 1989; x_wconf 88' lang='lat' dir='ltr'>secundum</span> <span class='ocrx_word' id='word_1_517' title='bbox 1220 1955 1360 2001; x_wconf 84' lang='lat' dir='ltr'>regulam</span> <span class='ocrx_word' id='word_1_518' title='bbox 1383 1956 1463 1991; x_wconf 85' lang='lat' dir='ltr'>beati</span> <span class='ocrx_word' id='word_1_519' title='bbox 1483 1957 1662 2004; x_wconf 86' lang='lat' dir='ltr'>Augustini,</span> <span class='ocrx_word' id='word_1_520' title='bbox 1679 1968 1772 2006; x_wconf 91' lang='lat' dir='ltr'>prout</span> 
     </span>
     <span class='ocr_line' id='line_1_90' title="bbox 1022 2003 1769 2055; baseline 0.009 -18"><span class='ocrx_word' id='word_1_521' title='bbox 1022 2003 1052 2037; x_wconf 88' lang='lat' dir='ltr'>in</span> <span class='ocrx_word' id='word_1_522' title='bbox 1092 2003 1190 2038; x_wconf 86' lang='lat' dir='ltr'>forma</span> <span class='ocrx_word' id='word_1_523' title='bbox 1225 2004 1357 2039; x_wconf 90' lang='lat' dir='ltr'>inferius</span> <span class='ocrx_word' id='word_1_524' title='bbox 1396 2006 1540 2042; x_wconf 83' lang='lat' dir='ltr'>adnotata</span> <span class='ocrx_word' id='word_1_525' title='bbox 1585 2021 1769 2055; x_wconf 86' lang='lat' dir='ltr'>expressum</span> 
     </span>
     <span class='ocr_line' id='line_1_91' title="bbox 1022 2052 1771 2099; baseline 0.009 -13"><span class='ocrx_word' id='word_1_526' title='bbox 1022 2064 1092 2087; x_wconf 91' lang='lat' dir='ltr'>esse</span> <span class='ocrx_word' id='word_1_527' title='bbox 1120 2052 1324 2099; x_wconf 84' lang='lat' dir='ltr'>dignoscitur:</span> <span class='ocrx_word' id='word_1_528' title='bbox 1360 2054 1463 2089; x_wconf 87' lang='lat' dir='ltr'>vivant</span> <span class='ocrx_word' id='word_1_529' title='bbox 1494 2056 1555 2090; x_wconf 92' lang='lat' dir='ltr'>sub</span> <span class='ocrx_word' id='word_1_530' title='bbox 1594 2057 1771 2093; x_wconf 88' lang='lat' dir='ltr'>obedientia</span> 
     </span>
     <span class='ocr_line' id='line_1_92' title="bbox 1023 2101 1770 2148; baseline 0.005 -11"><span class='ocrx_word' id='word_1_531' title='bbox 1023 2101 1149 2148; x_wconf 83' lang='lat' dir='ltr'>praelati</span> <span class='ocrx_word' id='word_1_532' title='bbox 1171 2103 1218 2137; x_wconf 90' lang='lat' dir='ltr'>sui</span> <span class='ocrx_word' id='word_1_533' title='bbox 1249 2104 1277 2137; x_wconf 88' lang='lat' dir='ltr'>in</span> <span class='ocrx_word' id='word_1_534' title='bbox 1301 2103 1482 2139; x_wconf 90' lang='lat' dir='ltr'>omnimoda</span> <span class='ocrx_word' id='word_1_535' title='bbox 1509 2106 1647 2141; x_wconf 84' lang='lat' dir='ltr'>castitate</span> <span class='ocrx_word' id='word_1_536' title='bbox 1675 2115 1705 2141; x_wconf 91' lang='lat' dir='ltr'>et</span> <span class='ocrx_word' id='word_1_537' title='bbox 1739 2108 1770 2141; x_wconf 89' lang='lat' dir='ltr'>in</span> 
     </span>
     <span class='ocr_line' id='line_1_93' title="bbox 1022 2150 1771 2192; baseline 0.007 -7"><span class='ocrx_word' id='word_1_538' title='bbox 1022 2150 1130 2185; x_wconf 88' lang='lat' dir='ltr'>habitu</span> <span class='ocrx_word' id='word_1_539' title='bbox 1157 2151 1302 2192; x_wconf 88' lang='lat' dir='ltr'>honesto,</span> <span class='ocrx_word' id='word_1_540' title='bbox 1324 2152 1406 2186; x_wconf 88' lang='lat' dir='ltr'>etin</span> <span class='ocrx_word' id='word_1_541' title='bbox 1442 2152 1511 2188; x_wconf 89' lang='lat' dir='ltr'>aliis</span> <span class='ocrx_word' id='word_1_542' title='bbox 1545 2155 1637 2189; x_wconf 87' lang='lat' dir='ltr'>etiam</span> <span class='ocrx_word' id='word_1_543' title='bbox 1672 2156 1771 2190; x_wconf 85' lang='lat' dir='ltr'>bone-</span> 
     </span>
     <span class='ocr_line' id='line_1_94' title="bbox 1023 2199 1770 2250; baseline 0.008 -17"><span class='ocrx_word' id='word_1_544' title='bbox 1023 2199 1154 2234; x_wconf 82' lang='lat' dir='ltr'>statibus</span> <span class='ocrx_word' id='word_1_545' title='bbox 1176 2201 1220 2234; x_wconf 88' lang='lat' dir='ltr'>eis</span> <span class='ocrx_word' id='word_1_546' title='bbox 1241 2201 1510 2246; x_wconf 87' lang='lat' dir='ltr'>competentibus;</span> <span class='ocrx_word' id='word_1_547' title='bbox 1538 2202 1770 2250; x_wconf 86' lang='lat' dir='ltr'>infrascriptum</span> 
     </span>
     <span class='ocr_line' id='line_1_95' title="bbox 1024 2248 1770 2289; baseline 0.011 -8"><span class='ocrx_word' id='word_1_548' title='bbox 1024 2248 1150 2282; x_wconf 88' lang='lat' dir='ltr'>modum</span> <span class='ocrx_word' id='word_1_549' title='bbox 1178 2249 1359 2289; x_wconf 87' lang='lat' dir='ltr'>ieiunandi,</span> <span class='ocrx_word' id='word_1_550' title='bbox 1386 2259 1415 2284; x_wconf 87' lang='lat' dir='ltr'>et</span> <span class='ocrx_word' id='word_1_551' title='bbox 1450 2250 1639 2287; x_wconf 86' lang='lat' dir='ltr'>cibariorum</span> <span class='ocrx_word' id='word_1_552' title='bbox 1676 2266 1770 2289; x_wconf 85' lang='lat' dir='ltr'>usum</span> 
     </span>
     <span class='ocr_line' id='line_1_96' title="bbox 1023 2296 1772 2344; baseline 0.007 -12"><span class='ocrx_word' id='word_1_553' title='bbox 1023 2296 1199 2337; x_wconf 85' lang='lat' dir='ltr'>observent,</span> <span class='ocrx_word' id='word_1_554' title='bbox 1222 2305 1252 2332; x_wconf 86' lang='lat' dir='ltr'>et</span> <span class='ocrx_word' id='word_1_555' title='bbox 1275 2298 1436 2344; x_wconf 86' lang='lat' dir='ltr'>proprium</span> <span class='ocrx_word' id='word_1_556' title='bbox 1459 2312 1475 2334; x_wconf 90' lang='lat' dir='ltr'>a</span> <span class='ocrx_word' id='word_1_557' title='bbox 1497 2311 1530 2334; x_wconf 91' lang='lat' dir='ltr'>se</span> <span class='ocrx_word' id='word_1_558' title='bbox 1556 2301 1772 2337; x_wconf 85' lang='lat' dir='ltr'>studeantab-</span> 
     </span>
     <span class='ocr_line' id='line_1_97' title="bbox 1024 2346 1772 2395; baseline 0.008 -15"><span class='ocrx_word' id='word_1_559' title='bbox 1024 2346 1138 2381; x_wconf 89' lang='lat' dir='ltr'>dicare.</span> <span class='ocrx_word' id='word_1_560' title='bbox 1160 2346 1230 2380; x_wconf 88' lang='lat' dir='ltr'>Non</span> <span class='ocrx_word' id='word_1_561' title='bbox 1249 2346 1339 2381; x_wconf 86' lang='lat' dir='ltr'>vadat</span> <span class='ocrx_word' id='word_1_562' title='bbox 1358 2347 1472 2395; x_wconf 86' lang='lat' dir='ltr'>aliquis</span> <span class='ocrx_word' id='word_1_563' title='bbox 1489 2348 1557 2384; x_wconf 93' lang='lat' dir='ltr'>sine</span> <span class='ocrx_word' id='word_1_564' title='bbox 1578 2350 1664 2385; x_wconf 87' lang='lat' dir='ltr'>socio</span> <span class='ocrx_word' id='word_1_565' title='bbox 1680 2351 1772 2386; x_wconf 86' lang='lat' dir='ltr'>fratre</span> 
     </span>
     <span class='ocr_line' id='line_1_98' title="bbox 1026 2394 1772 2446; baseline 0.011 -18"><span class='ocrx_word' id='word_1_566' title='bbox 1026 2394 1070 2429; x_wconf 81' lang='lat' dir='ltr'>vel</span> <span class='ocrx_word' id='word_1_567' title='bbox 1099 2394 1242 2441; x_wconf 88' lang='lat' dir='ltr'>religiosa</span> <span class='ocrx_word' id='word_1_568' title='bbox 1265 2407 1410 2442; x_wconf 89' lang='lat' dir='ltr'>persona,</span> <span class='ocrx_word' id='word_1_569' title='bbox 1432 2396 1575 2433; x_wconf 90' lang='lat' dir='ltr'>videlicet</span> <span class='ocrx_word' id='word_1_570' title='bbox 1601 2399 1701 2446; x_wconf 90' lang='lat' dir='ltr'>ipsius</span> <span class='ocrx_word' id='word_1_571' title='bbox 1718 2412 1772 2435; x_wconf 89' lang='lat' dir='ltr'>or-</span> 
     </span>
     <span class='ocr_line' id='line_1_99' title="bbox 1024 2443 1772 2496; baseline 0.011 -19"><span class='ocrx_word' id='word_1_572' title='bbox 1024 2443 1108 2478; x_wconf 86' lang='lat' dir='ltr'>dinis</span> <span class='ocrx_word' id='word_1_573' title='bbox 1129 2443 1167 2478; x_wconf 92' lang='lat' dir='ltr'>de</span> <span class='ocrx_word' id='word_1_574' title='bbox 1194 2443 1262 2478; x_wconf 92' lang='lat' dir='ltr'>loco</span> <span class='ocrx_word' id='word_1_575' title='bbox 1283 2444 1321 2478; x_wconf 88' lang='lat' dir='ltr'>ad</span> <span class='ocrx_word' id='word_1_576' title='bbox 1349 2445 1465 2487; x_wconf 89' lang='lat' dir='ltr'>locum,</span> <span class='ocrx_word' id='word_1_577' title='bbox 1488 2458 1590 2494; x_wconf 87' lang='lat' dir='ltr'>neque</span> <span class='ocrx_word' id='word_1_578' title='bbox 1605 2456 1692 2496; x_wconf 91' lang='lat' dir='ltr'>septa</span> <span class='ocrx_word' id='word_1_579' title='bbox 1708 2461 1772 2484; x_wconf 90' lang='lat' dir='ltr'>mo-</span> 
     </span>
     <span class='ocr_line' id='line_1_100' title="bbox 1025 2492 1771 2544; baseline 0.009 -18"><span class='ocrx_word' id='word_1_580' title='bbox 1025 2492 1150 2527; x_wconf 88' lang='lat' dir='ltr'>nasterii</span> <span class='ocrx_word' id='word_1_581' title='bbox 1177 2492 1226 2527; x_wconf 90' lang='lat' dir='ltr'>sui</span> <span class='ocrx_word' id='word_1_582' title='bbox 1260 2492 1378 2540; x_wconf 89' lang='lat' dir='ltr'>absque</span> <span class='ocrx_word' id='word_1_583' title='bbox 1417 2494 1541 2530; x_wconf 89' lang='lat' dir='ltr'>licentia</span> <span class='ocrx_word' id='word_1_584' title='bbox 1573 2497 1622 2531; x_wconf 90' lang='lat' dir='ltr'>sui</span> <span class='ocrx_word' id='word_1_585' title='bbox 1659 2498 1771 2544; x_wconf 88' lang='lat' dir='ltr'>prioris</span> 
     </span>
     <span class='ocr_line' id='line_1_101' title="bbox 1025 2541 1771 2590; baseline 0.011 -15"><span class='ocrx_word' id='word_1_586' title='bbox 1025 2541 1131 2587; x_wconf 88' lang='lat' dir='ltr'>egredi</span> <span class='ocrx_word' id='word_1_587' title='bbox 1156 2553 1284 2589; x_wconf 91' lang='lat' dir='ltr'>quoquo</span> <span class='ocrx_word' id='word_1_588' title='bbox 1302 2542 1397 2578; x_wconf 90' lang='lat' dir='ltr'>modo</span> <span class='ocrx_word' id='word_1_589' title='bbox 1419 2553 1607 2590; x_wconf 88' lang='lat' dir='ltr'>praesumat.</span> <span class='ocrx_word' id='word_1_590' title='bbox 1649 2546 1771 2583; x_wconf 88' lang='lat' dir='ltr'>Omnes</span> 
     </span>
     <span class='ocr_line' id='line_1_102' title="bbox 1025 2590 1770 2640; baseline 0.012 -17"><span class='ocrx_word' id='word_1_591' title='bbox 1025 2590 1118 2624; x_wconf 85' lang='lat' dir='ltr'>simul</span> <span class='ocrx_word' id='word_1_592' title='bbox 1141 2590 1170 2624; x_wconf 89' lang='lat' dir='ltr'>in</span> <span class='ocrx_word' id='word_1_593' title='bbox 1193 2592 1354 2627; x_wconf 89' lang='lat' dir='ltr'>communi</span> <span class='ocrx_word' id='word_1_594' title='bbox 1377 2592 1561 2628; x_wconf 79' lang='lat' dir='ltr'>dormitorio</span> <span class='ocrx_word' id='word_1_595' title='bbox 1589 2595 1720 2640; x_wconf 86' lang='lat' dir='ltr'>iaceant,</span> <span class='ocrx_word' id='word_1_596' title='bbox 1741 2605 1770 2631; x_wconf 85' lang='lat' dir='ltr'>et</span> 
     </span>
    </p>
   </div>
   <div class='ocr_carea' id='block_1_9' title="bbox 1830 1783 1915 1809">
    <p class='ocr_par' dir='ltr' id='par_1_22' title="bbox 1830 1783 1915 1809">
     <span class='ocr_line' id='line_1_103' title="bbox 1830 1783 1915 1809; baseline -0.012 -6"><span class='ocrx_word' id='word_1_597' title='bbox 1830 1783 1915 1809; x_wconf 66' lang='lat' dir='ltr'>Regula.</span> 
     </span>
    </p>
   </div>
  </div>
 </body>
</html>
