2129 3223
34 261 84 288 An.
102 259 129 288 C.
151 260 215 287 ¹252

229 314 371 349 cedimus
395 323 426 350 et
456 313 678 349 confirmamus
704 322 802 349 totum
835 314 971 349 Montem

228 363 372 410 Capitolii
390 364 419 398 in
444 363 611 409 integrum,
636 375 709 398 cum
731 364 821 402 casis,
846 364 972 411 cryptis,

228 413 325 454 cellis,
341 412 493 457 curtibus,
504 413 612 451 bortis,
624 412 786 447 arboribus
797 412 972 453 fructiferis,

229 462 438 503 infructiferis,
457 474 529 497 cum
547 463 669 509 porticu
681 462 970 504 cancellariae,cum

228 519 306 546 terra
328 520 400 546 ante
427 511 663 555 monasterium,
691 511 743 558 qui
774 511 863 546 locus
881 511 972 546 Nun-

227 560 370 596 dinarum
399 570 537 605 vocatur,
565 573 635 595 cum
667 561 849 608 parietibus,
878 561 972 608 petris

226 619 255 644 et
282 611 438 645 columnis
463 618 494 645 et
516 610 663 645 omnibus
684 609 722 644 ad
744 622 814 644 eum
839 622 971 656 genera-

43 660 294 715 Anfjtfflmont-liter
327 659 572 708 pertinentibus;
593 660 645 706 qui
678 659 745 694 istis
767 659 882 694 linibus
909 668 971 694 ter-

28 698 88 746 iiiii?
114 699 372 749 ‘'¹⁰⁵¹‘''minatur‚
393 721 409 744 a
426 709 526 756 primo
548 710 641 744 latere
663 709 708 744 via
733 708 868 755 publica,
890 721 970 756 quae

224 758 311 793 ducit
338 771 394 806 per
425 759 540 793 clivum
563 758 759 804 Argentarii,
799 759 852 805 qui
887 770 969 793 nunc

223 807 395 843 descensus
429 807 547 843 Leonis
575 806 681 842 Protbi
703 807 894 854 appellatur:
931 807 969 841 ab

223 856 283 891 alio
314 857 409 892 latere
440 857 487 892 via
522 856 647 904 publica
681 869 760 904 quae
791 857 877 891 ducit
911 856 969 891 sub

223 904 415 952 Capitolium
443 915 474 941 et
495 906 607 940 exinde
629 905 793 940 descendit
816 918 870 952 per
893 905 970 939 limi-

223 963 285 990 tem
313 963 344 990 et
371 954 576 1002 appendicem
605 967 700 1002 super
737 955 859 994 hortos,
887 967 967 1001 quos

222 1003 295 1038 olim
315 1003 532 1048 ildebrandus,
551 1012 580 1038 et
601 1004 734 1039 Ioannes
748 1003 918 1045 Diaconus,
937 1013 968 1039 et

222 1053 372 1089 haeredes
401 1053 528 1089 Ioannis
562 1053 601 1088 de
632 1052 768 1088 Guinico
801 1061 967 1089 tenuerunt

223 1114 323 1150 usque
349 1102 387 1137 ad
416 1103 568 1151 templum
594 1104 704 1143 maius,
732 1102 814 1149 quod
843 1104 968 1148 respicit

221 1164 318 1200 super
346 1151 542 1187 Alesantum:
569 1164 584 1186 a
614 1151 705 1187 tertio
739 1152 831 1186 latere
857 1151 966 1199 Ripae,

220 1213 302 1249 quae
336 1200 394 1237 suit
420 1213 514 1250 super
538 1200 674 1236 Fontem
703 1200 742 1236 de
768 1200 910 1242 Macello,
937 1210 967 1237 et

222 1250 414 1286 resolventes
434 1263 467 1286 se
493 1262 548 1298 per
565 1250 756 1298 appendices
777 1262 849 1285 suas
871 1262 968 1298 super

221 1299 402 1347 Canapara,
440 1312 540 1348 usque
583 1300 613 1334 in
653 1299 829 1335 carnarium
857 1298 964 1334 Sancti

221 1348 391 1391 Tlicodori3
413 1361 431 1385 a
452 1357 563 1397 quarto
585 1361 658 1384 vero
678 1348 774 1384 latere
794 1348 834 1384 ab
854 1348 965 1384 eodem

221 1399 364 1434 carnario
384 1399 524 1434 ascendit
547 1411 601 1446 per
622 1410 760 1443 caveam,
783 1399 813 1432 in
836 1410 897 1445 qua
919 1406 967 1433 est

220 1455 307 1495 petra
343 1447 533 1488 versificata,
570 1447 682 1482 exinde
715 1447 878 1483 descendit
913 1460 967 1494 per

221 1497 347 1533 hortum
370 1496 476 1533 Sancti
499 1497 613 1543 Sergii,
643 1509 742 1544 usque
769 1497 798 1531 in
828 1497 966 1538 bortum,

220 1546 275 1594 qui
296 1555 343 1582 est
368 1547 428 1582 sub
454 1546 638 1581 cancellaria
664 1547 793 1581 veniens
819 1559 874 1594 per
895 1558 966 1592 gra-

221 1596 282 1632 dus
311 1604 436 1632 centum
468 1608 567 1643 usque
600 1595 637 1630 ad
666 1595 802 1642 primum
831 1595 965 1630 affinem.

221 1644 313 1681 Circa
340 1658 412 1681 vero
433 1646 579 1681 eumdem
600 1653 737 1680 montem
762 1645 967 1680 concedimus

221 1702 252 1730 et
277 1695 502 1730 confirmamus
524 1695 592 1739 tibi,
621 1695 745 1741 tuisque
773 1695 967 1729 successori—

222 1744 282 1780 bus
303 1744 425 1785 domos,
452 1744 613 1783 casalinas,
640 1752 773 1791 cryptas,
801 1745 966 1790 ergasteria

222 1794 253 1828 in
288 1803 442 1838 mercato,
476 1802 574 1829 totum
609 1802 746 1827 montem
775 1794 965 1840 praedictum

221 1842 369 1890 Capitolii
399 1843 430 1877 in
453 1843 621 1890 integrum,
648 1850 677 1876 et
705 1850 825 1877 caetera
851 1843 967 1887 omnia,

223 1903 304 1940 quae
335 1893 365 1926 in
393 1901 512 1932 moute,
540 1891 587 1926 vel
613 1891 697 1926 circa
719 1899 855 1927 montem
883 1900 967 1936 sunt,

224 1941 309 1976 iuxta
345 1949 484 1977 tenorem
518 1939 646 1988 praefati
672 1940 827 1987 privilegii
857 1953 967 1988 supra-

41 1999 118 2036 ¹3⁸⁶?
140 1999 211 2021 omni*
224 1991 356 2026 dictum.
373 1989 568 2037 Appendicia
593 1997 746 2037 praetacta
769 1990 834 2024 sore
854 1991 968 2025 intelli-

28 2029 137 2084 ssffiffl,
157 2035 211 2052 ⁰⁰¹¹*
224 2041 342 2088 gimus,
377 2040 523 2080 dicimus,
556 2047 586 2074 et
619 2047 726 2074 tenore
756 2041 967 2087 praesentium

225 2089 420 2125 declaramus
441 2089 661 2132 concedentes,
679 2097 713 2123 ut
734 2089 813 2123 sicut
828 2101 862 2123 ea
886 2101 969 2135 prae-

225 2138 322 2174 fatum
346 2139 569 2173 monasterium
598 2137 757 2173 retroactis
776 2139 968 2185 temporibus

227 2187 366 2235 possedit
386 2197 416 2223 et
438 2187 546 2223 habuit
567 2187 606 2222 de
627 2187 856 2223 consuetudine
878 2196 909 2223 et
930 2188 968 2223 de
988 2198 990 2234 ἦ

227 2238 310 2279 iure,
344 2237 391 2273 vel
423 2236 462 2272 de
495 2236 601 2284 aliquo
636 2237 796 2284 privilegio
829 2238 990 2284 speciali,}

228 2288 328 2334 possit
348 2287 457 2322 eadem
480 2286 621 2321 Ecclesia
643 2285 775 2322 Sanctae
796 2286 912 2322 Mariae
930 2287 969 2322 de
990 2329 991 2333 Ἰ

227 2336 383 2385 Capitolio
416 2336 504 2371 vobis
530 2336 561 2370 in
592 2347 626 2370 ea
657 2335 863 2371 existentibus
897 2336 991 2385 cum]

228 2387 314 2421 omni
344 2385 410 2421 iure
432 2384 587 2433 praedicta
615 2385 719 2420 omnia
746 2385 830 2421 licite
857 2395 991 2434 perpe-t

229 2443 284 2471 tuo
305 2435 478 2483 possidere.
500 2434 569 2470 Non
593 2435 789 2469 intendentes
811 2448 864 2482 per
890 2436 970 2470 hanc
990 2443 991 2476 t

230 2484 527 2532 interpretationem,
549 2496 602 2520 seu
625 2483 863 2519 declarationem
887 2497 972 2531 prae·

231 2541 330 2569 tactae
349 2534 509 2570 Ecclesiae
532 2546 647 2569 novum
672 2534 720 2568 ius
741 2534 825 2575 dare,
846 2534 900 2569 sed
924 2548 970 2569 ve·
991 2535 992 2572 ἶ

232 2591 282 2618 tus
307 2584 524 2619 tantummodo
554 2593 752 2621 conservare,
784 2583 851 2618 sine
886 2585 993 2619 omni*

311 2689 384 2719 Ball.
401 2689 475 2719 Rom.
504 2690 555 2720 Vol.
573 2690 623 2720 III.
820 2690 852 2719 71

807 260 973 282 ΙΝΝΟΕΕΝΤΙ
980 260 1014 282 l'S
1037 260 1068 281 tv
1092 260 1136 282 ΡΙ).

1637 252 1700 286 561

1013 313 1112 349 dictos
1145 314 1285 349 confines
1318 323 1483 351 tenuerunt
1512 317 1680 361 hactenus,
1709 317 1755 353 vel

1015 375 1100 398 nuuc
1134 371 1250 403 tenent,
1286 364 1316 399 in
1349 366 1438 400 cuius
1465 367 1507 401 rei
1540 367 1753 403 testimonium

1013 421 1043 447 et
1057 413 1238 448 memoriam
1254 413 1427 450 habendam
1442 416 1472 450 in
1490 426 1648 462 posterum
1666 429 1755 463 prae-

1012 463 1090 497 senti
1126 463 1243 510 scripto
1274 473 1379 498 nostro
1410 464 1542 500 fecimus
1571 467 1683 512 apponi
1711 467 1755 502 si-

1011 512 1093 558 gitta.
1119 511 1232 547 Datum
1261 512 1496 560 decimoquarto
1529 514 1675 550 kalendas
1696 516 1754 551 de-

1012 561 1166 598 cembris.
1203 562 1399 608 pontificatus
1430 564 1547 598 domini
1582 564 1752 600 luuocentii

1012 610 1116 657 Papae
1142 612 1242 659 quarti
1269 623 1352 646 anno
1376 621 1496 647 octavo.

1060 660 1141 695 Nulli
1177 673 1251 707 ergo
1290 662 1419 696 omnino
1460 663 1621 697 bominum
1665 663 1753 698 licent

1013 710 1093 745 lianc
1116 718 1239 745 nostrae
1260 710 1506 746 confirmationis
1528 719 1557 747 et
1576 714 1753 747 concessio-

1011 760 1061 794 nis
1088 760 1231 806 paginam
1257 759 1437 806 infringere,
1467 761 1512 795 vel
1545 762 1572 795 ei
1595 774 1673 796 ausu
1707 771 1753 797 te-

1011 809 1143 843 merario
1165 809 1329 844 contraire.
1353 809 1385 844 Si
1413 811 1484 856 quis
1505 819 1609 845 autem
1633 811 1690 845 hoc
1713 820 1753 845 :it-

1010 865 1128 893 tentare
1151 860 1406 905 praesumpserit,
1423 859 1668 905 indignationem
1686 873 1754 894 oui«—

1009 908 1183 953 nipotentis
1205 907 1258 942 Dei
1276 916 1306 942 et
1328 908 1488 945 beatorum
1510 908 1592 944 Petri
1616 918 1646 944 et
1664 908 1751 944 Pauli

1009 957 1221 1003 apostolorum
1249 957 1318 991 eius
1339 970 1372 992 se
1399 958 1519 993 noverit
1541 959 1751 994 incursurum.

1057 1005 1172 1040 Datum
1208 1006 1329 1041 Perusii
1364 1007 1506 1042 secundo
1540 1019 1639 1043 nonas
1669 1008 1752 1052 iulii,

1010 1055 1207 1101 pontificatus
1231 1056 1326 1091 nostri
1353 1068 1436 1092 anno
1458 1056 1593 1092 decimo.

1076 1114 1137 1146 Dat.
1160 1116 1206 1146 die
1225 1117 1242 1146 6
1261 1117 1323 1148 iulii
1343 1117 1428 1154 1252,
1447 1118 1549 1158 pontif.
1567 1128 1643 1148 anno
1660 1127 1687 1149 x.

1318 1266 1438 1302 XXIX.

1008 1345 1054 1380 De
1079 1347 1216 1379 cautione
1234 1348 1419 1391 praestanda
1441 1360 1460 1381 a
1481 1349 1654 1392 fautoribus
1680 1351 1753 1384 hae-

1056 1397 1215 1428 reticorum
1247 1396 1289 1429 ad
1322 1397 1410 1442 fidem
1437 1400 1643 1439 redeuntibus,
1665 1408 1691 1433 et
1717 1402 1754 1433 de

1055 1446 1257 1489 applicatione
1280 1457 1450 1491 poenarum
1471 1448 1503 1480 in
1535 1460 1606 1482 casu
1631 1456 1753 1483 contra-

1054 1495 1201 1528 ventioni's
1221 1502 1366 1530 statutum
1383 1498 1421 1529 ab
1437 1497 1606 1532 Albanensi
1617 1500 1754 1543 episcopo

1056 1545 1226 1589 confirmat.

1005 1625 1174 1656 Innocentius
1192 1628 1333 1664 episcopus
1355 1636 1450 1658 servus
1473 1636 1613 1659 servorum
1635 1629 1691 1664 Dei,
1712 1631 1755 1659 di-

1050 1674 1131 1704 lectis
1150 1674 1215 1705 filiis
1233 1677 1318 1712 priori
1333 1678 1492 1713 provinciali
1522 1680 1625 1708 ordinis
1646 1679 1754 1709 Praedi-

1050 1725 1186 1758 catorum.
1207 1726 1237 1754 at
1254 1726 1464 1761 inquisitoribus
1485 1727 1640 1757 haereticae
1663 1731 1754 1766 pravi·

1051 1774 1123 1802 tatis
1141 1774 1169 1802 in
1188 1774 1363 1809 tombardia,
1387 1777 1553 1811 Romanula,
1567 1778 1686 1807 marchia
1704 1779 1755 1808 An-

1050 1823 1177 1851 conitana
1206 1825 1234 1852 et
1258 1823 1409 1858 Tervisina.
1430 1826 1548 1855 salntem
1565 1828 1594 1856 et
1623 1827 1753 1862 apostoli-

1051 1878 1109 1900 cam
1127 1872 1348 1902 benedictionem.

1057 1944 1136 1980 Cum
1167 1945 1355 1980 venerabilis
1392 1946 1484 1982 frater
1510 1955 1616 1983 noster
1650 1948 1753 1984 Atha-

1008 1994 1115 2029 nensis
1138 1995 1305 2042 episcopus
1330 1997 1511 2032 auctoritate
1533 2007 1636 2033 nostra
1657 2011 1754 2046 super

1008 2045 1213 2091 extirpatioue
1238 2045 1394 2091 pravitatis
1408 2046 1581 2082 baereticae
1597 2048 1677 2082 inter
1693 2049 1752 2083 alia

1009 2093 1131 2128 duxerit
1157 2094 1369 2133 statuendum,
1395 2103 1426 2130 ut
1454 2096 1654 2143 inquisitores
1677 2098 1752 2132 liae-

1011 2144 1176 2178 reticorum
1197 2144 1227 2177 in
1252 2144 1409 2190 provincia
1437 2145 1635 2185 Lombardia,
1657 2158 1674 2180 a
1691 2159 1750 2180 crc-

1009 2191 1167 2232 dcntibus,
1190 2192 1373 2237 fautoribus,
1397 2195 1640 2241 receptatoribus
1655 2203 1685 2229 et
1703 2195 1754 2230 de-

1012 2240 1186 2276 fensoribus
1224 2242 1449 2276 haereticorum
1477 2244 1513 2278 ad
1542 2244 1751 2279 obedientiam

1010 2289 1169 2325 Ecclesiae
1197 2291 1415 2332 redeuntibus,
1443 2293 1502 2326 sub
1529 2305 1627 2339 poena
1657 2305 1753 2339 pecu-

1012 2340 1108 2374 niaria
1130 2341 1307 2375 cautionem
1333 2341 1515 2387 exigerent,
1547 2342 1630 2389 quod
1659 2343 1752 2378 iidem

1011 2389 1193 2424 catholicam
1229 2390 1361 2424 firmiter
1393 2399 1533 2435 teneant,
1567 2401 1597 2426 et
1625 2392 1753 2427 ulterius

1013 2439 1145 2473 favorem
1181 2439 1315 2486 aliquem
1352 2439 1514 2475 haereticis
1541 2453 1601 2476 non
1631 2442 1753 2489 impen-

1013 2488 1098 2529 dant,
1126 2496 1156 2523 et
1185 2500 1242 2523 nos
1268 2496 1418 2523 statutum
1446 2489 1753 2539 liuiusmodiappro-

1013 2537 1201 2577 baitrei-imus,
1223 2550 1262 2573 ex
1278 2538 1446 2573 abundanti
1469 2548 1500 2574 ut
1520 2540 1636 2575 firmior
1655 2549 1754 2576 vester

1013 2595 1135 2622 mancat
1154 2587 1183 2621 iu
1208 2587 1263 2622 bac
1287 2597 1372 2634 parte
1393 2600 1568 2634 processus,
1595 2591 1751 2635 praedicta

1014 2636 1099 2671 vobis
1127 2645 1154 2671 et
1183 2636 1241 2677 his,
1268 2649 1347 2683 quos
1376 2637 1405 2671 in
1437 2637 1618 2674 huiusmodi
1654 2641 1755 2675 eonti-

1771 263 1822 289 Au.
1839 262 1868 290 C.
1884 263 1951 292 ¹253

1800 680 1914 701 Ciuusuiuoi
