2129 3223
136 287 184 314 Αη.
206 286 233 313 C.
251 287 317 314 1255

143 731 214 753 Modus
234 737 253 753 et
275 739 313 754 cu-

129 763 196 783 !todia
216 765 286 784 cratis.
326 777 332 783 .

382 275 451 307 574
908 278 1093 303 Butuntum

331 350 403 372 vero
423 348 483 371 non
508 342 707 382 praesumant
730 333 891 373 accedere,
914 332 972 367 nisi
990 329 1098 379 prae-¹

329 385 470 421 sentibus
491 384 528 419 ad
548 384 653 418 minus
675 382 775 418 tribus
798 395 854 429 per
875 381 1073 419 abbatissam,

329 435 374 469 vel
402 435 472 469 eius
497 433 644 468 vicariam
668 432 847 477 assignatis,
876 431 914 465 de
938 430 997 464 illis
1026 429 1074 463 ‹li-

327 483 448 527 scretis,
469 494 550 530 quae
569 489 643 516 sunt
666 481 781 516 electae
799 480 838 515 ab
859 479 1008 514 omnibus
1022 491 1074 512 so-

327 532 450 567 roribus
491 543 548 578 pro
586 529 717 566 consilio
759 529 945 564 abbatissae.
985 527 1073 561 Hanc
1094 546 1095 565 ἦ

326 581 457 616 formam
491 579 643 627 loquendi
684 586 848 614 teneantur
888 589 943 624 pro
983 588 1074 623 posse

325 630 483 665 abbatissa
517 637 548 664 et
581 629 652 664 eius
687 628 796 663 vicaria
829 627 1010 661 observare:
1045 632 1096 669 et,

326 680 385 714 boc
406 679 445 714 de
472 686 556 713 crate
584 678 756 712 rarissime:
785 675 822 710 ad
852 684 972 721 portam
1002 672 1096 708 vero'

326 728 507 763 nullatenus
531 727 591 760 fiat.
628 726 675 760 Ad
705 735 822 760 cratem
850 735 922 758 vero
952 735 1095 769 pannus,

324 777 456 812 interius
490 783 678 823 apponatur,
714 774 764 820 qni
789 785 848 808 non
879 779 1095 820 removeaturg

326 826 385 861 nisi
423 838 494 860 cum
536 825 721 872 proponitur
758 822 887 857 verbum
924 821 997 859 Dei,
1026 820 1072 854 vel
1093 823 1095 842 1

325 876 429 922 aliqua
468 874 560 909 alicui
590 873 781 920 loqueretur.
810 870 951 905 Habeant
979 870 1070 903 etiam
1094 900 1095 907 ,

323 925 436 959 ostium
460 924 598 969 ligneum
623 921 762 960 diversis,
785 920 831 954 vel
855 918 977 953 duabus
995 919 1073 953 seris

322 973 445 1017 ferreis,
468 972 562 1006 valvis
580 979 611 1005 et
639 970 778 1005 vectibus
794 968 915 1015 ‘optime
938 968 1068 1002 coniun-
1092 950 1094 1021 l

322 1030 420 1062 ctum,
443 1030 477 1056 ut
505 1030 597 1055 nocte
623 1019 759 1054 maxime
782 1018 906 1052 duabus
933 1016 1094 1072 ctavitmsi

322 1071 496 1110 obseretur,
519 1080 652 1116 quarum
674 1065 1071 1105 uuambabeatabbatissa,
1092 1073 1094 1118 t

322 1120 412 1154 aliam
444 1130 517 1154 vero
550 1118 686 1153 sacrista.
723 1116 763 1150 Et
795 1124 916 1150 maneat
947 1119 1093 1183 semper}

321 1169 512 1208 obseratum,
530 1168 589 1202 nisi
612 1178 683 1201 cum
707 1165 833 1199 auditur
854 1164 994 1198 divinum
1023 1162 1071 1197 of-
1092 1186 1093 1203 3

322 1217 427 1251 ficium
450 1225 480 1251 et
508 1228 563 1263 pro
584 1215 688 1251 causis
714 1214 861 1261 superius
879 1212 1069 1248 memoratis.
1091 1254 1093 1267 4

320 1265 411 1301 Nulla
446 1273 517 1301 ante
551 1264 628 1299 solis
659 1271 781 1303 ortum,
814 1263 859 1297 vel
896 1269 966 1309 post
997 1260 1071 1295 solis

321 1327 467 1350 occasum
490 1314 575 1362 loqui
599 1313 636 1347 ad
661 1320 776 1347 cratem
799 1311 892 1346 alicui
916 1310 1072 1345 ullatenus
1092 1311 1093 1328 ³

321 1363 442 1398 debeat.
471 1363 519 1398 Ad
548 1362 735 1397 locutorium
761 1373 832 1395 vero
854 1371 979 1406 semper
1000 1371 1072 1405 pan·
1092 1361 1093 1366 ’

321 1424 393 1452 nus,
409 1413 463 1459 qui
480 1423 541 1446 non
559 1419 769 1453 removeatur,
789 1410 920 1444 interius
938 1417 1069 1443 maneat.
1091 1407 1093 1429 2

323 1461 357 1495 ln
392 1461 632 1508 quadragesima
666 1459 698 1493 S.
723 1459 849 1493 Martini
879 1466 909 1492 et
935 1456 1092 1502 quadra-¹

321 1511 440 1555 gesima
465 1509 572 1543 maiori
598 1508 680 1542 nulla
710 1508 856 1553 loquatur
885 1506 923 1540 ad
947 1506 1072 1540 locuto—

321 1560 417 1598 rium,
451 1559 510 1592 nisi
542 1557 710 1595 sacerdoti,
734 1567 827 1590 causa
850 1554 1070 1597 confessionis,
1091 1593 1092 1608 χ

321 1608 368 1642 vel
390 1607 519 1643 alterius
544 1606 728 1641 manifestae
755 1604 962 1647 necessitatis,
985 1602 1069 1650 quod
1091 1613 1092 1630 ³

321 1664 497 1691 reservetur
514 1656 545 1690 in
561 1654 725 1702 prudentia
741 1653 924 1696 abbatissae,
940 1651 986 1686 vel
1003 1652 1071 1686 eius
1091 1675 1092 1679 ,

320 1705 462 1740 vicariae.
1091 1689 1093 1752 ξ

1091 1755 1093 1767 l

626 1778 706 1812 Cap.
731 1779 763 1810 6.
1091 1769 1093 1819 i

370 1851 539 1897 Postquam
576 1848 761 1883 Altissimus
790 1847 884 1881 Pater
916 1846 1092 1881 Coelestis=

323 1912 377 1946 per
398 1900 528 1945 gratiam
550 1909 640 1932 suam
662 1909 839 1932 cormeum
857 1896 1003 1942 dignatus
1025 1904 1071 1930 est
1091 1928 1093 1939 ,

323 1948 492 1990 illustrare,
519 1955 552 1981 ut
573 1946 717 1991 exemplo
738 1954 768 1980 et
794 1945 936 1980 doctrina
959 1944 1073 1979 beatis·
1091 1942 1093 1977 Ξ

322 1997 394 2031 simi
421 1996 523 2031 Patris
545 1996 642 2030 nostri
664 1995 820 2030 Francisci
845 1994 1070 2041 poenitentiam
1091 1993 1093 2022 ῗ

324 2047 469 2088 facerem,
498 2045 591 2091 paulo
619 2053 689 2091 post
710 2044 946 2079 conversionem
971 2043 1071 2089 ipsius
1091 2045 1093 2082 ιζ

323 2107 386 2129 una
405 2106 477 2129 cum
496 2093 660 2129 sororibus
681 2093 759 2127 meis
781 2091 989 2126 obedientiam
1012 2091 1070 2126 sibi
1092 2094 1093 2123 Ξ

326 2143 498 2178 voluntarie
516 2143 658 2189 promisi.
678 2141 853 2176 Attendens
871 2140 980 2175 beatus
1000 2153 1072 2186 pau-

324 2204 391 2239 per,
412 2192 496 2239 quod
525 2191 642 2226 nullam
671 2198 898 2238 paupertatem,
922 2189 1071 2229 laborem,

324 2241 556 2276 tribulationem
589 2248 619 2274 et
645 2247 862 2286 contemptum
897 2238 1010 2273 saeculi
1039 2239 1093 2271 ti-‘

324 2302 494 2332 meremus,
522 2290 584 2324 imo
611 2289 695 2336 quod
725 2300 780 2335 pro
808 2288 927 2334 magnis
956 2286 1073 2321 delitiis

326 2339 525 2379 haberemus,
553 2338 666 2385 pietate
694 2346 798 2371 motus
826 2337 950 2382 scripsit
985 2336 1074 2370 nobis

328 2388 457 2422 sormam
484 2387 607 2421 vivendi
640 2387 671 2421 in
695 2386 780 2420 bunc
814 2386 960 2420 modum:
993 2385 1071 2426 Quia

326 2436 453 2470 Domini
478 2435 682 2483 inspiratione
711 2435 827 2469 fecistis
857 2447 910 2468 vos
938 2434 1017 2468 filias
1044 2439 1095 2481 et,

327 2484 455 2519 ancillas
469 2484 623 2520 Altissimi
637 2485 752 2519 summi
769 2483 865 2529 Regis
879 2483 979 2518 Patris
991 2481 1074 2516 Coe·
1093 2484 1096 2566 J

329 2534 425 2573 lestis,
451 2542 481 2568 et
502 2533 634 2581 Spiritui
650 2533 765 2568 Sancto
787 2545 841 2567 vos
861 2531 1073 2579 desponsastis

330 2581 430 2616 vivere
464 2582 639 2618 secundum
666 2582 888 2628 perfectionem
915 2581 1013 2616 sancti
1036 2579 1075 2614 E*

330 2630 480 2675 vangelii,
518 2631 584 2665 volo
618 2639 647 2665 et
682 2631 829 2677 promitto
867 2642 922 2677 per
950 2642 1015 2670 me,
1044 2637 1073 2663 et

1116 277 1278 299 nmmum

1118 330 1226 364 fratres
1260 341 1365 368 meos,
1397 341 1521 376 semper
1555 329 1670 364 babere
1701 329 1742 364 de
1779 329 1866 365 vobis

1116 387 1275 425 tamquam
1305 378 1344 413 de
1377 378 1452 426 ipsis
1479 391 1585 412 curam
1622 378 1803 425 diligentem
1836 386 1865 414 et

1116 427 1363 463 sollicitudinem
1386 427 1567 475 specialem:
1590 427 1676 474 quod
1695 427 1772 462 dum
1789 427 1866 462 vixit

1094 477 1283 523 ‘diligenter
1311 476 1460 523 implevit,
1491 485 1521 510 et
1548 488 1564 511 a
1593 476 1742 511 fratribus
1769 476 1865 511 voluit

1115 538 1239 572 semper
1266 525 1399 573 impleri.
1423 526 1461 560 Et
1484 533 1517 559 ut
1540 537 1698 572 nusquam
1722 525 1865 561 declina-

1116 587 1222 610 remus
1255 587 1270 609 a
1310 574 1508 609 sanctissima
1542 582 1740 621 paupertate,
1770 586 1863 621 quam

1115 624 1288 671 caepimus,
1310 635 1369 658 nec
1390 623 1484 658 etiam
1507 634 1576 666 eas,
1598 624 1654 670 qui
1678 631 1748 670 post
1776 624 1863 659 veni-

1116 681 1184 707 rent
1206 674 1324 712 lateret,
1342 673 1434 719 paulo
1449 680 1520 706 ante
1541 671 1662 706 obitum
1680 684 1788 713 suum,
1805 673 1863 707 ite-

1116 734 1182 756 rum
1217 721 1341 768 scripsit
1376 721 1464 755 nobis
1502 721 1642 755 ultimam
1672 720 1861 756 voluntatem

1114 783 1216 813 suam,
1235 771 1359 805 dicens:
1384 770 1451 816 Ego
1475 769 1567 804 frater
1584 769 1773 805 Franciscus
1792 783 1861 817 pau-

1115 821 1275 866 perculus,
1304 819 1371 854 volo
1394 819 1483 866 sequi
1513 819 1603 853 vitam
1631 827 1662 853 et
1697 827 1863 865 pauperta—

1115 876 1176 903 tem
1201 868 1353 903 Altissimi
1373 868 1499 902 Domini
1525 868 1620 903 nostri
1651 867 1721 902 lesu
1743 867 1861 903 Christi

1114 926 1143 952 et
1160 918 1230 952 eius
1248 917 1462 952 sanctissimae
1479 917 1600 957 Matris,
1616 925 1646 951 et
1664 929 1862 964 perseverare

1115 967 1143 1001 in
1166 978 1199 1001 ea
1220 978 1320 1013 usque
1342 965 1378 1000 ad
1399 966 1504 1001 finem.
1528 966 1567 1000 Et
1586 978 1663 1012 rogo
1680 978 1733 1000 vos
1751 978 1862 1001 omnes

1113 1015 1257 1050 dominas
1280 1027 1378 1059 meas,
1399 1023 1429 1049 et
1451 1014 1618 1050 consilium
1643 1015 1684 1050 tlo
1706 1014 1806 1059 vobis,
1829 1024 1861 1049 nt

1114 1065 1144 1099 in
1180 1065 1237 1099 ista
1273 1064 1470 1099 sanctissima
1509 1064 1569 1098 vita
1608 1073 1638 1098 et
1679 1071 1861 1111 paupertate

1113 1126 1237 1160 semper
1258 1113 1375 1148 vivatis.
1394 1113 1435 1147 Et
1455 1113 1609 1148 custodite
1633 1125 1687 1148 vos
1708 1113 1860 1151 multum.

1114 1175 1153 1197 ne
1175 1162 1328 1200 doctrina,
1348 1161 1395 1197 vel
1417 1162 1548 1196 consilio
1569 1161 1714 1202 alicuius,
1737 1162 1776 1197 ab
1794 1162 1859 1209 ipsa

1091 1208 1093 1233 >¹
1115 1212 1144 1246 in
1167 1219 1357 1259 perpetuum
1381 1211 1546 1245 recedatis.
1574 1210 1614 1245 Et
1635 1211 1719 1246 sicut
1736 1223 1862 1258 semper

1113 1261 1245 1295 sollicita
1285 1260 1346 1300 fui,
1384 1272 1445 1294 una
1477 1272 1548 1294 cum
1580 1260 1742 1295 sororibus
1771 1260 1861 1301 meis,

1113 1318 1251 1344 sanctam
1275 1316 1502 1356 paupertatem,
1524 1320 1619 1355 quam
1636 1308 1775 1344 Domino
1794 1308 1862 1344 Deo

1113 1366 1143 1393 et
1173 1359 1210 1393 B.
1243 1357 1411 1393 Francisco
1439 1357 1655 1405 promisimus,
1689 1357 1860 1397 custodire,

1113 1408 1158 1443 sic
1180 1414 1343 1442 teneantur
1373 1407 1559 1447 abbatissae,
1585 1419 1666 1454 quae
1693 1407 1723 1441 in
1759 1407 1861 1442 officio

1113 1457 1189 1491 mihi
1213 1456 1395 1495 succedent,
1419 1465 1448 1490 ct
1471 1468 1582 1490 omnes
1602 1467 1737 1500 sorores,
1760 1468 1860 1503 usque

1114 1507 1142 1540 in
1174 1505 1266 1540 tinem
1297 1504 1516 1539 inviolabiliter
1542 1504 1718 1540 observare.
1740 1504 1860 1540 Videli—

1112 1565 1160 1589 cet
1182 1554 1212 1588 in
1237 1565 1298 1588 non
1322 1553 1513 1600 recipiendo,
1536 1565 1591 1587 seu
1620 1553 1763 1588 babendo
1786 1566 1859 1601 pos-

1112 1603 1286 1638 sessionem
1314 1602 1361 1637 vel
1389 1602 1611 1649 proprietatem
1641 1614 1696 1649 per
1722 1614 1771 1644 se,
1802 1615 1860 1638 nec

1113 1664 1167 1699 per
1201 1652 1413 1698 interpositam
1451 1663 1635 1698 personam,
1675 1664 1731 1687 seu
1766 1652 1858 1686 etiam

1112 1701 1230 1748 aliquid
1253 1700 1335 1747 quod
1358 1700 1582 1735 rationabiliter
1604 1701 1778 1748 proprietas
1796 1700 1859 1735 dici

1113 1757 1226 1796 potest,
1241 1750 1300 1783 nisi
1318 1757 1470 1795 quantum
1490 1756 1599 1790 terrae,
1623 1761 1678 1796 pro
1695 1749 1859 1784 honestate

1113 1807 1142 1833 et
1170 1807 1372 1833 renovatione
1404 1806 1585 1832 monasterii
1615 1806 1788 1835 necessitas
1809 1810 1860 1834 re-

1113 1847 1223 1895 quirit:
1252 1856 1282 1881 et
1310 1847 1359 1881 illa
1388 1854 1466 1881 terra
1500 1859 1561 1882 non
1590 1846 1764 1889 laboretur,
1800 1847 1858 1882 nisi

1115 1909 1169 1943 pro
1195 1896 1286 1930 horto
1308 1895 1344 1930 ad
1369 1896 1586 1930 necessitatem
1612 1897 1761 1943 ipsarum.

1413 1971 1491 2005 Car.
1523 1975 1553 2005 7.

1162 2044 1307 2086 Sorores,
1330 2042 1447 2089 quibus
1473 2042 1560 2077 dedit
1591 2042 1748 2076 Dominus
1787 2055 1860 2088 gra-

1114 2092 1187 2126 tiam
1212 2092 1383 2133 laborandi,
1412 2099 1481 2137 post
1510 2091 1618 2125 horam
1650 2092 1771 2125 tertiam
1808 2091 1859 2126 la-

1115 2141 1224 2175 borent
1261 2140 1299 2174 de
1337 2140 1490 2179 laboritio,
1527 2140 1610 2186 quod
1645 2140 1779 2186 pertinet
1820 2140 1858 2174 ad

1092 2184 1093 2190 ¹
1114 2190 1309 2224 honestatem
1332 2197 1361 2223 et
1383 2201 1583 2223 communem
1612 2189 1786 2228 utilitatem,
1821 2188 1859 2222 fi-

1114 2238 1223 2272 deliter
1244 2246 1275 2272 et
1302 2238 1423 2277 devote,
1452 2237 1491 2271 ita
1514 2238 1598 2284 quod
1623 2238 1749 2272 excluso
1775 2237 1857 2275 otio,

1114 2288 1236 2321 animae
1258 2287 1397 2325 inimico,
1425 2294 1548 2321 sanctae
1570 2286 1718 2321 orationis
1752 2298 1787 2320 ac
1808 2285 1860 2321 de-

1115 2336 1246 2370 votionis
1268 2335 1412 2382 spiritum
1436 2347 1498 2370 non
1518 2336 1712 2381 extinguant,
1734 2334 1784 2369 cui
1800 2334 1858 2369 de—

1117 2385 1190 2418 bent
1218 2393 1337 2419 caetera
1361 2384 1543 2430 temporalia
1571 2384 1734 2418 deservire.
1761 2383 1800 2417 Et
1827 2383 1857 2417 id

1115 2434 1196 2480 quod
1226 2433 1369 2468 manibus
1402 2433 1468 2467 suis
1495 2440 1676 2480 operantur,
1701 2432 1858 2477 assignare

1117 2483 1145 2516 in
1167 2482 1302 2529 capitulo
1323 2482 1508 2521 abbatissae,
1549 2481 1595 2516 vel
1627 2481 1694 2515 eius
1730 2481 1858 2516 vicariae

1115 2543 1219 2566 coram
1242 2531 1390 2566 omnibus
1412 2538 1586 2565 teneantur.
1621 2529 1706 2564 Idem
1744 2530 1794 2564 fiat
1820 2529 1859 2565 de

1114 2580 1311 2627 eleemosyna
1353 2580 1455 2626 aliqua
1492 2579 1585 2614 missa
1618 2590 1676 2624 pro
1713 2591 1856 2614 sororum

1116 2629 1366 2669 necessitatibus,
1395 2629 1433 2663 ab
1455 2627 1623 2674 aliquibus,
1648 2635 1679 2661 ut
1702 2627 1732 2662 in
1770 2640 1858 2663 com-

1880 276 1931 304 An.
1950 277 1977 304 C.
1998 277 2064 304 1253

1884 580 1999 608 Paupertas
2006 587 2060 602 sum-

1877 616 1910 633 mo
1925 613 1993 633 studto
2011 618 2060 634 ser-

1876 643 1950 663 venda.

1880 1561 2001 1588 Froprietas
2009 1568 2057 1583 om-

1873 1592 1923 1612 nino
1938 1593 2028 1614 vitanda.

1883 2049 2023 2071 Laborandum
2033 2051 2053 2071 iu

1873 2085 1938 2107 opere
1951 2086 2053 2101 manuum.

1886 2435 1997 2456 Abbatina
2029 2436 2054 2456 de

1873 2466 1979 2492 taborttio,
1994 2470 2015 2487 et
2030 2470 2055 2487 ο-

1873 2496 2001 2524 leemosynis
2015 2497 2056 2517 dio-

1873 2530 1943 2554 ponnh
