2129 3223
60 256 107 283 An.
127 255 153 282 C.
175 255 239 282 tta&

254 320 284 345 et
322 322 503 358 processum
552 310 666 356 negotii
714 312 816 357 quoad
857 312 1000 347 ordinem

254 361 433 407 agnovistis,
460 359 621 394 credimus
646 359 859 396 manifestum.

301 408 384 445 Sane
408 408 444 443 ad
467 409 657 444 audientiam
683 417 820 444 nostram
855 422 890 445 ex
927 422 1002 457 per-

55 458 176 511 ‘xmp-e
180 459 239 512 ¹222:
252 469 399 493 sonarum
439 466 469 493 et
490 458 616 505 capituli
645 458 855 494 Eboracensis
891 459 1000 494 Eccle-

55 526 237 543 muuummn-
250 508 315 543 siae
350 508 559 543 insinuatione
595 509 746 555 pervenit,
782 517 810 542 et
860 508 997 555 idipsum

55 554 94 572 ⁸⁰¹·
250 556 436 592 dilectorum
449 565 628 592 nostrorum
642 556 772 592 Roberti
788 558 827 593 de
842 558 997 598 Eboraco,

249 614 280 640 et
305 604 420 653 Rogeri
443 606 482 641 de
504 606 622 649 Selebi,
644 614 675 641 et
696 606 827 642 aliorum
849 606 995 642 undecim

249 654 394 691 abbatum
418 655 738 690 praemonstratensis
773 655 905 691 Ordinis
950 665 997 691 te—

247 704 392 739 stimonia
424 705 588 740 manifeste
628 704 786 740 declarare
833 705 994 741 videntur:

246 754 331 801 quod
358 753 531 789 Gaul'ridus
552 754 762 789 Eboracensis
783 754 995 802 archiepisco-

247 815 306 850 pus
329 813 521 839 sacramenta
544 804 676 839 iniuncti
704 803 763 839 sihi
794 804 885 839 officii
921 804 994 838 vili-

245 851 389 898 pendens
414 853 591 893 venatione,
619 853 767 900 aucupio,
789 861 818 887 et
841 853 908 887 aliis
936 853 994 887 mi·

244 900 386 936 litaribus
407 903 491 937 curis
518 902 670 936 inutiliter
697 910 881 949 occupatus,
909 902 992 936 ordi-

245 951 362 985 nationi
385 950 585 994 clericorum,
618 950 821 986 ecclesiarum
856 951 990 986 dedica-

244 999 396 1043 tionibus,
423 1009 477 1035 aut
517 1000 646 1047 synodis
679 999 901 1041 celebrandis,
936 1013 992 1036 nec

244 1060 384 1093 manum,
407 1061 464 1085 nec
491 1062 617 1097 operam
658 1058 727 1097 post
768 1051 816 1084 sui
861 1062 992 1097 promo-

243 1099 358 1133 tionem
382 1098 536 1137 adbibuit,
575 1111 631 1133 nec
669 1099 811 1134 abbatem
855 1100 989 1146 aliquem

241 1146 449 1189 benedixerit,
477 1149 546 1182 licet
589 1156 650 1183 tam
687 1156 794 1183 contra
834 1149 989 1188 clericos,

240 1207 335 1242 quam
357 1197 486 1232 abbates
507 1197 543 1231 ad
572 1196 823 1232 maledicendum
861 1206 889 1231 et
929 1210 990 1231 ex-

240 1247 538 1281 communicandum
598 1246 734 1292 linguam
793 1247 990 1281 consueverit

239 1294 322 1329 iuxta
351 1307 470 1330 morem
492 1296 652 1342 proprium
677 1295 844 1329 indiscrete
875 1296 987 1330 laxare.

239 1342 415 1380 Libertates
437 1344 598 1379 Ecclesiae
625 1357 712 1384 suae,
745 1357 780 1379 ac
817 1353 989 1380 consuetu-

238 1392 331 1428 dines
352 1394 540 1440 approbatas
575 1402 703 1428 evacuat
742 1405 776 1428 ac
813 1394 988 1429 subvertit:

238 1441 477 1489 appellationes,
500 1455 580 1490 quae
602 1442 704 1477 solent
726 1454 794 1477 esse
817 1443 854 1477 ad
887 1455 989 1478 reme-

238 1490 326 1526 dium
354 1503 592 1540 oppressorum,
620 1492 657 1527 ad
697 1491 859 1527 Romanae
897 1491 988 1528 Sedis

238 1540 382 1576 iniuriam
423 1541 546 1576 reduxit
597 1541 628 1575 in
672 1550 907 1588 contemptum,
959 1551 988 1577 et

239 1589 345 1636 plures
367 1602 425 1637 pro
445 1602 484 1626 eo
510 1590 594 1638 quod
617 1590 654 1625 ad
672 1603 729 1625 nos
746 1591 986 1637 appellationem

238 1639 417 1684 emiserant,
435 1640 570 1674 vinculis
589 1639 660 1674 fecit
672 1639 881 1674 carceralibus
898 1640 989 1675 vehe-

239 1696 360 1723 menter
405 1688 567 1735 adstringi.
621 1688 777 1724 Personas
829 1688 987 1724 Ecclesiae

237 1749 313 1773 suae
340 1746 410 1784 post
431 1738 674 1785 appellationem
704 1739 741 1772 ad
778 1750 837 1773 nos
876 1738 986 1774 factam

239 1786 414 1822 honoribus
435 1795 465 1821 et
501 1787 663 1822 beneficiis
696 1784 850 1834 spoliavit:
889 1800 987 1834 quos-

238 1835 310 1870 dam
332 1836 559 1871 canonicorum
582 1835 793 1883 appellatione
807 1844 986 1884 contempta

238 1885 560 1920 excommunicationi
583 1886 728 1920 subiecit:
750 1885 911 1932 privilegia
926 1885 988 1921 Ro-

241 1945 405 1969 manorum
432 1933 635 1978 Pontificum,
664 1934 695 1969 in
717 1935 785 1969 eius
813 1936 987 1981 praesentia

238 1994 295 2018 sua
331 1982 462 2018 omniuo
496 1984 681 2018 auctoritate
714 1983 915 2018 frustrantur:
957 1993 986 2019 et

239 2031 291 2078 qui
314 2030 392 2066 forte
417 2032 492 2067 alias
519 2040 605 2067 tutus
630 2041 724 2073 esset,
748 2033 777 2067 in
807 2034 988 2068 ostensione

239 2080 393 2127 privilegii
420 2081 529 2122 nostri,
551 2082 649 2129 optati
677 2094 781 2116 coram
819 2094 857 2116 eo
897 2095 988 2129 prae-

238 2129 311 2164 sidii
340 2129 528 2165 beneficium
560 2130 749 2166 demeretur.
794 2130 875 2165 Cum
910 2144 988 2167 con·

240 2178 330 2226 tingit
351 2178 487 2226 aliquem
509 2179 548 2214 ad
576 2180 764 2215 subtractam
787 2181 847 2215 sibi
876 2180 987 2216 Eccle-

241 2227 330 2268 siam,
354 2227 401 2262 vel
428 2229 660 2275 possessionem
680 2241 735 2276 per
755 2229 880 2265 Iudices
898 2230 988 2265 dele-

240 2284 328 2322 gatos
348 2277 533 2312 auctoritate
555 2284 659 2312 nostra
686 2279 805 2314 restitui
833 2291 917 2320 eum,
933 2291 988 2326 per

239 2338 334 2373 quern
356 2326 509 2362 iudicium
537 2327 712 2362 executioni
751 2327 891 2363 mandari
925 2329 988 2363 de-

242 2374 347 2420 bebat,
369 2376 472 2410 statim
507 2375 621 2410 sentiet
660 2376 835 2412 inimicum.
874 2377 987 2412 Plures

240 2425 326 2458 euim
348 2425 449 2460 taliter
480 2423 647 2459 destitutos
682 2424 835 2470 destituit,
873 2434 903 2461 et
934 2438 988 2461 ec-

241 2473 352 2508 clesias
377 2485 462 2518 suas,
485 2485 542 2521 per
560 2473 721 2509 ministros
742 2486 815 2509 suos
838 2475 989 2511 violenter

241 2521 428 2568 aggrediens
454 2522 537 2558 fores
557 2535 662 2558 earum
697 2522 836 2570 fregisse,
869 2533 899 2559 et
935 2536 989 2560 eos

242 2571 426 2618 proponitur
472 2584 528 2619 per
569 2571 748 2607 violentiam
808 2574 987 2621 expulisse:

241 2631 336 2666 quam
358 2620 465 2668 plures
487 2629 605 2656 reatum
635 2621 761 2668 periurii
789 2621 863 2658 fecit
888 2623 991 2671 perni-

855 259 1068 282 COELES't‘tMs
1091 261 1125 282 ΙΙΙ
1152 261 1196 283 ΙΨ,

1677 257 1745 289 103

1041 312 1126 347 ciose
1155 314 1327 356 incurrere,
1344 316 1427 362 ipsos
1442 317 1480 351 al)
1496 317 1792 367 obedientia,quam

1040 361 1274 397 archidiaconis
1315 366 1380 398 suis
1423 368 1573 401 canonice
1604 369 1790 404 servandam

1042 411 1216 446 iuramento
1237 415 1441 459 promiserant
1471 417 1603 462 quadam
1652 419 1791 453 necessi—

1041 461 1110 494 tatis
1133 461 1277 495 violentia
1307 464 1503 498 retrahendo.
1538 466 1700 501 Praeterea
1730 480 1791 502 ma·-

1041 509 1136 543 iorem
1163 510 1335 545 Ecclesiam
1359 524 1430 546 cum
1460 515 1659 549 multitudine
1695 529 1778 551 arma

1040 566 1140 592 torum
1164 561 1359 606 aggrediens,
1389 562 1469 595 l'ores
1496 564 1621 610 capituli
1647 577 1701 610 per
1729 567 1777 600 vio

1040 607 1165 642 lentiam
1194 609 1346 655 confringi
1382 620 1410 643 et
1449 614 1599 658 asportari
1639 614 1721 656 fecit,
1757 625 1786 650 et

1040 656 1118 690 bona
1147 659 1369 693 canonicorum
1387 668 1414 693 et
1431 661 1615 696 clericorum
1637 663 1786 709 plurium,

1037 706 1089 751 qui
1115 718 1163 740 res
1190 720 1262 741 suas
1283 716 1345 741 tam
1376 709 1405 743 in
1436 709 1588 751 Ecclesia,
1622 724 1715 758 quam
1756 715 1784 748 in

1036 754 1242 790 Tliesauraria
1279 757 1319 791 ibi
1363 758 1583 804 deposuerant,
1618 761 1689 795 ferit
1733 775 1787 809 per

1039 806 1207 849 potentiam
1231 805 1375 840 detineri.
1401 807 1461 841 Pro
1482 808 1597 854 quibus
1636 811 1785 846 omnibus

1036 852 1235 889 Eboracense
1258 856 1429 901 capitulum
1454 857 1491 891 ad
1516 867 1652 893 nostram
1692 873 1783 906 prae-

1035 903 1167 937 sentiam
1187 904 1366 950 appellavit.
1388 904 1611 953 Comperimus
1629 909 1720 943 etiam
1745 923 1781 944 ex

1036 953 1214 986 testimonio
1238 954 1483 999 praedictorum,
1506 956 1590 1002 quod
1631 957 1782 993 Ecclesiis
1796 953 1883 1003 ,ἶξῗῖῑω
1911 955 1981 980 “Ρμ’”’

1033 1001 1224 1049 quaudoque
1248 1003 1441 1044 vacantibus,
1478 1015 1689 1051 praesentatas
1722 1008 1779 1042 sibi

1033 1051 1071 1083 ab
1100 1051 1159 1093 liis,
1184 1050 1220 1085 ad
1260 1064 1340 1099 quos
1384 1055 1592 1100 praesentatio
1633 1057 1779 1102 pertinet,
1809 1066 1893 1087 tdonm
1929 1074 1978 1094 w-

1034 1111 1183 1145 personas
1212 1100 1340 1135 idoneas
1363 1114 1424 1136 non
1461 1103 1604 1138 admittit:
1639 1105 1694 1139 sed
1729 1119 1781 1140 eas
1796 1099 1978 1153 {ffiss'ssssy‘gi'lssffiss

1032 1156 1084 1182 aut
1107 1149 1222 1195 pueris,
1251 1159 1300 1184 aut
1330 1151 1432 1185 minus
1460 1151 1600 1187 honestis
1640 1157 1781 1200 personis
1794 1158 1977 1207 }{{{³⁵‚1³fs⁵⁴{¹*¹⁵

1030 1199 1179 1243 assignat,
1204 1211 1280 1233 usus
1315 1200 1440 1246 pariter,
1468 1209 1499 1235 et
1541 1206 1779 1249 praesentantis,
1794 1193 1901 1243 giitim'
1922 1190 1978 1208 Μ’

1031 1254 1059 1280 et
1083 1247 1274 1282 instituentis
1312 1247 1426 1294 officio,
1463 1259 1515 1284 aut
1547 1250 1619 1286 facit
1651 1264 1703 1287 eas
1741 1254 1779 1288 de

1030 1296 1093 1329 sola
1119 1297 1274 1331 voluntate
1302 1310 1421 1342 vacare,
1444 1307 1475 1333 ut
1513 1311 1620 1335 earum
1659 1301 1780 1338 fructus
1806 1314 1894 1335 Easdem
1912 1318 1974 1335 enm

1032 1345 1139 1379 usibus
1163 1346 1260 1392 ipsius
1288 1347 1498 1394 applicentur,
1534 1357 1563 1383 et
1593 1349 1676 1396 quod
1724 1364 1779 1386 su-
1793 1346 1976 1398 Z‘ssssm'fflffluss‘}

1029 1394 1210 1429 stentatioui
1234 1395 1366 1430 alicuius
1389 1396 1511 1432 lionesti
1535 1398 1639 1434 clerici
1680 1400 1777 1436 debe·
1792 1392 1911 1442 eumdem
1930 1393 1975 1428 lm*

1030 1442 1132 1487 batur,
1154 1443 1212 1478 sibi
1247 1456 1308 1479 non
1352 1446 1462 1480 metuit
1498 1448 1642 1482 retinere.
1683 1441 1939 1485 Adie—‘mueum

1030 1501 1139 1526 cerunt
1162 1494 1268 1533 etiam,
1296 1494 1379 1541 quod
1400 1507 1471 1530 cum
1494 1496 1667 1542 spiritualia
1695 1499 1776 1534 dona

1029 1542 1125 1585 gratis
1148 1542 1292 1582 debeant,
1315 1553 1344 1577 et
1367 1544 1434 1578 sine
1458 1546 1606 1591 pravitate
1620 1547 1776 1589 distribui,

1030 1589 1209 1638 frequenter
1248 1592 1342 1627 donat
1383 1592 1569 1639 Ecclesiam,
1616 1604 1668 1630 aut
1708 1610 1776 1632 eam

1029 1640 1141 1674 scindit
1166 1653 1220 1687 per
1244 1649 1346 1688 partes
1359 1650 1464 1676 contra
1484 1651 1597 1679 statuta
1615 1647 1776 1687 canonica,

1030 1689 1074 1723 vel
1099 1689 1128 1723 in
1153 1702 1186 1724 ea
1210 1690 1268 1724 sibi
1293 1703 1404 1726 novam
1447 1700 1476 1726 et
1516 1693 1685 1729 indebitam
1725 1708 1775 1730 re-

1029 1738 1103 1772 tinet
1127 1740 1325 1785 pensionem,
1347 1742 1589 1787 possessionem,
1616 1752 1647 1777 et
1668 1756 1777 1790 quam—

1031 1787 1135 1833 plures
1167 1789 1467 1833 excommunicatos,
1507 1791 1551 1825 vel
1593 1804 1776 1839 suspensos,

1029 1837 1152 1870 nonnisi
1186 1838 1316 1884 pecunia
1358 1840 1584 1876 interveniente
1619 1841 1773 1876 absolvit:

1030 1885 1164 1931 religiosi
1188 1898 1261 1921 vero
1283 1896 1312 1921 ct
1335 1887 1455 1922 bonesti
1470 1889 1500 1923 in
1515 1899 1687 1937 conspectu
1707 1892 1775 1927 eius

1028 1933 1169 1981 despecti
1205 1943 1235 1969 et
1275 1937 1530 1983 contemptibiles
1563 1939 1654 1982 fiunt;
1689 1940 1774 1979 viles,

1028 1991 1058 2017 et
1080 1992 1246 2031 suspectae
1270 1997 1422 2032 personae
1443 1986 1482 2021 de
1504 1987 1583 2023 sacili
1607 1988 1775 2024 familiari-

1029 2040 1122 2067 tatem
1145 2034 1224 2074 eius,
1246 2043 1275 2068 et
1303 2036 1433 2079 gratiam
1457 2046 1675 2084 assequuntur⁴
1711 2038 1775 2073 Nos
1804 2043 1973 2080 {=··¹⁸²‹¹P*’⁰“

1030 2093 1101 2116 vero
1123 2081 1162 2118 de
1188 2083 1370 2119 rumoribus
1401 2092 1463 2120 tam
1498 2087 1636 2133 profanis
1661 2087 1775 2123 auditis
1789 2077 1921 2132 lilsscuisgiiiae
1934 2081 1972 2124 ἷζῗ

1028 2142 1091 2166 non
1111 2132 1219 2175 semel,
1246 2132 1300 2167 sed
1316 2134 1441 2180 saepius
1457 2142 1519 2169 tam
1544 2136 1773 2182 praedictorum
1790 2139 1853 2158 ‘¹¹³¹‘

1028 2191 1121 2227 quam
1165 2181 1296 2216 aliorum
1337 2182 1559 2228 praelatorum,
1607 2186 1635 2219 in
1677 2197 1775 2231 regno

1028 2229 1170 2276 Angliae,
1198 2238 1228 2264 et
1252 2231 1282 2265 in
1310 2230 1502 2267 Eboracensi
1531 2234 1689 2279 provincia
1718 2247 1774 2281 po>

1029 2279 1173 2319 sitorum,
1184 2279 1305 2319 litteris,
1315 2282 1430 2315 nostris
1439 2281 1566 2316 auribus
1580 2282 1776 2330 frequentius

1030 2328 1192 2363 inculcatis
1221 2329 1361 2363 volentes
1382 2342 1454 2364 eum
1482 2342 1497 2364 a
1513 2331 1578 2365 suis
1593 2333 1775 2368 excessibus

1029 2376 1198 2416 deterrere,
1222 2377 1311 2412 etad
1354 2380 1571 2426 exequendum
1611 2382 1775 2427 pastoralis

1029 2425 1120 2459 officii
1159 2425 1300 2461 debitum
1337 2439 1497 2462 revocare:
1538 2429 1774 2475 inquisitionem

1030 2474 1128 2509 famae
1157 2475 1256 2522 ipsius
1279 2475 1365 2510 vobis
1391 2476 1541 2512 duximus
1565 2481 1774 2516 committeu-

1029 2523 1114 2567 ‹lam,
1136 2533 1170 2558 ut
1195 2524 1311 2559 vocatis
1333 2524 1509 2567 abbatibus,
1548 2536 1578 2562 et
1607 2528 1774 2575 prioribuS,

1029 2580 1059 2606 et
1101 2573 1322 2609 ecclesiasticis
1370 2576 1511 2621 personis
1567 2576 1775 2614 Eboracensis

1029 2621 1185 2658 dioecesis
1206 2623 1403 2670 inquireretis
1424 2624 1462 2659 de
1490 2627 1671 2672 praemissis
1703 2628 1776 2664 dili-

1813 269 1859 293 An.
1876 267 1894 293 C
1925 270 1987 296 ll‘j't

1826 829 1958 851 Etrurii-ewa

1799 861 1883 886 capitulv
1908 866 1982 881 contra

1798 891 1891 917 archiep.
1909 898 1981 912 eri-ez*-

1797 927 1832 941 ωε
1857 923 1881 942 ed
1905 922 1979 943 Salen.
