2129 3223
384 249 454 280 816
935 258 1121 281 etiamnum
1149 259 1311 281 nouatum

335 312 490 348 Haeretici
518 312 729 346 provinciales
751 311 892 359 expulsi,
927 315 999 347 256
1034 315 1062 347 b.
1091 312 1309 360 Indulgentiae
1337 313 1517 360 propositae
1545 321 1652 348 contra
1681 325 1737 348 eos
1766 325 1889 360 pugna-

433 362 522 402 turis,
558 363 628 396 257
652 375 682 395 a.

333 411 487 446 Haeretici
517 410 649 458 publici,
670 413 740 446 646
763 413 792 446 b.

334 461 496 507 Hedwigis
517 461 590 505 tB.),
619 462 688 496 769
716 474 746 496 α.
785 461 908 496 illustre
943 462 1040 508 ipsius
1067 475 1186 508 genus,
1213 463 1288 496 ibid.
1327 462 1403 496 Eius
1439 463 1584 502 virtutes,
1623 466 1692 497 770
1714 476 1732 496 a
1766 471 1796 496 et
1825 476 1886 507 seq.

431 510 594 551 Miracula,
616 514 686 546 775
702 524 732 546 a.
747 511 795 546 De
812 511 858 546 his
872 512 1050 558 inquiritur,
1069 515 1139 547 774
1153 514 1180 547 b.
1196 510 1384 547 Sanctarum
1398 512 1562 558 cathalogo
1576 511 1779 553 adscribitur,
1807 515 1884 546 ibid.

334 561 491 597 Heuricus
513 561 705 596 Albanensis
727 562 869 609 episcop.
895 564 940 596 14
962 574 992 596 α.

333 613 493 648 Henricus
516 611 681 658 Argentin.
710 612 852 660 episcop.
880 613 927 646 22
955 613 981 646 b.

334 663 493 699 Henricus
513 661 724 697 Bituricensis
751 662 1018 709 archiepiscopus.
1054 663 1087 695 V.
1111 662 1301 696 Bituricensi
1329 661 1566 709 archiepiscopo
1588 669 1643 696 etc.

334 713 493 748 Henricus
506 711 570 747 CP.
591 712 759 759 imperator
780 712 1037 747 constitutionem
1053 712 1153 747 sancit
1168 719 1274 747 contra
1294 712 1466 748 libertatem
1485 711 1726 747 ecclesiasticam
1743 739 1753 751 ,
1767 713 1837 746 264
1858 714 1885 746 b.

437 762 512 797 Eam
549 761 701 806 infirmat,
723 764 797 796 ibid.

336 813 495 847 Henricus
522 811 697 846 Gradensis
720 811 906 859 patriarcha.
936 813 969 845 V.
992 810 1167 846 Gradensis
1194 811 1335 847 Ecclesia
1362 820 1413 847 etc.

335 862 491 897 Henricns
529 862 697 907 imperator
728 874 744 895 a
772 861 954 897 Coelestino
969 860 1009 895 lll
1029 862 1163 909 imperio
1187 861 1363 901 investitur,
1389 863 1457 895 169
1473 874 1503 894 α.
1527 862 1602 896 Eius
1620 860 1756 901 scelera,
1773 861 1785 894 t
1800 863 1838 894 71
1860 862 1887 894 b.

337 912 492 947 Henricus
514 911 540 945 ll
568 911 700 956 Angliae
722 923 775 946 rex
803 919 968 946 tractatum
994 910 1051 944 init
1078 924 1149 945 cum
1184 911 1369 947 Innocentio
1396 911 1437 945 IV
1469 910 1510 945 de
1529 923 1626 958 regno
1652 910 1780 945 Siciliae
1803 909 1887 944 AEtl-

436 961 554 996 mundo
578 961 642 994 lilio
668 961 872 996 concedendo
889 963 958 995 722
986 963 1013 995 b.
1030 959 1096 995 Cur
1125 960 1248 996 nullum
1278 961 1326 995 ius
1353 962 1381 995 ei
1409 971 1505 1008 super
1531 961 1643 997 eodem
1672 972 1768 1006 regno
1796 971 1886 994 com—

438 1019 531 1058 petat,
561 1011 631 1044 726
659 1023 688 1044 α.

337 1061 496 1096 Hem-icus
517 1060 639 1095 Svevus
662 1059 847 1095 paschalem
876 1060 903 1094 ll
927 1072 982 1108 per
1005 1059 1182 1095 violentiam
1210 1060 1310 1106 capit,
1335 1062 1398 1094 171
1425 1062 1454 1095 b.
1477 1060 1527 1095 Ab
1553 1072 1655 1108 eoque
1684 1059 1885 1107 privilegium

435 1110 474 1145 de
499 1109 694 1145 investituris
716 1109 837 1144 Eccles.
857 1118 1037 1156 extorquet,
1060 1111 1134 1144 ibid.
1159 1118 1189 1145 et
1210 1123 1270 1155 seq.

336 1161 542 1196 Hermannus
567 1159 717 1206 magister
739 1159 858 1194 ordinis
885 1159 1172 1203 Teuthonicorum,
1194 1162 1266 1194 425
1293 1161 1320 1193 b.

340 1210 470 1245 Herran
493 1209 648 1244 abbatissa
676 1209 961 1256 Hohenburgensis
988 1210 1180 1244 monasterii.
1214 1211 1247 1243 Γ.
1271 1208 1558 1255 Hohenburgensis
1576 1208 1708 1243 abbatia.

339 1260 455 1296 Hervei
473 1259 600 1294 comitis
620 1258 825 1293 Nivernensis
845 1269 875 1294 et
895 1259 1133 1293 Virzeliacensis
1152 1259 1331 1294 monasterii
1351 1259 1519 1294 concordia
1542 1259 1757 1297 confirmatur,
1774 1259 1844 1292 289
1860 1262 1886 1291 h.

340 1309 488 1345 Herveus
519 1309 687 1356 episcopus
713 1308 888 1343 Trecensis.
923 1310 957 1342 V.
980 1309 1148 1344 Trecensis
1174 1309 1329 1343 Ecclesia.

342 1359 514 1394 Hiberniae
537 1359 664 1405 praelati
687 1358 898 1393 admonentur
921 1367 953 1393 ut
976 1367 1087 1393 statuta
1116 1359 1240 1393 concilii
1267 1358 1422 1404 generalis
1444 1359 1610 1392 observare
1631 1358 1755 1395 faciant,
1771 1361 1841 1391 564
1857 1358 1884 1390 b.

344 1408 702 1456 Hierosolymitanorum
730 1409 872 1455 equitum
896 1409 1088 1452 encomium,
1124 1410 1194 1443 629
1228 1422 1258 1443 α.
1287 1408 1450 1454 Privilegia
1479 1408 1597 1442 eisdem
1630 1407 1781 1442 nonnulla
1810 1419 1887 1440 con-

437 1459 607 1501 ceduntur,
633 1459 709 1492 ibid.
738 1459 756 1491 b
783 1466 813 1492 et
835 1471 896 1503 seq.

341 1508 555 1544 Hierusalem.
585 1509 619 1542 V.
647 1507 829 1542 Ierusalem.

341 1558 516 1594 Histriones
539 1558 569 1592 in
597 1557 788 1592 monasterio
811 1556 993 1591 Cassiuensi
1018 1569 1079 1590 non
1108 1556 1307 1599 admittendi,
1333 1558 1402 1591 556
1425 1558 1453 1590 b.

340 1607 622 1654 Hohenburgensis
644 1607 762 1641 abbatia
786 1620 800 1640 a
826 1606 985 1641 Friderico
1008 1606 1034 1640 ll
1059 1609 1246 1652 imperatore
1269 1614 1421 1652 reparata,
1445 1608 1491 1639 22
1515 1608 1531 1639 b
1558 1615 1586 1640 et
1614 1618 1675 1651 seq.

341 1657 519 1693 Homoboni
543 1656 599 1701 (S.)
626 1657 768 1698 virtutes,
793 1658 862 1690 158
884 1659 912 1691 b.
940 1656 1102 1694 Miracnla,
1139 1658 1207 1691 1159
1235 1670 1265 1690 α.
1288 1655 1506 1699 Canonizatio,
1533 1657 1609 1689 ibid.
1638 1656 1666 1689 b.

341 1707 500 1743 Honorius
527 1707 569 1742 ΙΙΙ
596 1707 680 1754 Papa
713 1718 850 1742 crxxvn
877 1707 1014 1753 eligitur,
1034 1708 1105 1740 504
1124 1719 1153 1740 a.
1246 1739 1250 1742 .

340 1757 556 1806 Hospitalitas‚
579 1759 649 1791 244
673 1758 700 1791 b.
731 1757 809 1791 Eius
831 1758 1024 1796 encomium,
1051 1758 1118 1790 '189
1142 1758 1171 1798 b,
1199 1758 1269 1791 520
1297 1758 1324 1789 b.

340 1807 432 1855 Hugo
459 1807 556 1843 abbas
577 1806 786 1841 Bonaevallis.
842 1807 920 1841 Eius
953 1819 1069 1853 corpus
1092 1807 1249 1841 miraculis
1284 1806 1423 1848 clarum,
1451 1806 1513 1838 381
1548 1807 1575 1838 b.
1618 1803 1782 1852 lnquisltio
1821 1802 1883 1836 de-

439 1857 606 1893 mandatur
628 1857 667 1891 de
691 1857 751 1898 his,
777 1858 854 1891 ibid.

341 1907 435 1955 Hugo
459 1907 555 1942 abbas
574 1906 808 1951 Cluniacensis,
831 1910 876 1941 55
905 1908 932 1941 b.

341 1957 434 2004 Hugo
469 1957 638 2004 episcopus
667 1956 905 1991 Lincolniensis·
925 1958 994 1991 559
1019 1957 1047 1990 b.
1076 1955 1270 1990 Commissio
1299 1955 1390 1988 datur
1405 1966 1500 2001 super
1523 1953 1725 2000 inquisitione
1749 1952 1829 1986 vitae
1852 1963 1886 1986 ac

440 2006 663 2041 miraculorum
688 2006 768 2046 eius,
791 2008 866 2041 ibid.
895 2005 1084 2040 Sanctorum
1108 2005 1273 2050 cathalogo
1295 2004 1485 2039 adscribitur
1508 2006 1577 2038 367
1600 2016 1629 2037 α.

341 2057 434 2103 Hugo
463 2056 778 2103 pseudo—episcopus
804 2055 912 2090 Sancti
936 2054 1083 2099 Andreae,
1110 2057 1155 2089 54
1178 2068 1207 2088 (ι.
1243 2054 1356 2088 Eidem
1385 2053 1569 2088 obedientes
1595 2052 1738 2087 censuris
1766 2050 1888 2098 percel-

439 2105 535 2145 lendi,
559 2108 604 2140 55
627 2105 656 2140 ἆ.
686 2105 803 2141 Altaria
831 2114 861 2140 et
883 2105 998 2140 calices
1020 2105 1051 2139 in
1075 2104 1190 2152 quibus
1212 2103 1430 2147 celebraverit,
1455 2102 1658 2151 purificanda,
1685 2103 1760 2136 ¹ibid.
1785 2100 1834 2134 Ab
1850 2112 1886 2133 eo

440 2156 602 2190 immutata
632 2155 764 2202 pristino
790 2163 872 2190 statu
901 2154 1075 2199 reddenda,
1101 2156 1176 2188 ibid.
1205 2157 1232 2187 b.

342 2205 588 2241 Humanatensis
603 2205 753 2247 Ecclesia,
770 2207 840 2240 500
853 2218 883 2239 α.
907 2205 1020 2239 Abilla
1034 2204 1225 2250 disiungitur
1241 2203 1468 2238 Recanatcnsis
1500 2202 1652 2245 Ecclesia,
1685 2203 1760 2235 ibid.
1795 2209 1823 2234 et
1859 2200 1885 2233 b.

342 2254 630 2290 llumanateusihus
651 2255 810 2303 episcopis
836 2254 1006 2290 subiicitur
1035 2254 1212 2288 Auximana
1242 2254 1349 2287 civitas
1371 2252 1540 2300 episcopali
1571 2251 1723 2297 dignitate
1751 2250 1886 2298 privata,

441 2307 512 2340 556
540 2318 570 2340 a.

342 2355 502 2390 Humiliati
524 2356 570 2390 vel
594 2355 754 2402 Pauperes
775 2354 814 2389 de
838 2354 995 2401 Lugduno
1021 2354 1193 2397 (haeretici)
1216 2353 1481 2394 condemnantur7
1504 2354 1551 2386 20
1573 2353 1601 2386 b.

344 2404 520 2452 Hungariae
542 2418 595 2441 rex
613 2405 810 2441 Babiloniam
840 2412 994 2453 penetrat,
1023 2406 1086 2439 551
1122 2406 1150 2438 b.

346 2549 446 2584 lacobi
469 2550 528 2593 (B.)
555 2549 677 2585 orilinis
699 2558 729 2584 et
753 2549 882 2584 militiae
904 2548 1070 2588 institutio,
1094 2550 1159 2581 241
1192 2548 1220 2581 b.
1250 2546 1409 2581 Validatur
1430 2554 1461 2581 et
1482 2545 1710 2580 confirmantur
1743 2543 1769 2576 ei
1807 2542 1887 2576 hona

444 2601 547 2634 omnia
572 2600 641 2634 tlata
665 2609 694 2634 ct
718 2599 834 2641 danda,
857 2601 929 2634 242
955 2600 984 2632 b.
1007 2597 1125 2632 Milites
1153 2598 1205 2631 uni
1235 2597 1384 2642 magistro
1405 2595 1628 2633 subiiciuntur,
1651 2594 1722 2626 245
1746 2605 1775 2626 α.
1800 2591 1889 2626 Uxo-

446 2660 494 2683 res
522 2649 656 2683 hahendi
681 2649 811 2684 facultas
833 2649 878 2683 eis
907 2649 1010 2689 datur,
1035 2649 1108 2681 ibid.
1133 2646 1250 2680 Eorum
1275 2654 1400 2687 statuta,
1425 2647 1495 2679 244
1517 2647 1544 2678 b.
1573 2643 1750 2688 Privilegia,
1769 2643 1840 2675 245
1857 2654 1887 2675 α.
