2129 3223
162 271 211 297 An.
232 270 260 296 C.
278 271 343 299 ¹2¹7

174 379 278 402 Nonnunu
325 386 343 400 et

162 412 260 433 concedit
278 417 343 438 pmi-

164 447 218 468 legia

410 262 480 295 320

359 335 491 373 quenter
518 334 547 361 et
577 325 738 361 victoriam
766 328 951 373 reportavit.
980 336 1009 361 et
1039 326 1108 373 plu-

361 377 454 410 rimas
491 387 600 410 eorum
641 374 735 410 urbes
772 376 849 410 mira
894 375 1028 423 quadam
1079 384 1107 410 et

361 424 532 463 invincibili
563 425 701 471 potentia
734 424 930 471 subiugavit,
963 425 1105 471 ampliori

360 474 530 509 honoretur
556 474 684 520 fastigio
713 474 888 520 dignitatis,
923 486 1005 521 equo
1036 473 1107 507 albo

358 535 429 557 cum
448 523 550 558 nacho
571 523 642 558 albo
664 524 695 558 in
716 523 972 570 processionibus
996 523 1054 562 uti,
1078 531 1106 556 et

338 571 507 613 crucem,
523 572 669 607 vexillum
686 572 827 608 videlicet
842 572 1035 608 dominicum
1053 584 1107 618 per

160 888 217 907 >ul-e

172 1365 259 1386 Pettium
273 1371 341 1387 autem

160 1398 328 1425 achiepiscope.

196 2162 304 2182 [lautnl„e

357 621 531 656 subiectam
547 621 634 657 robis
647 622 840 670 provinciam
856 621 1012 669 portandi,
1026 630 1106 656 sicut

359 672 586 716 praenominati
608 680 826 707 antecessores
855 674 950 706 nostri
977 682 1107 705 conces-

357 720 436 755 sisse
470 728 662 766 noscuntur,
697 720 753 755 tibi
787 721 909 768 tuisque
941 732 1107 755 successo-

359 769 445 806 ribus
476 769 634 805 licentiam
661 770 787 811 damus,
809 778 838 805 et
867 770 995 804 liberam
1021 769 1106 804 vobis

291 832 327 861 ’ς-
358 814 563 854 concedimus
581 816 772 855 facultatem.
793 819 840 853 Ad
865 819 940 854 baec
959 818 1104 853 lanuensi

318 864 343 877 ““
359 868 473 904 civitati
508 868 706 904 medietatem
739 869 861 903 insulae
892 867 1041 903 Corsicae
1068 868 1105 902 ad

358 918 520 966 exemplar
539 917 722 953 eorumdem
746 917 1022 964 praedecessorum
1048 929 1107 951 no-

358 975 493 1002 strorum
517 967 734 1011 concedimus,
755 967 795 1001 ita
818 966 938 1002 scilicet
962 975 993 1001 ut
1015 966 1107 1001 nobis

359 1017 538 1064 nostrisque
560 1015 801 1052 successoribus
820 1016 948 1050 lanuen.
970 1016 1106 1063 populus

356 1077 427 1100 cum
456 1066 570 1101 exinde
597 1065 688 1100 suerit
720 1065 901 1112 requisitus,
925 1064 1105 1100 fidelitatem

357 1115 448 1156 iuret,
471 1123 501 1150 et
524 1128 579 1162 pro
607 1115 760 1162 pensione
783 1127 875 1149 unam
903 1113 1015 1149 libram
1038 1115 1105 1149 auri

356 1164 490 1210 singulis
510 1165 601 1199 annis
623 1164 714 1199 nobis
736 1172 766 1199 et
787 1163 1026 1198 successorihus
1048 1176 1106 1198 no-

356 1214 429 1248 stris
455 1214 589 1255 exolvat,
616 1213 710 1249 salvis
738 1213 888 1248 nimirum
912 1212 1016 1247 feudis
1044 1221 1105 1248 tam

358 1263 478 1304 vestris,
500 1276 594 1311 quam
618 1262 822 1303 Pisanorum,
849 1263 930 1297 sicut
952 1275 968 1296 a
995 1262 1105 1297 decem

356 1313 447 1346 annis
468 1321 498 1347 et
519 1324 613 1359 supra
636 1312 812 1347 obtinuisse
835 1319 1019 1346 noscuntur:
1039 1311 1107 1358 pal-

936 272 1036 295 ΒΗΜΛ
1044 271 1125 294 ΙῖΙῐῘΜ
1152 271 1312 293 ΒΟΜΑΝΠΜ

1149 334 1336 371 cognoscat,
1364 333 1395 360 et
1420 337 1436 361 a
1466 325 1680 361 sacratissimo
1707 323 1849 372 Corpore
1870 333 1903 361 et

1148 374 1312 418 Sanguine
1347 374 1424 419 Dei,
1450 387 1487 410 ac
1515 374 1642 410 Domini
1674 373 1901 422 Redemptoris

1148 423 1252 458 Nostri
1280 423 1350 459 iesu
1379 424 1495 460 Christi
1521 424 1621 459 aliena
1645 423 1712 468 fiat,
1744 431 1838 471 atque
1867 424 1899 459 in

1148 481 1289 508 extremo
1319 475 1463 509 examine
1494 473 1653 508 districtae
1676 473 1788 508 ultioni
1822 472 1900 508 sub-

1149 523 1256 557 iaceat.
1286 522 1418 558 Cunctis
1451 531 1556 565 autem
1588 534 1644 557 sua
1674 523 1738 557 iura
1767 534 1898 558 servan-

1149 572 1232 606 tibus
1253 572 1293 606 sit
1317 585 1374 619 pax
1396 572 1524 607 Domini
1547 571 1652 607 Nostri
1675 572 1745 607 lesu
1767 570 1898 614 Christi,

1148 630 1304 668 quatenus
1332 631 1359 657 et
1390 621 1441 657 hic
1471 621 1607 656 fructum
1639 621 1741 657 bonae
1766 622 1898 657 actionis

1150 671 1340 718 percipiant,
1374 679 1405 706 et
1432 670 1516 718 apud
1550 670 1728 706 districtum
1757 670 1896 707 Iudicem

1149 721 1286 767 praemia
1308 729 1452 756 aeternae
1477 720 1562 768 pacis
1589 719 1760 755 inveniant.
1782 720 1898 766 Amen,

1147 782 1252 813 anien,
1275 782 1380 805 amen.
1714 781 1717 782 ⁷

1196 819 1311 854 Datum
1334 819 1479 854 Laterani
1505 832 1560 866 per
1583 831 1728 854 manumv
1747 818 1897 866 Raynerii

1147 877 1274 904 sanctae
1288 868 1450 904 Romanae
1461 868 1622 904 Ecclesiae
1637 867 1897 913 vicecancellarii,

1148 926 1257 953 octavo
1283 917 1433 953 kalendas
1466 918 1557 959 maii,
1586 917 1760 953 indictione
1794 925 1897 962 sexta,

1147 967 1373 1003 incarnationis
1404 967 1582 1002 dominicae
1615 979 1699 1002 anno
1729 966 1897 1002 millesimo

1147 1016 1366 1052 ducentesimo
1395 1016 1675 1064 decimoseptimo,
1698 1016 1898 1064 pontificatus

1149 1078 1221 1101 vero
1248 1066 1368 1102 domini
1403 1066 1535 1102 Honorii
1564 1065 1668 1114 Papae
1700 1065 1784 1101 tertii
1814 1077 1898 1101 anno

1150 1128 1264 1163 primo.

1189 1172 1247 1203 Dat.
1271 1173 1318 1203 die
1336 1173 1373 1203 24
1393 1174 1494 1213 aprilis
1514 1172 1600 1207 1217,
1620 1172 1722 1212 pontis.
1741 1181 1820 1203 anno
1837 1180 1858 1202 ι.

1502 1301 1542 1336 X.

358 1360 399 1396 lio
434 1374 506 1397 vero
533 1362 612 1396 infra
645 1361 820 1396 Ecclesiam
858 1361 1026 1407 perfruaris
1059 1361 1107 1396 liis
1126 1349 1129 1385 l
1148 1371 1319 1404 Djssolutfo
1342 1371 1462 1404 unionis
1488 1371 1524 1403 de
1546 1370 1647 1403 Domo
1685 1369 1795 1403 Sancti
1825 1369 1901 1414 Spq-

357 1410 481 1449 diebus.
503 1411 535 1445 in
552 1411 660 1445 Coena
674 1410 814 1449 Domini,
834 1410 966 1447 Pascha¹
985 1411 1107 1444 Ascen-

357 1461 445 1494 sione
472 1459 618 1500 Domini,
648 1460 853 1499 Pentecoste,
884 1459 913 1493 in
943 1459 1106 1494 festivitate

357 1509 572 1556 apostolorum
608 1509 692 1543 Petri
728 1517 759 1543 et
793 1508 901 1548 Pauli,
936 1516 966 1542 et
998 1507 1105 1543 Sancti

356 1557 507 1593 lobannis
528 1559 700 1606 Baptistae,
721 1557 831 1593 Sancti
853 1557 1026 1597 Laurentii,
1051 1558 1107 1592 tri-

359 1607 417 1642 bus
447 1607 668 1643 festivitatibus
694 1607 810 1642 Beatae
837 1606 968 1650 Mariae,
996 1606 1026 1640 in
1053 1618 1108 1641 so-

358 1657 518 1692 lemnitate
533 1657 675 1692 omnium
690 1656 891 1696 Sanctorum,
907 1655 1013 1689 Sancti
1034 1655 1106 1697 Siri,

358 1714 386 1739 et
415 1705 496 1741 beati
524 1705 716 1742 confessoris
741 1704 877 1745 Nicolai,
904 1704 1013 1739 ‘Natale
1041 1705 1108 1740 Do-

358 1755 447 1796 mini,
474 1754 665 1802 Epiphania,
687 1764 717 1790 et
740 1755 770 1789 in
799 1754 1014 1789 anniversario
1037 1763 1108 1789 tuae

357 1805 604 1840 consecrationis
643 1804 713 1845 die;
746 1804 776 1838 in
815 1803 1130 1850 consecrationibus,

1128 1793 1130 1821 i

357 1865 484 1901 quoque
505 1854 741 1901 episcoporum,
764 1851 978 1895 basilicarum,
1005 1861 1034 1887 et
1056 1865 1109 1887 or-
1128 1860 1130 1900 ζ

358 1903 573 1938 dinationibus
599 1903 798 1938 clericorum.
834 1901 1002 1936 Abbatiam
1026 1914 1108 1948 quo-
1128 1903 1130 1944 ζ

358 1964 420 1998 que
456 1951 496 1987 de
517 1952 609 1987 ·Tiro
642 1952 680 1987 ad
715 1951 989 1990 meliorationem,
1025 1952 1130 1986 salva*

359 2009 485 2036 sanctae
524 2001 686 2037 Romanae
719 2000 881 2035 Ecclesiae
920 2000 1109 2047 proprietate

359 2062 395 2085 ac
416 2063 525 2092 censu,
542 2052 624 2086 sicut
643 2050 792 2098 praedicti
815 2057 1031 2084 antecessores
1052 2061 1110 2084 no-

360 2099 416 2135 stri
451 2099 673 2143 Innocentius,
708 2098 905 2139 Alexander,
940 2097 1109 2143 Clemens,

361 2148 562 2185 Coelestinus
606 2158 636 2184 et
672 2148 876 2183 Innocentius
908 2147 1018 2182 fecisse
1052 2159 1112 2182 no-

361 2206 504 2244 scuntur,
523 2199 591 2235 tibi.
612 2199 706 2233 trater
718 2198 970 2244 archiepiscope,
986 2197 1110 2243 tuisque

361 2249 599 2283 successoribus
617 2248 768 2282 duximus
788 2245 1058 2282 committendam.
1075 2245 1108 2279 Si

361 2310 422 2345 qua
451 2299 546 2345 igitur
568 2299 599 2332 in
621 2297 763 2332 futurum
782 2295 1014 2339 ecclesiastica,
1041 2307 1112 2329 sae-

361 2348 514 2383 cularisxe
543 2358 678 2394 persona
703 2347 783 2380 hanc
812 2353 936 2380 nostrae
958 2344 1112 2379 constitu·

362 2398 456 2432 tionis
473 2399 619 2445 paginam
643 2396 758 2436 scien5‚
781 2404 890 2430 contra
904 2406 972 2429 cam
995 2401 1112 2429 temere

364 2447 469 2482 venire
498 2446 678 2490 tentaverit,
700 2444 840 2480 secundo
867 2444 998 2479 tertiove
1025 2455 1113 2478 com-

363 2497 494 2536 monita,
514 2496 573 2530 nisi
598 2503 718 2530 reatum
737 2505 830 2528 suum
859 2504 998 2539 congrua
1021 2492 1113 2527 satis-

365 2545 497 2580 l'actione
515 2543 698 2583 correxerit,
722 2542 897 2591 potestatiS,
921 2542 1114 2589 honorisque

364 2593 412 2627 sui
439 2593 590 2638 dignitate
618 2601 738 2633 careat,
767 2603 914 2638 reamque
942 2603 975 2625 sc
1007 2590 1114 2625 divino

367 2641 484 2676 iudicio
512 2643 645 2676 existere
667 2643 705 2675 de
739 2649 913 2687 perpetrata
950 2640 1114 2686 iniquitate

1198 1420 1273 1454 ritus
1299 1432 1331 1453 tn
1354 1420 1457 1454 Samia
1483 1420 1519 1452 de
1539 1419 1615 1452 Urbe
1636 1419 1785 1463 hospitali
1806 1419 1900 1452 Mon—

1198 1470 1387 1514 tispessulan.
1427 1469 1528 1513 factae
1569 1480 1637 1502 cum
1677 1468 1898 1502 nonnullarum

1195 1519 1372 1562 qratiaritm
1390 1518 1551 1563 praefatae
1581 1517 1696 1550 Domui
1732 1518 1900 1562 confirma-

1198 1569 1277 1600 tione
1292 1570 1317 1609 (t
1328 1572 1347 1607 ᾗ).

1419 1630 1605 1662 SL'MMARIU
1611 1631 1633 1660 „ll

1149 1689 1362 1728 Ilospitalitutis
1379 1689 1556 1719 encomium.
1572 1705 1611 1710 —
1626 1687 1777 1727 Hospitale
1790 1687 1819 1719 S.
1837 1687 1903 1728 Spi-

1188 1734 1263 1764 ritus
1283 1734 1313 1764 in
1331 1733 1415 1764 saxia
1433 1733 1539 1771 recipit
1555 1732 1610 1762 sub
1630 1732 1812 1771 protectione
1829 1731 1857 1762 S.
1870 1733 1902 1762 A.

1187 1795 1226 1800 —
1247 1777 1286 1808 De
1303 1787 1426 1808 numero
1439 1777 1614 1807 clericorum
1634 1776 1745 1807 ibidem
1772 1777 1903 1807 servien-

1190 1823 1317 1852 tium:—
1329 1822 1496 1861 Eorumque
1510 1822 1614 1851 officio.
1629 1838 1668 1844 —-
1677 1820 1814 1852 Dissolvit
1825 1821 1861 1852 ab
1869 1830 1903 1851 eo

1188 1867 1337 1906 hospitale
1366 1865 1629 1905 Montispessutan.
1663 1882 1703 1888 —
1733 1866 1904 1905 Magistrum

1191 1912 1245 1941 soli
1270 1911 1400 1940 Romano
1424 1910 1560 1940 Pontifici
1579 1910 1747 1941 subiectum
1766 1910 1905 1941 declarat.

1189 1972 1228 1977 —-
1260 1955 1412 1985 Fratribus
1437 1956 1465 1984 in
1489 1955 1551 1985 loca
1583 1956 1739 1986 interdicto
1771 1955 1904 1986 subiecta

1190 1999 1376 2029 venientibus
1397 1999 1537 2038 pulsandi
1560 2008 1720 2039 campanas
1738 2000 1787 2030 dat
1813 1999 1905 2031 facul-

1191 2049 1292 2073 tatem:
1316 2044 1433 2083 aliaque
1451 2045 1588 2074 concedit
1610 2045 1774 2084 privilegia.
1799 2061 1840 2067 —
1866 2043 1905 2073 De

1192 2088 1332 2118 fratribus
1356 2089 1539 2119 amovendis.
1561 2105 1600 2111 —
1621 2088 1734 2119 Decret.
1761 2089 1904 2120 immuni-

1193 2138 1292 2162 tatum.
1321 2150 1360 2155 —-
1387 2132 1472 2162 Rom.
1497 2133 1656 2163 Pontifices
1675 2133 1856 2170 adhortatur,
1876 2140 1905 2162 ut

1191 2178 1216 2205 ei
1237 2182 1355 2216 praesto
1380 2178 1448 2207 sint.
1471 2194 1508 2199 —
1526 2176 1691 2207 Clausulae.

1151 2238 1280 2267 Honorius
1300 2239 1442 2275 episcopus
1460 2245 1557 2268 servus
1575 2245 1716 2268 servorum
1725 2238 1780 2273 Dei.
1794 2239 1906 2270 dilectis

1196 2287 1262 2316 filiis
1280 2288 1387 2317 cinthio
1403 2288 1538 2323 magistro
1553 2287 1701 2324 hospitalis
1718 2288 1833 2317 Sanctae
1850 2289 1905 2318 Ha·

1196 2336 1255 2365 riae
1273 2337 1301 2365 in
1319 2337 1401 2365 saxia
1419 2337 1451 2366 de
1463 2337 1540 2370 urbe,
1558 2337 1670 2373 eiusque
1688 2336 1824 2366 fratribus
1849 2339 1907 2377 tam

1197 2386 1390 2421 praesentibus
1415 2392 1495 2421 quam
1519 2385 1623 2414 futuris
1651 2385 1807 2422 regularem
1821 2387 1907 2418 vitam

1197 2434 1333 2470 professis
1351 2435 1379 2463 in
1404 2436 1577 2471 perpetuum,
1601 2435 1720 2465 satutem
1748 2437 1778 2465 ot
1797 2439 1906 2472 aposto·

1197 2483 1278 2512 licam
1292 2484 1515 2514 benedictionem.

1204 2537 1286 2572 inter
1313 2551 1407 2585 opera
1436 2539 1570 2586 pietatis,
1604 2550 1692 2586 vquae
1728 2540 1904 2576 secundum

1154 2587 1343 2634 Apostolum
1393 2588 1634 2635 promissionem
1664 2588 1778 2624 liabent
1804 2590 1902 2631 virae,

1190 2652 1229 2686 tl)
1246 2651 1283 2678 Ex
1303 2653 1405 2688 Regest.
1424 2652 1504 2679 Vah:

1915 268 1956 296 An
1985 267 2005 294 C
2031 267 2098 296 ¹217

1932 2545 2087 2574 nuspa-nmis

1919 2583 2044 2600 enctnnmm⁴
