2129 3223
122 281 169 306 Αη,
188 279 217 305 C.
235 279 300 306 1255

131 1619 289 1641 communitatis

168 1657 250 1677 preces.

155 2121 269 2143 &messio

145 2258 236 2279 [eclesia

138 2296 148 2307 -ι
193 2291 297 2317 εεςωριὶο

241 2259 306 2279 §lico-

365 271 434 303 49²2

315 335 517 370 observentur
545 332 658 366 damus
686 331 798 366 dilecto
828 331 890 366 lilio
917 330 1082 366 Rolando

315 384 504 419 subdiacono
532 390 561 416 ct
584 381 768 428 cappellano
796 389 903 417 nostro
931 381 1061 416 tirmiter

316 433 430 469 nostris
463 431 574 466 litteris
609 432 638 465 in
666 431 840 477 mandatis,
876 439 908 466 ut
935 444 988 466 vos
1021 430 1058 465 ad

314 481 562 518 observationem
601 480 740 529 ipsorum
781 489 842 517 tam
881 480 1060 528 spirituali,

313 545 405 580 quam
435 531 598 579 temporali
627 531 831 573 districtione,
852 531 1060 579 appellatione

313 590 442 619 remota,
465 580 642 628 compellat.

364 631 476 666 Datum
494 631 629 671 perusii,
644 631 785 667 secundo
808 643 906 665 nonas
923 630 1059 676 augusti,

315 681 514 729 pontificatus
537 681 633 716 nostri
657 693 739 716 anno
762 693 854 715 nono,

375 744 434 774 [lat.
454 743 499 773 die
515 744 533 774 4
548 743 663 782 augusti
684 742 768 778 1235,
786 742 885 781 pontif.
903 752 947 772 an.
964 752 999 772 ιχ.

625 901 749 937 van.
802 880 807 885 ’

315 985 469 1019 Concessio
490 985 615 1029 pedayii
627 984 752 1018 Civitati
775 983 966 1017 Castellanae
979 985 1061 1028 sacta

363 1036 406 1068 ad
436 1033 571 1081 effectam
604 1034 774 1078 reparandi
803 1040 940 1078 pontem,
970 1034 1062 1077 vulgo

367 1085 458 1128 Treyi
478 1090 697 1128 nuncupatum,
716 1094 784 1117 cum
805 1084 994 1128 ememptione
1004 1095 1062 1128 pro

364 1133 568 1168 ecclesiasticis
590 1134 645 1176 (l).

579 1211 794 1242 SUMMARIUM

313 1280 535 1310 Communitatis
550 1287 660 1318 preces.
674 1294 711 1299 —
726 1277 893 1307 Concessio.
910 1294 948 1300 —
962 1277 1064 1307 Eccle-

354 1325 541 1354 siasticorum
560 1323 714 1362 exemptio.
733 1339 771 1344 —
789 1321 954 1352 clausulae.

314 1399 457 1435 Gregorius
473 1399 615 1434 episcopus
628 1404 723 1426 servus
734 1404 873 1426 servorum
884 1397 940 1431 Dei,
955 1398 1065 1427 dilectis
1083 1398 1085 1405 ’

357 1449 423 1478 filils
439 1448 604 1481 consulibus,
620 1448 651 1475 et
662 1447 799 1476 Communi
816 1447 945 1476 Civitatis
960 1447 1063 1476 castel-

358 1499 428 1531 lan..
445 1497 563 1527 salutem
582 1498 612 1525 et
635 1497 815 1533 apostolicam
841 1496 1063 1525 benedictionem.

364 1566 391 1600 A
414 1564 504 1599 nobis
531 1571 630 1599 vestra
664 1563 789 1598 devotio
821 1563 1005 1611 requisivit,
1032 1571 1065 1597 ut

315 1627 387 1650 cum
410 1614 512 1650 velitis
540 1625 684 1661 reparare
706 1621 833 1660 pontem
856 1613 887 1647 in
909 1612 992 1654 loco,
1010 1612 1063 1659 qui

315 1664 408 1711 Tregi
436 1663 603 1710 vulgariter
625 1663 813 1718 appellatur,
841 1671 871 1698 et
892 1663 984 1697 etiam
1013 1674 1065 1696 or-

316 1715 444 1758 dinare,
465 1721 501 1748 ut
528 1713 557 1747 ln
580 1712 704 1747 civitate
730 1719 831 1747 vestra
853 1713 915 1746 sint
941 1712 1065 1759 equites

317 1775 443 1819 semper
469 1762 506 1797 ad
541 1761 700 1797 servitium
736 1761 897 1796 Ecclesiae
933 1773 1066 1808 praepa-

317 1813 386 1858 rati,
416 1812 506 1848 vobis
532 1811 707 1847 concedere
729 1810 943 1857 dignaremur,
970 1819 1005 1845 ut
1026 1810 1064 1845 ad

317 1862 544 1911 reparationem
581 1861 687 1908 pontis
722 1860 863 1895 eiusdem
900 1867 931 1894 et
969 1871 1067 1907 equos

317 1912 516 1948 commodius
555 1909 738 1946 retinendos
776 1922 792 1945 a
829 1909 1067 1945 transeuntibus

318 1975 375 2010 pro
389 1961 536 2016 quolibet
545 1960 673 1996 homine
689 1972 798 2001 unum,
814 1972 870 2007 pro
887 1971 968 2007 equo
987 1960 1067 1994 dnos

318 2012 481 2055 denarios,
513 2010 593 2046 sicut
619 2010 693 2045 olim
718 2018 810 2057 ponte
845 2010 966 2056 integro
1000 2009 1066 2044 fieri

319 2061 503 2102 consuevit,
542 2060 684 2108 recipere
723 2058 871 2099 valeatis
908 2059 1067 2094 licentiam

321 2112 407 2148 vobis
431 2109 607 2147 concedere
632 2109 845 2156 dignaremur
869 2108 1017 2143 Vestris
1010 2109 1068 2156 igl-

320 2172 371 2198 tur
393 2159 676 2209 supplicationibus
699 2159 854 2199 inclinati
882 2158 1068 2194 auctoritate

322 2212 408 2247 vobis
432 2210 645 2259 praesentium
673 2208 877 2244 concedimus
900 2208 1066 2263 postulata.

323 2262 476 2297 Volumus
497 2268 601 2295 autem
619 2268 651 2294 ut
665 2272 680 2294 a
702 2258 910 2306 praestatione
935 2258 1071 2293 exactio-

323 2312 371 2347 nis
396 2309 579 2346 huiusmodi
615 2321 726 2344 omnes
758 2309 797 2343 de
831 2308 918 2344 curia
948 2315 1069 2351 nostra,

323 2373 444 2396 necnon
467 2360 570 2395 clerici
594 2366 624 2394 et
647 2357 811 2405 religiosae
834 2370 985 2413 personae
1014 2369 1069 2404 pe-

323 2412 408 2446 nitus
423 2410 487 2445 sint
510 2410 682 2448 immunes
703 2421 775 2443 cum
795 2408 924 2455 dignum
947 2408 997 2447 sit,
1016 2419 1070 2442 eos

325 2461 354 2495 in
377 2459 566 2508 patrimonio
585 2458 744 2494 Ecclesiae
767 2457 977 2514 praerogativa
992 2469 1070 2513 gau-

325 2510 410 2551 dere
436 2521 529 2557 quam
557 2508 603 2543 eis
630 2508 794 2554 indulgent
829 2508 924 2543 etiam
953 2507 1071 2555 princi-

327 2571 381 2606 pes
403 2558 591 2594 saeculares.

375 2608 456 2642 Nulli
497 2620 571 2655 ergo
608 2607 738 2643 omnino
774 2607 937 2643 hominum
982 2606 1071 2641 lIceat

362 2672 401 2708 (l)
417 2672 456 2701 Ex
473 2673 575 2710 Regest.
596 2673 677 2700 Vatic.

892 277 991 300 BULLA
997 277 1080 300 RIUM
1106 275 1269 299 ROMANUM

1101 379 1247 426 fringere,
1271 379 1317 415 vel
1343 379 1370 414 ei
1392 391 1472 414 ausu
1493 379 1660 415 temerario
1681 377 1846 414 contraire.

1101 429 1134 464 Si
1162 429 1233 476 quis
1259 437 1362 465 antem
1398 429 1458 464 hoc
1491 436 1642 465 attentare
1677 439 1850 476 praesum-

1103 480 1207 526 pserit,
1235 479 1480 526 indignationem
1512 479 1740 527 omnipotentis
1767 477 1848 518 Dei,

1101 541 1137 564 ac
1167 529 1328 564 beatorum
1350 529 1435 564 Petri
1464 536 1494 563 et
1516 529 1603 564 Pauli
1633 528 1847 577 apostolorum

1101 591 1170 614 etus
1196 591 1229 614 se
1252 586 1372 614 noverit
1399 591 1611 614 incursurum.

1151 629 1265 664 Datum
1287 628 1433 669 Viterbii,
1456 628 1548 663 nonis
1576 628 1695 674 martii,
1723 628 1849 676 pontifi-

1101 687 1189 714 catus
1210 686 1308 713 nostri
1335 690 1419 713 anno
1444 690 1539 712 nono.
1838 695 1841 696 ν

1162 740 1223 771 Dat.
1242 741 1289 771 die
1308 741 1322 770 7
1342 740 1439 771 martii
1462 739 1547 777 1236,
1566 740 1668 780 pontif.
1686 750 1731 771 an.
1750 749 1787 771 ix.

1401 906 1542 942 XLVIII.

1106 973 1262 1019 concess&
1289 983 1443 1018 cruciatae
1463 985 1497 1018 in
1517 985 1618 1029 reynis
1649 985 1796 1019 Castellae
1823 992 1849 1018 et

1153 1035 1291 1079 Leyiont‘s
1315 1045 1372 1079 pro
1406 1034 1599 1079 extirpandis
1631 1035 1783 1079 Aqarenis
1807 1035 1850 1068 ad

1152 1084 1330 1118 instantiam
1351 1083 1434 1118 itlius
1452 1084 1531 1128 regis
1553 1085 1614 1126 (Ι).

1372 1161 1585 1193 SUMMARIUM

1103 1229 1268 1260 Exordium.
1287 1246 1326 1253 --
1341 1230 1540 1269 Agarenorum
1554 1229 1671 1268 flagitia.
1687 1247 1725 1253 —
1739 1228 1851 1260 Castel-

1142 1275 1188 1305 lae
1216 1283 1266 1305 rex
1298 1274 1463 1305 Cordubam
1486 1274 1602 1304 liberat.
1630 1292 1669 1298 —-
1689 1274 1850 1313 Indulgen-

1144 1320 1212 1349 tiam
1236 1328 1302 1349 cum
1322 1327 1356 1348 eo
1375 1318 1545 1349 militaturis
1563 1319 1698 1349 concedit
1712 1318 1853 1349 Pontifex.

1104 1395 1249 1431 Gregorius
1265 1395 1408 1431 episcopus
1423 1401 1520 1424 servus
1539 1401 1679 1423 servorum
1697 1394 1753 1428 Del,
1772 1402 1853 1425 vene-

1148 1444 1281 1472 rabilibus
1299 1443 1436 1473 rratribus
1453 1444 1653 1480 archiepiscopo
1671 1444 1805 1478 Toletani..
1823 1446 1855 1474 et

1149 1493 1284 1521 universis
1299 1493 1433 1529 episcopis
1450 1501 1499 1530 per
1517 1500 1632 1529 reguum
1646 1493 1781 1523 castellae
1792 1501 1852 1524 con·

1149 1542 1273 1575 stitutis,
1295 1542 1415 1572 salutem
1434 1543 1464 1572 et
1483 1543 1662 1579 apostolicam
1689 1543 1854 1574 benedictio-

1149 1597 1219 1620 nem.

1155 1662 1243 1698 Sicut
1269 1662 1343 1698 olim
1365 1663 1398 1697 in
1426 1662 1500 1698 filiis
1521 1662 1643 1705 Abraae,
1671 1663 1708 1705 is,
1730 1664 1783 1711 qui
1803 1676 1854 1700 se-

1106 1712 1245 1748 cundum
1280 1724 1405 1747 carnem
1439 1721 1535 1748 uatus
1569 1720 1618 1748 est
1650 1725 1689 1748 ex
1722 1713 1853 1754 ancilla,

1108 1761 1355 1810 persequebatur
1377 1761 1478 1802 illum,
1506 1761 1766 1809 qui‘secundum
1780 1763 1855 1810 spi-

1107 1812 1200 1846 ritum
1223 1811 1261 1846 de
1288 1810 1386 1846 libera
1413 1819 1507 1846 natus
1535 1819 1616 1856 erat,
1648 1811 1688 1846 ita
1714 1819 1745 1847 et
1771 1824 1856 1847 nunc

1108 1861 1248 1896 infelices
1280 1868 1311 1895 et
1344 1861 1449 1895 miseri
1476 1860 1630 1907 Agareni,
1670 1861 1724 1908 qui
1751 1861 1856 1897 adhuc

1109 1911 1139 1945 in
1182 1909 1322 1946 tenebris
1353 1910 1550 1946 ambulantes
1602 1910 1719 1946 nedum
1750 1911 1856 1947 videre

1086 1992 1087 1995 ,
1108 1960 1210 1996 lucem
1238 1972 1397 2007 magnam,
1424 1972 1505 2008 quae
1531 1959 1679 1995 Christus
1703 1969 1762 2003 est,
1789 1973 1854 1997 me·

1109 2017 1251 2049 inerunt,
1273 2009 1330 2045 sed
1352 2010 1548 2046 infidelitatis
1565 2010 1690 2046 nebulis
1701 2010 1856 2053 obvoluti,

1109 2060 1182 2107 iugo
1210 2067 1396 2107 premuntur
1423 2060 1656 2095 vetustissimae
1681 2061 1857 2106 servitutis,

1110 2110 1234 2154 fideles,
1271 2109 1324 2157 qui
1348 2110 1407 2145 iam
1435 2121 1498 2145 non
1524 2118 1597 2145 sunt
1622 2109 1678 2145 filii
1705 2110 1856 2154 ancillae,

1109 2159 1164 2194 sed
1199 2159 1328 2204 liberae,
1361 2171 1423 2207 qua
1457 2159 1600 2195 libertate
1625 2159 1773 2195 Christus
1800 2172 1857 2195 nos

1110 2209 1262 2253 liberavit,
1290 2209 1438 2258 persequi
1465 2221 1528 2244 non
1550 2209 1720 2254 desistunt,
1741 2209 1795 2257 qui
1811 2210 1858 2245 sic

1110 2266 1304 2294 evanuerunt
1331 2258 1362 2294 in
1389 2258 1631 2315 cogitationibus
1652 2259 1730 2300 suis,
1763 2266 1792 2294 et
1816 2260 1857 2294 ita

1111 2308 1313 2343 obscuratum
1335 2316 1382 2344 est
1414 2308 1570 2356 insipiens
1593 2320 1648 2344 cor
1674 2320 1797 2350 eorum,
1825 2317 1857 2343 ut

1111 2358 1212 2401 illum,
1235 2358 1287 2405 qui
1311 2359 1394 2394 venit
1415 2358 1524 2406 iugum
1541 2357 1730 2406 captivitatis
1747 2369 1857 2394 eorum

1111 2407 1299 2448 dissolvere,
1326 2421 1362 2443 ac
1384 2407 1562 2444 illuminare
1583 2407 1757 2444 sedentes
1750 2420 1782 2442 in
1810 2416 1859 2443 te-

1112 2457 1218 2492 nebris
1244 2465 1274 2493 et
1296 2457 1404 2493 umbra
1424 2467 1546 2503 mortis,
1559 2457 1660 2492 nolint
1674 2469 1859 2504 agnoscere

1112 2507 1257 2554 quinimo
1296 2520 1411 2543 nomen
1438 2508 1526 2552 eius,
1566 2507 1598 2542 in
1630 2519 1693 2554 quo
1724 2507 1860 2543 flectitur

1112 2568 1206 2592 omne
1228 2569 1324 2604 genu,
1347 2565 1468 2605 praeter
1482 2556 1566 2604 quod
1588 2568 1652 2592 non
1674 2565 1721 2593 est
1742 2568 1859 2593 nomen

1113 2606 1171 2641 sub
1201 2607 1309 2648 coelo,
1334 2607 1363 2642 in
1391 2619 1456 2655 quo
1481 2605 1590 2642 salvari
1614 2614 1773 2654 oporteat,
1805 2619 1861 2643 ex-

1148 2671 1188 2702 (l)
1204 2672 1242 2700 Ex
1262 2671 1371 2708 Regest.
1393 2672 1477 2700 vatic

1863 270 1914 298 An.
1931 270 1959 296 C.
1973 269 2045 298 {23⁶

1103 331 1182 365 hanc
1211 330 1352 377 paginam
1389 336 1512 364 nostrae
1547 328 1761 364 concessionis
1792 328 1848 362 in-
1893 335 2012 358 clausulae.

1898 1672 2013 1695 Exordium

1893 1968 2037 1996 Agnrenorum

1918 1999 2004 2027 flagitia.
