2129 3223
60 243 110 272 Au.
125 244 153 271 C.
175 245 237 270 ¹23¹

256 295 473 331 exactionibus
499 294 696 329 dimittatur:
740 293 823 340 quod
864 293 889 328 si
925 292 1003 327 forte

257 345 316 379 tale
339 346 459 380 crimen
481 343 687 387 commiserit,
715 343 798 388 quod
828 343 1002 377 incarcera-

257 395 341 429 tione
363 395 403 428 sit
423 405 516 440 opus,
538 392 706 439 episcopus
725 393 754 425 in
777 403 900 426 carcere
939 390 1003 424 cnl-

257 443 390 490 pabilem
414 442 578 486 detinebit,
592 441 780 476 cancellario
800 440 913 475 habero
934 452 1003 485 pro—

256 493 358 538 prium
381 503 536 526 carcerem
562 491 687 538 penitus
714 489 890 524 interdicto.
923 489 1001 523 l'ro-

79 546 227 574 ffiemrtiones
255 541 402 575 bibemus
425 541 553 586 insuper
575 552 613 573 ne
639 538 792 573 scholaris
829 550 884 585 pro
923 550 1002 572 con-

58 579 239 630 212‘f⁶¹¹¹⁶⁰¹¹⁰⁰²‘
255 598 354 624 tracto
376 589 482 624 debito
505 589 543 622 de
572 596 696 623 caetero
730 588 869 633 capiatur
884 614 892 627 ,
928 599 999 621 cum

255 639 313 673 hoc
339 639 381 673 sit
407 638 567 673 canonicis
586 644 619 672 et
655 636 800 682 legitimis
828 636 1000 670 sanctioni-

253 687 312 722 bus
334 687 548 727 interdictum,
569 685 623 721 sed
647 698 704 721 nec
730 686 909 732 episcopus,
954 685 998 719 vel

252 736 401 772 officiales
425 737 508 776 eius,
544 747 599 770 seu
632 733 837 770 cancellarius
868 745 998 780 poenam

253 797 459 832 pecuniarum
470 796 524 831 pro
540 782 876 818 excommunicationis
896 794 1000 817 amen-

251 834 301 878 da,
320 835 365 870 vel
388 834 446 869 alia
472 833 610 880 qnalibet
627 845 759 867 censura
777 832 925 878 requiret,
942 843 1000 865 nec

251 883 456 918 cancellarius
482 895 499 917 a
523 882 723 916 licentiandis
756 881 914 926 magistris
948 881 999 914 iu-

251 940 441 976 ramentum,
469 932 515 965 vel
549 931 774 973 obedientiam,
806 941 863 964 seu
907 929 998 963 aliam

250 982 354 1028 exiget
382 980 575 1023 cautionem,
614 992 672 1014 nec
710 978 836 1025 aliquod
875 978 999 1013 emolu-

251 1039 405 1074 mentum,
427 1041 482 1064 seu
511 1029 751 1076 promissionem
783 1027 911 1073 recipiet
944 1039 999 1074 pro

250 1078 375 1114 licentia
397 1078 602 1114 concedenda
617 1106 625 1119 ,
652 1078 830 1111 iuramento
853 1077 998 1122 superins

249 1128 411 1163 nominato
432 1135 612 1162 contentus.
636 1127 734 1161 Porro
757 1126 933 1160 vacationes
951 1137 999 1159 ae-

67 1184 94 1206 Do
116 1186 235 1221 vacationi·
248 1177 345 1212 stivae
367 1189 430 1212 non
465 1176 675 1211 extendantur
705 1175 744 1209 de
766 1184 888 1210 caetero
919 1174 996 1208 ultra

53 1215 199 1237 ⁶⁰⁵⁵⁶⁵²¹l¹⁸'
249 1238 412 1267 mensem,
445 1226 499 1260 sed
526 1225 720 1259 vacationum
761 1232 902 1271 tempore
941 1223 996 1257 ba-

249 1274 400 1320 chellarii,
440 1275 464 1309 si
506 1274 672 1314 voluerint,
713 1285 787 1308 suas
813 1273 998 1308 continuent

249 1325 410 1359 lectiones.
432 1323 618 1358 Inhibemus
651 1330 757 1357 antem
792 1321 996 1369 expressius,

249 1382 280 1408 ut
307 1373 466 1409 scholares
502 1385 556 1419 per
595 1372 751 1406 civitatem
790 1371 898 1405 armati
935 1382 995 1403 non

250 1422 373 1467 vadant,
395 1429 426 1457 et
452 1422 628 1456 turbatores
655 1420 739 1468 pacis
761 1428 792 1454 et
806 1419 899 1454 studii
920 1418 998 1453 Uni-

250 1472 378 1506 versitas
399 1483 461 1505 non
485 1470 642 1513 defendat,
664 1477 694 1504 et
716 1469 771 1509 illi,
808 1469 859 1515 qui
894 1469 997 1502 simu-

250 1522 313 1556 lant
339 1533 372 1555 se
399 1519 571 1563 scholares,
594 1531 651 1553 nec
672 1526 775 1553 tamen
797 1517 922 1552 scholas
940 1517 999 1551 fre-

248 1577 413 1617 quentant,
440 1581 499 1604 nec
525 1569 708 1615 magistrum
735 1567 873 1614 aliquem
898 1569 994 1613 proli-

249 1627 367 1664 tentur,
390 1630 589 1665 nequaquam
615 1617 805 1652 scholarium
840 1616 999 1662 gaudeant

67 1673 95 1724 ⁰¹9·
109 1673 235 1724 m¹¹¹¹¹ss³⁵¹f³⁵
250 1668 404 1704 libertate.
426 1668 477 1703 Ad
504 1668 581 1702 haec
602 1667 760 1707 iubemus,
787 1673 821 1700 ut
861 1665 997 1711 magistri

54 1710 107 1725 ΠΝ
131 1719 134 1723 ’
249 1718 361 1753 artium
384 1729 476 1752 unam
505 1717 673 1751 lectionem
700 1715 739 1750 de
770 1714 945 1758 prisciano,
968 1722 999 1748 et

252 1779 334 1802 unus
362 1774 431 1814 post
462 1766 557 1801 alium
594 1765 752 1800 ordinarie
789 1775 916 1810 semper
954 1763 999 1797 le-

250 1824 336 1863 gant,
358 1823 388 1850 et
409 1815 499 1850 libris
525 1815 588 1848 illis
610 1813 806 1848 naturalibus
823 1840 831 1853 ,
868 1813 922 1858 qui
968 1813 998 1846 in

252 1865 387 1900 concilio
409 1863 590 1911 provinciali
613 1876 649 1896 ex
671 1870 752 1897 certa
792 1873 885 1896 causa
926 1874 1000 1908 pro-

253 1914 342 1948 hibiti
370 1914 479 1956 fuere,
514 1912 644 1946 Parisiis
667 1923 730 1946 non
753 1919 892 1955 utsntur,
919 1923 1000 1957 quo-

252 1975 354 2010 usque
383 1961 551 1997 examinati
591 1961 727 2001 fuerint,
765 1968 796 1994 et
833 1959 872 1994 ab
913 1960 998 1994 omni

253 2023 393 2048 errorum
411 2010 590 2057 suspicione
614 2009 747 2056 purgati.
765 2009 906 2054 Magistri
927 2021 1000 2042 vero

60 2068 238 2125 rssgolorffiistris
253 2071 282 2096 et
303 2061 461 2096 scholares
483 2059 668 2104 theologiae,
687 2059 717 2092 in
733 2058 890 2098 facultate,
907 2070 999 2104 quam

149 379 170 401 μ’

254 2181 336 2210 cere,
364 2180 422 2202 nec
441 2165 646 2215 philosophos
676 2178 710 2199 se
735 2173 906 2205 ostentent,
945 2165 1000 2199 scd

254 2229 395 2269 satagant
421 2221 487 2255 fieri
505 2219 676 2259 theodocti,
699 2230 755 2254 nec
781 2219 950 2265 loquantur
972 2219 1001 2252 in

257 2277 361 2323 lingua
395 2274 516 2322 populi,
559 2281 588 2308 et
626 2272 734 2320 populi
770 2272 908 2318 linguam
949 2276 1004 2306 he-

257 2330 370 2365 braeam
397 2341 469 2363 cum
501 2328 617 2362 azotiea
655 2326 910 2367 confundentes,
949 2325 1002 2360 sed

257 2384 297 2419 de
319 2383 379 2418 illis
401 2390 522 2418 tantum
551 2381 580 2414 in
613 2379 728 2415 scholis
767 2379 1004 2426 quaestionibus

258 2437 429 2484 disputent,
451 2447 531 2483 quae
551 2436 615 2482 'per
655 2433 752 2468 libros
793 2433 1005 2479 theologicos,

259 2499 290 2526 et
314 2498 495 2526 sanctorum
531 2489 658 2524 Patrum
699 2494 847 2522 tractatus
884 2481 1028 2528 valeant}

261 2544 429 2580 terminari.
451 2543 617 2578 Praeterea
639 2542 677 2575 de
694 2541 784 2575 bonis
805 2539 1006 2578 scholarium,

261 2598 313 2644 qui
340 2597 478 2632 intestati
506 2596 678 2635 decedunt,
705 2594 752 2627 vel
788 2605 890 2628 rerum
928 2606 1005 2627 sua—
1027 2612 1030 2628 4

344 2653 415 2682 [Ml.
436 2653 512 2682 Ram.
537 2653 591 2681 Vol.
611 2652 651 2680 ll!
853 2650 888 2678 375

874 238 893 260 G
899 236 1060 260 ttEGOttttts
1088 237 1120 258 lx
1150 236 1199 258 ΡΙ).

255 2114 450 2163 profitentur,
473 2125 507 2147 se
529 2112 676 2147 studeant
698 2111 896 2146 laudabiliter
916 2123 1000 2146 exer—
1022 2136 1023 2139 η

1673 225 1742 257 457

1043 345 1088 380 sic
1120 345 1268 380 duximus
1304 345 1544 392 providendum,
1582 347 1727 383 videlicet
1762 353 1866 383 ut¹³⁴·¹¹¹-

1043 399 1212 446 episcopus
1239 406 1270 432 et
1292 411 1375 433 unus
1402 399 1441 433 de
1478 400 1636 445 magistris
1653 429 1662 444 ,
1698 414 1792 448 quem

1043 451 1080 486 ad
1101 452 1159 487 hoc
1174 451 1373 487 Universitas
1389 452 1591 494 ordinaverit,
1608 456 1793 502 recipientes

1043 506 1146 540 onmia
1175 506 1254 540 hona
1293 505 1456 545 defuncti,
1489 514 1519 541 et
1556 507 1586 540 in
1623 508 1690 543 loco
1727 517 1793 544 tuto

1042 566 1073 592 et
1101 558 1215 593 idoneo
1253 558 1461 606 deponentes,
1493 567 1628 595 statuent
1670 570 1791 597 certum

1043 611 1138 653 diem,
1165 625 1229 659 quo
1252 613 1335 647 illius
1362 613 1465 648 obitus
1493 614 1523 648 in
1548 615 1644 660 patria
1669 629 1723 650 sua
1748 629 1793 651 va-

1043 664 1103 699 leat
1126 666 1278 710 nunciari,
1300 674 1331 700 et
1352 667 1408 710 illi,
1443 667 1480 702 ad
1520 679 1600 714 quos
1638 669 1791 704 bonorum

1042 718 1110 753 eius
1131 728 1178 754 est
1205 721 1364 755 successio
1386 720 1543 764 devoluta,
1572 723 1694 768 possint
1732 723 1792 757 Pa-

1042 771 1124 806 risiis
1155 773 1317 817 accedere,
1356 774 1402 808 vel
1446 773 1594 809 idoneum
1638 776 1790 810 nuncium

1041 824 1210 868 destinare,
1229 835 1258 861 et
1281 828 1306 862 si
1330 827 1484 868 venerint,
1507 827 1554 863 vel
1576 829 1727 874 miserint,
1743 842 1792 864 re-

1040 879 1211 914 stituentur
1236 881 1281 916 eis
1307 881 1388 916 bona
1411 894 1484 916 cum
1511 882 1675 927 cauthela,
1710 896 1790 930 quae

1041 932 1135 967 fuerit
1163 933 1350 969 adhibenda.
1392 934 1425 969 Si
1458 947 1531 970 vero
1567 948 1627 971 non
1659 948 1790 983 compa-

1040 987 1135 1021 ruerit
1161 987 1285 1035 aliquis,
1313 1000 1351 1023 ex
1373 996 1449 1024 tunc
1475 989 1644 1037 episcopus
1679 999 1710 1025 et
1730 1003 1791 1025 ma—

1040 1041 1136 1086 gister
1173 1041 1254 1076 bona
1284 1043 1362 1088 *ipsa
1398 1055 1454 1089 pro
1490 1044 1594 1078 anima
1627 1043 1789 1085 defuncti,

1018 1103 1133 1141 ⁴prout
1155 1096 1304 1142 expedire
1333 1096 1475 1141 viderint,
1503 1097 1701 1144 erogabunt;
1729 1098 1787 1132 nisi

1040 1148 1142 1183 forsan
1166 1161 1203 1184 ex
1226 1150 1328 1196 aliqua
1359 1150 1438 1184 iusta
1466 1163 1560 1185 cansa
1594 1150 1698 1185 venire
1733 1163 1789 1185 ne-

1039 1202 1198 1248 quiverint
1219 1215 1432 1244 successores,
1449 1214 1480 1238 et
1502 1211 1576 1238 tunc
1596 1204 1735 1250 erogatio
1757 1205 1789 1238 in

1041 1262 1166 1302 tempus
1183 1268 1361 1303 congruum
1389 1257 1562 1292 differatur.
1581 1256 1701 1292 Verum
1717 1259 1789 1305 quia

1040 1310 1182 1355 magistri
1205 1317 1235 1344 et
1259 1310 1429 1354 scholares,
1456 1311 1508 1357 qui
1536 1309 1660 1345 damnis
1695 1318 1725 1345 et
1748 1311 1789 1344 in-

1039 1361 1127 1396 iuriis
1140 1362 1290 1407 lacessiti,
1305 1363 1481 1399 iuramento
1497 1364 1628 1398 invicem
1642 1363 1701 1398 sibi
1716 1376 1790 1410 prae-

1039 1415 1124 1460 stito,
1151 1427 1167 1450 a
1195 1416 1318 1451 civitate
1344 1416 1497 1451 Parisien.
1520 1417 1671 1464 dissipato
1686 1418 1789 1452 studio

1039 1469 1263 1513 discesserunt,
1290 1471 1346 1504 visi
1374 1478 1447 1504 sunt
1468 1482 1594 1505 causam
1614 1483 1704 1517 agere
1726 1483 1788 1504 non

1039 1530 1100 1557 tam
1130 1524 1301 1570 propriam,
1338 1536 1432 1570 qnam
1469 1536 1696 1565 communem,
1731 1536 1789 1559 nos

1039 1578 1196 1623 generalis
1224 1578 1388 1613 Ecclesiae
1411 1578 1597 1613 necessitate
1623 1591 1659 1613 ac
1702 1578 1790 1612 utili—

1040 1639 1101 1665 tate
1120 1641 1260 1677 pensata,
1284 1632 1428 1666 volumus
1454 1640 1484 1666 et
1506 1631 1694 1666 mandamus
1709 1659 1718 1673 ,
1755 1640 1789 1665 ut

1040 1693 1206 1733 postquam
1230 1698 1245 1720 a
1269 1686 1456 1720 charissimo
1495 1686 1526 1720 in
1561 1685 1690 1721 Christo
1725 1686 1789 1720 lilio

1041 1747 1148 1773 nostro
1170 1740 1281 1773 illustri
1312 1751 1382 1785 rege
1410 1739 1604 1774 Francorum
1634 1739 1788 1785 magistris

1040 1801 1070 1826 et
1096 1793 1292 1827 scholaribus
1320 1794 1483 1840 privilegia
1510 1793 1646 1827 exhibita
1662 1792 1789 1833 fuerint,

1040 1855 1070 1881 et
1108 1847 1147 1881 de
1186 1847 1326 1893 ipsorum
1349 1847 1604 1881 malefactoribus
1636 1845 1789 1880 amendat²

1042 1908 1184 1944 taxatae,
1211 1900 1340 1935 Parisiis
1372 1900 1455 1935 licite
1498 1899 1670 1944 studeant,
1706 1899 1788 1933 nulla

1043 1967 1171 2002 prorsus
1193 1954 1232 1988 de
1252 1966 1349 1995 mora,
1373 1955 1419 1989 vel
1442 1953 1558 1995 reditu,
1585 1953 1713 1988 infamia
1744 1954 1789 1986 vel

1043 2008 1267 2054 irregularitate
1292 2008 1431 2043 notandi.

1092 2062 1176 2096 Nulli
1215 2075 1290 2108 ergo
1320 2064 1451 2096 omnino
1492 2060 1655 2095 hominum
1699 2059 1788 2094 liceat

1044 2116 1124 2151 hanc
1149 2116 1295 2163 paginam
1319 2125 1442 2150 nostrae
1473 2113 1683 2161 provisionis,
1719 2126 1793 2147 con—

1043 2171 1206 2211 cessionis,
1236 2170 1455 2217 prohibitionis
1476 2176 1507 2202 et
1533 2167 1727 2201 inhibitionis
1750 2167 1794 2200 in-

1045 2226 1194 2270 fringere,
1216 2224 1265 2257 vel
1292 2226 1319 2258 ei
1342 2236 1421 2257 ausu
1440 2231 1606 2256 temerario
1628 2222 1791 2255 contraire,

1045 2279 1077 2313 Si
1091 2281 1162 2325 quis
1175 2286 1277 2312 autem
1292 2278 1351 2311 hoc
1366 2285 1523 2311 attentare
1539 2274 1792 2321 praesumpserit,

1047 2332 1293 2378 indignationem
1309 2329 1536 2376 omnipotentis
1555 2327 1624 2366 Dei,
1643 2340 1678 2362 ac
1692 2328 1794 2362 beate-

1047 2399 1116 2420 rum
1143 2386 1226 2419 Petri
1254 2392 1285 2419 et
1305 2384 1394 2418 Pauli
1427 2384 1640 2430 apostolorum
1665 2382 1733 2416 eius
1760 2394 1793 2416 se

1047 2441 1167 2474 noverit
1195 2439 1408 2473 incursurum.

1096 2493 1210 2527 Datum
1240 2492 1380 2526 Laterani
1405 2489 1511 2525 idibus
1532 2489 1649 2536 aprilis,
1682 2491 1794 2537 ponti—

1027 2572 1030 2590 3
1050 2547 1156 2582 tic-atus
1178 2548 1274 2580 nostri
1303 2557 1386 2580 anno
1408 2545 1529 2591 quinto.

1104 2604 1164 2633 Dat.
1185 2606 1231 2633 uie
1250 2603 1285 2632 13
1300 2603 1400 2640 aprilis
1422 2601 1505 2638 1231,
1525 2601 1620 2632 pontis
1648 2610 1693 2630 nn.
1716 2609 1741 2631 v.

1809 236 1856 260 Αη,
1876 234 1903 261 C,

1047 303 1113 326 rum
1133 290 1360 325 ordinationem
1383 291 1453 326 aliis
1476 303 1538 326 non
1565 295 1793 333 committunt,
1810 292 1915 341 ,P¹2¹¹¹'³¹·³”

1927 235 1990 261 1231

1932 292 1995 312 Schu-

1857 328 1882 341 ini
1911 323 1994 342 obeun-

1837 2067 1857 2084 t'l
1875 2072 1903 2085 ns:
1927 2071 1945 2085 :a
