2129 3223
53 242 104 271 Au.
121 241 151 270 c.
170 242 236 269 ¹²66

58 1582 228 1605 &communicat

46 1619 120 1636 omues
133 1615 153 1636 et
168 1620 228 1642 prae·
255 1631 260 1635 .

45 1643 122 1666 beritos
167 1646 228 1667 auxi-

44 1675 102 1702 lium,
109 1675 227 1701 consilinm,

82 1722 87 1727 .
102 1710 176 1729 contu
187 1707 228 1728 Cn-

45 1737 112 1758 rolum
143 1737 227 1760 Siciliae

46 1773 124 1793 regem.

883 243 1025 266 CLEMENS
1047 244 1080 266 lv
1106 244 1154 267 Pe.

250 296 428 332 huiusmodi
456 296 637 331 tractatibus
659 296 877 332 consenserint
895 325 903 338 ,
945 297 990 332 vel

249 345 299 381 his
322 345 560 393 procurantibus
586 345 704 381 dabunt
730 347 908 390 consilium,
941 358 993 382 au-

249 396 358 430 xilium
380 404 412 430 et
437 395 585 435 savorem,
609 404 638 430 et
667 396 696 429 in
719 408 841 437 omnes,
863 397 915 443 qui
953 395 989 430 ad

249 445 278 479 id
302 445 530 492 procurandum
563 446 607 479 vel
644 447 799 490 agendum
834 458 991 481 convene-

249 495 320 533 rint,
339 494 669 529 excommunicationis
703 496 888 530 seutentiam
914 507 990 542 pro-

247 543 438 590 mulgamus,
465 552 494 578 et
524 544 731 578 anathematis
771 556 825 579 eos
862 545 991 579 viuculo

246 593 445 637 innodantes,
465 602 561 628 terras
579 593 790 628 ecclesiastico
804 594 990 628 subiicimns

246 643 434 678 interdicto:
474 644 498 677 si
535 644 587 690 qui
622 655 695 678 vero
733 644 769 677 ad
805 644 988 678 electionem

246 693 346 739 ipsius
367 693 585 740 processerint,
615 693 640 726 si
671 692 829 738 principes
864 693 989 733 fuerint,

245 754 300 777 eos
321 750 351 776 et
373 742 520 776 haeredes
547 741 687 789 ipsorum
718 742 866 776 omnibus
889 742 990 776 sends

245 800 275 825 et
296 791 480 835 honoribus,
501 803 581 838 quos
602 791 640 825 ab
662 791 810 826 Ecclesiis
827 792 870 826 vel
894 792 991 826 ecclc-

245 841 380 875 siasticis
406 842 548 887 personis
570 840 723 881 obtinent,
750 849 780 874 et
822 849 882 875 tam
923 854 989 885 eos,

245 902 337 937 quain
362 891 571 936 posteritatem
595 902 701 924 eorum
720 902 818 937 nsque
836 890 872 923 ad
896 902 990 936 quai·-

245 948 305 973 tam
327 940 560 986 generationem
583 939 648 973 inre
674 939 806 984 eligendi
834 939 990 974 Romano-

244 1001 312 1024 rum
336 1000 439 1035 regem
462 989 645 1023 auctoritate
678 989 847 1034 apostolica
887 989 989 1035 prita-

245 1050 325 1077 mus
345 1047 375 1073 et
396 1038 523 1085 insuper
545 1050 650 1072 eorum
675 1038 754 1072 filios
775 1038 904 1072 clericos
937 1050 989 1072 us-

243 1100 304 1136 que
330 1088 367 1123 ad
390 1097 531 1134 quartam
557 1087 789 1134 generationem
827 1087 989 1122 reddimus

244 1149 372 1184 prorsus
395 1136 547 1171 inhabiles
587 1137 624 1171 ad
648 1137 813 1182 dignitates
845 1136 890 1170 vel
931 1136 988 1171 be-

244 1187 352 1222 neficia
388 1186 597 1221 ecclesiastica
632 1186 812 1220 obtinenda:
850 1186 874 1219 si
917 1197 988 1220 vero

242 1236 395 1271 electores
422 1234 603 1270 huiusmodi
628 1235 754 1282 praelati
777 1234 903 1279 fuerint,
919 1235 986 1289 ipso

243 1285 322 1321 sacto
344 1285 476 1332 depositi
504 1297 539 1319 ac
561 1285 667 1319 nudati
696 1292 876 1318 remaneant
902 1296 987 1318 omni

241 1334 390 1382 dignitate
411 1334 668 1381 archiepiscopali
696 1342 726 1368 et
743 1333 926 1388 episcopali,
958 1341 988 1367 et

242 1384 327 1419 omni
350 1383 561 1418 ecclesiastico
583 1381 737 1417 beneficio
758 1384 825 1416 sine
847 1395 903 1429 spe
938 1394 986 1416 re-

241 1433 411 1468 stitutionis
431 1441 484 1467 aut
509 1434 627 1479 gratiae
648 1431 752 1478 aliquo
775 1440 914 1479 tempore
936 1431 988 1465 ob-

242 1482 398 1517 tinentiae.

288 1531 309 1579 S
331 1535 362 1565 4.
381 1530 502 1565 Omnes
519 1530 611 1564 etiam
635 1530 687 1577 qui
715 1529 874 1576 praedicto
900 1528 987 1564 Con-

243 1582 350 1615 radino
368 1580 542 1615 assisterint
563 1587 617 1614 aut
642 1579 851 1625 impenderint
882 1579 987 1613 cousi-

242 1629 318 1665 hum
342 1630 386 1664 vel
409 1629 558 1665 auxhnm
574 1638 627 1663 aut
641 1628 776 1663 savorem
795 1636 900 1662 contra
919 1629 986 1662 cha-

242 1680 398 1714 rissimum
426 1680 456 1713 in
483 1678 610 1714 Christo
632 1678 729 1712 lilium
759 1687 898 1711 nostrum
921 1678 986 1712 Ca-

242 1730 355 1772 rolum,
397 1740 518 1763 necnon
555 1739 657 1773 regem
699 1726 826 1760 Siciliae
854 1739 870 1760 a
904 1726 986 1760 Sede

239 1777 420 1824 Apostolica
440 1777 656 1816 constitutum,
679 1776 709 1809 in
734 1787 795 1822 quo
818 1787 927 1809 novam
950 1788 984 1809 ac

240 1826 376 1862 nobilem
418 1838 509 1873 opem
545 1825 704 1859 Ecclesiae
744 1826 829 1859 favor
863 1825 985 1859 divinae

239 1875 385 1911 dexterae
416 1876 514 1922 signis
550 1874 791 1909 evidentissimis
833 1886 985 1920 compro—

238 1925 333 1969 bavit,
359 1924 692 1960 excommunicationis
714 1923 865 1958 sententia
894 1926 985 1958 inno-

239 1975 361 2016 damus;
384 1974 413 2008 in
440 1986 520 2022 quos
536 1985 646 2008 omnes
679 1985 816 2020 quoque,
839 1973 891 2019 qui
912 1985 982 2007 cum

239 2024 351 2059 eodem
373 2022 564 2063 Conradiuo,
597 2024 642 2057 vel
677 2035 732 2069 pro
757 2025 836 2070 ipso,
867 2031 919 2056 aut
953 2023 983 2056 in

239 2073 308 2109 eius
328 2072 480 2108 auxilium
503 2080 609 2107 contra
631 2071 802 2106 Ecclesiam
827 2072 875 2106 vel
899 2083 985 2118 prae—

239 2121 334 2158 fatum
362 2121 508 2157 Carolum
524 2121 648 2156 Siciliae
671 2133 774 2167 regem
798 2122 827 2154 in
851 2133 983 2167 regnum

238 2171 375 2213 Siciliae,
402 2183 456 2206 seu
474 2182 692 2218 quaecumque
718 2171 787 2205 eius
818 2170 896 2214 loca,
937 2171 983 2205 vel

239 2221 270 2254 in
289 2220 404 2256 ltaliam
427 2232 482 2255 seu
506 2231 719 2266 quascumque
746 2219 849 2254 Italiae
883 2220 984 2265 regio—

239 2282 297 2306 nes
317 2269 365 2305 vel
389 2278 490 2317 partes
512 2269 671 2308 accedere,
695 2277 749 2303 aut
784 2269 824 2303 ibi
861 2269 981 2303 dictum

239 2318 454 2355 Conradinum
477 2318 622 2352 adiuvare
645 2319 920 2365 praesumpserint,
935 2331 985 2352 ex-

238 2368 530 2405 communicationis
565 2368 749 2402 sententiam
782 2367 983 2413 proferentes,

241 2426 336 2453 terras
378 2430 486 2453 eorum
525 2416 736 2451 ecclesiastico
775 2418 984 2463 supponimus

241 2467 417 2508 interdicto,
436 2474 543 2502 contra
565 2478 618 2501 eos
644 2467 769 2511 gravius
791 2468 983 2512 processuri,

239 2525 332 2563 prout
353 2529 501 2551 excessus
519 2517 670 2550 meruerit
696 2516 889 2550 eorumdem.

288 2566 308 2612 g
334 2567 367 2600 5.
395 2565 482 2600 Licet
508 2574 610 2600 autem
643 2564 681 2598 de
708 2572 779 2598 tuae
812 2565 984 2600 devotionis

240 2622 271 2649 et
298 2615 369 2650 fidei
394 2616 525 2653 puritate
559 2615 678 2649 firmam
718 2625 863 2661 geramus
900 2614 984 2649 fidu-

1654 235 1721 268 767
1785 246 1834 272 An
1856 245 1885 272 e.
1901 246 1966 272 ¹267

1031 298 1122 338 ciam,
1144 298 1258 346 quod
1252 312 1281 333 in
1301 299 1349 334 his
1375 307 1404 334 et
1432 300 1462 334 in
1495 299 1563 335 aliis
1596 307 1666 335 tuae
1697 312 1793 358 pro·
1794 305 1969 358 andufflasun-

1031 348 1151 382 videbis
1171 347 1277 392 saluti,
1298 357 1328 383 et
1349 348 1387 383 de
1420 349 1532 384 nostris
1566 339 1814 396 beneplacitis¹¹”
1787 369 1823 388 h„
1818 338 1968 394 ‘'texi''fftf-

1030 397 1202 444 coaptabis,
1229 398 1301 445 quia
1329 406 1430 433 tamen
1458 399 1557 433 calcar
1577 411 1693 446 equum
1716 399 1821 434 tid-²³¹⁵*
1823 404 1851 420 ²¹

1030 447 1160 482 missum
1188 448 1301 482 excitat
1331 448 1440 493 magis
1479 460 1570 495 quam
1608 448 1773 492 molestat,

1031 496 1212 531 fraternitati
1237 506 1354 531 vestrae
1382 510 1437 544 per
1462 498 1632 545 apostolica
1659 498 1772 546 scripta

1031 547 1059 580 in
1078 546 1189 580 virtute
1198 545 1395 581 obedientiae
1409 547 1539 581 tirmiter
1555 559 1645 594 praet·
1649 547 1774 595 ipiendo

1031 595 1226 636 mandamus,
1253 604 1408 643 quatenus
1429 609 1445 631 a
1462 597 1631 643 praedictis
1653 598 1774 645 laqueis

1030 645 1074 679 vel
1099 645 1245 691 periculis
1267 657 1328 680 non
1352 645 1453 680 solum
1478 646 1531 680 tibi
1562 658 1683 688 caveas,
1717 646 1772 682 sed

1029 702 1058 728 et
1080 695 1168 738 alios,
1205 694 1258 741 qui
1292 695 1321 729 in
1362 695 1408 729 eis
1445 704 1574 742 possent
1610 696 1772 739 incidere,

1030 743 1140 778 reddas
1161 743 1292 778 sollicite
1324 744 1489 786 cautiores,
1522 745 1602 780 hanc
1637 755 1772 781 nostram

1029 794 1214 827 sententiam
1246 801 1407 840 totumque
1434 795 1645 841 praesentium
1681 803 1773 830 teno-

1029 855 1092 877 rem
1114 843 1144 877 in
1160 843 1222 877 tuis
1238 842 1373 887 civitate,
1392 842 1528 879 dioecesi
1549 851 1580 879 et
1602 845 1772 891 provincia,

1028 892 1205 926 convocatis
1226 892 1310 927 clero
1328 900 1358 927 et
1377 893 1504 940 populo,
1527 893 1622 928 facias
1639 894 1773 941 singulis

1029 941 1201 983 mensibus,
1225 941 1270 976 vel
1292 942 1317 976 si
1340 941 1490 989 expedire
1512 943 1637 988 videris,
1658 943 1774 992 pluries

1028 991 1189 1038 publicari.

1075 1040 1191 1075 Datum
1214 1039 1343 1075 Viterbii
1365 1040 1602 1089 decimoquarto
1623 1042 1772 1078 kalendas

1028 1090 1175 1130 octobris,
1198 1090 1396 1136 pontificatus
1412 1093 1507 1126 nostri
1524 1104 1606 1127 anno
1619 1092 1770 1128 secundo.

1063 1146 1120 1177 Dat.
1137 1147 1183 1176 die
1200 1146 1236 1176 18
1254 1151 1375 1186 septem.
1391 1147 1477 1185 1266,
1495 1148 1596 1188 pontis.
1614 1158 1690 1179 anno
1707 1159 1737 1180 11.

1354 1316 1438 1350 XlX.

1029 1398 1142 1430 Contra
1163 1405 1383 1441 quaestuantes‚
1407 1398 1571 1442 litterisque
1600 1399 1771 1442 apostolicis

1073 1447 1236 1484 abutentes,
1265 1447 1497 1492 earumdemque
1515 1454 1677 1492 praeteoetu
1696 1448 1771 1481 elee-

1074 1507 1215 1540 mosynas
1240 1497 1463 1539 quomodolibet
1482 1504 1690 1541 extorquentes
1715 1499 1768 1539 (t).

1289 1573 1502 1604 SUMMARIUM

1025 1638 1190 1669 Exordium.
1205 1657 1244 1662 —
1259 1641 1285 1669 t.
1301 1640 1418 1669 Abusus
1435 1640 1596 1670 litterarum
1614 1649 1665 1680 pro
1681 1650 1771 1680 quae-

1065 1684 1210 1714 stuatione
1228 1693 1446 1714 concessorum.
1469 1701 1507 1706 —
1527 1684 1554 1714 2⁴
1572 1683 1704 1715 Declarat
1719 1695 1770 1724 per

1064 1727 1152 1757 hasce
1171 1729 1281 1758 litteras
1299 1727 1496 1758 Ecclesiarum
1519 1734 1645 1759 rectores
1663 1729 1769 1762 invitos

1064 1781 1120 1801 non
1139 1771 1273 1811 obligari.

1069 1847 1188 1876 Clemens
1219 1848 1360 1883 episeopus
1383 1854 1477 1876 servus
1499 1854 1639 1877 servorum
1661 1848 1722 1881 Dei,

1173 1897 1207 1925 ad
1233 1896 1358 1925 futuram
1386 1897 1428 1925 ret
1451 1897 1617 1926 memoriam.

1071 1968 1164 2003 Sedis
1185 1968 1384 2015 Apostolicae
1422 1969 1647 2016 circumspecta
1683 1969 1766 2004 beni·
1813 1982 1931 2004 aarum.

1021 2018 1124 2064 gnitas
1162 2018 1242 2052 circa
1281 2019 1520 2054 concessionum
1565 2019 1691 2066 gratias,
1735 2018 1766 2053 iu

1023 2068 1137 2114 quibus
1164 2067 1332 2103 multorum
1347 2068 1425 2104 votis
1445 2067 1624 2116 frequenter
1644 2070 1766 2108 annuit,

1024 2118 1106 2151 illam
1129 2117 1187 2152 sibi
1216 2117 1443 2163 providentiam
1466 2129 1623 2153 reservare
1644 2129 1769 2164 semper

1023 2166 1169 2211 intendit,
1191 2175 1223 2201 ut
1246 2167 1285 2201 de
1311 2167 1372 2201 illis
1401 2168 1441 2201 ita
1473 2179 1526 2202 eas
1555 2167 1767 2201 obtinentibus

1024 2217 1185 2262 proveniat
1207 2216 1420 2257 commodum,
1447 2217 1530 2263 quod
1558 2216 1624 2250 aliis
1640 2216 1766 2250 materia

1023 2265 1158 2300 scandali
1187 2278 1242 2299 seu
1279 2266 1469 2311 gravaminis
1501 2278 1565 2300 nou
1605 2265 1766 2300 immineat

1024 2314 1259 2349 detrimentum.

1071 2363 1090 2410 g
1116 2367 1143 2397 1.
1164 2364 1211 2397 Ad
1235 2363 1424 2398 audientiam
1446 2363 1603 2410 siquidem
1629 2371 1765 2398 nostram
1788 2378 1870 2399 niusa·
1882 2378 1963 2400 imm-1.-

1024 2413 1081 2447 iam
1115 2425 1208 2459 saepe
1246 2415 1398 2459 pervenit,
1432 2412 1518 2459 quod
1557 2425 1629 2447 cum
1667 2412 1766 2447 Sedes

1024 2464 1087 2508 ipsa
1106 2463 1144 2496 de
1166 2474 1220 2496 sua
1243 2462 1332 2496 solita
1357 2463 1468 2508 pietate
1496 2461 1656 2497 nonnullis
1687 2462 1765 2497 reli·
1780 2475 1894 2491 censuum-

1022 2512 1119 2557 giosis
1146 2510 1302 2549 domibus,
1330 2511 1539 2558 hospitalibus
1565 2520 1594 2546 et
1615 2511 1684 2546 aliis
1705 2512 1765 2559 piis
1896 2520 1915 2548 Ο

1024 2562 1099 2594 locis
1121 2573 1176 2607 pro
1211 2572 1318 2594 eorum
1354 2560 1614 2596 subventionibus
1646 2560 1764 2596 litteras

1059 2626 1097 2661 (t)
1114 2626 1152 2652 Ex
1169 2626 1273 2661 Regest.
1291 2625 1374 2653 Vatic.

1779 2414 1824 2429 runi
1838 2414 1875 2436 pro
1895 2415 1962 2436 quae-

1779 2441 1884 2461 nuatione
1909 2445 1960 2460 cou-
