<?xml version="1.0" encoding="UTF-8"?>
<!DOCTYPE html PUBLIC "-//W3C//DTD XHTML 1.0 Transitional//EN"
    "http://www.w3.org/TR/xhtml1/DTD/xhtml1-transitional.dtd">
<html xmlns="http://www.w3.org/1999/xhtml" xml:lang="en" lang="en">
 <head>
  <title>
</title>
<meta http-equiv="Content-Type" content="text/html;charset=utf-8" />
  <meta name='ocr-system' content='tesseract 3.04.00' />
  <meta name='ocr-capabilities' content='ocr_page ocr_carea ocr_par ocr_line ocrx_word'/>
</head>
<body>
  <div class='ocr_page' id='page_1' title='image "./bullarumdiplomat03cath_0755.png"; bbox 0 0 2129 3223; ppageno 0'>
   <div class='ocr_carea' id='block_1_1' title="bbox 1662 234 1728 267">
    <p class='ocr_par' dir='ltr' id='par_1_1' title="bbox 1662 234 1728 267">
     <span class='ocr_line' id='line_1_1' title="bbox 1662 234 1728 267; baseline 0 0"><span class='ocrx_word' id='word_1_1' title='bbox 1662 234 1728 267; x_wconf 72' lang='lat'>749</span> 
     </span>
    </p>
   </div>
   <div class='ocr_carea' id='block_1_2' title="bbox 1029 297 1778 398">
    <p class='ocr_par' dir='ltr' id='par_1_2' title="bbox 1029 297 1778 398">
     <span class='ocr_line' id='line_1_2' title="bbox 1031 297 1776 347; baseline 0.004 -15"><span class='ocrx_word' id='word_1_2' title='bbox 1031 297 1249 333; x_wconf 87' lang='lat' dir='ltr'>tantummodo</span> <span class='ocrx_word' id='word_1_3' title='bbox 1273 299 1458 345; x_wconf 87' lang='lat' dir='ltr'>personalis:</span> <span class='ocrx_word' id='word_1_4' title='bbox 1483 299 1522 334; x_wconf 87' lang='lat' dir='ltr'>ita</span> <span class='ocrx_word' id='word_1_5' title='bbox 1549 299 1668 335; x_wconf 89' lang='lat' dir='ltr'>scilicet</span> <span class='ocrx_word' id='word_1_6' title='bbox 1694 299 1776 347; x_wconf 91' lang='lat' dir='ltr'>quod</span> 
     </span>
     <span class='ocr_line' id='line_1_3' title="bbox 1029 347 1778 398; baseline 0.004 -16"><span class='ocrx_word' id='word_1_7' title='bbox 1029 348 1066 382; x_wconf 90' lang='lat' dir='ltr'>ad</span> <span class='ocrx_word' id='word_1_8' title='bbox 1091 348 1214 383; x_wconf 90' lang='lat' dir='ltr'>nullum</span> <span class='ocrx_word' id='word_1_9' title='bbox 1243 347 1378 383; x_wconf 88' lang='lat' dir='ltr'>filiorum</span> <span class='ocrx_word' id='word_1_10' title='bbox 1402 349 1448 384; x_wconf 90' lang='lat' dir='ltr'>vel</span> <span class='ocrx_word' id='word_1_11' title='bbox 1478 349 1648 385; x_wconf 80' lang='lat' dir='ltr'><strong>haeredum</strong></span> <span class='ocrx_word' id='word_1_12' title='bbox 1677 350 1778 398; x_wconf 86' lang='lat' dir='ltr'>ipsius</span> 
     </span>
    </p>
   </div>
   <div class='ocr_carea' id='block_1_3' title="bbox 52 242 1974 272">
    <p class='ocr_par' dir='ltr' id='par_1_3' title="bbox 52 242 1974 272">
     <span class='ocr_line' id='line_1_4' title="bbox 52 242 1974 272; baseline 0 -2"><span class='ocrx_word' id='word_1_13' title='bbox 52 243 100 270; x_wconf 83' lang='grc' dir='ltr'>Αη.</span> <span class='ocrx_word' id='word_1_14' title='bbox 117 242 145 270; x_wconf 80' lang='lat' dir='ltr'>C.</span> <span class='ocrx_word' id='word_1_15' title='bbox 167 244 234 272; x_wconf 69' lang='grc'>1263</span> <span class='ocrx_word' id='word_1_16' title='bbox 883 243 1026 268; x_wconf 67' lang='lat' dir='ltr'>ctwtffls</span> <span class='ocrx_word' id='word_1_17' title='bbox 1047 244 1080 266; x_wconf 69' lang='lat' dir='ltr'>lv</span> <span class='ocrx_word' id='word_1_18' title='bbox 1100 243 1150 268; x_wconf 69' lang='lat'>1⁷1³.</span> <span class='ocrx_word' id='word_1_19' title='bbox 1792 244 1841 271; x_wconf 76' lang='lat' dir='ltr'>An.</span> <span class='ocrx_word' id='word_1_20' title='bbox 1862 243 1892 272; x_wconf 85' lang='lat' dir='ltr'>C.</span> <span class='ocrx_word' id='word_1_21' title='bbox 1906 243 1974 271; x_wconf 73' lang='lat'>¹265</span> 
     </span>
    </p>
   </div>
   <div class='ocr_carea' id='block_1_4' title="bbox 50 297 988 359">
    <p class='ocr_par' dir='ltr' id='par_1_4' title="bbox 50 297 988 359">
     <span class='ocr_line' id='line_1_5' title="bbox 71 297 988 346; baseline 0 -14"><span class='ocrx_word' id='word_1_22' title='bbox 71 300 211 336; x_wconf 56' lang='lat' dir='ltr'>tun-nonum</span> <span class='ocrx_word' id='word_1_23' title='bbox 248 298 341 343; x_wconf 89' lang='lat' dir='ltr'>pturi.</span> <span class='ocrx_word' id='word_1_24' title='bbox 359 297 548 343; x_wconf 77' lang='lat' dir='ltr'><strong>Recepimus</strong></span> <span class='ocrx_word' id='word_1_25' title='bbox 562 298 652 333; x_wconf 90' lang='lat' dir='ltr'>etiam</span> <span class='ocrx_word' id='word_1_26' title='bbox 670 298 736 332; x_wconf 84' lang='lat' dir='ltr'>vice</span> <span class='ocrx_word' id='word_1_27' title='bbox 751 298 849 346; x_wconf 78' lang='lat' dir='ltr'>ipsius</span> <span class='ocrx_word' id='word_1_28' title='bbox 866 298 988 334; x_wconf 90' lang='lat' dir='ltr'>Summi</span> 
     </span>
     <span class='ocr_line' id='line_1_6' title="bbox 50 333 234 359; baseline 0 -6"><span class='ocrx_word' id='word_1_29' title='bbox 50 336 113 359; x_wconf 75' lang='lat' dir='ltr'>super</span> <span class='ocrx_word' id='word_1_30' title='bbox 127 333 234 353; x_wconf 71' lang='lat' dir='ltr'>conditio-</span> 
     </span>
    </p>
   </div>
   <div class='ocr_carea' id='block_1_5' title="bbox 49 346 991 389">
    <p class='ocr_par' dir='ltr' id='par_1_5' title="bbox 49 346 991 389">
     <span class='ocr_line' id='line_1_7' title="bbox 49 346 991 389; baseline -0.002 -5"><span class='ocrx_word' id='word_1_31' title='bbox 49 363 110 384; x_wconf 62' lang='lat' dir='ltr'>uinus</span> <span class='ocrx_word' id='word_1_32' title='bbox 124 363 233 389; x_wconf 66' lang='grc' dir='ltr'>ηιιρῑοη-</span> <span class='ocrx_word' id='word_1_33' title='bbox 246 347 409 382; x_wconf 79' lang='lat' dir='ltr'>Pontificis</span> <span class='ocrx_word' id='word_1_34' title='bbox 430 355 460 382; x_wconf 90' lang='lat' dir='ltr'>et</span> <span class='ocrx_word' id='word_1_35' title='bbox 477 347 636 382; x_wconf 80' lang='lat' dir='ltr'>Ecclesiae</span> <span class='ocrx_word' id='word_1_36' title='bbox 653 346 813 382; x_wconf 83' lang='lat' dir='ltr'>Romanae</span> <span class='ocrx_word' id='word_1_37' title='bbox 837 349 991 383; x_wconf 87' lang='lat' dir='ltr'>iuramen-</span> 
     </span>
    </p>
   </div>
   <div class='ocr_carea' id='block_1_6' title="bbox 59 1439 202 1462">
    <p class='ocr_par' dir='ltr' id='par_1_6' title="bbox 59 1439 202 1462">
     <span class='ocr_line' id='line_1_8' title="bbox 59 1439 202 1462; baseline 0.007 -1"><span class='ocrx_word' id='word_1_38' title='bbox 59 1439 202 1462; x_wconf 66' lang='lat' dir='ltr'>tentriones.</span> 
     </span>
    </p>
   </div>
   <div class='ocr_carea' id='block_1_7' title="bbox 0 1637 225 1723">
    <p class='ocr_par' dir='ltr' id='par_1_7' title="bbox 0 1637 225 1723">
     <span class='ocr_line' id='line_1_9' title="bbox 54 1637 223 1664; baseline 0.012 -6"><span class='ocrx_word' id='word_1_39' title='bbox 54 1637 148 1664; x_wconf 76' lang='lat' dir='ltr'>Legitimi</span> <span class='ocrx_word' id='word_1_40' title='bbox 186 1639 223 1660; x_wconf 74' lang='lat' dir='ltr'>filii</span> 
     </span>
     <span class='ocr_line' id='line_1_10' title="bbox 40 1669 225 1695; baseline 0.011 -6"><span class='ocrx_word' id='word_1_41' title='bbox 40 1669 132 1695; x_wconf 71' lang='lat' dir='ltr'>patribus</span> <span class='ocrx_word' id='word_1_42' title='bbox 151 1675 225 1691; x_wconf 73' lang='lat' dir='ltr'>sucee-</span> 
     </span>
     <span class='ocr_line' id='line_1_11' title="bbox 0 1699 97 1723; baseline 0 -4"><span class='ocrx_word' id='word_1_43' title='bbox 0 1720 4 1723; x_wconf 20' lang='lat'><em>*</em></span> <span class='ocrx_word' id='word_1_44' title='bbox 39 1699 97 1719; x_wconf 72' lang='lat' dir='ltr'>dent.</span> 
     </span>
    </p>
   </div>
   <div class='ocr_carea' id='block_1_8' title="bbox 0 2080 223 2198">
    <p class='ocr_par' dir='ltr' id='par_1_8' title="bbox 0 2080 223 2140">
     <span class='ocr_line' id='line_1_12' title="bbox 52 2080 223 2103; baseline 0.006 -1"><span class='ocrx_word' id='word_1_45' title='bbox 52 2080 126 2103; x_wconf 79' lang='lat' dir='ltr'>Carolo</span> <span class='ocrx_word' id='word_1_46' title='bbox 141 2083 187 2102; x_wconf 79' lang='lat' dir='ltr'>sine</span> <span class='ocrx_word' id='word_1_47' title='bbox 197 2082 223 2103; x_wconf 80' lang='lat' dir='ltr'>fi-</span> 
     </span>
     <span class='ocr_line' id='line_1_13' title="bbox 0 2111 222 2140; baseline 0.005 -8"><span class='ocrx_word' id='word_1_48' title='bbox 0 2127 2 2130; x_wconf 93' lang='lat'>.</span> <span class='ocrx_word' id='word_1_49' title='bbox 39 2111 74 2133; x_wconf 85' lang='lat' dir='ltr'>liis</span> <span class='ocrx_word' id='word_1_50' title='bbox 83 2113 177 2138; x_wconf 69' lang='lat' dir='ltr'>obeunt,</span> <span class='ocrx_word' id='word_1_51' title='bbox 188 2114 222 2140; x_wconf 83' lang='lat' dir='ltr'>qui</span> 
     </span>
    </p>

    <p class='ocr_par' dir='ltr' id='par_1_9' title="bbox 0 2143 223 2198">
     <span class='ocr_line' id='line_1_14' title="bbox 39 2143 223 2164; baseline 0.011 -2"><span class='ocrx_word' id='word_1_52' title='bbox 39 2143 129 2164; x_wconf 64' lang='lat' dir='ltr'>debeant</span> <span class='ocrx_word' id='word_1_53' title='bbox 144 2148 223 2164; x_wconf 79' lang='lat' dir='ltr'>sucee-</span> 
     </span>
     <span class='ocr_line' id='line_1_15' title="bbox 0 2174 97 2198; baseline -0.01 -4"><span class='ocrx_word' id='word_1_54' title='bbox 0 2190 11 2198; x_wconf 84' lang='grc'>,,</span> <span class='ocrx_word' id='word_1_55' title='bbox 40 2174 97 2195; x_wconf 64' lang='grc' dir='ltr'>ἀοι-εΔ</span> 
     </span>
    </p>
   </div>
   <div class='ocr_carea' id='block_1_9' title="bbox 49 396 989 2670">
    <p class='ocr_par' dir='ltr' id='par_1_10' title="bbox 49 396 989 1372">
     <span class='ocr_line' id='line_1_16' title="bbox 49 396 987 432; baseline 0.001 -1"><span class='ocrx_word' id='word_1_56' title='bbox 49 397 89 414; x_wconf 69' lang='lat'>⁸²⁵¹</span> <span class='ocrx_word' id='word_1_57' title='bbox 246 408 311 432; x_wconf 87' lang='lat' dir='ltr'>tum</span> <span class='ocrx_word' id='word_1_58' title='bbox 335 396 493 431; x_wconf 82' lang='lat' dir='ltr'>fidelitatis</span> <span class='ocrx_word' id='word_1_59' title='bbox 513 409 529 431; x_wconf 92' lang='lat' dir='ltr'>a</span> <span class='ocrx_word' id='word_1_60' title='bbox 552 396 641 431; x_wconf 83' lang='lat' dir='ltr'>vobis</span> <span class='ocrx_word' id='word_1_61' title='bbox 663 398 835 431; x_wconf 89' lang='lat' dir='ltr'>secundum</span> <span class='ocrx_word' id='word_1_62' title='bbox 858 398 987 432; x_wconf 88' lang='lat' dir='ltr'>formam</span> 
     </span>
     <span class='ocr_line' id='line_1_17' title="bbox 247 446 989 482; baseline 0.001 -1"><span class='ocrx_word' id='word_1_63' title='bbox 247 447 275 481; x_wconf 93' lang='lat' dir='ltr'>in</span> <span class='ocrx_word' id='word_1_64' title='bbox 311 446 429 481; x_wconf 86' lang='lat' dir='ltr'>eisdem</span> <span class='ocrx_word' id='word_1_65' title='bbox 471 454 648 480; x_wconf 73' lang='lat' dir='ltr'>contentam</span> <span class='ocrx_word' id='word_1_66' title='bbox 685 447 920 482; x_wconf 89' lang='lat' dir='ltr'>conditionibus</span> <span class='ocrx_word' id='word_1_67' title='bbox 960 456 989 482; x_wconf 91' lang='lat' dir='ltr'>et</span> 
     </span>
     <span class='ocr_line' id='line_1_18' title="bbox 245 495 987 539; baseline 0.003 -9"><span class='ocrx_word' id='word_1_68' title='bbox 245 495 375 531; x_wconf 90' lang='lat' dir='ltr'>inferius</span> <span class='ocrx_word' id='word_1_69' title='bbox 413 503 602 539; x_wconf 77' lang='lat' dir='ltr'>annotatam,</span> <span class='ocrx_word' id='word_1_70' title='bbox 635 507 757 530; x_wconf 87' lang='lat' dir='ltr'>necnon</span> <span class='ocrx_word' id='word_1_71' title='bbox 791 505 822 531; x_wconf 89' lang='lat' dir='ltr'>et</span> <span class='ocrx_word' id='word_1_72' title='bbox 855 498 987 532; x_wconf 91' lang='lat' dir='ltr'>aliorum</span> 
     </span>
     <span class='ocr_line' id='line_1_19' title="bbox 243 544 989 593; baseline 0 -13"><span class='ocrx_word' id='word_1_73' title='bbox 243 557 338 593; x_wconf 91' lang='lat' dir='ltr'>super</span> <span class='ocrx_word' id='word_1_74' title='bbox 370 544 484 593; x_wconf 85' lang='lat' dir='ltr'>quibus</span> <span class='ocrx_word' id='word_1_75' title='bbox 510 544 684 579; x_wconf 88' lang='lat' dir='ltr'>secundum</span> <span class='ocrx_word' id='word_1_76' title='bbox 720 552 859 580; x_wconf 89' lang='lat' dir='ltr'>tenorem</span> <span class='ocrx_word' id='word_1_77' title='bbox 883 546 989 581; x_wconf 88' lang='lat' dir='ltr'>condi-</span> 
     </span>
     <span class='ocr_line' id='line_1_20' title="bbox 244 593 988 642; baseline 0.003 -14"><span class='ocrx_word' id='word_1_78' title='bbox 244 595 363 630; x_wconf 81' lang='lat' dir='ltr'>tionum</span> <span class='ocrx_word' id='word_1_79' title='bbox 406 595 543 642; x_wconf 91' lang='lat' dir='ltr'>ipsarum</span> <span class='ocrx_word' id='word_1_80' title='bbox 586 593 729 629; x_wconf 89' lang='lat' dir='ltr'>Romano</span> <span class='ocrx_word' id='word_1_81' title='bbox 770 594 912 630; x_wconf 77' lang='lat' dir='ltr'>Pontifici</span> <span class='ocrx_word' id='word_1_82' title='bbox 960 605 988 630; x_wconf 89' lang='lat' dir='ltr'>et</span> 
     </span>
     <span class='ocr_line' id='line_1_21' title="bbox 245 643 985 691; baseline 0 -12"><span class='ocrx_word' id='word_1_83' title='bbox 245 643 421 691; x_wconf 82' lang='lat' dir='ltr'>praedictae</span> <span class='ocrx_word' id='word_1_84' title='bbox 463 643 623 679; x_wconf 84' lang='lat' dir='ltr'>Ecclesiae</span> <span class='ocrx_word' id='word_1_85' title='bbox 654 652 809 690; x_wconf 85' lang='lat' dir='ltr'>praestare</span> <span class='ocrx_word' id='word_1_86' title='bbox 837 645 985 679; x_wconf 80' lang='lat' dir='ltr'>tenemini</span> 
     </span>
     <span class='ocr_line' id='line_1_22' title="bbox 244 693 988 741; baseline 0.003 -14"><span class='ocrx_word' id='word_1_87' title='bbox 244 694 427 737; x_wconf 75' lang='lat' dir='ltr'>iuramenta,</span> <span class='ocrx_word' id='word_1_88' title='bbox 448 694 627 740; x_wconf 81' lang='lat' dir='ltr'>receptione</span> <span class='ocrx_word' id='word_1_89' title='bbox 661 693 796 740; x_wconf 72' lang='lat' dir='ltr'>homagii</span> <span class='ocrx_word' id='word_1_90' title='bbox 830 694 988 741; x_wconf 87' lang='lat' dir='ltr'>praedicto</span> 
     </span>
     <span class='ocr_line' id='line_1_23' title="bbox 242 743 985 789; baseline 0 -11"><span class='ocrx_word' id='word_1_91' title='bbox 242 743 376 778; x_wconf 89' lang='lat' dir='ltr'>Summo</span> <span class='ocrx_word' id='word_1_92' title='bbox 412 743 555 778; x_wconf 82' lang='lat' dir='ltr'>Pontifici</span> <span class='ocrx_word' id='word_1_93' title='bbox 598 744 784 789; x_wconf 77' lang='lat' dir='ltr'>generaliter</span> <span class='ocrx_word' id='word_1_94' title='bbox 823 752 985 778; x_wconf 74' lang='lat' dir='ltr'>reservata.</span> 
     </span>
     <span class='ocr_line' id='line_1_24' title="bbox 241 791 987 840; baseline 0 -12"><span class='ocrx_word' id='word_1_95' title='bbox 241 791 362 828; x_wconf 90' lang='lat' dir='ltr'>Omnes</span> <span class='ocrx_word' id='word_1_96' title='bbox 387 804 513 840; x_wconf 89' lang='lat' dir='ltr'>quoque</span> <span class='ocrx_word' id='word_1_97' title='bbox 534 792 756 828; x_wconf 82' lang='lat' dir='ltr'>concessiones</span> <span class='ocrx_word' id='word_1_98' title='bbox 778 794 987 828; x_wconf 89' lang='lat' dir='ltr'>communita-</span> 
     </span>
     <span class='ocr_line' id='line_1_25' title="bbox 241 841 984 882; baseline 0 -5"><span class='ocrx_word' id='word_1_99' title='bbox 241 849 319 882; x_wconf 88' lang='lat' dir='ltr'>tum,</span> <span class='ocrx_word' id='word_1_100' title='bbox 346 842 560 881; x_wconf 77' lang='lat' dir='ltr'>baroniarum.</span> <span class='ocrx_word' id='word_1_101' title='bbox 597 841 760 876; x_wconf 88' lang='lat' dir='ltr'>feudorum</span> <span class='ocrx_word' id='word_1_102' title='bbox 788 852 817 878; x_wconf 91' lang='lat' dir='ltr'>et</span> <span class='ocrx_word' id='word_1_103' title='bbox 852 843 984 877; x_wconf 90' lang='lat' dir='ltr'>aliorum</span> 
     </span>
     <span class='ocr_line' id='line_1_26' title="bbox 240 891 986 939; baseline 0 -12"><span class='ocrx_word' id='word_1_104' title='bbox 240 903 515 939; x_wconf 88' lang='lat' dir='ltr'>quorumcumque</span> <span class='ocrx_word' id='word_1_105' title='bbox 534 891 688 926; x_wconf 87' lang='lat' dir='ltr'>bonorum</span> <span class='ocrx_word' id='word_1_106' title='bbox 708 900 737 927; x_wconf 87' lang='lat' dir='ltr'>et</span> <span class='ocrx_word' id='word_1_107' title='bbox 757 892 870 926; x_wconf 91' lang='lat' dir='ltr'>iurium</span> <span class='ocrx_word' id='word_1_108' title='bbox 891 893 986 928; x_wconf 89' lang='lat' dir='ltr'>factas</span> 
     </span>
     <span class='ocr_line' id='line_1_27' title="bbox 241 940 984 989; baseline 0.003 -15"><span class='ocrx_word' id='word_1_109' title='bbox 241 942 270 975; x_wconf 89' lang='lat' dir='ltr'>in</span> <span class='ocrx_word' id='word_1_110' title='bbox 295 940 454 988; x_wconf 86' lang='lat' dir='ltr'>praedicto</span> <span class='ocrx_word' id='word_1_111' title='bbox 476 953 573 987; x_wconf 82' lang='lat' dir='ltr'>regno</span> <span class='ocrx_word' id='word_1_112' title='bbox 595 940 720 976; x_wconf 85' lang='lat' dir='ltr'>Siciliae</span> <span class='ocrx_word' id='word_1_113' title='bbox 743 953 795 988; x_wconf 85' lang='lat' dir='ltr'>per</span> <span class='ocrx_word' id='word_1_114' title='bbox 816 942 984 989; x_wconf 79' lang='lat' dir='ltr'>quemdam</span> 
     </span>
     <span class='ocr_line' id='line_1_28' title="bbox 240 989 986 1038; baseline 0 -12"><span class='ocrx_word' id='word_1_115' title='bbox 240 989 435 1026; x_wconf 83' lang='lat' dir='ltr'>Fridericum</span> <span class='ocrx_word' id='word_1_116' title='bbox 471 990 544 1025; x_wconf 90' lang='lat' dir='ltr'>olim</span> <span class='ocrx_word' id='word_1_117' title='bbox 574 989 787 1025; x_wconf 89' lang='lat' dir='ltr'>Romanorum</span> <span class='ocrx_word' id='word_1_118' title='bbox 818 992 986 1038; x_wconf 88' lang='lat' dir='ltr'>imperato-</span> 
     </span>
     <span class='ocr_line' id='line_1_29' title="bbox 240 1038 985 1081; baseline 0.003 -7"><span class='ocrx_word' id='word_1_119' title='bbox 240 1051 318 1081; x_wconf 88' lang='lat' dir='ltr'>rem,</span> <span class='ocrx_word' id='word_1_120' title='bbox 349 1048 379 1075; x_wconf 88' lang='lat' dir='ltr'>et</span> <span class='ocrx_word' id='word_1_121' title='bbox 400 1038 584 1075; x_wconf 90' lang='lat' dir='ltr'>Conradum</span> <span class='ocrx_word' id='word_1_122' title='bbox 616 1048 646 1074; x_wconf 91' lang='lat' dir='ltr'>et</span> <span class='ocrx_word' id='word_1_123' title='bbox 672 1039 868 1074; x_wconf 74' lang='lat' dir='ltr'>Manli-edum</span> <span class='ocrx_word' id='word_1_124' title='bbox 897 1050 985 1076; x_wconf 90' lang='lat' dir='ltr'>natos</span> 
     </span>
     <span class='ocr_line' id='line_1_30' title="bbox 239 1088 985 1136; baseline 0.003 -12"><span class='ocrx_word' id='word_1_125' title='bbox 239 1090 317 1133; x_wconf 90' lang='lat' dir='ltr'>eius,</span> <span class='ocrx_word' id='word_1_126' title='bbox 339 1090 478 1136; x_wconf 84' lang='lat' dir='ltr'>ipsorum</span> <span class='ocrx_word' id='word_1_127' title='bbox 501 1088 662 1127; x_wconf 80' lang='lat' dir='ltr'>officiales,</span> <span class='ocrx_word' id='word_1_128' title='bbox 680 1088 859 1133; x_wconf 71' lang='lat' dir='ltr'>familiares,</span> <span class='ocrx_word' id='word_1_129' title='bbox 883 1090 985 1126; x_wconf 85' lang='lat' dir='ltr'>fauto-</span> 
     </span>
     <span class='ocr_line' id='line_1_31' title="bbox 241 1139 984 1187; baseline 0.001 -14"><span class='ocrx_word' id='word_1_130' title='bbox 241 1151 300 1182; x_wconf 89' lang='lat' dir='ltr'>res,</span> <span class='ocrx_word' id='word_1_131' title='bbox 311 1147 379 1185; x_wconf 87' lang='lat' dir='ltr'>post</span> <span class='ocrx_word' id='word_1_132' title='bbox 397 1139 606 1187; x_wconf 79' lang='lat' dir='ltr'>depositionis</span> <span class='ocrx_word' id='word_1_133' title='bbox 623 1139 807 1173; x_wconf 79' lang='lat' dir='ltr'>sententiam</span> <span class='ocrx_word' id='word_1_134' title='bbox 828 1140 857 1173; x_wconf 92' lang='lat' dir='ltr'>in</span> <span class='ocrx_word' id='word_1_135' title='bbox 882 1140 984 1187; x_wconf 89' lang='lat' dir='ltr'>ipsum</span> 
     </span>
     <span class='ocr_line' id='line_1_32' title="bbox 238 1187 985 1236; baseline 0.001 -13"><span class='ocrx_word' id='word_1_136' title='bbox 238 1187 435 1224; x_wconf 84' lang='lat' dir='ltr'>Fridericum</span> <span class='ocrx_word' id='word_1_137' title='bbox 470 1200 525 1236; x_wconf 90' lang='lat' dir='ltr'>per</span> <span class='ocrx_word' id='word_1_138' title='bbox 551 1188 650 1222; x_wconf 85' lang='lat' dir='ltr'>felicis</span> <span class='ocrx_word' id='word_1_139' title='bbox 677 1188 902 1223; x_wconf 90' lang='lat' dir='ltr'>recordationis</span> <span class='ocrx_word' id='word_1_140' title='bbox 928 1189 985 1224; x_wconf 90' lang='lat' dir='ltr'>do-</span> 
     </span>
     <span class='ocr_line' id='line_1_33' title="bbox 238 1237 986 1286; baseline 0.001 -14"><span class='ocrx_word' id='word_1_141' title='bbox 238 1237 360 1273; x_wconf 89' lang='lat' dir='ltr'>minum</span> <span class='ocrx_word' id='word_1_142' title='bbox 378 1238 597 1273; x_wconf 73' lang='lat' dir='ltr'>innocentium</span> <span class='ocrx_word' id='word_1_143' title='bbox 617 1237 734 1284; x_wconf 86' lang='lat' dir='ltr'>Papam</span> <span class='ocrx_word' id='word_1_144' title='bbox 752 1247 897 1285; x_wconf 87' lang='lat' dir='ltr'>quartum</span> <span class='ocrx_word' id='word_1_145' title='bbox 917 1251 986 1286; x_wconf 90' lang='lat' dir='ltr'>pro-</span> 
     </span>
     <span class='ocr_line' id='line_1_34' title="bbox 238 1286 985 1335; baseline 0 -13"><span class='ocrx_word' id='word_1_146' title='bbox 238 1287 405 1335; x_wconf 86' lang='lat' dir='ltr'>mulgatam</span> <span class='ocrx_word' id='word_1_147' title='bbox 429 1287 460 1322; x_wconf 90' lang='lat' dir='ltr'>in</span> <span class='ocrx_word' id='word_1_148' title='bbox 494 1286 699 1334; x_wconf 83' lang='lat' dir='ltr'>Lugdunensi</span> <span class='ocrx_word' id='word_1_149' title='bbox 722 1287 868 1328; x_wconf 87' lang='lat' dir='ltr'>concilio,</span> <span class='ocrx_word' id='word_1_150' title='bbox 898 1300 985 1323; x_wconf 83' lang='lat' dir='ltr'>revo-</span> 
     </span>
     <span class='ocr_line' id='line_1_35' title="bbox 237 1336 902 1372; baseline -0.002 0"><span class='ocrx_word' id='word_1_151' title='bbox 237 1349 361 1372; x_wconf 80' lang='lat' dir='ltr'>camus:</span> <span class='ocrx_word' id='word_1_152' title='bbox 389 1336 585 1372; x_wconf 89' lang='lat' dir='ltr'>conditiones</span> <span class='ocrx_word' id='word_1_153' title='bbox 612 1345 714 1370; x_wconf 88' lang='lat' dir='ltr'>autern</span> <span class='ocrx_word' id='word_1_154' title='bbox 738 1344 810 1371; x_wconf 88' lang='lat' dir='ltr'>sunt</span> <span class='ocrx_word' id='word_1_155' title='bbox 833 1337 902 1372; x_wconf 84' lang='lat' dir='ltr'>hae:</span> 
     </span>
    </p>

    <p class='ocr_par' dir='ltr' id='par_1_11' title="bbox 236 1385 987 2670">
     <span class='ocr_line' id='line_1_36' title="bbox 289 1385 984 1421; baseline 0 -1"><span class='ocrx_word' id='word_1_156' title='bbox 289 1389 319 1420; x_wconf 76' lang='lat'>1.</span> <span class='ocrx_word' id='word_1_157' title='bbox 348 1386 380 1421; x_wconf 91' lang='lat' dir='ltr'>Si</span> <span class='ocrx_word' id='word_1_158' title='bbox 404 1388 434 1420; x_wconf 91' lang='lat' dir='ltr'>in</span> <span class='ocrx_word' id='word_1_159' title='bbox 455 1395 558 1421; x_wconf 88' lang='lat' dir='ltr'>vestro</span> <span class='ocrx_word' id='word_1_160' title='bbox 571 1392 601 1419; x_wconf 87' lang='lat' dir='ltr'>et</span> <span class='ocrx_word' id='word_1_161' title='bbox 623 1385 792 1420; x_wconf 81' lang='lat' dir='ltr'>haeredum</span> <span class='ocrx_word' id='word_1_162' title='bbox 810 1394 984 1420; x_wconf 86' lang='lat' dir='ltr'>vestrorum</span> 
     </span>
     <span class='ocr_line' id='line_1_37' title="bbox 238 1435 984 1482; baseline -0.001 -12"><span class='ocrx_word' id='word_1_163' title='bbox 238 1435 324 1470; x_wconf 90' lang='lat' dir='ltr'>obitu</span> <span class='ocrx_word' id='word_1_164' title='bbox 335 1435 520 1482; x_wconf 73' lang='lat' dir='ltr'>legitimum,</span> <span class='ocrx_word' id='word_1_165' title='bbox 536 1443 627 1482; x_wconf 87' lang='lat' dir='ltr'>prout</span> <span class='ocrx_word' id='word_1_166' title='bbox 638 1436 793 1482; x_wconf 89' lang='lat' dir='ltr'>sequitur,</span> <span class='ocrx_word' id='word_1_167' title='bbox 806 1435 984 1477; x_wconf 75' lang='lat' dir='ltr'>haeredem,</span> 
     </span>
     <span class='ocr_line' id='line_1_38' title="bbox 239 1484 984 1532; baseline 0.001 -14"><span class='ocrx_word' id='word_1_168' title='bbox 239 1496 293 1520; x_wconf 87' lang='lat' dir='ltr'>vos</span> <span class='ocrx_word' id='word_1_169' title='bbox 313 1494 416 1520; x_wconf 85' lang='lat' dir='ltr'>autem</span> <span class='ocrx_word' id='word_1_170' title='bbox 440 1485 525 1532; x_wconf 88' lang='lat' dir='ltr'>ipsos</span> <span class='ocrx_word' id='word_1_171' title='bbox 546 1484 642 1532; x_wconf 88' lang='lat' dir='ltr'>(quod</span> <span class='ocrx_word' id='word_1_172' title='bbox 660 1485 757 1527; x_wconf 81' lang='lat' dir='ltr'>absit)</span> <span class='ocrx_word' id='word_1_173' title='bbox 787 1497 847 1518; x_wconf 90' lang='lat' dir='ltr'>non</span> <span class='ocrx_word' id='word_1_174' title='bbox 869 1485 984 1519; x_wconf 89' lang='lat' dir='ltr'>habere</span> 
     </span>
     <span class='ocr_line' id='line_1_39' title="bbox 237 1534 982 1581; baseline 0 -13"><span class='ocrx_word' id='word_1_175' title='bbox 237 1535 422 1581; x_wconf 82' lang='lat' dir='ltr'>contigerit,</span> <span class='ocrx_word' id='word_1_176' title='bbox 445 1546 579 1579; x_wconf 80' lang='lat' dir='ltr'>regnum</span> <span class='ocrx_word' id='word_1_177' title='bbox 608 1534 710 1580; x_wconf 90' lang='lat' dir='ltr'>ipsum</span> <span class='ocrx_word' id='word_1_178' title='bbox 736 1534 774 1569; x_wconf 91' lang='lat' dir='ltr'>ad</span> <span class='ocrx_word' id='word_1_179' title='bbox 809 1534 982 1569; x_wconf 88' lang='lat' dir='ltr'>Romanam</span> 
     </span>
     <span class='ocr_line' id='line_1_40' title="bbox 237 1582 984 1630; baseline 0.001 -13"><span class='ocrx_word' id='word_1_180' title='bbox 237 1582 421 1624; x_wconf 86' lang='lat' dir='ltr'>Ecclesiam,</span> <span class='ocrx_word' id='word_1_181' title='bbox 447 1584 579 1630; x_wconf 87' lang='lat' dir='ltr'>eiusque</span> <span class='ocrx_word' id='word_1_182' title='bbox 612 1583 851 1630; x_wconf 85' lang='lat' dir='ltr'>dispositionem</span> <span class='ocrx_word' id='word_1_183' title='bbox 886 1584 984 1618; x_wconf 90' lang='lat' dir='ltr'>libere</span> 
     </span>
     <span class='ocr_line' id='line_1_41' title="bbox 237 1632 983 1668; baseline 0 -1"><span class='ocrx_word' id='word_1_184' title='bbox 237 1641 419 1668; x_wconf 84' lang='lat' dir='ltr'>revertatur.</span> <span class='ocrx_word' id='word_1_185' title='bbox 453 1632 691 1668; x_wconf 85' lang='lat' dir='ltr'>Descendentes</span> <span class='ocrx_word' id='word_1_186' title='bbox 724 1642 828 1667; x_wconf 90' lang='lat' dir='ltr'>autem</span> <span class='ocrx_word' id='word_1_187' title='bbox 852 1646 890 1667; x_wconf 86' lang='lat' dir='ltr'>ex</span> <span class='ocrx_word' id='word_1_188' title='bbox 930 1645 983 1667; x_wconf 83' lang='lat' dir='ltr'>vo-</span> 
     </span>
     <span class='ocr_line' id='line_1_42' title="bbox 237 1681 983 1728; baseline 0 -12"><span class='ocrx_word' id='word_1_189' title='bbox 237 1681 288 1716; x_wconf 89' lang='lat' dir='ltr'>bis</span> <span class='ocrx_word' id='word_1_190' title='bbox 305 1690 336 1717; x_wconf 92' lang='lat' dir='ltr'>et</span> <span class='ocrx_word' id='word_1_191' title='bbox 354 1683 464 1717; x_wconf 89' lang='lat' dir='ltr'>vestris</span> <span class='ocrx_word' id='word_1_192' title='bbox 490 1682 692 1725; x_wconf 69' lang='lat' dir='ltr'>haeredibus,</span> <span class='ocrx_word' id='word_1_193' title='bbox 706 1682 831 1716; x_wconf 87' lang='lat' dir='ltr'>Siciliae</span> <span class='ocrx_word' id='word_1_194' title='bbox 845 1682 983 1728; x_wconf 78' lang='lat' dir='ltr'>regibus,</span> 
     </span>
     <span class='ocr_line' id='line_1_43' title="bbox 238 1731 984 1777; baseline -0.001 -11"><span class='ocrx_word' id='word_1_195' title='bbox 238 1743 340 1767; x_wconf 88' lang='lat' dir='ltr'>mares</span> <span class='ocrx_word' id='word_1_196' title='bbox 361 1740 391 1767; x_wconf 90' lang='lat' dir='ltr'>et</span> <span class='ocrx_word' id='word_1_197' title='bbox 411 1732 566 1766; x_wconf 86' lang='lat' dir='ltr'>foeminae</span> <span class='ocrx_word' id='word_1_198' title='bbox 595 1733 625 1765; x_wconf 91' lang='lat' dir='ltr'>in</span> <span class='ocrx_word' id='word_1_199' title='bbox 648 1731 758 1765; x_wconf 82' lang='lat' dir='ltr'>eodem</span> <span class='ocrx_word' id='word_1_200' title='bbox 792 1743 888 1777; x_wconf 83' lang='lat' dir='ltr'>regno</span> <span class='ocrx_word' id='word_1_201' title='bbox 910 1743 984 1765; x_wconf 91' lang='lat' dir='ltr'>suc-</span> 
     </span>
     <span class='ocr_line' id='line_1_44' title="bbox 237 1780 985 1828; baseline 0 -13"><span class='ocrx_word' id='word_1_202' title='bbox 237 1781 360 1815; x_wconf 87' lang='lat' dir='ltr'>cedent.</span> <span class='ocrx_word' id='word_1_203' title='bbox 381 1781 436 1816; x_wconf 90' lang='lat' dir='ltr'>Sic</span> <span class='ocrx_word' id='word_1_204' title='bbox 454 1789 554 1815; x_wconf 88' lang='lat' dir='ltr'>tamen</span> <span class='ocrx_word' id='word_1_205' title='bbox 572 1780 654 1828; x_wconf 90' lang='lat' dir='ltr'>quod</span> <span class='ocrx_word' id='word_1_206' title='bbox 677 1780 715 1814; x_wconf 92' lang='lat' dir='ltr'>de</span> <span class='ocrx_word' id='word_1_207' title='bbox 733 1780 839 1815; x_wconf 91' lang='lat' dir='ltr'>liberis</span> <span class='ocrx_word' id='word_1_208' title='bbox 860 1780 985 1815; x_wconf 90' lang='lat' dir='ltr'>duobus</span> 
     </span>
     <span class='ocr_line' id='line_1_45' title="bbox 237 1829 982 1877; baseline -0.001 -12"><span class='ocrx_word' id='word_1_209' title='bbox 237 1829 378 1865; x_wconf 85' lang='lat' dir='ltr'>maribus</span> <span class='ocrx_word' id='word_1_210' title='bbox 392 1830 503 1865; x_wconf 90' lang='lat' dir='ltr'>eodem</span> <span class='ocrx_word' id='word_1_211' title='bbox 520 1831 617 1877; x_wconf 82' lang='lat' dir='ltr'>gradu</span> <span class='ocrx_word' id='word_1_212' title='bbox 636 1841 690 1876; x_wconf 89' lang='lat' dir='ltr'>per</span> <span class='ocrx_word' id='word_1_213' title='bbox 705 1830 847 1864; x_wconf 90' lang='lat' dir='ltr'>eamdem</span> <span class='ocrx_word' id='word_1_214' title='bbox 869 1830 982 1864; x_wconf 80' lang='lat' dir='ltr'>lineam</span> 
     </span>
     <span class='ocr_line' id='line_1_46' title="bbox 237 1879 984 1926; baseline -0.001 -11"><span class='ocrx_word' id='word_1_215' title='bbox 237 1880 501 1915; x_wconf 83' lang='lat' dir='ltr'>concurrentibus</span> <span class='ocrx_word' id='word_1_216' title='bbox 522 1879 760 1926; x_wconf 79' lang='lat' dir='ltr'>primogenituS,</span> <span class='ocrx_word' id='word_1_217' title='bbox 788 1889 819 1914; x_wconf 89' lang='lat' dir='ltr'>et</span> <span class='ocrx_word' id='word_1_218' title='bbox 840 1879 879 1914; x_wconf 88' lang='lat' dir='ltr'>de</span> <span class='ocrx_word' id='word_1_219' title='bbox 905 1879 984 1914; x_wconf 90' lang='lat' dir='ltr'>dua-</span> 
     </span>
     <span class='ocr_line' id='line_1_47' title="bbox 237 1929 984 1976; baseline -0.001 -12"><span class='ocrx_word' id='word_1_220' title='bbox 237 1929 296 1964; x_wconf 90' lang='lat' dir='ltr'>bus</span> <span class='ocrx_word' id='word_1_221' title='bbox 324 1929 471 1965; x_wconf 81' lang='lat' dir='ltr'>foeminis</span> <span class='ocrx_word' id='word_1_222' title='bbox 493 1929 714 1976; x_wconf 75' lang='lat' dir='ltr'>primogeuita,</span> <span class='ocrx_word' id='word_1_223' title='bbox 737 1937 768 1962; x_wconf 89' lang='lat' dir='ltr'>et</span> <span class='ocrx_word' id='word_1_224' title='bbox 794 1929 832 1963; x_wconf 86' lang='lat' dir='ltr'>de</span> <span class='ocrx_word' id='word_1_225' title='bbox 855 1930 930 1963; x_wconf 90' lang='lat' dir='ltr'>mari</span> <span class='ocrx_word' id='word_1_226' title='bbox 954 1938 984 1964; x_wconf 90' lang='lat' dir='ltr'>et</span> 
     </span>
     <span class='ocr_line' id='line_1_48' title="bbox 237 1977 984 2025; baseline 0 -12"><span class='ocrx_word' id='word_1_227' title='bbox 237 1977 372 2014; x_wconf 82' lang='lat' dir='ltr'>foemina</span> <span class='ocrx_word' id='word_1_228' title='bbox 399 1979 430 2013; x_wconf 88' lang='lat' dir='ltr'>io</span> <span class='ocrx_word' id='word_1_229' title='bbox 461 1978 571 2013; x_wconf 82' lang='lat' dir='ltr'>eodem</span> <span class='ocrx_word' id='word_1_230' title='bbox 602 1978 698 2025; x_wconf 85' lang='lat' dir='ltr'>gradu</span> <span class='ocrx_word' id='word_1_231' title='bbox 727 1978 870 2013; x_wconf 87' lang='lat' dir='ltr'>similiter</span> <span class='ocrx_word' id='word_1_232' title='bbox 905 1991 984 2013; x_wconf 89' lang='lat' dir='ltr'>con—</span> 
     </span>
     <span class='ocr_line' id='line_1_49' title="bbox 236 2027 984 2075; baseline -0.001 -12"><span class='ocrx_word' id='word_1_233' title='bbox 236 2028 436 2063; x_wconf 87' lang='lat' dir='ltr'>currentibus</span> <span class='ocrx_word' id='word_1_234' title='bbox 457 2028 617 2063; x_wconf 76' lang='lat' dir='ltr'>masculus</span> <span class='ocrx_word' id='word_1_235' title='bbox 638 2027 786 2062; x_wconf 88' lang='lat' dir='ltr'>omnibus</span> <span class='ocrx_word' id='word_1_236' title='bbox 808 2029 876 2062; x_wconf 89' lang='lat' dir='ltr'>aliis</span> <span class='ocrx_word' id='word_1_237' title='bbox 898 2040 984 2075; x_wconf 84' lang='lat' dir='ltr'>prae-</span> 
     </span>
     <span class='ocr_line' id='line_1_50' title="bbox 237 2076 984 2123; baseline 0 -11"><span class='ocrx_word' id='word_1_238' title='bbox 237 2076 363 2113; x_wconf 82' lang='lat' dir='ltr'>feratur.</span> <span class='ocrx_word' id='word_1_239' title='bbox 394 2078 427 2113; x_wconf 93' lang='lat' dir='ltr'>Si</span> <span class='ocrx_word' id='word_1_240' title='bbox 454 2089 528 2112; x_wconf 88' lang='lat' dir='ltr'>vero</span> <span class='ocrx_word' id='word_1_241' title='bbox 550 2076 644 2123; x_wconf 77' lang='lat' dir='ltr'>(quod</span> <span class='ocrx_word' id='word_1_242' title='bbox 668 2077 757 2120; x_wconf 86' lang='lat' dir='ltr'>absit)</span> <span class='ocrx_word' id='word_1_243' title='bbox 784 2078 851 2112; x_wconf 86' lang='lat' dir='ltr'>sine</span> <span class='ocrx_word' id='word_1_244' title='bbox 878 2078 984 2112; x_wconf 87' lang='lat' dir='ltr'>liberis</span> 
     </span>
     <span class='ocr_line' id='line_1_51' title="bbox 237 2126 982 2173; baseline -0.003 -10"><span class='ocrx_word' id='word_1_245' title='bbox 237 2139 276 2163; x_wconf 82' lang='lat' dir='ltr'>ex</span> <span class='ocrx_word' id='word_1_246' title='bbox 313 2127 402 2163; x_wconf 90' lang='lat' dir='ltr'>vobis</span> <span class='ocrx_word' id='word_1_247' title='bbox 431 2126 570 2173; x_wconf 80' lang='lat' dir='ltr'>legitime</span> <span class='ocrx_word' id='word_1_248' title='bbox 604 2127 869 2162; x_wconf 86' lang='lat' dir='ltr'>descendentibus</span> <span class='ocrx_word' id='word_1_249' title='bbox 904 2128 982 2162; x_wconf 90' lang='lat' dir='ltr'>mori</span> 
     </span>
     <span class='ocr_line' id='line_1_52' title="bbox 236 2175 983 2224; baseline 0 -13"><span class='ocrx_word' id='word_1_250' title='bbox 236 2177 412 2224; x_wconf 84' lang='lat' dir='ltr'>contigerit,</span> <span class='ocrx_word' id='word_1_251' title='bbox 434 2176 533 2224; x_wconf 83' lang='lat' dir='ltr'>possit</span> <span class='ocrx_word' id='word_1_252' title='bbox 555 2175 642 2210; x_wconf 81' lang='lat' dir='ltr'>vobis</span> <span class='ocrx_word' id='word_1_253' title='bbox 665 2177 693 2210; x_wconf 91' lang='lat' dir='ltr'>in</span> <span class='ocrx_word' id='word_1_254' title='bbox 721 2188 818 2222; x_wconf 82' lang='lat' dir='ltr'>regno</span> <span class='ocrx_word' id='word_1_255' title='bbox 846 2185 877 2211; x_wconf 88' lang='lat' dir='ltr'>et</span> <span class='ocrx_word' id='word_1_256' title='bbox 904 2185 983 2211; x_wconf 88' lang='lat' dir='ltr'>terra</span> 
     </span>
     <span class='ocr_line' id='line_1_53' title="bbox 238 2224 985 2274; baseline -0.003 -12"><span class='ocrx_word' id='word_1_257' title='bbox 238 2226 407 2274; x_wconf 86' lang='lat' dir='ltr'>praedictis</span> <span class='ocrx_word' id='word_1_258' title='bbox 433 2224 602 2260; x_wconf 81' lang='lat' dir='ltr'>succedere</span> <span class='ocrx_word' id='word_1_259' title='bbox 627 2225 787 2260; x_wconf 82' lang='lat' dir='ltr'>dumtaxat</span> <span class='ocrx_word' id='word_1_260' title='bbox 808 2226 924 2261; x_wconf 86' lang='lat' dir='ltr'>nobilis</span> <span class='ocrx_word' id='word_1_261' title='bbox 941 2227 985 2260; x_wconf 84' lang='lat' dir='ltr'>vir</span> 
     </span>
     <span class='ocr_line' id='line_1_54' title="bbox 237 2274 985 2323; baseline -0.003 -12"><span class='ocrx_word' id='word_1_262' title='bbox 237 2275 421 2323; x_wconf 80' lang='lat' dir='ltr'>Alphonsus</span> <span class='ocrx_word' id='word_1_263' title='bbox 453 2286 559 2310; x_wconf 90' lang='lat' dir='ltr'>comes</span> <span class='ocrx_word' id='word_1_264' title='bbox 590 2274 791 2314; x_wconf 76' lang='lat' dir='ltr'>pictavensis,</span> <span class='ocrx_word' id='word_1_265' title='bbox 814 2287 985 2322; x_wconf 81' lang='lat' dir='ltr'>germanus</span> 
     </span>
     <span class='ocr_line' id='line_1_55' title="bbox 239 2324 983 2371; baseline 0.001 -13"><span class='ocrx_word' id='word_1_266' title='bbox 239 2334 348 2361; x_wconf 85' lang='lat' dir='ltr'>vester.</span> <span class='ocrx_word' id='word_1_267' title='bbox 374 2325 417 2360; x_wconf 87' lang='lat' dir='ltr'>Et</span> <span class='ocrx_word' id='word_1_268' title='bbox 437 2325 462 2360; x_wconf 93' lang='lat' dir='ltr'>si</span> <span class='ocrx_word' id='word_1_269' title='bbox 485 2324 588 2359; x_wconf 90' lang='lat' dir='ltr'>dictus</span> <span class='ocrx_word' id='word_1_270' title='bbox 609 2324 792 2371; x_wconf 85' lang='lat' dir='ltr'>Alphonsus</span> <span class='ocrx_word' id='word_1_271' title='bbox 813 2325 900 2359; x_wconf 89' lang='lat' dir='ltr'>vobis</span> <span class='ocrx_word' id='word_1_272' title='bbox 923 2337 983 2359; x_wconf 91' lang='lat' dir='ltr'>non</span> 
     </span>
     <span class='ocr_line' id='line_1_56' title="bbox 237 2373 986 2423; baseline -0.003 -13"><span class='ocrx_word' id='word_1_273' title='bbox 237 2374 457 2423; x_wconf 80' lang='lat' dir='ltr'>supervixerit.</span> <span class='ocrx_word' id='word_1_274' title='bbox 479 2374 575 2421; x_wconf 88' lang='lat' dir='ltr'>possit</span> <span class='ocrx_word' id='word_1_275' title='bbox 602 2373 689 2407; x_wconf 79' lang='lat' dir='ltr'>vobis</span> <span class='ocrx_word' id='word_1_276' title='bbox 711 2374 881 2409; x_wconf 86' lang='lat' dir='ltr'>succedere</span> <span class='ocrx_word' id='word_1_277' title='bbox 904 2387 986 2408; x_wconf 88' lang='lat' dir='ltr'>uuus</span> 
     </span>
     <span class='ocr_line' id='line_1_57' title="bbox 238 2422 986 2470; baseline -0.001 -11"><span class='ocrx_word' id='word_1_278' title='bbox 238 2437 276 2460; x_wconf 81' lang='lat' dir='ltr'>ex</span> <span class='ocrx_word' id='word_1_279' title='bbox 310 2424 381 2460; x_wconf 84' lang='lat' dir='ltr'>liliis</span> <span class='ocrx_word' id='word_1_280' title='bbox 413 2423 534 2459; x_wconf 90' lang='lat' dir='ltr'>domini</span> <span class='ocrx_word' id='word_1_281' title='bbox 568 2422 718 2457; x_wconf 89' lang='lat' dir='ltr'>Ludovici</span> <span class='ocrx_word' id='word_1_282' title='bbox 748 2423 876 2458; x_wconf 91' lang='lat' dir='ltr'>illustris</span> <span class='ocrx_word' id='word_1_283' title='bbox 903 2424 986 2470; x_wconf 81' lang='lat' dir='ltr'>regis</span> 
     </span>
     <span class='ocr_line' id='line_1_58' title="bbox 238 2472 986 2520; baseline -0.004 -10"><span class='ocrx_word' id='word_1_284' title='bbox 238 2473 443 2518; x_wconf 77' lang='lat' dir='ltr'>Francorum,</span> <span class='ocrx_word' id='word_1_285' title='bbox 461 2472 605 2507; x_wconf 88' lang='lat' dir='ltr'>videlicet</span> <span class='ocrx_word' id='word_1_286' title='bbox 629 2472 726 2506; x_wconf 88' lang='lat' dir='ltr'>maior</span> <span class='ocrx_word' id='word_1_287' title='bbox 751 2481 825 2507; x_wconf 81' lang='lat' dir='ltr'>natu</span> <span class='ocrx_word' id='word_1_288' title='bbox 849 2481 919 2520; x_wconf 60' lang='lat' dir='ltr'>post</span> <span class='ocrx_word' id='word_1_289' title='bbox 941 2473 986 2507; x_wconf 92' lang='lat' dir='ltr'>il-</span> 
     </span>
     <span class='ocr_line' id='line_1_59' title="bbox 239 2521 984 2571; baseline -0.003 -13"><span class='ocrx_word' id='word_1_290' title='bbox 239 2524 317 2569; x_wconf 90' lang='lat' dir='ltr'>lum,</span> <span class='ocrx_word' id='word_1_291' title='bbox 342 2524 395 2571; x_wconf 93' lang='lat' dir='ltr'>qui</span> <span class='ocrx_word' id='word_1_292' title='bbox 423 2521 564 2558; x_wconf 89' lang='lat' dir='ltr'>succedit</span> <span class='ocrx_word' id='word_1_293' title='bbox 592 2523 620 2556; x_wconf 90' lang='lat' dir='ltr'>in</span> <span class='ocrx_word' id='word_1_294' title='bbox 652 2533 748 2568; x_wconf 83' lang='lat' dir='ltr'>regno</span> <span class='ocrx_word' id='word_1_295' title='bbox 779 2521 984 2557; x_wconf 87' lang='lat' dir='ltr'>Francorum.</span> 
     </span>
     <span class='ocr_line' id='line_1_60' title="bbox 241 2571 986 2619; baseline -0.003 -11"><span class='ocrx_word' id='word_1_296' title='bbox 241 2573 278 2608; x_wconf 86' lang='lat' dir='ltr'>Et</span> <span class='ocrx_word' id='word_1_297' title='bbox 315 2572 393 2608; x_wconf 89' lang='lat' dir='ltr'>haec</span> <span class='ocrx_word' id='word_1_298' title='bbox 429 2573 527 2619; x_wconf 84' lang='lat' dir='ltr'>gratia</span> <span class='ocrx_word' id='word_1_299' title='bbox 569 2573 614 2606; x_wconf 93' lang='lat' dir='ltr'>vel</span> <span class='ocrx_word' id='word_1_300' title='bbox 654 2571 812 2606; x_wconf 85' lang='lat' dir='ltr'>successio</span> <span class='ocrx_word' id='word_1_301' title='bbox 849 2580 908 2606; x_wconf 91' lang='lat' dir='ltr'>tam</span> <span class='ocrx_word' id='word_1_302' title='bbox 949 2584 986 2606; x_wconf 85' lang='lat' dir='ltr'>ex</span> 
     </span>
     <span class='ocr_line' id='line_1_61' title="bbox 241 2621 987 2670; baseline -0.004 -13"><span class='ocrx_word' id='word_1_303' title='bbox 241 2631 327 2670; x_wconf 86' lang='lat' dir='ltr'>parte</span> <span class='ocrx_word' id='word_1_304' title='bbox 349 2630 465 2663; x_wconf 88' lang='lat' dir='ltr'>vestra,</span> <span class='ocrx_word' id='word_1_305' title='bbox 492 2633 584 2669; x_wconf 89' lang='lat' dir='ltr'>quam</span> <span class='ocrx_word' id='word_1_306' title='bbox 608 2632 645 2656; x_wconf 85' lang='lat' dir='ltr'>ex</span> <span class='ocrx_word' id='word_1_307' title='bbox 675 2628 762 2668; x_wconf 85' lang='lat' dir='ltr'>parte</span> <span class='ocrx_word' id='word_1_308' title='bbox 784 2621 907 2656; x_wconf 89' lang='lat' dir='ltr'>illorum</span> <span class='ocrx_word' id='word_1_309' title='bbox 929 2622 987 2656; x_wconf 90' lang='lat' dir='ltr'>erit</span> 
     </span>
    </p>
   </div>
   <div class='ocr_carea' id='block_1_10' title="bbox 1025 397 1776 2672">
    <p class='ocr_par' dir='ltr' id='par_1_12' title="bbox 1025 397 1776 2672">
     <span class='ocr_line' id='line_1_62' title="bbox 1029 397 1775 447; baseline 0.004 -15"><span class='ocrx_word' id='word_1_310' title='bbox 1029 397 1197 444; x_wconf 81' lang='lat' dir='ltr'>Alphonsi,</span> <span class='ocrx_word' id='word_1_311' title='bbox 1219 398 1244 433; x_wconf 93' lang='lat' dir='ltr'>si</span> <span class='ocrx_word' id='word_1_312' title='bbox 1279 397 1477 445; x_wconf 85' lang='lat' dir='ltr'>Alphonsum</span> <span class='ocrx_word' id='word_1_313' title='bbox 1501 399 1588 434; x_wconf 86' lang='lat' dir='ltr'>vobis</span> <span class='ocrx_word' id='word_1_314' title='bbox 1622 401 1775 447; x_wconf 87' lang='lat' dir='ltr'>praemori</span> 
     </span>
     <span class='ocr_line' id='line_1_63' title="bbox 1032 447 1776 494; baseline 0.005 -13"><span class='ocrx_word' id='word_1_315' title='bbox 1032 447 1211 494; x_wconf 83' lang='lat' dir='ltr'>contigerit,</span> <span class='ocrx_word' id='word_1_316' title='bbox 1234 447 1414 483; x_wconf 88' lang='lat' dir='ltr'>huiusmodi</span> <span class='ocrx_word' id='word_1_317' title='bbox 1429 449 1588 484; x_wconf 84' lang='lat' dir='ltr'>successio</span> <span class='ocrx_word' id='word_1_318' title='bbox 1606 461 1639 484; x_wconf 90' lang='lat' dir='ltr'>se</span> <span class='ocrx_word' id='word_1_319' title='bbox 1661 457 1776 485; x_wconf 85' lang='lat' dir='ltr'>exten-</span> 
     </span>
     <span class='ocr_line' id='line_1_64' title="bbox 1029 496 1774 537; baseline 0.005 -7"><span class='ocrx_word' id='word_1_320' title='bbox 1029 496 1091 537; x_wconf 87' lang='lat' dir='ltr'>det,</span> <span class='ocrx_word' id='word_1_321' title='bbox 1126 497 1181 532; x_wconf 90' lang='lat' dir='ltr'>sed</span> <span class='ocrx_word' id='word_1_322' title='bbox 1210 497 1305 532; x_wconf 92' lang='lat' dir='ltr'>huius</span> <span class='ocrx_word' id='word_1_323' title='bbox 1333 497 1431 532; x_wconf 91' lang='lat' dir='ltr'>maior</span> <span class='ocrx_word' id='word_1_324' title='bbox 1461 506 1535 532; x_wconf 88' lang='lat' dir='ltr'>natu</span> <span class='ocrx_word' id='word_1_325' title='bbox 1562 499 1710 534; x_wconf 87' lang='lat' dir='ltr'>succedat</span> <span class='ocrx_word' id='word_1_326' title='bbox 1743 500 1774 534; x_wconf 92' lang='lat' dir='ltr'>in</span> 
     </span>
     <span class='ocr_line' id='line_1_65' title="bbox 1029 546 1775 594; baseline 0.005 -14"><span class='ocrx_word' id='word_1_327' title='bbox 1029 558 1125 593; x_wconf 81' lang='lat' dir='ltr'>regno</span> <span class='ocrx_word' id='word_1_328' title='bbox 1148 546 1273 582; x_wconf 83' lang='lat' dir='ltr'>Siciliae</span> <span class='ocrx_word' id='word_1_329' title='bbox 1295 555 1325 582; x_wconf 88' lang='lat' dir='ltr'>et</span> <span class='ocrx_word' id='word_1_330' title='bbox 1346 554 1425 581; x_wconf 84' lang='lat' dir='ltr'>terra</span> <span class='ocrx_word' id='word_1_331' title='bbox 1455 546 1640 594; x_wconf 84' lang='lat' dir='ltr'>praedictis;</span> <span class='ocrx_word' id='word_1_332' title='bbox 1662 549 1775 584; x_wconf 90' lang='lat' dir='ltr'>simili-</span> 
     </span>
     <span class='ocr_line' id='line_1_66' title="bbox 1029 595 1774 645; baseline 0.005 -16"><span class='ocrx_word' id='word_1_333' title='bbox 1029 603 1075 630; x_wconf 92' lang='lat' dir='ltr'>ter</span> <span class='ocrx_word' id='word_1_334' title='bbox 1089 604 1119 630; x_wconf 84' lang='lat' dir='ltr'>et</span> <span class='ocrx_word' id='word_1_335' title='bbox 1133 596 1238 631; x_wconf 92' lang='lat' dir='ltr'>nullus</span> <span class='ocrx_word' id='word_1_336' title='bbox 1254 595 1390 631; x_wconf 88' lang='lat' dir='ltr'>liliorum</span> <span class='ocrx_word' id='word_1_337' title='bbox 1411 596 1457 631; x_wconf 86' lang='lat' dir='ltr'>vel</span> <span class='ocrx_word' id='word_1_338' title='bbox 1481 597 1651 632; x_wconf 89' lang='lat' dir='ltr'>haeredum</span> <span class='ocrx_word' id='word_1_339' title='bbox 1676 599 1774 645; x_wconf 90' lang='lat' dir='ltr'>ipsius</span> 
     </span>
     <span class='ocr_line' id='line_1_67' title="bbox 1028 644 1774 689; baseline 0.004 -10"><span class='ocrx_word' id='word_1_340' title='bbox 1028 644 1154 680; x_wconf 90' lang='lat' dir='ltr'>maioris</span> <span class='ocrx_word' id='word_1_341' title='bbox 1179 654 1267 689; x_wconf 88' lang='lat' dir='ltr'>natu,</span> <span class='ocrx_word' id='word_1_342' title='bbox 1293 645 1318 680; x_wconf 92' lang='lat' dir='ltr'>si</span> <span class='ocrx_word' id='word_1_343' title='bbox 1351 645 1432 680; x_wconf 85' lang='lat' dir='ltr'>idem</span> <span class='ocrx_word' id='word_1_344' title='bbox 1457 646 1554 681; x_wconf 88' lang='lat' dir='ltr'>maior</span> <span class='ocrx_word' id='word_1_345' title='bbox 1585 654 1658 681; x_wconf 87' lang='lat' dir='ltr'>natu</span> <span class='ocrx_word' id='word_1_346' title='bbox 1688 648 1774 683; x_wconf 88' lang='lat' dir='ltr'>vobis</span> 
     </span>
     <span class='ocr_line' id='line_1_68' title="bbox 1029 694 1770 741; baseline 0.005 -13"><span class='ocrx_word' id='word_1_347' title='bbox 1029 706 1089 729; x_wconf 91' lang='lat' dir='ltr'>non</span> <span class='ocrx_word' id='word_1_348' title='bbox 1111 695 1329 741; x_wconf 83' lang='lat' dir='ltr'>supervixerit,</span> <span class='ocrx_word' id='word_1_349' title='bbox 1344 694 1525 730; x_wconf 85' lang='lat' dir='ltr'>huiusmodi</span> <span class='ocrx_word' id='word_1_350' title='bbox 1541 697 1770 732; x_wconf 84' lang='lat' dir='ltr'>successionem</span> 
     </span>
     <span class='ocr_line' id='line_1_69' title="bbox 1028 743 1773 793; baseline 0.005 -15"><span class='ocrx_word' id='word_1_351' title='bbox 1028 743 1164 784; x_wconf 91' lang='lat' dir='ltr'>habebit,</span> <span class='ocrx_word' id='word_1_352' title='bbox 1181 744 1235 779; x_wconf 91' lang='lat' dir='ltr'>sed</span> <span class='ocrx_word' id='word_1_353' title='bbox 1252 756 1382 791; x_wconf 83' lang='lat' dir='ltr'>regnum</span> <span class='ocrx_word' id='word_1_354' title='bbox 1399 745 1525 779; x_wconf 85' lang='lat' dir='ltr'>Siciliae</span> <span class='ocrx_word' id='word_1_355' title='bbox 1544 753 1573 780; x_wconf 92' lang='lat' dir='ltr'>et</span> <span class='ocrx_word' id='word_1_356' title='bbox 1590 753 1669 780; x_wconf 90' lang='lat' dir='ltr'>terra</span> <span class='ocrx_word' id='word_1_357' title='bbox 1688 758 1773 793; x_wconf 84' lang='lat' dir='ltr'>prae-</span> 
     </span>
     <span class='ocr_line' id='line_1_70' title="bbox 1027 793 1772 843; baseline 0.005 -15"><span class='ocrx_word' id='word_1_358' title='bbox 1027 793 1110 828; x_wconf 88' lang='lat' dir='ltr'>dicta</span> <span class='ocrx_word' id='word_1_359' title='bbox 1139 794 1177 828; x_wconf 91' lang='lat' dir='ltr'>ad</span> <span class='ocrx_word' id='word_1_360' title='bbox 1212 793 1387 829; x_wconf 88' lang='lat' dir='ltr'>Romanam</span> <span class='ocrx_word' id='word_1_361' title='bbox 1416 794 1602 839; x_wconf 88' lang='lat' dir='ltr'>Ecclesiam,</span> <span class='ocrx_word' id='word_1_362' title='bbox 1640 796 1772 843; x_wconf 87' lang='lat' dir='ltr'>eiusque</span> 
     </span>
     <span class='ocr_line' id='line_1_71' title="bbox 1027 843 1772 890; baseline 0.007 -14"><span class='ocrx_word' id='word_1_363' title='bbox 1027 843 1266 890; x_wconf 89' lang='lat' dir='ltr'>dispositionem</span> <span class='ocrx_word' id='word_1_364' title='bbox 1289 843 1386 879; x_wconf 89' lang='lat' dir='ltr'>libere</span> <span class='ocrx_word' id='word_1_365' title='bbox 1406 843 1621 879; x_wconf 87' lang='lat' dir='ltr'>devolventur.</span> <span class='ocrx_word' id='word_1_366' title='bbox 1643 845 1676 880; x_wconf 92' lang='lat' dir='ltr'>Si</span> <span class='ocrx_word' id='word_1_367' title='bbox 1701 859 1772 881; x_wconf 90' lang='lat' dir='ltr'>vero</span> 
     </span>
     <span class='ocr_line' id='line_1_72' title="bbox 1026 892 1772 940; baseline 0.005 -14"><span class='ocrx_word' id='word_1_368' title='bbox 1026 892 1223 938; x_wconf 81' lang='lat' dir='ltr'>Alphonsum</span> <span class='ocrx_word' id='word_1_369' title='bbox 1257 902 1288 928; x_wconf 87' lang='lat' dir='ltr'>et</span> <span class='ocrx_word' id='word_1_370' title='bbox 1316 893 1467 928; x_wconf 89' lang='lat' dir='ltr'>maiorem</span> <span class='ocrx_word' id='word_1_371' title='bbox 1495 902 1568 928; x_wconf 90' lang='lat' dir='ltr'>natu</span> <span class='ocrx_word' id='word_1_372' title='bbox 1596 894 1772 940; x_wconf 73' lang='lat' dir='ltr'>praedictos</span> 
     </span>
     <span class='ocr_line' id='line_1_73' title="bbox 1027 942 1771 990; baseline 0.004 -14"><span class='ocrx_word' id='word_1_373' title='bbox 1027 942 1180 989; x_wconf 89' lang='lat' dir='ltr'>praemori</span> <span class='ocrx_word' id='word_1_374' title='bbox 1210 942 1297 978; x_wconf 90' lang='lat' dir='ltr'>vobis</span> <span class='ocrx_word' id='word_1_375' title='bbox 1331 943 1516 990; x_wconf 85' lang='lat' dir='ltr'>contigerit,</span> <span class='ocrx_word' id='word_1_376' title='bbox 1552 943 1659 979; x_wconf 91' lang='lat' dir='ltr'>nullus</span> <span class='ocrx_word' id='word_1_377' title='bbox 1690 944 1771 979; x_wconf 86' lang='lat' dir='ltr'>alius</span> 
     </span>
     <span class='ocr_line' id='line_1_74' title="bbox 1027 991 1772 1039; baseline 0.005 -14"><span class='ocrx_word' id='word_1_378' title='bbox 1027 991 1117 1026; x_wconf 89' lang='lat' dir='ltr'>vobis</span> <span class='ocrx_word' id='word_1_379' title='bbox 1143 992 1211 1026; x_wconf 87' lang='lat' dir='ltr'>sine</span> <span class='ocrx_word' id='word_1_380' title='bbox 1243 992 1350 1027; x_wconf 90' lang='lat' dir='ltr'>liberis</span> <span class='ocrx_word' id='word_1_381' title='bbox 1378 1004 1416 1026; x_wconf 81' lang='lat' dir='ltr'>ex</span> <span class='ocrx_word' id='word_1_382' title='bbox 1437 992 1526 1027; x_wconf 90' lang='lat' dir='ltr'>vobis</span> <span class='ocrx_word' id='word_1_383' title='bbox 1552 993 1690 1039; x_wconf 81' lang='lat' dir='ltr'>legitime</span> <span class='ocrx_word' id='word_1_384' title='bbox 1716 994 1772 1029; x_wconf 86' lang='lat' dir='ltr'>de-</span> 
     </span>
     <span class='ocr_line' id='line_1_75' title="bbox 1026 1041 1770 1089; baseline 0.003 -14"><span class='ocrx_word' id='word_1_385' title='bbox 1026 1041 1252 1076; x_wconf 88' lang='lat' dir='ltr'>scendentibus</span> <span class='ocrx_word' id='word_1_386' title='bbox 1286 1042 1315 1075; x_wconf 91' lang='lat' dir='ltr'>in</span> <span class='ocrx_word' id='word_1_387' title='bbox 1351 1041 1468 1076; x_wconf 90' lang='lat' dir='ltr'>eisdem</span> <span class='ocrx_word' id='word_1_388' title='bbox 1509 1053 1605 1089; x_wconf 87' lang='lat' dir='ltr'>regno</span> <span class='ocrx_word' id='word_1_389' title='bbox 1633 1051 1665 1078; x_wconf 84' lang='lat' dir='ltr'>et</span> <span class='ocrx_word' id='word_1_390' title='bbox 1691 1051 1770 1079; x_wconf 79' lang='lat' dir='ltr'>terra</span> 
     </span>
     <span class='ocr_line' id='line_1_76' title="bbox 1025 1090 1772 1130; baseline 0.007 -6"><span class='ocrx_word' id='word_1_391' title='bbox 1025 1090 1177 1130; x_wconf 81' lang='lat' dir='ltr'>succedit,</span> <span class='ocrx_word' id='word_1_392' title='bbox 1199 1091 1254 1126; x_wconf 87' lang='lat' dir='ltr'>sed</span> <span class='ocrx_word' id='word_1_393' title='bbox 1269 1090 1403 1125; x_wconf 89' lang='lat' dir='ltr'>liberum</span> <span class='ocrx_word' id='word_1_394' title='bbox 1419 1091 1477 1125; x_wconf 89' lang='lat' dir='ltr'>erit</span> <span class='ocrx_word' id='word_1_395' title='bbox 1493 1090 1595 1127; x_wconf 91' lang='lat' dir='ltr'>eidem</span> <span class='ocrx_word' id='word_1_396' title='bbox 1610 1091 1772 1129; x_wconf 85' lang='lat' dir='ltr'>Romanae</span> 
     </span>
     <span class='ocr_line' id='line_1_77' title="bbox 1026 1139 1772 1189; baseline 0.005 -15"><span class='ocrx_word' id='word_1_397' title='bbox 1026 1139 1185 1175; x_wconf 84' lang='lat' dir='ltr'>Ecclesiae</span> <span class='ocrx_word' id='word_1_398' title='bbox 1201 1139 1240 1175; x_wconf 90' lang='lat' dir='ltr'>de</span> <span class='ocrx_word' id='word_1_399' title='bbox 1260 1140 1336 1187; x_wconf 91' lang='lat' dir='ltr'>ipsis</span> <span class='ocrx_word' id='word_1_400' title='bbox 1353 1152 1448 1187; x_wconf 77' lang='lat' dir='ltr'>regno</span> <span class='ocrx_word' id='word_1_401' title='bbox 1463 1148 1493 1175; x_wconf 95' lang='lat' dir='ltr'>et</span> <span class='ocrx_word' id='word_1_402' title='bbox 1508 1148 1587 1176; x_wconf 89' lang='lat' dir='ltr'>terra</span> <span class='ocrx_word' id='word_1_403' title='bbox 1604 1141 1772 1189; x_wconf 89' lang='lat' dir='ltr'>disponere</span> 
     </span>
     <span class='ocr_line' id='line_1_78' title="bbox 1026 1189 1771 1237; baseline 0.005 -14"><span class='ocrx_word' id='word_1_404' title='bbox 1026 1189 1108 1224; x_wconf 81' lang='lat' dir='ltr'>iuxta</span> <span class='ocrx_word' id='word_1_405' title='bbox 1127 1201 1202 1224; x_wconf 89' lang='lat' dir='ltr'>suae</span> <span class='ocrx_word' id='word_1_406' title='bbox 1218 1189 1448 1237; x_wconf 90' lang='lat' dir='ltr'>beneplacitum</span> <span class='ocrx_word' id='word_1_407' title='bbox 1465 1189 1645 1226; x_wconf 87' lang='lat' dir='ltr'>voluntatis.</span> <span class='ocrx_word' id='word_1_408' title='bbox 1665 1190 1699 1227; x_wconf 91' lang='lat' dir='ltr'>Si</span> <span class='ocrx_word' id='word_1_409' title='bbox 1714 1204 1771 1227; x_wconf 91' lang='lat' dir='ltr'>au-</span> 
     </span>
     <span class='ocr_line' id='line_1_79' title="bbox 1026 1238 1770 1286; baseline 0.005 -13"><span class='ocrx_word' id='word_1_410' title='bbox 1026 1248 1088 1273; x_wconf 91' lang='lat' dir='ltr'>tem</span> <span class='ocrx_word' id='word_1_411' title='bbox 1122 1238 1298 1286; x_wconf 88' lang='lat' dir='ltr'>praedictos</span> <span class='ocrx_word' id='word_1_412' title='bbox 1331 1238 1529 1286; x_wconf 80' lang='lat' dir='ltr'>Alpbonsum</span> <span class='ocrx_word' id='word_1_413' title='bbox 1561 1248 1591 1275; x_wconf 88' lang='lat' dir='ltr'>et</span> <span class='ocrx_word' id='word_1_414' title='bbox 1621 1242 1770 1277; x_wconf 90' lang='lat' dir='ltr'>maiorem</span> 
     </span>
     <span class='ocr_line' id='line_1_80' title="bbox 1027 1289 1774 1335; baseline 0.007 -13"><span class='ocrx_word' id='word_1_415' title='bbox 1027 1296 1100 1322; x_wconf 85' lang='lat' dir='ltr'>natu</span> <span class='ocrx_word' id='word_1_416' title='bbox 1115 1296 1185 1335; x_wconf 85' lang='lat' dir='ltr'>post</span> <span class='ocrx_word' id='word_1_417' title='bbox 1196 1289 1429 1323; x_wconf 86' lang='lat' dir='ltr'>successionem</span> <span class='ocrx_word' id='word_1_418' title='bbox 1446 1289 1642 1335; x_wconf 90' lang='lat' dir='ltr'>huiusmodi,</span> <span class='ocrx_word' id='word_1_419' title='bbox 1655 1299 1709 1326; x_wconf 84' lang='lat' dir='ltr'>aut</span> <span class='ocrx_word' id='word_1_420' title='bbox 1723 1304 1774 1327; x_wconf 89' lang='lat' dir='ltr'>eo-</span> 
     </span>
     <span class='ocr_line' id='line_1_81' title="bbox 1026 1336 1771 1387; baseline 0.007 -16"><span class='ocrx_word' id='word_1_421' title='bbox 1026 1349 1094 1371; x_wconf 89' lang='lat' dir='ltr'>rum</span> <span class='ocrx_word' id='word_1_422' title='bbox 1105 1336 1268 1377; x_wconf 88' lang='lat' dir='ltr'>haeredes,</span> <span class='ocrx_word' id='word_1_423' title='bbox 1281 1338 1348 1372; x_wconf 88' lang='lat' dir='ltr'>sine</span> <span class='ocrx_word' id='word_1_424' title='bbox 1364 1338 1470 1373; x_wconf 89' lang='lat' dir='ltr'>liberis</span> <span class='ocrx_word' id='word_1_425' title='bbox 1487 1351 1524 1373; x_wconf 79' lang='lat' dir='ltr'>ex</span> <span class='ocrx_word' id='word_1_426' title='bbox 1539 1339 1616 1386; x_wconf 90' lang='lat' dir='ltr'>ipsis</span> <span class='ocrx_word' id='word_1_427' title='bbox 1630 1340 1771 1387; x_wconf 82' lang='lat' dir='ltr'>legitime</span> 
     </span>
     <span class='ocr_line' id='line_1_82' title="bbox 1025 1386 1771 1437; baseline 0.008 -17"><span class='ocrx_word' id='word_1_428' title='bbox 1025 1386 1302 1431; x_wconf 75' lang='lat' dir='ltr'>descendentibus,</span> <span class='ocrx_word' id='word_1_429' title='bbox 1319 1389 1397 1422; x_wconf 92' lang='lat' dir='ltr'>mori</span> <span class='ocrx_word' id='word_1_430' title='bbox 1423 1388 1607 1434; x_wconf 82' lang='lat' dir='ltr'>contigerit,</span> <span class='ocrx_word' id='word_1_431' title='bbox 1639 1401 1771 1437; x_wconf 84' lang='lat' dir='ltr'>regnum</span> 
     </span>
     <span class='ocr_line' id='line_1_83' title="bbox 1025 1434 1771 1483; baseline 0.008 -14"><span class='ocrx_word' id='word_1_432' title='bbox 1025 1434 1150 1470; x_wconf 90' lang='lat' dir='ltr'>Siciliae</span> <span class='ocrx_word' id='word_1_433' title='bbox 1184 1443 1215 1470; x_wconf 85' lang='lat' dir='ltr'>et</span> <span class='ocrx_word' id='word_1_434' title='bbox 1246 1444 1327 1471; x_wconf 87' lang='lat' dir='ltr'>terra</span> <span class='ocrx_word' id='word_1_435' title='bbox 1365 1437 1521 1483; x_wconf 89' lang='lat' dir='ltr'>praedicta</span> <span class='ocrx_word' id='word_1_436' title='bbox 1556 1439 1701 1474; x_wconf 89' lang='lat' dir='ltr'>similiter</span> <span class='ocrx_word' id='word_1_437' title='bbox 1733 1441 1771 1475; x_wconf 87' lang='lat' dir='ltr'>ad</span> 
     </span>
     <span class='ocr_line' id='line_1_84' title="bbox 1025 1484 1774 1536; baseline 0.008 -17"><span class='ocrx_word' id='word_1_438' title='bbox 1025 1484 1169 1520; x_wconf 89' lang='lat' dir='ltr'>eamdem</span> <span class='ocrx_word' id='word_1_439' title='bbox 1180 1485 1356 1520; x_wconf 89' lang='lat' dir='ltr'>Romanam</span> <span class='ocrx_word' id='word_1_440' title='bbox 1369 1486 1556 1532; x_wconf 84' lang='lat' dir='ltr'>Ecclesiam,</span> <span class='ocrx_word' id='word_1_441' title='bbox 1568 1488 1700 1536; x_wconf 88' lang='lat' dir='ltr'>eiusque</span> <span class='ocrx_word' id='word_1_442' title='bbox 1712 1489 1774 1525; x_wconf 81' lang='lat' dir='ltr'>dis-</span> 
     </span>
     <span class='ocr_line' id='line_1_85' title="bbox 1025 1535 1772 1582; baseline 0.008 -14"><span class='ocrx_word' id='word_1_443' title='bbox 1025 1536 1214 1582; x_wconf 90' lang='lat' dir='ltr'>positionem</span> <span class='ocrx_word' id='word_1_444' title='bbox 1237 1535 1335 1570; x_wconf 91' lang='lat' dir='ltr'>lihere</span> <span class='ocrx_word' id='word_1_445' title='bbox 1357 1545 1562 1572; x_wconf 89' lang='lat' dir='ltr'>revertentur.</span> <span class='ocrx_word' id='word_1_446' title='bbox 1589 1537 1653 1573; x_wconf 90' lang='lat' dir='ltr'>Sed</span> <span class='ocrx_word' id='word_1_447' title='bbox 1678 1539 1703 1574; x_wconf 92' lang='lat' dir='ltr'>si</span> <span class='ocrx_word' id='word_1_448' title='bbox 1722 1540 1772 1574; x_wconf 92' lang='lat' dir='ltr'>ali-</span> 
     </span>
     <span class='ocr_line' id='line_1_86' title="bbox 1025 1584 1772 1635; baseline 0.009 -17"><span class='ocrx_word' id='word_1_449' title='bbox 1025 1596 1118 1631; x_wconf 89' lang='lat' dir='ltr'>quem</span> <span class='ocrx_word' id='word_1_450' title='bbox 1134 1584 1173 1618; x_wconf 91' lang='lat' dir='ltr'>de</span> <span class='ocrx_word' id='word_1_451' title='bbox 1184 1584 1254 1619; x_wconf 86' lang='lat' dir='ltr'>aliis</span> <span class='ocrx_word' id='word_1_452' title='bbox 1271 1586 1508 1622; x_wconf 88' lang='lat' dir='ltr'>successoribus</span> <span class='ocrx_word' id='word_1_453' title='bbox 1527 1589 1651 1633; x_wconf 87' lang='lat' dir='ltr'>vestris,</span> <span class='ocrx_word' id='word_1_454' title='bbox 1665 1601 1772 1635; x_wconf 86' lang='lat' dir='ltr'>regem</span> 
     </span>
     <span class='ocr_line' id='line_1_87' title="bbox 1026 1634 1773 1685; baseline 0.008 -18"><span class='ocrx_word' id='word_1_455' title='bbox 1026 1634 1071 1668; x_wconf 83' lang='lat' dir='ltr'>vel</span> <span class='ocrx_word' id='word_1_456' title='bbox 1100 1634 1242 1680; x_wconf 79' lang='lat' dir='ltr'>reginam</span> <span class='ocrx_word' id='word_1_457' title='bbox 1265 1634 1403 1676; x_wconf 81' lang='lat' dir='ltr'>Siciliae,</span> <span class='ocrx_word' id='word_1_458' title='bbox 1425 1636 1493 1671; x_wconf 92' lang='lat' dir='ltr'>sine</span> <span class='ocrx_word' id='word_1_459' title='bbox 1519 1636 1657 1684; x_wconf 78' lang='lat' dir='ltr'>legitima</span> <span class='ocrx_word' id='word_1_460' title='bbox 1686 1638 1773 1685; x_wconf 89' lang='lat' dir='ltr'>prole</span> 
     </span>
     <span class='ocr_line' id='line_1_88' title="bbox 1025 1683 1772 1731; baseline 0.008 -15"><span class='ocrx_word' id='word_1_461' title='bbox 1025 1683 1072 1716; x_wconf 90' lang='lat' dir='ltr'>sui</span> <span class='ocrx_word' id='word_1_462' title='bbox 1107 1684 1249 1730; x_wconf 89' lang='lat' dir='ltr'>corporis</span> <span class='ocrx_word' id='word_1_463' title='bbox 1278 1684 1355 1718; x_wconf 89' lang='lat' dir='ltr'>mori</span> <span class='ocrx_word' id='word_1_464' title='bbox 1378 1686 1556 1731; x_wconf 81' lang='lat' dir='ltr'>contigerit,</span> <span class='ocrx_word' id='word_1_465' title='bbox 1580 1687 1610 1721; x_wconf 92' lang='lat' dir='ltr'>in</span> <span class='ocrx_word' id='word_1_466' title='bbox 1633 1687 1772 1722; x_wconf 86' lang='lat' dir='ltr'>futurum</span> 
     </span>
     <span class='ocr_line' id='line_1_89' title="bbox 1025 1732 1774 1782; baseline 0.009 -17"><span class='ocrx_word' id='word_1_467' title='bbox 1025 1732 1195 1766; x_wconf 89' lang='lat' dir='ltr'>succedent</span> <span class='ocrx_word' id='word_1_468' title='bbox 1215 1732 1332 1774; x_wconf 89' lang='lat' dir='ltr'>eidem,</span> <span class='ocrx_word' id='word_1_469' title='bbox 1351 1735 1482 1769; x_wconf 87' lang='lat' dir='ltr'>servatis</span> <span class='ocrx_word' id='word_1_470' title='bbox 1502 1735 1663 1782; x_wconf 82' lang='lat' dir='ltr'>gradibus,</span> <span class='ocrx_word' id='word_1_471' title='bbox 1680 1737 1704 1771; x_wconf 90' lang='lat' dir='ltr'>si</span> <span class='ocrx_word' id='word_1_472' title='bbox 1724 1749 1774 1771; x_wconf 92' lang='lat' dir='ltr'>su-</span> 
     </span>
     <span class='ocr_line' id='line_1_90' title="bbox 1026 1780 1769 1831; baseline 0.009 -16"><span class='ocrx_word' id='word_1_473' title='bbox 1026 1782 1169 1828; x_wconf 88' lang='lat' dir='ltr'>perstites</span> <span class='ocrx_word' id='word_1_474' title='bbox 1196 1780 1322 1826; x_wconf 89' lang='lat' dir='ltr'>fuerint,</span> <span class='ocrx_word' id='word_1_475' title='bbox 1349 1783 1407 1818; x_wconf 93' lang='lat' dir='ltr'>hae</span> <span class='ocrx_word' id='word_1_476' title='bbox 1438 1796 1601 1831; x_wconf 88' lang='lat' dir='ltr'>personae,</span> <span class='ocrx_word' id='word_1_477' title='bbox 1636 1787 1769 1822; x_wconf 85' lang='lat' dir='ltr'>scilicet:</span> 
     </span>
     <span class='ocr_line' id='line_1_91' title="bbox 1026 1830 1770 1882; baseline 0.012 -19"><span class='ocrx_word' id='word_1_478' title='bbox 1026 1831 1118 1877; x_wconf 81' lang='lat' dir='ltr'>regis,</span> <span class='ocrx_word' id='word_1_479' title='bbox 1133 1830 1180 1865; x_wconf 80' lang='lat' dir='ltr'>vel</span> <span class='ocrx_word' id='word_1_480' title='bbox 1205 1831 1332 1878; x_wconf 84' lang='lat' dir='ltr'>reginae</span> <span class='ocrx_word' id='word_1_481' title='bbox 1354 1833 1422 1867; x_wconf 91' lang='lat' dir='ltr'>sine</span> <span class='ocrx_word' id='word_1_482' title='bbox 1449 1834 1535 1881; x_wconf 89' lang='lat' dir='ltr'>prole</span> <span class='ocrx_word' id='word_1_483' title='bbox 1557 1835 1696 1882; x_wconf 85' lang='lat' dir='ltr'>legitima</span> <span class='ocrx_word' id='word_1_484' title='bbox 1721 1837 1770 1872; x_wconf 91' lang='lat' dir='ltr'>sui</span> 
     </span>
     <span class='ocr_line' id='line_1_92' title="bbox 1025 1880 1772 1927; baseline 0.009 -13"><span class='ocrx_word' id='word_1_485' title='bbox 1025 1880 1179 1927; x_wconf 89' lang='lat' dir='ltr'>corporis,</span> <span class='ocrx_word' id='word_1_486' title='bbox 1209 1880 1439 1918; x_wconf 88' lang='lat' dir='ltr'>descendentes</span> <span class='ocrx_word' id='word_1_487' title='bbox 1465 1883 1558 1918; x_wconf 86' lang='lat' dir='ltr'>frater</span> <span class='ocrx_word' id='word_1_488' title='bbox 1590 1884 1637 1919; x_wconf 89' lang='lat' dir='ltr'>vel</span> <span class='ocrx_word' id='word_1_489' title='bbox 1671 1898 1772 1927; x_wconf 87' lang='lat' dir='ltr'>soror,</span> 
     </span>
     <span class='ocr_line' id='line_1_93' title="bbox 1025 1929 1772 1979; baseline 0.012 -16"><span class='ocrx_word' id='word_1_490' title='bbox 1025 1941 1060 1964; x_wconf 92' lang='lat' dir='ltr'>ac</span> <span class='ocrx_word' id='word_1_491' title='bbox 1088 1929 1285 1965; x_wconf 89' lang='lat' dir='ltr'>collaterales</span> <span class='ocrx_word' id='word_1_492' title='bbox 1306 1932 1497 1979; x_wconf 88' lang='lat' dir='ltr'>superiores,</span> <span class='ocrx_word' id='word_1_493' title='bbox 1519 1945 1621 1970; x_wconf 87' lang='lat' dir='ltr'>mares</span> <span class='ocrx_word' id='word_1_494' title='bbox 1647 1944 1678 1970; x_wconf 84' lang='lat' dir='ltr'>et</span> <span class='ocrx_word' id='word_1_495' title='bbox 1703 1935 1772 1972; x_wconf 85' lang='lat' dir='ltr'>foe·-</span> 
     </span>
     <span class='ocr_line' id='line_1_94' title="bbox 1025 1979 1773 2028; baseline 0.012 -16"><span class='ocrx_word' id='word_1_496' title='bbox 1025 1979 1141 2018; x_wconf 83' lang='lat' dir='ltr'>minae,</span> <span class='ocrx_word' id='word_1_497' title='bbox 1165 1988 1272 2026; x_wconf 86' lang='lat' dir='ltr'>utpote</span> <span class='ocrx_word' id='word_1_498' title='bbox 1294 1982 1394 2028; x_wconf 90' lang='lat' dir='ltr'>patrui</span> <span class='ocrx_word' id='word_1_499' title='bbox 1422 1991 1451 2016; x_wconf 89' lang='lat' dir='ltr'>et</span> <span class='ocrx_word' id='word_1_500' title='bbox 1474 1984 1633 2025; x_wconf 88' lang='lat' dir='ltr'>avunculi,</span> <span class='ocrx_word' id='word_1_501' title='bbox 1659 1986 1773 2021; x_wconf 89' lang='lat' dir='ltr'>amitae</span> 
     </span>
     <span class='ocr_line' id='line_1_95' title="bbox 1025 2034 1773 2081; baseline 0.012 -19"><span class='ocrx_word' id='word_1_502' title='bbox 1025 2037 1054 2063; x_wconf 86' lang='lat' dir='ltr'>et</span> <span class='ocrx_word' id='word_1_503' title='bbox 1078 2037 1273 2074; x_wconf 87' lang='lat' dir='ltr'>materterae,</span> <span class='ocrx_word' id='word_1_504' title='bbox 1295 2038 1326 2064; x_wconf 87' lang='lat' dir='ltr'>et</span> <span class='ocrx_word' id='word_1_505' title='bbox 1347 2043 1473 2066; x_wconf 90' lang='lat' dir='ltr'>sursum</span> <span class='ocrx_word' id='word_1_506' title='bbox 1493 2045 1594 2081; x_wconf 91' lang='lat' dir='ltr'>usque</span> <span class='ocrx_word' id='word_1_507' title='bbox 1621 2034 1660 2069; x_wconf 88' lang='lat' dir='ltr'>ad</span> <span class='ocrx_word' id='word_1_508' title='bbox 1683 2047 1773 2081; x_wconf 85' lang='lat' dir='ltr'>quar-</span> 
     </span>
     <span class='ocr_line' id='line_1_96' title="bbox 1025 2079 1771 2129; baseline 0.012 -18"><span class='ocrx_word' id='word_1_509' title='bbox 1025 2086 1090 2112; x_wconf 89' lang='lat' dir='ltr'>tum</span> <span class='ocrx_word' id='word_1_510' title='bbox 1114 2079 1259 2125; x_wconf 81' lang='lat' dir='ltr'>gradum,</span> <span class='ocrx_word' id='word_1_511' title='bbox 1282 2079 1441 2116; x_wconf 55' lang='lat' dir='ltr'>dumtaxat</span> <span class='ocrx_word' id='word_1_512' title='bbox 1456 2082 1518 2117; x_wconf 90' lang='lat' dir='ltr'>illis</span> <span class='ocrx_word' id='word_1_513' title='bbox 1531 2083 1771 2129; x_wconf 88' lang='lat' dir='ltr'>collateralibus,</span> 
     </span>
     <span class='ocr_line' id='line_1_97' title="bbox 1025 2128 1769 2178; baseline 0.009 -17"><span class='ocrx_word' id='word_1_514' title='bbox 1025 2140 1105 2174; x_wconf 88' lang='lat' dir='ltr'>quos</span> <span class='ocrx_word' id='word_1_515' title='bbox 1132 2140 1185 2163; x_wconf 89' lang='lat' dir='ltr'>vos</span> <span class='ocrx_word' id='word_1_516' title='bbox 1207 2128 1364 2164; x_wconf 87' lang='lat' dir='ltr'>habebitis</span> <span class='ocrx_word' id='word_1_517' title='bbox 1385 2131 1421 2165; x_wconf 89' lang='lat' dir='ltr'>ad</span> <span class='ocrx_word' id='word_1_518' title='bbox 1459 2144 1606 2178; x_wconf 91' lang='lat' dir='ltr'>praesens</span> <span class='ocrx_word' id='word_1_519' title='bbox 1626 2133 1700 2168; x_wconf 92' lang='lat' dir='ltr'>dum</span> <span class='ocrx_word' id='word_1_520' title='bbox 1723 2135 1769 2168; x_wconf 89' lang='lat' dir='ltr'>vi-</span> 
     </span>
     <span class='ocr_line' id='line_1_98' title="bbox 1025 2178 1771 2226; baseline 0.012 -16"><span class='ocrx_word' id='word_1_521' title='bbox 1025 2178 1145 2218; x_wconf 84' lang='lat' dir='ltr'>xeritis,</span> <span class='ocrx_word' id='word_1_522' title='bbox 1173 2186 1203 2213; x_wconf 90' lang='lat' dir='ltr'>et</span> <span class='ocrx_word' id='word_1_523' title='bbox 1237 2178 1289 2226; x_wconf 93' lang='lat' dir='ltr'>qui</span> <span class='ocrx_word' id='word_1_524' title='bbox 1325 2188 1396 2226; x_wconf 88' lang='lat' dir='ltr'>post</span> <span class='ocrx_word' id='word_1_525' title='bbox 1425 2180 1544 2216; x_wconf 91' lang='lat' dir='ltr'>obitum</span> <span class='ocrx_word' id='word_1_526' title='bbox 1580 2182 1707 2218; x_wconf 81' lang='lat' dir='ltr'>forsitan</span> <span class='ocrx_word' id='word_1_527' title='bbox 1733 2196 1771 2219; x_wconf 75' lang='lat' dir='ltr'>ex</span> 
     </span>
     <span class='ocr_line' id='line_1_99' title="bbox 1025 2226 1772 2276; baseline 0.011 -16"><span class='ocrx_word' id='word_1_528' title='bbox 1025 2226 1145 2261; x_wconf 88' lang='lat' dir='ltr'>eisdem</span> <span class='ocrx_word' id='word_1_529' title='bbox 1185 2227 1341 2267; x_wconf 75' lang='lat' dir='ltr'>orientur,</span> <span class='ocrx_word' id='word_1_530' title='bbox 1383 2231 1538 2276; x_wconf 82' lang='lat' dir='ltr'>exceptis;</span> <span class='ocrx_word' id='word_1_531' title='bbox 1578 2232 1772 2268; x_wconf 87' lang='lat' dir='ltr'>collaterales</span> 
     </span>
     <span class='ocr_line' id='line_1_100' title="bbox 1025 2276 1771 2317; baseline 0.009 -7"><span class='ocrx_word' id='word_1_532' title='bbox 1025 2276 1117 2310; x_wconf 91' lang='lat' dir='ltr'>etiam</span> <span class='ocrx_word' id='word_1_533' title='bbox 1140 2276 1304 2312; x_wconf 89' lang='lat' dir='ltr'>inferiores</span> <span class='ocrx_word' id='word_1_534' title='bbox 1331 2279 1507 2314; x_wconf 88' lang='lat' dir='ltr'>succedunt</span> <span class='ocrx_word' id='word_1_535' title='bbox 1533 2280 1677 2316; x_wconf 88' lang='lat' dir='ltr'>similiter</span> <span class='ocrx_word' id='word_1_536' title='bbox 1697 2294 1771 2317; x_wconf 89' lang='lat' dir='ltr'>ma-</span> 
     </span>
     <span class='ocr_line' id='line_1_101' title="bbox 1026 2325 1772 2378; baseline 0.011 -19"><span class='ocrx_word' id='word_1_537' title='bbox 1026 2338 1075 2360; x_wconf 89' lang='lat' dir='ltr'>res</span> <span class='ocrx_word' id='word_1_538' title='bbox 1096 2333 1126 2360; x_wconf 91' lang='lat' dir='ltr'>et</span> <span class='ocrx_word' id='word_1_539' title='bbox 1147 2325 1314 2366; x_wconf 84' lang='lat' dir='ltr'>foeminae,</span> <span class='ocrx_word' id='word_1_540' title='bbox 1344 2335 1454 2374; x_wconf 85' lang='lat' dir='ltr'>utpote</span> <span class='ocrx_word' id='word_1_541' title='bbox 1480 2341 1578 2376; x_wconf 91' lang='lat' dir='ltr'>nepos</span> <span class='ocrx_word' id='word_1_542' title='bbox 1612 2339 1643 2365; x_wconf 89' lang='lat' dir='ltr'>et</span> <span class='ocrx_word' id='word_1_543' title='bbox 1670 2333 1772 2378; x_wconf 88' lang='lat' dir='ltr'>neptis</span> 
     </span>
     <span class='ocr_line' id='line_1_102' title="bbox 1026 2374 1772 2429; baseline 0.011 -21"><span class='ocrx_word' id='word_1_544' title='bbox 1026 2387 1065 2409; x_wconf 80' lang='lat' dir='ltr'>ex</span> <span class='ocrx_word' id='word_1_545' title='bbox 1090 2374 1183 2409; x_wconf 87' lang='lat' dir='ltr'>fratre</span> <span class='ocrx_word' id='word_1_546' title='bbox 1217 2375 1265 2410; x_wconf 80' lang='lat' dir='ltr'>vel</span> <span class='ocrx_word' id='word_1_547' title='bbox 1301 2388 1425 2421; x_wconf 87' lang='lat' dir='ltr'>sorore,</span> <span class='ocrx_word' id='word_1_548' title='bbox 1453 2386 1483 2412; x_wconf 92' lang='lat' dir='ltr'>et</span> <span class='ocrx_word' id='word_1_549' title='bbox 1515 2379 1646 2415; x_wconf 88' lang='lat' dir='ltr'>inferius</span> <span class='ocrx_word' id='word_1_550' title='bbox 1670 2393 1772 2429; x_wconf 88' lang='lat' dir='ltr'>usque</span> 
     </span>
     <span class='ocr_line' id='line_1_103' title="bbox 1026 2424 1771 2474; baseline 0.011 -17"><span class='ocrx_word' id='word_1_551' title='bbox 1026 2424 1063 2459; x_wconf 89' lang='lat' dir='ltr'>ad</span> <span class='ocrx_word' id='word_1_552' title='bbox 1093 2424 1241 2459; x_wconf 88' lang='lat' dir='ltr'>eumdem</span> <span class='ocrx_word' id='word_1_553' title='bbox 1269 2426 1486 2462; x_wconf 88' lang='lat' dir='ltr'>tantummodo</span> <span class='ocrx_word' id='word_1_554' title='bbox 1512 2428 1655 2474; x_wconf 85' lang='lat' dir='ltr'>gradum.</span> <span class='ocrx_word' id='word_1_555' title='bbox 1678 2429 1771 2472; x_wconf 84' lang='lat' dir='ltr'>Quod</span> 
     </span>
     <span class='ocr_line' id='line_1_104' title="bbox 1026 2473 1774 2524; baseline 0.011 -17"><span class='ocrx_word' id='word_1_556' title='bbox 1026 2482 1129 2508; x_wconf 87' lang='lat' dir='ltr'>autem</span> <span class='ocrx_word' id='word_1_557' title='bbox 1152 2473 1191 2508; x_wconf 95' lang='lat' dir='ltr'>de</span> <span class='ocrx_word' id='word_1_558' title='bbox 1210 2473 1406 2510; x_wconf 82' lang='lat' dir='ltr'>foeminabus</span> <span class='ocrx_word' id='word_1_559' title='bbox 1427 2485 1530 2512; x_wconf 88' lang='lat' dir='ltr'>rectae</span> <span class='ocrx_word' id='word_1_560' title='bbox 1545 2477 1645 2524; x_wconf 86' lang='lat' dir='ltr'>lineae,</span> <span class='ocrx_word' id='word_1_561' title='bbox 1663 2488 1694 2514; x_wconf 89' lang='lat' dir='ltr'>et</span> <span class='ocrx_word' id='word_1_562' title='bbox 1711 2480 1774 2515; x_wconf 90' lang='lat' dir='ltr'>col-</span> 
     </span>
     <span class='ocr_line' id='line_1_105' title="bbox 1027 2523 1773 2573; baseline 0.009 -16"><span class='ocrx_word' id='word_1_563' title='bbox 1027 2523 1197 2558; x_wconf 89' lang='lat' dir='ltr'>lateralium</span> <span class='ocrx_word' id='word_1_564' title='bbox 1220 2524 1367 2570; x_wconf 90' lang='lat' dir='ltr'>superius</span> <span class='ocrx_word' id='word_1_565' title='bbox 1394 2534 1441 2560; x_wconf 90' lang='lat' dir='ltr'>est</span> <span class='ocrx_word' id='word_1_566' title='bbox 1462 2537 1656 2573; x_wconf 82' lang='lat' dir='ltr'>expressum,</span> <span class='ocrx_word' id='word_1_567' title='bbox 1679 2529 1773 2564; x_wconf 85' lang='lat' dir='ltr'>intel-</span> 
     </span>
     <span class='ocr_line' id='line_1_106' title="bbox 1028 2572 1772 2625; baseline 0.011 -19"><span class='ocrx_word' id='word_1_568' title='bbox 1028 2572 1188 2619; x_wconf 81' lang='lat' dir='ltr'>ligendum</span> <span class='ocrx_word' id='word_1_569' title='bbox 1222 2582 1269 2607; x_wconf 85' lang='lat' dir='ltr'>est</span> <span class='ocrx_word' id='word_1_570' title='bbox 1301 2581 1362 2608; x_wconf 88' lang='lat' dir='ltr'>tam</span> <span class='ocrx_word' id='word_1_571' title='bbox 1391 2574 1430 2609; x_wconf 89' lang='lat' dir='ltr'>de</span> <span class='ocrx_word' id='word_1_572' title='bbox 1456 2576 1575 2623; x_wconf 84' lang='lat' dir='ltr'>nuptis,</span> <span class='ocrx_word' id='word_1_573' title='bbox 1607 2589 1701 2625; x_wconf 88' lang='lat' dir='ltr'>quam</span> <span class='ocrx_word' id='word_1_574' title='bbox 1732 2580 1772 2614; x_wconf 90' lang='lat' dir='ltr'>de</span> 
     </span>
     <span class='ocr_line' id='line_1_107' title="bbox 1028 2622 1772 2672; baseline 0.011 -16"><span class='ocrx_word' id='word_1_575' title='bbox 1028 2623 1180 2669; x_wconf 86' lang='lat' dir='ltr'>innuptis,</span> <span class='ocrx_word' id='word_1_576' title='bbox 1202 2622 1373 2658; x_wconf 90' lang='lat' dir='ltr'>dummodo</span> <span class='ocrx_word' id='word_1_577' title='bbox 1401 2632 1518 2672; x_wconf 92' lang='lat' dir='ltr'>nuptae</span> <span class='ocrx_word' id='word_1_578' title='bbox 1539 2626 1601 2661; x_wconf 82' lang='lat' dir='ltr'>sint</span> <span class='ocrx_word' id='word_1_579' title='bbox 1627 2627 1772 2664; x_wconf 81' lang='lat' dir='ltr'>fidelibus</span> 
     </span>
    </p>
   </div>
   <div class='ocr_carea' id='block_1_11' title="bbox 1787 757 1971 840">
    <p class='ocr_par' dir='ltr' id='par_1_13' title="bbox 1787 757 1971 840">
     <span class='ocr_line' id='line_1_108' title="bbox 1800 757 1970 779; baseline 0.012 -2"><span class='ocrx_word' id='word_1_580' title='bbox 1800 757 1864 778; x_wconf 63' lang='lat' dir='ltr'>Casus</span> <span class='ocrx_word' id='word_1_581' title='bbox 1882 759 1970 779; x_wconf 44' lang='grc' dir='ltr'>εΙονοῑιιἶ</span> 
     </span>
     <span class='ocr_line' id='line_1_109' title="bbox 1787 788 1971 809; baseline 0.011 -2"><span class='ocrx_word' id='word_1_582' title='bbox 1787 789 1851 809; x_wconf 80' lang='lat' dir='ltr'>tionis</span> <span class='ocrx_word' id='word_1_583' title='bbox 1866 789 1890 809; x_wconf 81' lang='lat' dir='ltr'>ad</span> <span class='ocrx_word' id='word_1_584' title='bbox 1903 788 1923 809; x_wconf 87' lang='lat' dir='ltr'>S.</span> <span class='ocrx_word' id='word_1_585' title='bbox 1935 788 1971 806; x_wconf 65' lang='lat'>⁸21--</span> 
     </span>
     <span class='ocr_line' id='line_1_110' title="bbox 1788 820 1842 840; baseline 0 0"><span class='ocrx_word' id='word_1_586' title='bbox 1788 820 1842 840; x_wconf 32' lang='lat' dir='ltr'>dem,</span> 
     </span>
    </p>
   </div>
   <div class='ocr_carea' id='block_1_12' title="bbox 1785 1752 1970 1805">
    <p class='ocr_par' dir='ltr' id='par_1_14' title="bbox 1785 1752 1970 1805">
     <span class='ocr_line' id='line_1_111' title="bbox 1794 1752 1970 1774; baseline 0.006 -1"><span class='ocrx_word' id='word_1_587' title='bbox 1794 1752 1874 1774; x_wconf 76' lang='lat' dir='ltr'>Gradus</span> <span class='ocrx_word' id='word_1_588' title='bbox 1885 1759 1970 1774; x_wconf 68' lang='lat' dir='ltr'>sueces-</span> 
     </span>
     <span class='ocr_line' id='line_1_112' title="bbox 1785 1790 1860 1805; baseline 0 0"><span class='ocrx_word' id='word_1_589' title='bbox 1785 1790 1860 1805; x_wconf 68' lang='lat' dir='ltr'>rioms.</span> 
     </span>
    </p>
   </div>
  </div>
 </body>
</html>
