2129 3223
134 257 186 285 Au.
198 256 227 285 C.
248 255 318 285 ¹200

157 1061 304 1083 Confirmatnr.

178 1604 297 1627 excusatu.

381 248 453 281 254

333 313 487 360 scriptum
510 309 624 345 faceret
644 305 872 354 supradictum,
894 305 978 354 quod
994 304 1076 340 idem

332 362 391 405 ipsi
420 360 492 395 fecit
533 357 735 406 postmodum
774 356 805 390 in
848 356 925 391 haec
971 353 1076 390 verba:

331 411 400 458 Ego
426 409 502 446 Bela
540 407 597 443 Dei
636 408 733 455 gratia
771 405 965 452 magartae,
996 404 1079 439 Dal-

332 460 458 504 matiae,
480 457 636 498 Croatiae‚
666 456 848 503 Ramaeque
871 467 935 499 rex,
973 454 1078 488 divina

332 510 521 557 disponente
555 506 720 542 clementia
753 505 909 553 suscipio,
931 515 1077 539 coronam

332 560 372 596 de
395 570 489 594 manu
516 556 701 592 Colocensis
735 554 964 603 archiepiscopi
981 581 989 594 ‚
1023 552 1078 588 sed

332 621 396 645 non
427 609 457 643 in
492 606 708 655 praeiudicum
754 604 984 651 Strigonieusis
1016 602 1080 637 Ec—

332 659 457 699 clesiae,
478 669 542 706 quo
563 656 671 692 minus
701 654 873 702 Hungarici
915 665 1004 700 reges
1041 651 1080 686 ab

332 708 475 744 eiusdem
501 706 662 742 Ecclesiae
684 703 929 752 archiepiscopis
956 713 1081 749 semper

332 758 466 794 debeant
504 757 534 792 in
580 765 737 803 posterum
781 753 935 789 coronari.
964 751 1080 787 Felicis

332 820 459 857 quoque
480 805 703 842 recordationis
736 803 885 839 Clemens
924 809 953 837 et
990 800 1079 836 &oe-

332 858 464 894 lestinus
490 856 527 891 ad
552 856 647 890 instar
669 853 797 902 praefati
829 851 1081 900 praedecessoris

333 908 432 944 nostri
473 905 656 953 dignitatem
708 902 919 938 coronationis
971 913 1080 947 regunt

332 957 567 1004 Hungarorum,
582 952 803 989 decessoribus
837 953 900 986 tuis
942 959 973 985 et
1018 950 1081 985 Ec-

333 1007 447 1042 clesiae
471 1006 524 1040 tibi
561 1005 760 1043 commissae,
786 1001 969 1037 auctoritate
1004 1012 1081 1047 apo—

333 1056 440 1092 stolica
463 1054 702 1090 confirmarunt.
731 1052 797 1087 Nos
833 1052 928 1098 igitur
963 1062 1081 1085 eorun-

334 1106 405 1142 dem
430 1104 712 1153 praedeeessorum
738 1110 917 1137 nostrorum
944 1099 1083 1145 vestigiis

334 1156 545 1195 inhaerentes,
560 1153 733 1201 praefatum
763 1152 822 1192 ius,
863 1160 898 1185 ut
940 1148 1082 1184 videlicet

333 1204 506 1252 Hungarici
533 1215 622 1250 reges
645 1201 684 1237 ab
713 1199 960 1248 archiepiscopis
1002 1198 1083 1233 Stri-

334 1254 542 1303 goniensibus
582 1263 708 1299 semper
748 1250 883 1288 debeant
927 1248 1083 1290 coronari,

335 1304 389 1341 tibi
412 1312 442 1339 et
469 1301 710 1339 successoribus
720 1301 783 1335 tuis
804 1298 987 1334 auctoritate
1006 1309 1084 1345 apo-

335 1354 445 1390 stoliea
468 1352 704 1390 confirmamus,
727 1358 757 1385 et
781 1349 954 1396 praesentis
976 1346 1083 1394 scripti

337 1403 499 1452 privilegio
533 1401 779 1438 communimus.
828 1398 918 1434 Salva
961 1408 1086 1444 semper

337 1452 539 1499 Apostolicae
591 1450 684 1486 Sedis
736 1448 930 1486 auctoritate,
972 1459 987 1481 a
1025 1457 1085 1493 qua

338 1502 512 1549 Hungarici
534 1500 620 1548 regni
642 1510 757 1534 corona
780 1496 940 1545 processit.

387 1550 598 1587 Decernimus
619 1561 695 1596 ergo
714 1556 747 1583 ut
775 1546 853 1582 nulli
880 1545 1009 1581 omnino
1035 1544 1088 1579 ho-

340 1602 463 1637 minum
484 1600 575 1636 liceat
596 1599 677 1634 hanc
700 1597 844 1645 paginam
863 1604 987 1630 nostrae
1015 1605 1088 1628 con-

341 1651 528 1687 firmationis
549 1648 730 1693 infringere,
753 1646 800 1682 vel
824 1646 850 1681 ei
875 1657 953 1680 ausu
989 1652 1089 1678 teme-

344 1701 424 1736 rario
447 1699 613 1736 contraire.
635 1697 668 1733 Si
691 1698 763 1744 quis
800 1703 904 1730 autem
942 1695 1000 1729 hoc
1040 1701 1089 1727 at-

343 1759 463 1786 tentare
480 1748 738 1797 praesumpserit,
753 1745 1003 1792 indignationem
1019 1755 1090 1777 om-

342 1800 513 1848 nipotentis
541 1798 612 1842 Dei,
647 1804 678 1831 et
724 1795 887 1830 beatorum
936 1792 1018 1828 Petri
1060 1800 1090 1825 et

342 1849 432 1885 Pauli
459 1848 674 1896 apostolorum
696 1846 765 1880 eius
785 1856 820 1879 se
842 1843 962 1879 noverit
992 1843 1093 1877 incur·

344 1911 466 1935 surum.
490 1897 625 1933 Cunctis
656 1903 760 1931 autem
802 1893 891 1929 vobis
924 1893 974 1927 ius
1006 1891 1091 1926 idem

345 1947 541 1983 servantibus
562 1947 603 1982 sit
635 1957 694 1992 pax
726 1943 854 1980 Domini
888 1941 986 1977 nostri
1023 1941 1092 1975 lesu

346 1997 476 2041 Christi,
497 2005 653 2044 quatenus
675 2002 706 2030 et
734 1994 784 2028 hic
814 1992 954 2027 fructum
993 1990 1094 2026 bonae

347 2047 479 2083 actionis
507 2045 694 2094 percipiant,
728 2051 758 2078 et
796 2041 881 2090 apud
914 2040 1093 2076 districtum

347 2099 490 2136 Iudicem
514 2098 652 2146 praemia
684 2105 828 2132 aeternae
876 2095 961 2142 pacis
1003 2093 1097 2128 inve-

349 2156 446 2191 niant.

398 2207 515 2245 Datum
537 2206 682 2243 Laterani
706 2216 763 2252 per
786 2214 917 2239 manum
950 2200 1099 2236 Iohannis

351 2262 485 2299 Sanctae
530 2261 645 2296 Mariae
691 2260 723 2294 in
763 2257 936 2294 Cosmedin
976 2254 1100 2290 diaconi

352 2316 520 2352 cardinalis
561 2322 687 2350 sanctae
732 2313 896 2348 Romanae
942 2308 1102 2345 Ecclesiae

354 2370 542 2414 cancellarii,
569 2368 740 2404 indictione
776 2365 975 2405 duodecima,
998 2361 1104 2397 idibus

357 2424 441 2467 maii,
464 2422 688 2458 incarnationis
714 2420 889 2456 dominicae
915 2429 999 2452 anno
1030 2415 1104 2451 mil-

358 2477 469 2513 lesimo
503 2476 723 2512 ducentesimo
764 2486 859 2514 nono,
906 2471 1105 2520 pontificatus

359 2543 433 2566 vero
459 2530 577 2566 domini
605 2530 780 2566 innocentii
807 2528 910 2575 Papae
936 2525 1018 2561 tertii
1053 2536 1105 2559 an.

360 2584 561 2620 duodecimo.

408 2641 468 2673 Dat.
487 2643 533 2673 die
556 2642 593 2672 15
611 2642 681 2673 maii
700 2641 784 2676 1209,
803 2639 903 2680 pontif.
923 2648 998 2670 anno
1016 2646 1064 2669 ιιι.

920 249 1108 274 BULLAmum
1135 247 1298 271 ROMAMJM

1440 299 1552 337 LXIX.

1121 379 1276 413 Concessio
1319 380 1549 425 privileyiorum
1589 378 1705 411 Ordim‘
1734 380 1870 424 fratrum

1169 430 1315 463 Sanctiss.
1344 429 1502 463 Trinitatis
1526 428 1751 472 Redemptiont's
1768 429 1870 475 Capti-

1170 490 1288 512 vorum.

1387 552 1602 584 SUMMARIUM

1120 618 1286 650 Exordium.
1313 636 1354 642 —-
1381 620 1408 649 t.
1426 619 1543 649 Fratres
1566 619 1656 650 huius
1677 619 1795 651 Ordinis
1813 621 1868 652 sub

1160 665 1340 704 protectione
1365 664 1470 705 recipit
1490 664 1518 695 S.
1545 666 1576 694 Α.
1600 682 1640 688 -
1662 664 1772 705 Eisque
1793 665 1869 698 bona

1160 709 1257 739 omnia
1288 709 1451 739 confirmat.
1481 726 1521 732 —
1541 709 1569 740 2.
1596 709 1770 741 Potestatem
1802 710 1870 743 facit

1161 753 1338 783 monasteria
1362 753 1548 784 aedificandi.
1573 770 1612 776 —
1637 754 1664 784 3.
1693 755 1715 784 Α
1747 755 1870 787 decimis

1161 799 1269 835 eximit3
1280 815 1318 821 --
1330 798 1357 828 4.
1374 797 1549 837 Fratresque
1565 797 1601 827 ab
1617 797 1660 828 eis
1675 798 1767 838 recipi
1782 809 1871 839 posse

1161 843 1305 873 coneedit.
1325 859 1364 865 —
1381 843 1408 873 5.
1424 841 1579 872 Professos
1591 841 1627 872 ab
1642 841 1751 873 Ordine
1770 843 1870 874 disce-

1161 888 1229 918 dere
1248 892 1333 917 vetat.
1347 903 1387 909 —
1403 887 1432 917 6.
1454 886 1641 917 Sacramenta
1660 888 1703 917 eis
1726 897 1778 927 per
1794 889 1873 920 ordi-

1161 932 1276 962 narium
1296 931 1356 961 vult
1378 931 1588 961 administrari.
1611 948 1651 954 —
1669 932 1694 961 7.
1716 931 1872 972 Privilegia

1161 975 1301 1005 nonnulla
1317 975 1461 1005 concedit.
1474 976 1549 1006 -9,
1567 974 1686 1006 Ordinis
1703 977 1871 1008 ministrum

1161 1029 1176 1049 a
1197 1019 1335 1049 fratribus
1355 1019 1423 1057 eligi
1448 1020 1516 1049 vult.
1537 1037 1576 1043 -
1604 1022 1651 1052 11.
1675 1021 1872 1053 Immunitatis

1163 1065 1314 1095 decretum
1334 1073 1385 1104 pro
1407 1065 1586 1104 supradictis
1605 1065 1754 1096 omnibus.
1769 1082 1809 1088 —
1826 1067 1872 1097 12.

1164 1109 1223 1140 Sub
1243 1119 1335 1149 poena
1359 1110 1673 1141 excommunicationis
1693 1119 1743 1150 pro
1761 1110 1798 1142 iis
1822 1112 1871 1151 qui

1164 1155 1217 1184 hoc
1250 1155 1435 1193 privilegium
1467 1153 1578 1184 violare
1596 1154 1819 1193 attentaverint;
1833 1171 1874 1178 —

1164 1199 1209 1229 13.
1241 1198 1478 1229 Benedictionem
1510 1198 1675 1229 concedens
1711 1197 1782 1230 illud
1815 1199 1871 1230 ob-

1165 1243 1358 1274 servantibus.

1124 1320 1295 1349 Innocentius
1309 1319 1450 1356 spiscopus
1468 1326 1563 1349 servus
1581 1327 1720 1350 servornm
1738 1320 1794 1355 Dei,
1807 1319 1873 1351 ‹isse-

1169 1370 1223 1399 ctis
1240 1369 1306 1398 filiis
1328 1369 1439 1398 Iohanni
1455 1369 1594 1404 ministro,
1612 1372 1643 1400 et
1654 1370 1793 1401 {ratribus
1804 1370 1875 1400 ordi-

1170 1420 1214 1449 nis
1223 1420 1336 1448 Sanctae
1346 1419 1505 1452 Trinitatis
1523 1420 1584 1449 tam
1595 1420 1784 1456 praesentibus
1795 1426 1876 1457 qnam

1170 1469 1286 1503 tuturis,
1305 1469 1460 1505 regularem
1490 1469 1575 1498 vitam
1593 1468 1737 1504 protessis,
1756 1469 1784 1498 in
1816 1475 1876 1505 por·

1171 1521 1294 1556 potuum.

1176 1591 1335 1639 Operante
1357 1590 1449 1626 Patre
1467 1590 1623 1626 luminum
1644 1593 1672 1635 (a
1693 1603 1757 1639 quo
1782 1603 1877 1627 omne

1129 1642 1236 1677 datum
1263 1641 1432 1688 optimum,
1466 1649 1496 1674 et
1528 1652 1622 1676 omne
1660 1640 1780 1676 donum
1803 1653 1878 1689 per-

1131 1692 1258 1735 lectum,
1285 1690 1338 1738 qui
1366 1690 1464 1725 solem
1479 1702 1570 1725 suum
1592 1690 1666 1725 oriri
1689 1689 1761 1726 facit
1780 1703 1878 1738 super

1132 1741 1232 1776 bonos
1259 1749 1289 1774 et
1328 1740 1439 1779 malos,
1472 1740 1564 1774 etiam
1601 1739 1713 1775 diebus
1751 1741 1877 1781 nostris,

1132 1791 1164 1825 in
1186 1789 1303 1838 quibus
1325 1789 1462 1837 peccatis
1494 1789 1707 1835 exigentibus,
1739 1789 1879 1827 abundat

1134 1840 1295 1888 iniquitas,
1332 1847 1362 1874 et
1402 1839 1572 1873 multorum
1617 1839 1751 1874 charitas
1789 1839 1880 1875 reli-i-

1133 1891 1251 1936 gescit).
1275 1888 1418 1923 nonnulli
1440 1888 1571 1923 faciente
1586 1901 1657 1923 curn
1679 1889 1725 1924 eis
1745 1888 1881 1924 Domino

1135 1940 1260 1986 signum
1283 1939 1314 1972 in
1343 1938 1458 1973 bonum
1486 1938 1582 1981 (unde
1616 1938 1697 1974 inter
1729 1938 1788 1973 alia
1826 1938 1881 1974 be-

1135 1989 1256 2029 neficia,
1288 1999 1367 2034 quae
1415 1987 1505 2021 nobis
1537 1987 1781 2024 misericorditer
1816 1987 1882 2023 im-

1138 2038 1280 2086 pertitur,
1301 2036 1340 2072 ad
1354 2037 1523 2083 gratiarum
1544 2039 1685 2073 actiones
1696 2038 1883 2085 propensius

1140 2088 1331 2132 invitamur),
1359 2086 1567 2134 posteriorum
1594 2086 1699 2129 obliti,
1720 2087 1759 2122 ad
1793 2094 1883 2122 ante-

1139 2137 1219 2172 riora
1249 2149 1321 2172 cum
1362 2135 1516 2183 Apostolo
1557 2148 1590 2172 se
1627 2135 1811 2172 extendunt.
1844 2135 1885 2171 Et

1139 2199 1289 2227 exuentes
1311 2199 1444 2226 veterem
1471 2190 1631 2225 hominem
1664 2202 1737 2225 cum
1763 2189 1886 2225 actibus

1141 2246 1218 2286 suis,
1239 2254 1269 2280 et
1301 2257 1428 2285 novum,
1464 2244 1519 2292 qui
1559 2244 1736 2280 secundum
1780 2242 1885 2278 Deum

1142 2308 1266 2335 creatus
1291 2307 1337 2334 est
1359 2298 1537 2339 induentes,
1559 2298 1590 2332 in
1616 2298 1695 2333 vitae
1723 2304 1888 2332 transeunt

1144 2353 1311 2388 novitatem
1328 2380 1338 2397 ,
1359 2365 1431 2388 cum
1459 2351 1575 2388 relictis
1602 2364 1658 2399 pro
1694 2350 1774 2395 Deo,
1806 2361 1888 2398 quae

1146 2407 1315 2454 possident,
1337 2415 1368 2441 et
1398 2410 1461 2441 ‘non
1503 2417 1583 2453 quae
1619 2416 1677 2440 sua
1709 2412 1796 2446 sunt,
1833 2404 1887 2439 sed

1145 2473 1225 2509 quae
1242 2461 1312 2496 lesu
1346 2460 1476 2506 Christi,
1508 2467 1705 2508 quaerentes,
1745 2459 1890 2494 volunta-

1146 2517 1223 2552 riam
1245 2516 1366 2563 eligunt
1388 2522 1612 2563 paupertatem.
1635 2522 1665 2549 et
1697 2512 1822 2548 divinae
1857 2524 1890 2546 se

1146 2570 1318 2607 subiiciunt
1357 2569 1510 2606 servituti.
1549 2568 1693 2610 Quorum
1725 2566 1891 2602 desideriis

1148 2633 1233 2661 tanto
1254 2633 1300 2660 est
1322 2624 1508 2674 propensius
1534 2621 1752 2668 annuendum,
1774 2627 1892 2670 quanto

1883 243 1933 271 Aa.
1946 243 1976 272 C.
1994 244 2062 272 tm

1922 1607 2033 1628 notarum
