2129 3223
836 242 1044 265 ixsocasrirs
1069 243 1104 264 in
1129 243 1175 265 re.
1656 236 1718 266 137
1785 246 1822 273 A„
1852 244 1869 270 c
1899 246 1964 272 two

45 243 94 270 Αη.
112 242 140 269 C.
157 243 222 269 ¹¹99

59 296 112 319 ”⁰¹¹³
133 304 151 319 ‘¹
173 304 224 320 ΓΜ·
239 297 450 346 Hispanorum
473 296 615 331 catholici
643 309 730 344 reges
771 310 806 332 ex
846 299 982 344 singulis
1023 298 1114 333 annis
1140 298 1178 333 de
1205 298 1318 343 Cavea,
1339 299 1443 335 Sancti
1467 301 1768 348 Cristopliori,San-

45 328 150 350 firm-ntur
218 333 223 348 t

44 359 143 381 redditu·-

204 335 214 349 ⁶
240 347 332 382 boum
352 346 478 394 paribus
498 358 514 380 a
546 346 674 381 llnmine
712 347 839 393 Pisorga
884 360 981 395 nsque

239 397 276 432 ad
298 408 382 431 mare
408 395 613 435 occidentale,
635 404 662 431 et
687 408 741 443 pcr
768 404 860 431 totam
896 397 979 431 Lusi-

237 446 349 482 taniam
373 445 578 492 provinciam,
593 453 685 493 atquc
707 446 799 480 ctiam
819 445 847 480 in
870 447 980 481 Toleto

235 503 267 529 et·
285 494 503 530 Transserram
531 495 690 530 annuatim
720 496 894 542 persolven.
924 509 979 543 pro

234 543 335 580 salute
356 544 450 579 totius
473 553 570 579 terrae
599 544 766 580 liberaliter
793 553 977 585 statuerunt,

234 593 335 629 eidem
358 594 518 629 Ecclesiae
544 594 776 633 confirmamus,
811 604 839 629 et
874 596 977 630 omni-

235 643 326 678 modo
354 643 580 683 interdicimus,
609 652 640 678 ut
663 644 736 678 nulli
760 644 803 678 sas
838 657 975 692 unquam

232 693 271 727 sit
293 705 365 727 eum
389 694 445 741 ipsi
470 693 628 728 Ecclesiae
651 694 785 740 qualibet
812 695 975 729 occasione

231 742 425 777 subtrahere.
449 742 594 778 Obeunte
616 755 688 778 vero
716 751 755 782 te,
793 751 844 777 etc.
887 744 976 778 Prae-

227 791 314 827 terea
341 804 554 839 quascumque
578 793 802 839 possessiones,
829 801 855 827 et
884 806 974 838 usque

230 843 274 876 ad
307 843 430 877 verbum
471 842 638 877 vocabulis.
679 842 841 877 Civitatem
876 843 972 889 ipsam

229 890 474 938 Compostellam
497 904 568 926 cum
592 891 692 926 Canto
718 905 788 932 suo,
810 904 882 927 cum
914 905 973 926 ee-

228 940 334 976 clesiis
355 949 384 976 et
408 942 606 976 monasteriis
630 942 706 975 inl'ra
728 954 808 982 eam,
837 941 882 976 vel
905 942 973 977 eius

230 990 419 1025 territorium
451 991 641 1030 constitutis,
677 1004 747 1026 cum
785 991 869 1026 omni
907 992 972 1027 iure

228 1047 289 1074 tam
321 1039 511 1075 dioecesano
549 1053 643 1088 quam
688 1040 795 1087 regali,
832 1048 863 1075 et
898 1053 970 1076 cum

228 1089 373 1125 terminis
407 1090 502 1125 totius
535 1091 687 1137 episcop,
720 1090 861 1125 videlicet
899 1103 970 1126 cum

227 1138 579 1187 archipresbyteratibus
600 1139 638 1174 (le
673 1139 835 1181 Morracio,
868 1149 898 1174 et
932 1140 969 1174 dc

226 1187 311 1228 luter
322 1188 442 1223 Ambos
468 1188 584 1224 Pontes
605 1188 644 1223 de
666 1189 827 1223 montibus
855 1189 971 1224 utrius-

46 1243 147 1265 Bnnorum
163 1249 213 1265 “¹1¹-
227 1250 300 1285 que,
327 1237 366 1272 de
388 1237 574 1277 Taberiolis,
596 1246 626 1272 et
653 1238 692 1272 de
718 1238 813 1282 Ciria,
835 1238 874 1273 de
911 1239 970 1273 Pi-

32 1276 126 1297 motatio.

227 1285 322 1327 lonio,
349 1295 378 1322 et
404 1286 444 1321 de
470 1288 569 1322 insula
602 1287 726 1325 Laonii,
763 1288 801 1322 de
835 1296 968 1335 utroque

225 1334 396 1376 Coronam,
424 1336 463 1371 de
505 1337 667 1372 Dormian.
699 1345 727 1371 et
762 1337 968 1383 Snpcraddo,

225 1394 255 1419 et
277 1386 413 1433 Aranga,
444 1395 473 1420 et
505 1386 610 1421 Monte
646 1386 771 1421 laurino
812 1387 969 1433 quomodo

224 1434 386 1476 dividitur,
413 1447 483 1470 cum
519 1435 653 1482 parrega
693 1435 731 1470 de
770 1436 900 1473 Pruciis,
939 1445 967 1471 et

224 1484 262 1519 de
285 1483 449 1525 Bisauciis,
469 1496 540 1519 cum
565 1493 626 1520 tota
649 1485 850 1520 interiacente
882 1486 968 1520 ‹lioe-

223 1533 299 1574 cesi,
321 1546 336 1568 a
364 1534 492 1569 castello
517 1534 623 1569 Sancti
646 1534 760 1581 Pelagii
801 1534 839 1569 (le
880 1535 966 1570 Luco

224 1595 326 1630 usque
365 1583 573 1619 Transancos:
617 1584 802 1619 monasteria
844 1596 967 1632 quoque

223 1633 340 1673 onmia,
367 1641 397 1668 et
423 1633 657 1673 conventuales,
679 1646 733 1668 seu
760 1633 835 1668 alias
867 1634 967 1669 eccle-

223 1682 286 1717 sias
320 1681 399 1717 inl'ra
425 1682 483 1717 hos
505 1683 654 1718 terminos
675 1683 871 1723 constitutas,
894 1696 965 1718 cum

223 1731 308 1766 omni
331 1731 397 1767 iure
420 1732 600 1779 parochiali,
622 1741 652 1767 et
679 1744 759 1778 quae
795 1732 874 1766 intra
916 1745 966 1767 re-

223 1780 302 1825 galia
324 1780 405 1816 beati
433 1780 536 1816 lacobi
560 1782 771 1821 eontinentur,
794 1783 965 1817 cumomni

223 1842 277 1865 seu
300 1837 494 1878 patronatus,
517 1842 572 1865 seu
598 1830 659 1865 alio
699 1831 776 1871 iure,
811 1830 893 1877 quod
929 1832 965 1865 ail

225 1890 314 1925 reges
344 1879 514 1927 pertineat,
555 1880 699 1915 videlicet
742 1882 965 1915 monasterium

223 1927 256 1962 S.
275 1927 393 1975 Pelagii
414 1928 453 1964 de
483 1929 566 1964 Ante
594 1929 721 1969 Altaria,
742 1931 965 1964 monasterium

223 1977 330 2013 Sancti
351 1977 475 2013 Martini
497 1978 536 2013 de
558 1978 657 2019 Foris,
686 1979 847 2014 ecclesiam
884 1979 966 2014 San-

223 2034 290 2062 ctae
317 2027 431 2062 Mariae
452 2027 491 2062 de
513 2028 599 2068 Sara,
623 2029 846 2063 monasterium
884 2029 966 2064 San-

223 2085 290 2112 ctae
316 2077 431 2112 Mariae
469 2077 506 2111 de
547 2076 699 2124 Canogio,
741 2079 964 2113 monasterium

223 2126 328 2161 Sancti
356 2126 440 2161 Petri
462 2126 500 2161 de
517 2125 618 2166 Foris,
646 2128 867 2162 monasterium
890 2128 964 2163 San-

222 2175 263 2209 cti
298 2175 373 2210 lusti
412 2175 450 2210 de
493 2175 622 2214 Luania,
665 2177 884 2212 monasterium
927 2177 965 2212 de

223 2224 420 2272 Superaddo,
446 2225 484 2259 de
507 2225 659 2265 Aziiario,
682 2226 721 2260 de
738 2226 909 2265 Codefeda,
927 2226 964 2260 de

224 2273 381 2314 Mosouzo,
403 2274 442 2308 de
464 2274 575 2316 Ciniis,
599 2274 637 2308 de
678 2275 887 2319 Monteferro,
926 2276 964 2310 ‹le

224 2322 404 2369 Borgondo,
440 2324 477 2358 de
525 2324 668 2366 Nogaria.
710 2323 748 2359 de
782 2325 963 2361 Solandrcs.

223 2372 269 2415 ‹le
289 2372 460 2411 Calavario,
489 2373 526 2406 ile
565 2372 680 2411 Siavia,
721 2373 759 2408 de
782 2373 963 2412 Riromalo,

223 2423 262 2457 ‹le
289 2421 450 2466 Moriame,
477 2422 515 2456 de
536 2423 636 2461 Ozon,
663 2421 702 2455 de
741 2422 888 2467 Zavarde,
927 2424 964 2459 de

223 2470 318 2506 Portu
345 2471 425 2511 Orii,
454 2471 492 2505 de
524 2471 661 2513 Nnmeti,
695 2471 733 2505 de
771 2471 898 2516 Civitio,
926 2473 964 2508 <le

225 2519 345 2559 Briviis.
368 2520 406 2555 de
428 2520 541 2564 Meeis,
564 2521 601 2554 de.
631 2519 796 2561 Dormian,
836 2522 874 2557 de
901 2522 960 2557 Ca-

224 2569 304 2616 1330.
327 2569 365 2604 de
388 2569 499 2609 Podio,
521 2570 560 2604 de
583 2570 689 2608 Lerze,
707 2569 744 2603 de
760 2571 963 2607 Armentaria.

224 2618 262 2652 de
289 2616 419 2660 flaccos,
456 2627 485 2653 et
523 2619 746 2654 monasterium
778 2619 882 2654 Sancti
917 2621 986 2667 lo-¹

1022 347 1060 381 cti
1098 347 1278 385 Vereximi,
1325 348 1430 383 Sancti
1478 350 1617 396 Georgii,
1658 351 1764 386 Sancti

1020 396 1170 436 Tliomae,
1193 397 1232 431 de
1263 397 1411 437 Pimario,
1451 408 1479 433 et
1520 400 1626 435 Sancti
1663 400 1763 436 lacobi

1020 445 1059 480 de
1083 446 1231 481 Erine-llo.
1271 446 1431 482 Praeterea
1467 449 1598 494 regalem
1636 449 1765 497 cappel-

1020 494 1132 530 laniam
1172 504 1201 530 et
1245 497 1478 542 cancellariam,
1524 511 1616 544 quain
1665 499 1763 534 bonae

1021 546 1188 580 memoriae
1240 546 1385 580 attonsus
1427 547 1554 581 illustris
1597 548 1763 596 Hispaniae

1021 606 1071 628 rex
1093 594 1254 629 Ecclesiae
1278 604 1395 629 vestrae
1418 597 1585 640 concessit,
1608 607 1637 632 et
1653 599 1761 646 scripti

1018 643 1064 678 sui
1094 645 1202 690 pagina
1241 644 1406 679 roboravit.
1447 645 1591 680 Castrum
1636 660 1761 695 quoque

1017 693 1099 739 quod
1130 702 1255 729 iocatur
1277 694 1465 735 Honestum,
1505 703 1533 729 et
1563 696 1652 731 lriam
1687 710 1758 732 cum

1016 742 1113 776 servis
1163 752 1193 778 et
1245 743 1391 778 omuibus
1431 744 1625 791 appendiciis
1671 747 1759 791 suis,

1016 799 1171 837 castrum,
1194 793 1276 839 quod
1302 801 1427 828 vocatur
1449 793 1560 829 Sancta
1589 794 1682 830 Maria
1720 797 1758 831 de

1015 840 1179 882 Lanceata,
1201 855 1272 877 cum
1301 842 1441 878 eeclesiis
1474 851 1503 878 et
1525 844 1672 879 omnibus
1694 857 1758 892 per-

1015 890 1155 925 tinentiis
1176 892 1251 926 snis.
1295 892 1464 936 Castrum,
1504 893 1589 939 quod
1631 903 1757 930 vocatur

1013 939 1096 974 Ciria
1123 953 1194 975 cum
1236 942 1378 976 ccelesiis
1413 950 1441 976 et
1479 943 1626 978 omnibus
1660 945 1757 991 perti-

1015 989 1129 1024 nentiis
1156 991 1233 1025 suis.
1253 991 1397 1025 Castrum
1425 988 1647 1038 quod'dicitur
1668 994 1757 1029 Cito-

1014 1038 1103 1079 l'acta,
1126 1052 1198 1073 eum
1238 1040 1379 1075 ecclesiis
1412 1048 1443 1075 et
1477 1042 1624 1077 omnibus
1658 1044 1756 1090 perti-

1013 1088 1127 1122 nentiis
1148 1090 1222 1124 suis.
1247 1090 1392 1124 Castrum
1410 1090 1511 1137 ·quod
1546 1091 1660 1126 dicitur
1694 1094 1756 1128 Ca-

1013 1137 1136 1172 thobadi
1173 1151 1244 1173 cum
1274 1139 1469 1185 pertinentiis
1499 1141 1574 1175 suis.
1610 1141 1754 1177 Castrum

1017 1185 1191 1230 Darauum,
1225 1200 1295 1222 cum
1335 1188 1434 1233 villis,
1465 1197 1493 1224 et
1533 1190 1686 1231 ecclesiis,
1724 1201 1755 1227 et

1011 1236 1158 1271 omuibus
1206 1238 1317 1283 pertin.
1357 1239 1433 1273 suis.
1486 1239 1628 1275 Castrum
1670 1242 1753 1288 quod

1011 1284 1124 1320 dicitur
1146 1286 1278 1333 Luparia
1312 1299 1385 1322 cum
1418 1288 1559 1323 ecclesiis
1598 1297 1628 1324 et
1659 1292 1755 1337 perti-

1012 1334 1124 1369 nentiis
1150 1337 1227 1370 suis.
1263 1336 1468 1371 Territorium
1503 1338 1586 1385 quod
1631 1349 1755 1375 vocatur

1011 1384 1127 1418 Amaca
1169 1397 1240 1419 cum
1282 1386 1428 1421 omnibus
1478 1389 1753 1434 possessionibus,

1009 1446 1087 1479 quas
1109 1433 1149 1467 ibi
1178 1434 1307 1469 habetis.
1332 1435 1543 1471 Pistomarcos
1564 1450 1634 1472 cum
1657 1441 1755 1474 servis

1009 1491 1038 1516 et
1060 1484 1248 1530 possession.
1264 1498 1342 1532 quas
1370 1486 1398 1519 in
1426 1498 1463 1520 eo
1493 1485 1627 1522 habetis.
1664 1488 1754 1524 Bise-

1010 1532 1086 1567 tium
1109 1544 1180 1567 curn
1209 1535 1319 1572 servis,
1342 1547 1422 1581 quos
1444 1535 1484 1569 ibi
1514 1536 1645 1572 habetis.
1678 1539 1754 1574 Du—

1009 1581 1108 1616 briam
1136 1594 1206 1617 cum
1231 1584 1482 1630 possessionibus
1515 1599 1592 1633 quas
1626 1587 1667 1622 ibi
1704 1588 1754 1623 ha-

1008 1630 1097 1665 betis.
1126 1632 1240 1667 Lanias
1261 1645 1331 1667 cum
1357 1634 1552 1681 pertinentiis
1570 1638 1644 1671 suis.
1687 1637 1753 1672 Lu·-

1004 1692 1129 1717 nrosam
1158 1694 1229 1716 cum
1254 1683 1352 1717 servis
1385 1692 1415 1718 et
1443 1685 1639 1731 pertinentiis
1672 1688 1749 1722 suis.

1008 1729 1173 1765 Montanos
1211 1744 1281 1766 cum
1325 1733 1469 1768 ecclesiis
1506 1742 1537 1768 et
1578 1738 1752 1782 posscssio-

1008 1779 1110 1819 nibus,
1138 1794 1216 1827 quas
1238 1781 1277 1815 ibi
1302 1781 1432 1817 habetis.
1456 1783 1650 1820 Coronatum
1679 1799 1749 1821 cum

1009 1830 1272 1875 possessionibus,
1307 1843 1384 1878 quas
1420 1832 1462 1867 ibi
1497 1833 1627 1869 liabetis.
1668 1835 1751 1871 Ven-

1008 1886 1106 1912 tosam
1137 1891 1207 1914 cum
1237 1880 1337 1915 insula
1376 1881 1413 1915 de
1451 1881 1581 1918 Laonio.
1617 1884 1751 1930 Montes,

1007 1940 1086 1974 quos
1111 1928 1303 1976 quandoque
1326 1930 1461 1966 Suarius
1475 1931 1628 1969 Friolaea
1653 1945 1750 1971 vestra

1007 1977 1146 2012 Ecclesia
1183 1979 1305 2024 tenuit,
1341 1993 1412 2015 cum
1446 1981 1541 2017 altera
1585 1984 1751 2020 medietate

1008 2027 1156 2073 integros.
1180 2028 1320 2074 Burgum
1347 2029 1386 2065 de
1408 2030 1508 2066 Ponte
1542 2032 1643 2068 Veteri
1678 2047 1748 2069 cum

1007 2077 1204 2123 pertinentiis
1225 2078 1300 2113 suis:
1324 2079 1514 2116 Taveiriolos
1541 2095 1612 2117 cuin
1647 2085 1750 2119 eccle-

1006 2126 1059 2160 siis
1086 2135 1115 2161 et
1140 2129 1404 2173 possessionibus,
1438 2143 1516 2177 quas
1549 2131 1589 2166 ibi
1618 2133 1747 2168 habetis.

1007 2175 1120 2222 Ripam
1150 2176 1237 2211 Uliae
1270 2191 1341 2212 cum
1375 2180 1515 2214 ecclesiis
1553 2189 1581 2215 et
1622 2195 1748 2228 posses-

1006 2225 1158 2270 sionibus,
1180 2239 1257 2273 quas
1280 2227 1319 2261 ibi
1349 2228 1475 2263 habetis.
1515 2229 1640 2265 Deciam
1677 2244 1747 2267 cum

1008 2275 1258 2321 possessionibus
1279 2284 1307 2310 et
1342 2278 1481 2312 eeclesiis
1517 2280 1689 2326 regalibus,
1720 2291 1749 2316 et

1006 2324 1155 2359 omnibus
1196 2326 1390 2370 pertinentiis
1429 2327 1513 2361 suis:
1559 2337 1672 2364 terram
1710 2331 1748 2365 de

1007 2372 1191 2419 Superaddo
1234 2375 1382 2420 integram
1431 2388 1502 2411 cum
1541 2379 1747 2425 ‚pertinentiis

1006 2422 1083 2456 suis.
1107 2422 1139 2456 ln
1168 2423 1275 2457 eadem
1300 2424 1392 2459 Deeia
1415 2428 1639 2463 monasterium
1666 2429 1748 2464 San-

1006 2471 1044 2505 cti
1067 2472 1224 2506 Laurentii
1248 2473 1286 2507 de
1321 2473 1523 2516 Carbonario,
1563 2479 1648 2525 quod
1685 2479 1747 2514 Ec-

1006 2520 1118 2556 clesiae
1139 2520 1410 2569 Compostellanae
1437 2526 1608 2562 secundum
1642 2528 1747 2576 inspa-

1006 2578 1145 2605 tronatus
1167 2571 1379 2607 adiudicatum
1403 2581 1450 2608 est
1471 2587 1526 2622 per
1559 2579 1745 2614 sententiam

1006 2619 1109 2654 dilecti
1140 2621 1192 2655 filii
1216 2622 1311 2656 nostri
1334 2622 1372 2657 G.
1401 2623 1506 2658 Sancti
1531 2625 1641 2673 Auget}
1678 2628 1744 2662 ilia-
