2129 3223
125 255 173 281 An.
195 253 223 279 C.
239 253 304 279 ¹9¹8

138 516 244 535 {eclesiae
286 514 306 534 ei

123 553 145 566 su
157 552 193 566 -rer
212 552 237 566 «e.

121 1088 185 1102 <titur

164 1051 248 1076 isatsgta
286 1052 304 1070 ei

190 1084 251 1100 mala.

171 2279 190 2298 tjl
207 2278 286 2299 naulae.

371 239 440 273 346

901 238 1088 262 BULLAan
1111 236 1273 259 ROMANFM

321 305 457 340 dationis
478 300 649 336 Coelcstini
672 307 701 333 et
725 296 899 332 lnnocentii
938 293 1067 342 praede·
1110 292 1245 327 Sanctae
1267 290 1427 325 Romanae
1453 288 1614 324 Ecclesiae
1655 285 1857 321 rice-cancel-

322 365 483 389 cessorum
506 359 682 385 nostrorum
705 347 923 382 Romanorum
956 343 1068 379 Ponti-

323 403 416 437 licum
445 400 614 436 districtius
636 397 829 435 inhibemus,
844 403 878 430 ut
900 406 971 428 cum
995 392 1067 427 Sco-

323 452 421 486 ticana
439 449 580 485 Ecclesia
596 447 670 483 Sedi
692 445 893 494 Apostolicae
915 443 994 477 sicut
1007 442 1067 476 filia

321 500 468 547 specialis
489 498 576 533 nullo
599 497 702 532 medio
724 496 763 531 sit
785 493 939 536 subiecta,
961 492 1067 537 inqua

322 551 379 584 liae
401 548 494 584 sedes
515 545 712 594 episcopales
725 556 794 580 esse
811 551 997 580 noscuntur,
1013 540 1067 574 Ec-

320 599 414 634 clesia
437 598 585 633 videlicet
610 595 716 631 Sancti
744 594 879 629 Andreae
915 590 1068 626 Dumble-

320 661 415 692 nen.,
442 647 586 682 Ecclesia
625 644 794 679 Glascuen.
812 671 819 683 ,
853 639 1067 677 Dunkelden„

318 697 506 742 Brecinen.‚
539 695 679 731 Ecclesia
721 692 901 734 Aberdeu,
928 688 1067 723 Ecclesia

319 747 494 785 Mureven„
521 744 662 780 Ecclesia
700 742 819 777 Rosen.
858 747 889 775 et
924 738 1067 772 Ecclesia

320 796 447 835 Kalen„
472 795 588 830 nemini
611 794 701 828 liceat
721 792 779 826 nisi
804 790 947 824 Romano
974 787 1067 822 Pon-

321 846 407 890 iifici,
428 845 476 880 vel
500 845 601 891 legato
628 842 667 878 ab
705 841 802 887 ipsius
835 840 930 873 latere
969 836 1068 871 desti-

321 903 392 929 nato
414 895 444 928 in
480 905 612 940 reguum
634 891 766 931 ‚Scotiae
817 886 975 922 interdicti
1021 885 1066 919 rel

320 942 655 979 excommunicationis
693 938 880 975 senteutiam
925 935 1069 982 promul-

320 1006 405 1040 gare,
427 1001 458 1027 et
485 993 509 1026 si
530 991 724 1039 promulgata
746 987 851 1027 suerit,
867 985 1069 1020 decernimus

321 1055 383 1077 non
409 1042 520 1077 valere.
549 1040 727 1075 Adiicimus
748 1037 855 1080 etiam,
883 1042 916 1069 ut
938 1033 1069 1068 nullide

320 1101 456 1129 caetero,
483 1092 537 1137 qui
560 1090 600 1124 de
620 1088 745 1124 Scotiae
767 1097 863 1131 regno
887 1096 949 1118 non
966 1083 1070 1124 suerit,

321 1142 379 1176 nisi
407 1153 501 1188 quem
530 1138 711 1186 Apostolica
734 1135 835 1171 Sedes
858 1142 984 1180 propter
1010 1132 1070 1166 lioc

320 1191 359 1224 (le
387 1200 520 1237 corpore.
557 1200 616 1223 suo
646 1185 824 1234 specialiter
851 1182 1070 1223 destinaverit,

320 1240 440 1275 licitum
463 1239 501 1273 sit
524 1238 554 1272 in
577 1249 614 1272 eo
640 1234 806 1282 legationis
826 1232 963 1268 officium
987 1243 1071 1266 exer-

321 1301 404 1324 cere.
419 1287 630 1323 Proliibemus
644 1295 762 1325 autem,
778 1291 811 1318 ut
826 1281 1071 1324 controversiae,

321 1350 401 1385 quae
425 1337 540 1372 fuerint
562 1337 591 1370 in
614 1346 712 1381 regno
735 1333 805 1380 ipso
827 1332 866 1367 de
894 1330 1072 1379 possessio-

323 1387 414 1422 nibus
436 1387 506 1421 eius
532 1392 670 1424 exortae,
689 1382 726 1418 ad
750 1393 881 1417 examen
908 1389 995 1415 extra
1026 1391 1073 1414 re-

322 1449 419 1482 gnum
448 1435 623 1482 positorum
641 1431 781 1467 iudicum
809 1442 872 1465 non
899 1429 1072 1468 trahantur,

324 1486 382 1520 nisi
410 1484 448 1520 ad
471 1483 647 1519 Romanam
681 1481 773 1516 suerit
806 1478 981 1514 Ecclesiam
1015 1489 1073 1524 ap-

325 1534 486 1581 pellatum.
510 1532 543 1568 Si
571 1543 634 1579 qua
654 1543 728 1565 vero
755 1529 871 1575 scripta
893 1535 1001 1562 contra
1018 1526 1074 1560 liu-

324 1585 371 1618 ius
394 1583 543 1618 libertatis
567 1587 719 1616 statutum
746 1577 947 1625 apparuerint
977 1576 1075 1622 impe-

324 1641 412 1673 trata,
445 1632 492 1667 vel
507 1632 713 1677 imposterum
742 1628 833 1663 istius
863 1625 1076 1661 concessionis

324 1682 485 1716 mentione
504 1692 567 1715 uon
586 1679 691 1714 liabita
719 1675 885 1722 contigerit
904 1674 1075 1722 impetrari,

325 1730 447 1766 nullum
464 1730 531 1773 tibi,
550 1729 651 1763 tuisve
669 1724 918 1769 suecessoribus,
941 1723 988 1758 rel
1017 1723 1075 1769 ipsi

326 1793 421 1826 regno
435 1779 516 1814 circa
541 1778 638 1812 liuius
657 1775 887 1824 praerogativae
902 1773 1079 1808 concessio-

326 1842 398 1864 nem
413 1827 641 1876 praeiudicium
663 1834 841 1872 generetur.
863 1821 1029 1857 Praeterea
1045 1821 1080 1856 li-

326 1879 460 1913 bertates
475 1885 505 1912 et
522 1877 737 1911 immunitates
752 1883 812 1908 tam
829 1872 898 1916 tibi,
920 1884 1015 1918 quam
1035 1883 1080 1906 re-

327 1940 389 1973 gno
407 1935 473 1971 tuo,
494 1935 523 1960 et
537 1925 692 1960 Ecclesiis
707 1924 736 1958 in
754 1922 864 1958 eodem
884 1933 980 1967 regno
1002 1933 1080 1955 con-

328 1977 446 2012 stitutis
467 1976 506 2011 ab
537 1974 676 2009 Ecclesia
700 1972 839 2007 Romana
863 1982 1030 2005 concessas
1050 1977 1080 2004 et

330 2027 481 2061 hactenus
502 2024 682 2059 observatas
699 2029 779 2056 ratas
801 2020 965 2063 habemus,
985 2027 1015 2053 et
1029 2030 1082 2053 eas

330 2075 442 2110 futuris
463 2072 659 2120 temporibus
678 2071 811 2106 illibatas
854 2080 980 2103 manere
1014 2079 1084 2102 san-

330 2125 442 2159 cimus.
472 2122 564 2158 Salva
604 2129 708 2156 tamen
750 2118 843 2155 Sedis
884 2117 1083 2165 Apostolicae

331 2173 525 2208 auctoritate.

382 2222 468 2257 Nulli
507 2233 583 2267 ergo
612 2218 744 2255 omnino
782 2215 949 2252 hominum
992 2214 1085 2250 liceat

333 2272 415 2307 lianc
440 2270 588 2319 paginam
610 2276 735 2304 nostrae
757 2264 982 2305 concessionis,
1009 2276 1087 2312 pro-

334 2321 502 2355 hibitionis
535 2326 566 2354 et
604 2316 853 2354 confirmationis
889 2314 1087 2360 infringere⁷

1110 341 1190 385 larii,
1212 340 1380 375 undecimo
1392 337 1541 374 kalendas
1562 336 1751 374 decembris,
1780 333 1859 368 indi-

1109 391 1213 425 ctione
1240 389 1386 436 septima,
1413 387 1638 423 incarnationis
1680 384 1857 420 dominicae

1109 452 1192 475 anno
1202 439 1367 474 millesimo
1375 437 1593 473 ducentesimo
1601 436 1724 471 decimo
1736 441 1856 473 octavo,

1111 489 1311 535 pontificatus
1333 499 1405 522 vero
1432 486 1551 521 domini
1588 484 1721 520 Honorii
1755 482 1857 530 Papae

1110 546 1191 572 tertii
1219 549 1302 572 anno
1324 545 1425 572 tertio.

1130 599 1190 629 Dat.
1213 599 1260 653 d⁴ie
1274 598 1309 627 ⁹21
1328 597 1496 627 novembris
1514 595 1600 631 1218,
1619 594 1720 635 pontis.
1736 602 1812 623 anno
1828 601 1857 622 ιι.

1429 764 1543 800 XXIX.

1113 840 1310 885 Confirmatio
1333 839 1475 877 instituti,
1502 850 1540 872 ac
1563 838 1739 881 regularum
1756 837 1859 880 hospi-

1159 889 1228 922 talis
1254 889 1466 929 Noviomertst's
1495 899 1514 921 α
1539 887 1696 932 Stephano
1725 887 1860 930 episcopo

1158 938 1279 973 huiusce
1299 938 1430 971 civitatis
1450 948 1546 982 nuper
1566 937 1656 970 erecti
1681 938 1743 978 (fl).

1379 1015 1594 1046 SUMMARlUM

1112 1087 1278 1117 Exordium.
1293 1103 1331 1108 —
1344 1085 1507 1125 Episcopus
1525 1084 1731 1114 Noviomensis
1744 1084 1862 1122 regulas

1152 1142 1165 1162 a
1190 1141 1220 1162 se
1248 1134 1416 1161 constructo
1439 1130 1488 1160 dat
1510 1129 1663 1168 hospitali,
1692 1138 1765 1168 quas
1793 1138 1863 1158 con-

1152 1177 1247 1206 firmat
1265 1175 1406 1206 Pontifex.
1429 1191 1467 1196 --
1485 1173 1652 1204 Clausulae.

1112 1247 1244 1276 Honorius
1262 1247 1405 1283 episcopus
1423 1252 1519 1274 servus
1531 1251 1671 1273 servorum
1685 1244 1742 1277 Dei.
1755 1244 1867 1272 dilectis

1156 1297 1222 1326 tiliis
1244 1296 1358 1329 rectori.
1382 1296 1412 1324 et
1435 1294 1574 1324 fratribus
1602 1293 1750 1329 hospitatis
1773 1292 1865 1322 Novio·

1157 1346 1268 1379 mensis,
1300 1345 1420 1373 salutem
1443 1345 1473 1373 et
1503 1343 1680 1379 apostolicam
1703 1342 1866 1372 benedictio·

1158 1402 1229 1424 nem.

1163 1466 1258 1501 Iustis
1282 1466 1458 1513 petentium
1481 1464 1646 1499 desideriis
1668 1463 1802 1510 dignum
1820 1471 1865 1498 est

1114 1528 1172 1551 nos
1193 1515 1314 1551 facilem
1339 1514 1489 1562 praebere
1514 1525 1721 1554 consensum,
1738 1520 1768 1548 et
1787 1520 1867 1555 vota,

1115 1577 1196 1612 quae
1223 1577 1240 1600 a
1268 1564 1398 1599 rationis
1425 1563 1549 1598 tramite
1579 1574 1642 1598 non
1673 1561 1868 1605 discordant,

1116 1615 1226 1649 affectu
1244 1620 1455 1661 prosequente
1472 1612 1643 1659 complere.
1660 1611 1745 1646 Sane
1763 1618 1868 1646 autern

1117 1676 1187 1698 cuin
1217 1662 1426 1698 referentibus
1452 1661 1538 1696 robis
1557 1660 1728 1696 didicimus
1732 1687 1788 1694 .....
1805 1659 1870 1694 Ve-

1119 1712 1267 1748 nerabilis
1294 1712 1390 1747 frater
1416 1719 1522 1746 noster
1547 1709 1729 1758 Stephanus
1753 1709 1870 1744 Novio-

1119 1763 1237 1797 mensis
1255 1762 1438 1808 episcopus,
1455 1759 1536 1794 datis
1555 1760 1584 1794 in
1605 1758 1749 1806 hospitali
1765 1766 1871 1793 vestro

1119 1812 1158 1846 ‹le
1196 1810 1377 1859 approbatis
1414 1808 1638 1855 religionibus,
1671 1808 1800 1850 ordine,
1836 1819 1871 1842 ac

1121 1861 1225 1906 regula
1253 1872 1350 1907 super
1382 1870 1516 1894 nurnero
1548 1858 1677 1893 fratrum
1706 1856 1872 1904 hospitalis

1122 1910 1235 1956 ipsius,
1262 1918 1291 1944 et
1319 1908 1412 1943 modo
1440 1907 1612 1955 recipiendi
1641 1918 1708 1951 eos,
1734 1913 1765 1941 et
1790 1906 1873 1950 aliis⁷

1121 1971 1202 2007 quae
1226 1958 1401 2004 regularem
1421 1958 1549 2004 sapiunt
1567 1961 1773 1997 honeStatem,
1791 1963 1875 1991 certa

1122 2017 1154 2044 et
1175 2008 1310 2043 salubria
1338 2007 1452 2042 ibidem
1475 2006 1609 2041 ediderit
1631 2005 1784 2040 instituta.
1809 2003 1875 2039 Nos

1124 2066 1225 2092 autem
1250 2056 1360 2091 vestris
1387 2057 1478 2091 iustis
1501 2054 1767 2103 postulationibus
1788 2060 1877 2101 grato

1125 2114 1351 2141 concurrentes
1381 2118 1525 2145 assensu,
1556 2112 1672 2140 statuta
1695 2102 1878 2138 huiusmodi

1125 2157 1208 2191 sicut
1233 2155 1272 2190 ab
1294 2155 1404 2190 codem
1432 2154 1583 2202 episcopo
1619 2152 1747 2200 provide
1773 2160 1804 2187 et
1825 2164 1877 2187 sa-

1127 2205 1260 2240 lubriter
1277 2204 1353 2239 sacta
1371 2213 1455 2245 sunt,
1472 2211 1502 2239 et
1518 2204 1617 2251 ipsius
1635 2202 1746 2237 litteris
1766 2201 1879 2236 dicitur

1127 2254 1294 2298 contineri,
1320 2254 1504 2289 auctoritate
1525 2251 1695 2300 apostolica
1717 2250 1878 2286 confirma-

1129 2316 1212 2348 mus7
1229 2311 1259 2338 et
1281 2303 1455 2350 praesentis
1476 2302 1584 2349 scripti
1607 2300 1779 2350 patrocinio
1797 2311 1879 2334 com-

337 2370 385 2404 vel
413 2370 441 2405 ei
469 2381 550 2404 ausu
572 2368 740 2403 temerario
766 2364 931 2401 contraire.
953 2363 987 2398 Si
1016 2363 1088 2410 quis
1130 2354 1323 2388 munimus·-

338 2427 441 2453 autem
471 2419 531 2454 boc
552 2425 705 2453 attentare
726 2413 984 2463 praesumpserit,
1006 2413 1089 2446 indi—

340 2468 521 2512 gnationem
538 2465 766 2514 omnipotentis
787 2464 860 2505 Dei,
877 2475 913 2498 ac
925 2462 1089 2498 beatorum

339 2516 424 2570 Petri
451 2524 482 2551 et
503 2515 593 2551 Pauli
625 2516 841 2563 apostolorum
872 2514 941 2548 eius
967 2524 1001 2547 se
1030 2523 1091 2546 uo-

340 2572 419 2599 verit
441 2577 654 2600 incursurum.

1108 2523 1114 2602 l

1179 2401 1264 2436 Nulli
1303 2413 1377 2448 ergo
1411 2401 1554 2436 omnium
1589 2398 1752 2434 hominum
1792 2397 1880 2433 liceat

1132 2452 1210 2486 lianc
1238 2451 1384 2498 paginam
1407 2457 1532 2486 nostrae
1557 2447 1806 2484 confirmationis
1831 2448 1882 2482 in-

1131 2501 1279 2547 fringere,
1300 2500 1348 2535 vel
1370 2496 1406 2535 ei*
1420 2512 1498 2536 ausu
1524 2498 1691 2533 temerario
1715 2497 1880 2533 contraire.

1132 2550 1167 2585 Si
1200 2550 1271 2597 quis
1297 2557 1401 2585 autem
1438 2550 1497 2584 boc
1530 2554 1681 2583 attentare
1718 2558 1884 2595 praesum-

390 2612 505 2648 Datum
529 2614 673 2649 Laterani
696 2626 751 2661 per
779 2624 908 2648 manum
944 2608 1092 2658 Rayuerii
1109 2604 1115 2660 j
1170 2621 1209 2656 (t)
1227 2620 1264 2647 [x
1282 2620 1402 2648 Dacherii
1418 2619 1551 2656 Spicikaeg„
1569 2623 1633 2646 tom.
1646 2618 1692 2646 nr.

1004 2718 1058 2728 ‘x

826 2722 843 2734 4.

1870 230 1920 257 An.
1938 227 1966 255 C.
1984 228 2052 255 tata

1911 1471 2029 1493 Exordium

1897 1718 2012 1745 Episcopus
2022 1717 2067 1738 Na-

1883 1750 1999 1771 viomenstc
2029 1754 2066 1769 re-

1884 1780 1943 1809 gulas
1953 1786 1964 1800 a
1979 1785 2002 1800 se
2012 1785 2067 1800 cou-

1885 1814 1965 1832 structo
1982 1811 2017 1831 :tat
2031 1809 2068 1830 ho-

1885 1842 1969 1870 spitali,
2017 1846 2068 1867 quas

1885 1873 1994 1894 confirmat
2011 1870 2069 1892 Pon-

1886 1904 1945 1926 tifex.

1927 2408 2046 2430 clau-uin.
