2129 3223
40 258 90 287 nn.
110 256 139 285 C.
154 257 220 284 ¹26⁴

237 309 270 344 Si
295 318 398 345 tamen
421 310 522 357 aliqua
545 321 634 345 soror
656 318 738 345 tanta
765 310 857 345 fuerit
873 322 983 356 corpo-

238 359 278 394 ris
306 359 485 393 infirmitate
511 359 648 400 detenta,
675 359 760 405 quod
789 359 827 394 ad
861 359 981 394 locuto-

237 408 318 443 ·ium
346 408 513 443 commode
536 409 641 443 venire
663 420 725 442 non
750 409 858 455 possit,
880 417 910 444 et
933 421 983 443 ne-

235 458 411 492 cessitatem
430 457 574 492 habuerit
589 457 743 498 confiteri,
759 459 806 492 vel
825 457 979 492 Dominici

234 505 397 552 Corporis,
429 519 484 541 sen
512 506 572 541 alia
604 507 745 553 recipere
776 517 980 549 sacramenta,

233 555 432 590 exhibiturus
460 556 640 590 huiusmodi
682 555 749 590 alba
784 565 814 589 et
847 557 924 590 stola
951 565 980 590 et

235 604 407 651 manipulo,
439 617 511 639 cum
539 604 664 639 duobus
692 605 816 639 idoneis
840 613 870 639 et
904 605 979 639 reli-

233 654 331 699 giosis
369 654 475 697 sociis,
511 654 556 688 vel
591 666 653 688 uno
679 653 716 688 ad
755 654 871 695 minus,
898 654 979 698 alba,

234 702 280 736 vel
307 702 416 737 saltem
446 703 676 750 superpelliceo
704 703 846 746 vestitus,
874 703 980 749 ingre-

232 750 359 786 diantur
379 760 410 786 et
424 761 588 787 morentur
607 751 720 795 induti,
742 760 771 787 et
786 752 889 786 audita
907 765 980 787 con-

233 799 386 841 fessione,
425 801 473 835 vel
513 800 574 835 alio
612 801 726 836 tradito
764 810 978 840 sacramento,

231 849 315 883 sicut
349 846 481 895 ingressi
522 849 654 893 fuerint,
693 850 738 884 sic
776 850 979 894 egrediantur

231 897 345 942 induti,
368 910 425 932 nec
448 911 568 933 moram
592 898 634 933 ibi
657 898 768 934 saciant
791 899 976 944 longiorem.

206 945 370 987 ,caveant
395 948 502 988 etiam,
540 955 574 982 nt
612 947 763 994 quamdin
792 948 870 982 intra
910 960 978 982 mo-

230 997 403 1030 nasterium
428 996 554 1036 fuerint,
577 996 757 1031 nullatenus
779 996 816 1030 ad
843 997 976 1031 invicem

231 1052 429 1091 separentur,
462 1046 538 1092 quin
570 1057 695 1092 semper
722 1054 831 1080 mutuo
859 1046 977 1091 possint

229 1088 328 1128 libere
354 1106 388 1128 se
414 1094 531 1129 videre.
558 1093 613 1129 Sic
634 1106 760 1141 quoque
786 1106 819 1128 se
844 1094 977 1128 babeant

229 1142 260 1176 in
283 1143 406 1177 animae
425 1143 710 1178 commendatione.
732 1143 828 1178 Porro
849 1145 886 1177 ad
910 1155 978 1177 exe-

228 1191 320 1238 quias
340 1191 422 1226 circa
441 1192 634 1239 sepulturam
657 1192 808 1238 agendas,
830 1192 978 1227 sacerdos

229 1252 292 1275 non
320 1240 515 1287 ingrediatur
546 1242 730 1284 claustrum,
758 1241 812 1276 sed
841 1241 977 1275 exterius

228 1288 260 1323 in
294 1289 434 1336 cappella
469 1290 553 1337 quod
587 1290 624 1325 ad
659 1290 796 1325 officium
833 1291 976 1337 pertinet,

228 1347 412 1385 exequatur.
435 1338 573 1374 Tametsi
596 1339 770 1375 abbatissae
791 1347 822 1374 et
843 1351 978 1374 conven-

228 1387 272 1420 tui
295 1389 396 1423 visum
423 1387 515 1422 fuerit
533 1388 617 1436 quod
637 1388 674 1422 ad
698 1389 845 1435 exequias
867 1388 977 1422 debeat

229 1435 370 1477 introire,
397 1437 492 1472 modo
513 1437 691 1483 supradicto
713 1449 783 1472 cum
807 1438 900 1472 sociis
924 1438 976 1471 in-

228 1492 288 1519 tret
311 1485 454 1526 indutus,
477 1495 505 1521 et
528 1486 649 1532 sepulta
676 1495 810 1527 mortua,
837 1498 910 1520 cum
933 1486 977 1520 eis

228 1542 317 1569 exeat
334 1535 402 1569 sine
421 1547 519 1570 mora.
538 1535 572 1570 Si
592 1543 698 1570 autem
721 1548 848 1570 necesse
872 1535 976 1577 fuerit,

229 1590 262 1617 ut
289 1583 507 1630 ingrediantur
538 1584 635 1631 aliqui
661 1585 699 1618 ad
728 1584 901 1620 faciendam
930 1585 975 1618 vel

228 1631 266 1666 ad
293 1633 493 1680 aperiendam
525 1635 731 1681 sepulturam,
754 1646 809 1669 seu
836 1642 977 1680 postmo-

229 1680 304 1715 dum
332 1683 551 1729 coaptandam,
579 1691 608 1718 et
642 1683 817 1717 abbatissae
844 1690 874 1717 et
901 1695 977 1717 con-

231 1731 336 1765 ventui
370 1733 470 1766 visum
495 1732 587 1767 fuerit
623 1733 681 1766 hoc
708 1732 879 1778 expediens
902 1743 977 1777 pro-

231 1786 300 1826 pter
321 1779 569 1816 imbecillitatem
586 1793 743 1821 sororum,
762 1781 801 1815 sit
822 1780 976 1815 sacerdoti

230 1827 279 1862 vel
300 1828 392 1863 alicui
419 1829 470 1863 alii
498 1830 534 1864 ad
563 1829 622 1864 hoc
651 1829 766 1863 idoneo
792 1837 821 1863 et
845 1829 977 1864 honesto

231 1888 302 1911 cum
326 1888 389 1912 uno
415 1878 514 1922 socio,
550 1878 597 1913 vel
623 1877 758 1919 duobus,
785 1877 907 1913 licitum
935 1878 979 1912 in-

230 1932 337 1961 trotre.

534 2000 615 2036 Car.
639 2003 672 2036 8.

861 256 1006 279 URBANUS
1031 256 1065 278 lV
1088 257 1136 279 ΡΡ.

1652 250 1721 281 715

1023 311 1061 344 lia
1102 311 1270 346 deservire.
1309 312 1425 347 Verum
1466 313 1538 360 quia
1578 312 1769 348 multitudini

1022 360 1082 394 snb
1105 360 1200 395 liuius
1222 360 1379 407 religionis
1403 362 1600 397 observantia
1631 375 1768 410 congrue

1021 409 1126 444 omnia
1153 409 1269 444 dehent
1298 422 1366 445 esse
1389 412 1580 450 communia,
1610 423 1667 447 nec
1700 413 1768 448 cui-

1021 470 1114 504 qnam
1144 458 1216 493 licet
1242 459 1361 506 aliquid
1395 472 1465 495 esse
1499 472 1603 500 sunm,
1638 469 1768 496 caveant

1021 507 1165 547 sollicite,
1183 520 1220 543 ne
1235 510 1401 543 occasione
1415 509 1556 544 laborum
1574 510 1767 551 huiusmodi,

1021 568 1077 591 seu
1104 557 1260 592 mercedis
1283 567 1423 603 receptae
1447 571 1502 605 pro
1524 559 1612 605 ipsis,
1643 560 1768 606 cupidi-

1022 605 1092 640 tatis
1125 606 1172 641 vel
1196 607 1394 653 proprietatis
1416 609 1604 655 cuiuspiam,
1634 621 1691 643 seu
1714 621 1769 644 no-

1021 654 1124 689 tabilis
1149 656 1351 702 specialitatis
1381 656 1527 704 subrepat
1555 657 1695 692 morbus.

1322 729 1401 765 Car.
1430 732 1463 765 9.

1067 800 1238 835 Silentium
1260 802 1445 836 continuum
1477 802 1524 836 sic
1551 803 1699 837 continue
1726 804 1794 839 abo

1019 849 1166 885 omnihus
1193 858 1347 891 teneatur,
1381 859 1414 885 nt
1447 863 1505 885 nec
1530 851 1589 885 sibi
1619 849 1790 893 invicem,q

1020 910 1077 932 nec
1099 899 1190 934 alicui
1209 900 1260 934 alii
1281 900 1348 933 sine
1363 899 1486 934 licentia
1501 899 1545 934 eis
1561 900 1646 947 loqui
1663 901 1763 942 liceat,

1019 949 1156 994 exceptis
1175 949 1224 991 iis,
1246 949 1362 994 quibus
1384 949 1599 994 magisterium
1623 949 1764 997 aliquod,

1020 998 1065 1031 vel
1101 1009 1181 1043 opus
1215 998 1394 1032 iniunctum
1429 998 1539 1041 fuerit,
1575 999 1659 1045 quod
1702 1011 1763 1034 non

1020 1045 1117 1091 possit
1138 1058 1209 1080 cum
1236 1046 1360 1081 silentio
1387 1047 1537 1087 exerceri;
1566 1047 1602 1081 iis
1634 1048 1763 1094 quidem

1018 1095 1113 1129 simul
1141 1094 1227 1141 loqui
1251 1096 1341 1130 liceat
1367 1095 1407 1130 de
1436 1096 1484 1138 iis,
1517 1108 1599 1142 quae
1630 1098 1668 1131 ad
1696 1097 1765 1131 offi-

1018 1143 1114 1187 cium,
1142 1145 1187 1178 vel
1222 1156 1304 1190 opus
1330 1157 1423 1179 sunm
1460 1147 1628 1191 pertinent,
1656 1146 1706 1180 ubi
1734 1155 1764 1180 et

1019 1192 1146 1239 quando
1173 1200 1203 1227 et
1224 1194 1358 1239 qualiter
1385 1194 1482 1227 visum
1504 1193 1596 1228 fuerit
1622 1194 1766 1230 abbatis-

1019 1253 1082 1275 sae.
1110 1241 1242 1276 Sorores
1278 1250 1379 1277 tamen
1403 1242 1523 1277 debiles
1552 1251 1582 1277 et
1611 1244 1764 1288 infirmae,

1017 1301 1053 1324 ac
1074 1291 1246 1325 servientes
1271 1291 1401 1332 eisdem,
1425 1303 1482 1336 pro
1517 1293 1709 1327 recreatione
1729 1305 1765 1328 ae

1019 1340 1156 1385 ipsarum
1175 1340 1315 1379 servitio,
1338 1340 1368 1374 in
1382 1340 1582 1375 infirmitorio
1600 1342 1682 1388 loqui
1699 1354 1764 1386 pos-

1017 1389 1090 1422 sint.
1114 1387 1147 1422 In
1171 1388 1349 1434 duplicibus
1367 1401 1494 1436 quoqne
1515 1389 1612 1428 festis,
1631 1402 1667 1424 ac
1688 1402 1765 1437 apo-

1017 1436 1169 1471 stolorum
1198 1437 1462 1481 solemnitatibus,
1484 1447 1514 1473 et
1535 1439 1604 1473 aliis
1630 1439 1765 1486 quibus-

1017 1486 1089 1520 dam
1102 1486 1225 1527 diebus,
1238 1487 1352 1533 quibus
1361 1487 1459 1521 visum
1474 1486 1565 1522 fuerit
1577 1488 1763 1528 abbatissae,

1019 1535 1048 1568 in
1084 1543 1170 1570 certo
1205 1535 1274 1570 loco
1301 1536 1337 1570 ad
1372 1536 1432 1571 ltoc
1458 1537 1593 1581 signato,
1623 1537 1662 1572 ab
1689 1538 1764 1572 liora

1019 1596 1100 1618 nona
1122 1597 1224 1630 usqne
1250 1585 1286 1618 ad
1311 1597 1484 1630 vesperam,
1508 1586 1553 1619 vel
1579 1586 1680 1632 aliqua
1705 1587 1763 1621 alia

1018 1633 1093 1668 hora
1120 1634 1323 1680 competenti,
1351 1634 1434 1680 loqui
1470 1635 1589 1680 possint
1622 1637 1660 1669 de
1692 1634 1765 1669 Do-

1020 1682 1105 1716 mino
1138 1682 1207 1716 lesu
1247 1682 1385 1723 Christo,
1417 1695 1451 1717 ac
1477 1683 1694 1726 solemnitate,
1728 1696 1763 1719 ac

1020 1732 1081 1777 piis
1102 1739 1282 1765 sanctorum
1298 1732 1462 1777 exemplis,
1480 1741 1509 1766 et
1531 1731 1570 1766 de
1584 1732 1653 1767 aliis
1673 1732 1765 1768 licitis

1018 1789 1047 1814 et
1071 1780 1220 1814 honestis.
1245 1781 1293 1814 ΑΙ)
1317 1781 1389 1815 liora
1412 1793 1539 1827 qnoque
1557 1780 1762 1826 Completorii

1020 1841 1117 1876 usque
1144 1830 1181 1863 ad
1209 1829 1358 1869 Tertiam,
1381 1830 1521 1875 exceptis
1542 1830 1763 1870 servitialibus,

1018 1886 1103 1912 extra
1118 1879 1342 1913 monasterium
1355 1878 1525 1918 abbatissa,
1539 1879 1657 1925 absque
1670 1891 1764 1914 causa

1019 1927 1203 1968 rationabili,
1239 1926 1388 1974 loquendi
1411 1928 1566 1963 licentiam
1595 1940 1657 1962 non
1687 1940 1765 1963 con-

1018 1975 1118 2010 cedat.
1156 1976 1189 2009 ln
1223 1977 1291 2010 aliis
1322 1989 1396 2011 vero
1431 1976 1638 2022 temporibus,
1670 1985 1764 2024 atque

1020 2024 1110 2065 locis,
1140 2026 1185 2059 sic
1217 2025 1356 2060 attendat
1385 2025 1519 2060 sollicite
1546 2026 1699 2060 abbatissa
1726 2026 1765 2060 de

1018 2085 1123 2117 causa,
1151 2073 1217 2117 ubi,
1243 2082 1273 2109 et
1295 2074 1433 2121 qnando,
1460 2084 1489 2109 et
1511 2074 1643 2121 qualiter
1669 2087 1765 2109 soro-

1787 260 1835 286 Λη.
1854 260 1880 287 (ΖΔ
1900 261 1964 288 ίΞῦἰ

1798 818 1807 832 υ
1823 812 1922 837 silentio,
1942 818 1962 834 et

1794 843 1860 863 nando
1888 844 1912 863 alu
1936 850 1962 864 et·

1779 874 1805 892 sit

1779 904 1832 923 dum⁴

1834 872 1962 899 tis-pennan-

283 2069 316 2106 Si
349 2070 473 2117 aliquae
508 2071 670 2111 iuveniles,
702 2071 747 2106 vel
781 2071 977 2118 grandiores,

55 2120 82 2142 ⁰⁰
109 2123 218 2173 “fssfbfflfl'
232 2131 365 2167 capaces
386 2120 503 2166 ingenii
523 2119 649 2161 fuerint,
671 2132 723 2155 eas
745 2121 852 2156 instrui
876 2120 977 2163 saciat,

37 2156 217 2208 tfillillsseut‘„
233 2169 258 2202 si
298 2169 358 2203 sibi
398 2169 556 2204 videbitur
591 2169 762 2210 abbatissa,
796 2170 977 2215 magistram

37 2213 219 2265 ᾏἸὲζζῖωᾚζζ
233 2217 280 2253 eis
301 2218 459 2265 deputans
481 2219 625 2252 idoneam
652 2226 682 2253 et
717 2218 896 2261 discretam,
925 2231 979 2264 per

38 2274 161 2295 eommunia.
233 2279 326 2313 qnam
363 2275 423 2301 tam
463 2267 492 2300 in
528 2276 635 2311 cantu,
670 2279 763 2314 quam
798 2268 829 2302 iu
866 2268 979 2302 divinis

233 2314 347 2351 officiis
368 2316 575 2351 instruantur.
598 2316 732 2351 Sorores
754 2329 827 2351 vero
858 2325 888 2352 et
910 2329 978 2352 ser-

233 2364 367 2410 vitiales,
400 2365 488 2399 horis
524 2373 554 2400 et
587 2365 665 2400 locis
703 2366 853 2401 institutis
888 2375 978 2412 prout

234 2413 412 2449 ordinatum
441 2414 545 2459 suerit,
573 2415 705 2450 utilibus
726 2423 756 2450 et
778 2415 920 2450 honestis
942 2417 977 2449 la·

233 2461 365 2498 boribus
388 2472 593 2510 occupentur,
615 2463 675 2498 sub
700 2464 749 2498 illa
772 2464 978 2510 providentia,

233 2513 318 2559 quod
345 2513 475 2548 excluso
496 2514 576 2553 ocio,
600 2513 721 2547 animae
743 2513 881 2553 inimico,
903 2526 978 2548 san-

233 2570 301 2596 ctae
323 2562 473 2597 orationis
499 2570 529 2596 et
551 2562 726 2597 devotionis
747 2562 892 2609 spiritum
916 2575 978 2597 non

232 2610 431 2655 extinguant,
452 2611 502 2646 cui
535 2610 651 2645 debent
678 2619 798 2646 caetera
821 2619 980 2657 tempora-

310 2666 386 2695 Ball.
409 2666 486 2696 Rom.
514 2667 567 2696 Vol.
585 2667 636 2696 Ill.
800 2667 838 2697 90

1019 2134 1069 2157 res
1095 2123 1236 2157 licentiet
1262 2123 1298 2157 ad
1328 2123 1533 2169 loquendum,
1560 2123 1643 2171 qnod
1672 2136 1765 2169 regu-

1020 2172 1091 2205 laris
1123 2171 1328 2211 observantia,
1361 2184 1441 2218 quae
1471 2185 1531 2206 non
1566 2173 1766 2207 mediocriter

1019 2232 1034 2254 a
1061 2221 1198 2262 silentio,
1225 2221 1309 2267 quod
1332 2230 1379 2256 est
1408 2221 1512 2255 cultus
1540 2221 1687 2260 iustitiae,
1717 2221 1764 2255 di-

1019 2271 1194 2315 gnoscitur,
1216 2271 1396 2304 nullatenus
1423 2270 1587 2304 relaxetur.

1309 2344 1390 2379 Car.
1419 2347 1431 2378 ‘l
1442 2347 1474 2379 Ο.

1780 2421 1808 2443 De
1817 2426 1876 2443 modo
1893 2422 1962 2443 cotto-

1069 2418 1189 2454 Omnes
1210 2427 1313 2453 autem
1338 2419 1483 2454 studeant
1511 2420 1554 2454 uti
1573 2420 1670 2466 signis
1692 2421 1765 2456 reli-
1795 2453 1856 2473 uendi
1871 2456 1892 2474 ω
1907 2452 1964 2473 ὼ,

1020 2468 1115 2514 giosis
1142 2468 1256 2515 pariter
1288 2477 1318 2503 et
1346 2469 1495 2504 honestis.
1531 2469 1613 2504 Sane
1639 2470 1765 2517 quando
1779 2459 1864 2508 guenet.

1020 2519 1122 2564 aliqua
1147 2529 1278 2564 persona
1307 2518 1462 2563 religiosa,
1494 2531 1549 2553 seu
1585 2520 1764 2559 saecularis,

1021 2566 1067 2600 vel
1091 2566 1259 2601 cuiuslibet
1280 2567 1453 2612 dignitatis,
1475 2567 1564 2602 alicui
1587 2567 1626 2602 de
1647 2569 1765 2603 sorori-

1022 2615 1080 2650 bus
1099 2616 1181 2662 loqui
1207 2615 1342 2662 petierit,
1365 2617 1531 2652 nuncietur
1551 2617 1697 2664 primitus
1717 2617 1766 2652 ab·
