2129 3223
165 276 215 303 An.
235 276 262 303 C.
277 277 345 304 ¹¹99

179 428 276 455 Art-hiep.
295 428 346 449 nr·-

166 468 170 478 ι
179 464 260 480 εῐθῐὶἱιῦ
300 465 346 480 mo-

165 494 236 511 ruente

184 1776 347 1804 eoniposteltaui

188 1810 347 1835 responsiones,

188 1844 228 1861 ete.

410 270 477 302 154

950 281 1046 304 ΒΗΜΛ
1053 282 1083 303 tu
1090 280 1135 303 ΓΜ
1162 280 1322 303 ΚΟΗΑΝΓΜ

360 334 468 368 moniti
496 344 557 367 non
574 332 743 378 effecerint,
757 332 794 368 ad
813 346 885 368 eum
903 335 1098 381 perveniunt,
1117 339 1119 365 i
1139 342 1200 369 tem
1240 343 1308 381 post
1344 333 1559 368 liberationem
1596 333 1786 369 Ulixbonen.
1820 346 1879 382 ept-

359 382 413 429 qui
436 382 546 429 poterit
572 393 606 417 ea
632 395 687 418 sua
725 382 953 430 praedicatione
976 384 1098 419 lucrari.
1138 396 1253 431 scopus
1275 382 1314 418 G.
1349 383 1487 428 nomine,
1525 396 1647 419 necnon
1681 392 1710 418 et
1749 383 1883 418 Alvarus

1139 445 1300 468 successor
1343 434 1442 480 ipsius
1480 433 1704 480 professionem
1742 433 1913 479 fecerunt·

360 431 457 466 Porro
478 431 645 466 Bimacaren
668 432 923 481 archiepiscopus
962 446 1100 480 respon-

360 481 464 523 debat,
482 482 565 528 quod
589 493 659 516 cum
701 482 731 517 in
767 485 945 538 praemisso
983 483 1100 518 iudicio

359 530 529 565 satisfactio
547 539 667 566 tantum
682 531 864 567 iniuriarum
876 533 967 580 petita
980 532 1099 569 fuisset

359 588 390 614 et
428 588 460 614 ut
497 580 698 622 cohiberetur
729 582 987 637 archiepiscopus
1017 582 1101 617 Bra-

359 642 462 664 caren.
486 642 524 664 ne
546 630 709 678 impediret
736 639 765 666 te
805 633 848 666 uti
883 632 1101 666 iurisdictione

359 680 586 726 metropolitica
621 680 650 715 in
684 680 744 716 illis
778 680 902 716 duobus
937 681 1101 737 episcopa-

358 728 455 768 tibus,
482 729 562 764 sicut
599 742 636 764 ex
668 729 765 765 forma
804 730 899 765 libelli
937 731 1102 765 coniicitur

358 778 533 814 manifeste:
556 779 694 827 profecto
716 792 774 815 nec
796 781 1025 827 proprietatem
1045 792 1102 815 nec

359 830 590 875 possessionem
618 829 657 864 ab
679 841 715 864 eo
747 830 805 864 iam
842 838 945 877 petere
979 838 1102 877 poteras

358 879 388 912 in
417 879 570 926 praesenti
598 879 726 919 iudicio,
760 880 939 926 praesertim
967 892 1038 914 cum
1072 888 1101 914 te

358 928 478 963 diceres
506 940 739 975 possessorem;
760 929 843 963 unde
879 930 1100 976 proprietatem

360 977 404 1012 rel
434 979 664 1025 possessionem
687 978 727 1012 ab
747 991 784 1012 eo
809 987 912 1025 petere
947 991 1008 1013 non
1048 991 1102 1013 va-

359 1027 456 1065 lebas,
483 1039 563 1074 quae
590 1029 715 1062 nonnisi
738 1040 754 1063 a
791 1028 1025 1075 possidentibus
1052 1040 1102 1063 re-

359 1084 520 1124 petuntur:
547 1077 737 1124 adiungens,
760 1078 863 1124 quod,
888 1078 946 1113 etsi
968 1078 1005 1112 ad
1029 1090 1103 1124 pro-

359 1127 522 1173 prietatem
544 1126 591 1161 vel
615 1127 844 1174 possessionem
871 1127 987 1174 aliquid
1012 1127 1103 1174 perti—

359 1188 437 1210 nens
478 1188 495 1210 a
535 1185 621 1224 parte
653 1189 710 1212 sua
745 1189 850 1212 coram
886 1177 978 1212 nobis
1011 1176 1103 1212 fuerit

358 1225 539 1273 allegatum,
561 1238 633 1261 cum
657 1227 704 1261 ius
738 1239 829 1261 suum
865 1226 960 1261 suerit
998 1234 1103 1274 prote-

358 1283 447 1316 stata,
471 1287 532 1310 non
563 1275 696 1311 debebat
734 1277 765 1311 in
798 1277 866 1311 eius
900 1276 1102 1323 dispendium

358 1324 546 1360 redundare.
568 1325 773 1361 Interdictum
795 1337 921 1373 quoque
953 1326 996 1360 uti
1036 1338 1105 1372 pos-

359 1374 477 1416 sidetis,
499 1374 583 1423 quod
605 1375 636 1410 in
657 1375 718 1410 hoc
730 1387 805 1410 casu
818 1376 920 1410 locum
943 1374 1104 1410 videbatur

359 1423 486 1459 habere:
514 1436 585 1459 cum
606 1434 737 1472 utraque
770 1425 905 1473 partium
939 1436 972 1459 se
1009 1425 1105 1471 possi-

360 1473 434 1508 dere
461 1473 590 1515 diceret,
613 1474 666 1510 tibi
686 1487 748 1509 non
776 1482 954 1521 competere
992 1486 1105 1520 propo-

360 1522 465 1567 nebat,
488 1536 560 1558 cum
580 1532 623 1564 te,
645 1524 725 1559 sicut
747 1523 882 1564 dicebat,
905 1536 965 1558 non
998 1524 1104 1570 proba-

361 1573 442 1608 veris
481 1585 706 1620 possessorem,
745 1585 803 1608 nec
842 1573 1006 1608 interdicto
1053 1573 1105 1607 illo

359 1623 438 1657 alius
451 1635 555 1669 agere,
570 1623 679 1666 valeat
697 1635 790 1670 quam
807 1635 978 1670 possessor;
998 1623 1105 1669 inquo

360 1672 412 1707 ille
426 1672 519 1708 debet
533 1685 589 1720 per
606 1673 793 1708 sententiam
813 1672 966 1727 obtinere,
981 1672 1033 1719 qui
1049 1684 1106 1706 nec

360 1722 401 1760 vi,
436 1735 494 1757 nec
532 1722 624 1763 clam,
665 1734 723 1757 nec
758 1722 901 1777 precario
931 1722 969 1756 ab
1010 1722 1106 1756 aiteio

363 1771 512 1820 possidet.
531 1771 579 1806 Tu
602 1784 674 1806 vero
694 1773 922 1819 possessionem
945 1771 1106 1806 Ecclesiae

362 1829 432 1856 tuae
472 1821 686 1869 multipliciter
725 1821 890 1856 ostendere
935 1820 1106 1868 satagebas,

363 1880 424 1906 tam
466 1883 520 1918 per
559 1870 773 1905 confessiones
816 1870 963 1905 adversae
999 1871 1106 1917 partis,

362 1933 456 1968 quam
485 1933 540 1967 per
560 1921 729 1955 electorum
753 1929 781 1954 et
810 1920 1028 1967 episcoporum
1064 1932 1109 1955 re-

363 1970 568 2017 cognitioneS,
590 1978 619 2004 et
647 1969 867 2016 professiones,
899 1977 929 2003 et
962 1968 1107 2004 obedien-

363 2020 510 2054 dientiam
553 2019 738 2057 eorundem,
780 2031 874 2066 quam
921 2020 1012 2054 etiam
1053 2031 1109 2066 per

363 2070 564 2104 executiones
585 2068 799 2103 Romanorum
815 2068 1016 2107 Pontificum,
1029 2080 1108 2115 quae

364 2119 485 2165 singula
508 2127 567 2153 tam
592 2119 817 2163 instrumentis,
845 2130 939 2165 quam
976 2118 1109 2152 testibus

364 2168 528 2204 asserebas
544 2181 613 2203 esse
635 2167 772 2214 probata.
795 2167 1006 2213 Interrogatus
1024 2168 1108 2201 enim

366 2219 396 2252 in
439 2218 506 2253 iure
556 2217 596 2252 G.
638 2217 803 2252 Bracaren.
856 2217 1110 2263 archiepiscopus

366 2268 528 2314 proximus
549 2276 728 2302 antecessor
766 2267 879 2306 istius,
913 2267 937 2301 si
966 2266 1109 2302 credebat

365 2318 500 2365 aliquem
527 2316 804 2364 praedecessorum
826 2328 955 2351 suorum
973 2315 1030 2350 hos
1044 2317 1111 2361 epi-

365 2375 512 2413 scopatus
537 2366 704 2413 aliquando
728 2365 914 2413 possedisse,
937 2365 1109 2413 respondit:

367 2416 493 2463 quidam
535 2416 644 2451 dicunt
695 2416 753 2456 sic,
801 2415 927 2462 quidam
955 2427 1035 2455 non,
1081 2421 1112 2449 et

367 2466 438 2500 ideo
465 2466 571 2501 nescio
603 2465 716 2513 quibus
753 2466 895 2500 credam:
930 2473 960 2500 et
992 2463 1112 2500 addidit

368 2524 492 2560 postea:
515 2527 572 2550 nec
599 2515 671 2550 inde
686 2524 788 2549 certus
809 2527 898 2558 sum,
925 2526 982 2549 nec
1009 2515 1112 2549 incer-

369 2572 433 2603 tus3
455 2576 535 2611 quae
561 2564 654 2599 verba
681 2564 712 2598 in
751 2563 782 2598 id
815 2575 886 2599 eum
927 2563 1112 2599 videbantur

369 2612 529 2654 inducere,
577 2622 609 2648 ut
655 2613 776 2648 nullum
836 2613 1110 2659 praedecessorum

369 2673 499 2697 suorum
521 2663 663 2698 crederet
684 2662 873 2710 possedisse.
903 2662 1029 2697 Primus
1062 2675 1112 2697 au-

1141 484 1170 517 in
1198 483 1335 529 scriptis,
1356 491 1386 517 et
1409 483 1501 517 etiam
1540 484 1716 518 manualem
1742 482 1883 530 Compo-

1140 533 1299 567 stellanan.
1327 532 1573 579 archiepiscopo,
1600 541 1630 567 et
1656 533 1682 568 ei
1711 533 1794 567 sicut
1823 544 1881 567 me-

1142 583 1326 628 tropolitano
1334 594 1390 616 suo
1406 590 1607 617 reverentiam
1623 589 1653 617 et
1671 581 1880 617 obedientiam

1142 631 1374 678 impenderunt.
1396 631 1524 667 Tertius
1545 643 1671 679 quoque
1692 631 1747 679 qui
1769 643 1883 679 super-

1141 689 1199 721 est,
1222 681 1295 716 dum
1319 681 1421 716 adhuc
1447 689 1528 715 esset
1546 682 1675 725 electus,
1696 680 1779 716 idem
1811 693 1884 723 cum,

1142 739 1202 765 tota
1230 743 1284 766 sua
1307 731 1447 765 Ecclesia
1467 731 1660 776 recognovit,
1696 730 1824 765 veniens
1850 738 1883 765 ut

1141 780 1408 815 confirmationem
1430 780 1603 821 electionis,
1625 788 1655 815 et
1677 792 1793 815 munus
1813 792 1884 815 con·

1141 830 1322 865 secrationis
1369 830 1519 885 reciperet
1557 829 1595 864 ab
1644 829 1885 886 archiepiscopo

1142 888 1325 919 memorato,
1358 879 1416 914 nisi
1455 881 1494 914 de
1528 879 1632 914 medio
1661 879 1725 914 fere
1762 879 1886 915 itineris

1143 941 1196 975 per
1222 929 1464 984 prohibitionem
1501 930 1582 975 regis
1622 929 1671 963 sui
1698 929 1807 964 fuisset
1847 929 1886 963 ad

1143 979 1266 1025 propria
1290 986 1460 1013 revocatus·
1484 979 1564 1013 sicut
1592 990 1647 1026 per
1663 979 1778 1014 multos
1792 986 1887 1014 testes

1142 1028 1304 1063 asserebas
1332 1040 1400 1063 esse
1452 1028 1629 1075 probatum.
1677 1028 1887 1063 Executiones

1142 1090 1267 1125 quoque
1309 1077 1525 1112 Romanorum
1563 1077 1765 1119 Pontificum,
1799 1077 1887 1113 vide-

1142 1127 1214 1162 licet
1238 1127 1417 1168 Alexandri,
1439 1127 1529 1162 Lucii
1551 1136 1581 1162 et
1614 1106 1799 1173 Coelestiili,
1833 1116 1885 1175 qui

1142 1177 1386 1224 possessionem,
1434 1189 1528 1224 quam
1569 1185 1599 1212 te
1639 1177 1771 1217 habere,
1817 1177 1887 1212 licet

1142 1239 1214 1262 cum
1248 1226 1495 1273 perturbatione,
1538 1226 1698 1267 credebas,
1732 1226 1890 1262 declarare

1144 1276 1320 1315 voluerunt,
1342 1277 1570 1321 demonstrant,
1591 1275 1676 1324 quod
1705 1284 1734 1311 te
1756 1276 1787 1310 in
1815 1275 1890 1324 ple—

1145 1338 1221 1361 num
1259 1326 1483 1361 iurisdictionis
1521 1338 1613 1361 usum
1650 1325 1799 1361 inducere
1832 1337 1890 1360 cu-

1144 1383 1301 1416 raverunt,
1328 1375 1505 1410 facultatem
1528 1375 1582 1410 tibi
1615 1375 1746 1410 liberam
1788 1374 1889 1410 tribu-

1144 1433 1232 1460 entes
1254 1425 1481 1472 suspendendi,
1511 1424 1821 1470 excommunicandi,
1858 1433 1887 1460 et

1144 1474 1329 1510 electionem
1352 1474 1506 1514 cassandi,
1534 1475 1759 1522 praecipientes
1795 1474 1889 1511 etiam

1144 1524 1313 1559 sententias
1335 1536 1350 1558 a
1370 1532 1401 1558 te
1423 1523 1501 1558 latas
1528 1523 1746 1559 inviolabiliter
1779 1524 1888 1559 obser-

1145 1573 1220 1614 vari,
1247 1573 1327 1608 sicut
1342 1574 1371 1607 in
1386 1572 1556 1608 eorundem
1573 1573 1683 1608 litteris
1700 1573 1889 1609 continetur.

1145 1623 1206 1657 Pro
1238 1623 1460 1657 iurisdictionis
1492 1629 1594 1657 autem
1630 1624 1813 1658 executione
1849 1623 1890 1657 li-

1146 1672 1219 1707 bere
1241 1673 1410 1707 obtinenda
1439 1673 1468 1706 in
1508 1671 1657 1707 Elboren.
1695 1673 1891 1720 episcopatu,

1148 1722 1277 1768 punitus
1299 1730 1346 1756 est
1368 1721 1534 1756 Bracaren.
1565 1722 1821 1770 archiepiscopus
1858 1734 1890 1756 ιιι

1146 1771 1378 1818 episcopatibus
1408 1770 1560 1805 Galletiae
1606 1771 1661 1805 tibi
1698 1783 1752 1818 per
1773 1770 1890 1806 Sedem

1147 1820 1359 1868 Apostolicam
1382 1821 1560 1867 assignatis,
1598 1821 1679 1856 sicut
1713 1821 1742 1855 in
1781 1820 1891 1855 litteris

1149 1870 1247 1905 bonae
1270 1871 1440 1905 memoriae
1455 1870 1624 1904 Alexandri
1651 1869 1755 1916 Papae
1787 1870 1891 1905 conti·

1149 1921 1212 1954 ueri
1237 1920 1372 1954 dicebas.
1395 1919 1565 1954 Exlitteris
1586 1920 1678 1954 etiam
1701 1918 1890 1954 Ulixbonen.

1148 1969 1299 2016 episcopi,
1333 1981 1411 2016 quas
1424 1968 1611 2003 ostendebas
1625 1969 1770 2011 bullatas,
1788 1977 1892 2004 osten-

1148 2018 1221 2053 dere
1248 2017 1408 2059 nitebaris,
1431 2018 1515 2065 quod
1543 2017 1692 2053 Elboren.
1724 2019 1891 2066 episcopus

1149 2067 1332 2102 sententiam
1356 2080 1371 2102 a
1394 2076 1423 2102 te
1450 2068 1541 2102 latam
1582 2068 1611 2102 in
1651 2069 1751 2115 ipsum
1786 2069 1891 2103 incae-

1151 2125 1236 2164 perat
1257 2117 1432 2152 observare.
1462 2117 1628 2152 Bracaren.
1656 2125 1760 2152 autem
1787 2117 1890 2152 archi-

1149 2167 1319 2214 episcopus
1345 2166 1555 2213 respondebat
1582 2167 1790 2213 professiones
1807 2178 1892 2214 prae-

1149 2216 1247 2250 dictas
1281 2228 1342 2250 non
1383 2228 1452 2251 esse
1494 2228 1548 2263 per
1576 2224 1669 2251 testes
1694 2216 1891 2263 approbatas,

1150 2265 1306 2312 quandam
1330 2266 1405 2312 ipsis
1432 2265 1564 2301 testibus
1590 2265 1628 2300 de
1661 2266 1779 2300 ratione
1817 2275 1892 2301 tem-

1150 2315 1234 2369 poris
1256 2315 1539 2361 impossibilitatem
1566 2314 1735 2356 obiiciens;
1748 2326 1892 2350 asserens

1150 2364 1254 2403 etiam,
1276 2364 1359 2411 quod
1382 2377 1435 2411 per
1472 2364 1679 2411 professiones
1712 2364 1890 2399 huiusmodi

1151 2414 1228 2448 clam
1258 2414 1418 2460 ignorante
1454 2413 1620 2449 Bracaren.
1656 2409 1892 2461 archiepiscopo

1152 2464 1256 2503 factas,
1294 2475 1355 2497 non
1398 2464 1497 2511 potuit
1543 2462 1683 2498 Ecclesia
1724 2462 1892 2498 Bracaren·

1151 2524 1205 2547 sua
1229 2513 1426 2559 possessione
1448 2513 1576 2560 privari:
1591 2519 1719 2553 cum,et
1738 2513 1892 2559 quaedam

1151 2574 1258 2597 earum
1305 2562 1402 2597 factae
1447 2562 1545 2597 fuisse
1587 2561 1771 2608 probentur,
1818 2574 1889 2597 cum

1150 2610 1339 2646 Ulixbonen.
1363 2612 1530 2660 episcopus
1559 2611 1723 2653 exulabat,
1766 2623 1892 2658 posses-

1152 2661 1270 2696 sionem
1298 2674 1386 2697 suam
1408 2662 1508 2696 multo
1529 2660 1653 2708 plenius
1673 2668 1704 2696 et
1736 2660 1892 2698 efficacius

1896 280 1945 307 Αιι.
1962 279 1992 307 C.
2008 280 2076 308 1¹99

1913 1087 1968 1114 Quid
1991 1086 2083 1107 t-cerint

1879 1118 1940 1138 hac
1955 1119 1975 1138 in
1998 1122 2021 1138 re
2045 1116 2083 1137 Ro-

1902 1155 1933 1169 mxi
1928 1147 2082 1169 iniPontisscen.
