2129 3223
1669 250 1738 282 203)
1807 261 1898 288 amc.
1921 262 1983 289 teos

257 320 364 359 utpote
382 312 467 347 virin
480 311 541 346 fide
561 310 746 352 catholicus,
769 310 798 344 in
827 310 893 356 lege
917 311 1000 356 peri·
1042 310 1181 344 fluminis
1202 323 1235 345 se
1265 321 1417 358 pararent,
1446 325 1527 348 unus
1549 313 1586 349 de
1617 315 1785 362 praedictis
1816 322 1845 342 Ab
1861 323 1905 343 0³⁰⁵
1922 329 1929 343 ε
1945 325 1983 344 ²0¹-

1753 365 1758 370 .
1801 352 1871 373 litibus
1901 355 1983 375 occisus

256 369 317 401 tus,
343 361 425 396 etin
451 372 597 396 sermone
637 358 801 403 facundus,
835 360 999 395 concitavit
1039 358 1196 394 Sathanae
1223 361 1409 396 satellitibus
1441 363 1578 398 lanceam
1609 376 1697 400 suam
1732 377 1784 399 vi-
1799 381 1874 403 recu<
1895 385 1919 405 ae
1943 385 1983 404 ⁴:2-

254 410 402 446 adversus
422 422 494 445 eum
516 409 660 445 diabolus
688 409 866 443 ministrum
887 439 889 441 .
907 421 998 444 suum
1041 408 1144 453 brans,
1191 411 1460 457 praenominatum
1510 413 1657 455 Petrum,
1689 426 1783 462 supra
1799 414 1928 435 ἰω-ΜΨ

64 253 117 281 An.
133 253 163 282 C.
177 255 244 282 1208
846 255 1057 278 iwoct-:s‘rtt's
1080 256 1114 277 tlt
1141 257 1189 278 ee.

253 459 399 494 comitem
437 459 679 502 Tholosanum,
725 458 778 504 qui
828 470 898 492 cum
943 471 999 504 pro

252 507 360 543 multis
379 517 410 543 et
438 510 559 556 magnis
579 507 772 544 excessibus,
795 519 874 554 quos
897 509 924 541 in
942 508 999 543 Ec-

250 557 376 593 clesiam
404 559 603 594 commiserat
625 566 655 592 et
682 558 712 592 in
750 557 864 600 Deum,
904 569 997 606 saepe

249 619 415 643 censuram
450 609 694 643 ecclesiasticam
734 607 927 644 incurrisset,
967 617 995 642 et

249 668 353 703 saepe,
379 657 461 692 sicut
482 657 576 693 bomo
599 655 772 705 versipellis
794 664 825 690 et
851 656 995 702 callidus7

250 705 392 742 lubricus
417 715 447 742 et
470 707 662 746 inconstans,
686 706 880 753 plenitudine
902 706 995 740 simu-

248 754 308 791 lata
335 756 427 791 fuerit
448 756 621 800 absolutus,
645 756 767 791 tandem
791 755 898 790 odium
922 768 995 790 con-

11 843 14 846 ,
248 805 346 840 tinere
368 818 430 840 non
468 805 650 853 praevalens
688 804 773 851 quod
806 814 992 851 conceperat

8 850 234 905 fsffl'ssffigfflj
246 863 353 890 contra
381 856 482 902 ipsum
505 867 543 890 ex
565 867 602 890 eo
633 855 717 902 qnod
758 866 818 889 non
854 862 918 888 erat
961 855 990 889 in

4 898 130 977 stemus.
245 903 314 940 eius
339 916 393 939 ore
423 904 556 940 verbum
594 904 720 939 Domini
759 904 916 949 alligatum
952 904 989 939 ad

10 981 19 988 .
244 952 417 989 faciendam
446 954 612 989 vindictam
632 954 661 988 in
683 953 863 988 nationibus
891 962 919 987 et
948 955 991 988 in-

241 1004 441 1049 crepationes
462 1004 493 1038 in
517 1003 653 1051 populis,
674 1014 710 1038 ac
738 1015 776 1036 eo
817 1002 927 1038 fortius
959 1004 987 1038 in

240 1051 352 1087 eodem
374 1065 437 1099 quo
468 1054 567 1099 magis
610 1065 666 1100 pro
708 1052 879 1086 maioribus
924 1063 988 1087 erat

240 1100 309 1148 ipse
336 1101 527 1137 facinoribus
554 1102 785 1149 increpandus,
809 1110 869 1136 tam
898 1114 987 1142 eum,

239 1163 334 1198 quam
356 1152 507 1198 collegam
535 1152 636 1199 ipsius
662 1150 862 1198 Apostolicae
896 1151 987 1186 Sedis

238 1199 359 1247 legatos
381 1201 418 1235 ad
441 1201 544 1235 villam
572 1201 678 1236 Sancti
708 1200 826 1246 AEgidii
868 1213 987 1235 convo—

238 1249 328 1293 cavit,
352 1251 537 1297 prominens
577 1262 671 1296 super
704 1250 824 1284 cnut-tis
871 1250 986 1296 quibus

8 1325 13 1327 .
239 1299 449 1345 impetebatur
474 1300 621 1346 capitulis
647 1299 893 1334 satisfactionem
918 1300 985 1346 ple-

55 1339 161 1368 botegun·
176 1349 226 1370 apo-

41 1372 122 1393 notit-ts
153 1379 225 1395 comet

41 1405 209 1429 ammonitius·
239 1397 322 1432 tibus
355 1398 417 1432 illis
453 1398 482 1432 in
523 1397 592 1432 vitta
629 1397 784 1443 praedicta
829 1398 984 1444 praefatus

236 1458 344 1482 comes
370 1447 515 1482 salutaria
538 1447 654 1482 monita
685 1447 744 1481 sibi
774 1447 850 1481 facta
889 1448 983 1481 modo

237 1496 319 1531 velut
341 1508 433 1531 verax
456 1504 486 1531 et
508 1496 606 1531 facilis
640 1499 834 1543 promitteret
865 1509 898 1531 se
936 1497 984 1532 fa-

235 1554 374 1590 cturum,
400 1554 431 1581 et
457 1545 553 1580 modo
579 1545 663 1581 velut
693 1545 781 1580 fallax
813 1554 843 1580 et
882 1546 983 1581 durus

234 1607 268 1629 ea
285 1607 413 1642 prorsus
440 1595 563 1630 efficere
600 1603 769 1632 recusaret.
805 1596 982 1630 volentibus

235 1644 296 1679 illis
334 1645 461 1679 demum
497 1645 536 1679 ab
573 1644 682 1679 eadem
711 1645 782 1679 villa
826 1646 981 1686 recedere,

234 1702 365 1729 mortem
388 1703 434 1728 est
463 1694 587 1741 publice
617 1695 838 1735 comminatus,
874 1695 982 1729 dicens

232 1744 317 1790 quod
344 1756 546 1791 quocumque
575 1743 621 1777 vel
648 1756 703 1791 per
726 1752 837 1778 terram
873 1744 982 1779 diver-

234 1801 335 1828 terent
361 1793 407 1827 vel
436 1806 491 1841 per
516 1805 643 1840 aquam,
672 1793 834 1839 vigilanter
871 1806 978 1829 eorum

232 1842 413 1877 observaret
438 1854 611 1888 egressum,
633 1850 663 1876 et
684 1842 866 1886 confestim,
894 1843 982 1879 sactis

232 1892 313 1926 dicta
335 1904 560 1939 compensans,
583 1891 756 1938 complices
776 1904 850 1927 suos
866 1893 903 1927 ad
927 1906 981 1928 ex-

232 1941 365 1987 quisitas
391 1941 519 1975 insidias
540 1941 718 1975 destinavit.
742 1941 887 1989 Cumque
923 1955 980 1978 nec

232 1990 270 2024 ad
306 2001 416 2037 preces
457 1989 560 2024 dilecti
609 1990 661 2024 lilii
709 1990 829 2026 abbatis
871 1992 978 2027 Sancti

231 2039 366 2086 AEgitlii,
393 2051 449 2074 nec
476 2039 513 2074 ad
537 2040 714 2074 instantiam
749 2041 915 2076 consulum
951 2051 980 2076 et

233 2088 438 2136 burgensium
472 2088 586 2123 furoris
612 2090 658 2122 sni
689 2089 821 2136 mitigari
858 2092 978 2126 vesania

232 2140 395 2185 potuisset,
418 2138 474 2184 ipsi
496 2150 563 2182 eos,
582 2138 677 2173 inrito
694 2140 808 2173 comite
829 2140 980 2175 nimium—

231 2199 293 2235 que
319 2188 456 2228 dolente,
484 2200 554 2222 cnm
583 2197 717 2222 armatae
743 2201 857 2223 manus
884 2202 980 2237 prae-

231 2237 314 2272 sidio
337 2249 434 2284 prope
462 2237 560 2284 ripam
594 2236 741 2272 Rhodani
781 2238 979 2274 deduxerunt

231 2287 284 2322 ubi
312 2295 404 2322 nocte
425 2287 612 2334 quieverunt
645 2287 804 2332 instante,
839 2289 978 2335 quibus-

231 2335 302 2372 darn
338 2336 479 2371 eiusdem
527 2336 650 2370 comitis
677 2336 867 2371 satellitibus
903 2339 980 2385 ipsis

231 2397 362 2433 prorsus
378 2386 492 2432 ignotis
514 2385 745 2432 hospitantibus
759 2398 828 2421 cum
847 2388 978 2429 eisdem,

231 2435 285 2482 qui
313 2436 393 2470 sicut
415 2436 561 2483 apparuit
584 2435 613 2469 in
648 2434 761 2469 effectu
792 2438 977 2484 sanguinem

231 2485 430 2532 inquirebant
451 2485 604 2532 ipsorum.
629 2483 662 2518 ln
684 2485 853 2520 crastinum
876 2487 979 2534 itaque

231 2545 324 2570 mane
350 2534 443 2578 facto,
465 2542 495 2569 et
522 2534 613 2568 missa
636 2533 789 2569 celebrata
820 2535 857 2568 de.
881 2549 979 2579 more,

232 2595 303 2622 cum
332 2584 458 2618 innocui
477 2582 593 2618 Clu-isti
618 2583 730 2617 milites
752 2583 788 2616 ad
813 2587 979 2619 transitum

268 2640 308 2674 (Ι)
327 2640 476 2674 Legendnm
497 2641 605 2667 forsitan
625 2643 802 2672 poenitudine.

316 2684 387 2713 Ball.
406 2684 481 2713 Rom.
505 2684 557 2713 vul.
577 2684 625 2713 ΙΙΙ.
786 2685 822 2714 *27

1038 458 1200 494 Christum
1230 468 1347 506 petram
1377 461 1528 496 immobili
1554 463 1697 499 firmitate
1719 464 1785 499 fun·

1037 507 1157 553 datum,
1171 517 1273 543 tantae
1291 510 1476 557 proditionis
1499 512 1671 553 incautum,
1703 513 1784 549 inter

1037 566 1139 592 costas
1166 560 1320 606 posterius
1348 561 1530 606 vulneravit,
1557 563 1609 609 qui
1650 564 1720 610 pius
1752 565 1780 597 in

1036 607 1168 654 impium
1198 608 1369 656 respiciens
1388 622 1616 657 percussorem,
1639 621 1670 647 et
1693 612 1783 648 Chri-

1034 657 1072 690 sti
1109 658 1248 704 magistri
1297 659 1344 693 sui
1381 672 1451 693 cum
1492 660 1582 695 beato
1618 661 1780 709 Stephano

1034 715 1162 741 secutus
1188 708 1381 755 exemplum,
1403 709 1480 743 dixit
1502 711 1538 745 ad
1563 711 1679 757 ipsum:
1695 710 1780 746 Deus

1036 755 1089 790 tibi
1117 756 1265 802 dimittat,
1292 758 1364 804 quia
1391 770 1449 805 ego
1483 759 1618 801 dimitto,
1656 761 1778 807 pietatis

1033 813 1062 840 et
1091 806 1255 852 patientiae
1279 815 1379 841 tantae
1401 808 1530 843 verbum
1565 810 1690 857 saepius
1729 823 1778 844 re-

1033 855 1178 901 petendo.
1201 856 1323 891 Deinde
1356 858 1402 891 sic
1438 859 1618 897 transfixus,
1657 860 1778 894 acerbi-

1031 912 1125 939 tatem
1152 905 1228 940 illati
1258 906 1396 941 vulneris
1422 919 1478 954 spe
1513 908 1696 943 coelestium
1732 920 1775 944 est

1030 954 1158 995 oblitus,
1185 963 1215 989 et
1250 956 1279 989 in
1329 956 1456 991 instanti
1499 970 1575 992 suae
1622 959 1776 1005 pretiosae

1031 1004 1141 1038 mortis
1163 1004 1295 1039 articulo
1322 1017 1393 1039 cum
1418 1006 1583 1042 ministerii
1606 1009 1653 1042 sui
1681 1009 1776 1043 sociis

1028 1065 1108 1100 quae
1130 1053 1224 1088 fidem
1247 1056 1460 1101 promoverint
1503 1065 1534 1091 et
1568 1069 1678 1104 pacem
1713 1070 1774 1092 non

1028 1102 1177 1138 desinens
1203 1105 1359 1143 ordinare,
1397 1113 1467 1151 post
1499 1105 1613 1141 multas
1647 1108 1773 1142 demum

1027 1153 1184 1187 orationes
1211 1154 1242 1188 in
1265 1152 1391 1188 Christo
1414 1154 1545 1189 feliciter
1571 1155 1771 1190 obdormivit.

1026 1200 1088 1242 Qut
1113 1202 1251 1248 profecto
1277 1215 1350 1237 cum
1395 1203 1434 1238 oh
1471 1204 1564 1239 fidem
1586 1214 1617 1239 et
1652 1218 1773 1252 pacem,

1027 1250 1141 1296 quibus
1169 1252 1254 1287 nulla
1294 1265 1424 1299 prorsus
1459 1262 1509 1288 est
1537 1266 1631 1289 causa
1664 1255 1774 1290 lauda-

1027 1300 1117 1334 bilior
1138 1301 1174 1335 ad
1203 1302 1383 1349 martyrium
1406 1303 1590 1349 sanguinem
1613 1317 1705 1339 snum
1722 1305 1774 1339 fu-

240 1350 359 1383 nariam
381 1348 538 1383 exhibere.
561 1348 642 1383 Cum
670 1357 773 1382 autem
797 1349 985 1384 convenien-
1024 1349 1116 1389 derit,
1138 1350 1230 1385 claris
1252 1351 1324 1390 iam,
1348 1360 1378 1386 ut
1409 1353 1580 1392 credimus,
1614 1354 1772 1389 miraculis

1002 1429 1005 1437 ⁴
1024 1407 1233 1439 coruscasset,
1256 1401 1314 1434 nisi
1339 1401 1396 1435 boc
1425 1401 1550 1437 illorum
1570 1403 1772 1439 incredulitas

1025 1448 1202 1495 impediret,
1229 1448 1268 1484 de
1289 1462 1425 1496 quorum
1444 1451 1600 1486 similibus
1618 1453 1648 1487 in
1671 1452 1773 1488 Evau—

1023 1498 1105 1543 gelio
1127 1498 1240 1545 legitur
1260 1499 1345 1546 qnod
1368 1499 1455 1535 Iesus
1477 1513 1539 1536 non
1568 1501 1701 1537 faciebat
1730 1503 1769 1537 ibi

1025 1548 1152 1582 virtutes
1198 1549 1312 1583 multas
1351 1558 1476 1597 propter
1522 1551 1769 1587 incredulitatem

1022 1608 1154 1631 eorum:
1182 1599 1255 1644 quia
1277 1610 1465 1646 quamquam
1495 1601 1619 1647 linguae
1643 1614 1704 1636 non
1733 1603 1771 1636 fi-

1023 1646 1157 1686 delibus,
1174 1648 1228 1681 sed
1257 1647 1438 1683 infidelibus
1464 1650 1525 1684 sint
1565 1651 1595 1684 in
1629 1652 1767 1697 signnm,

1001 1703 1003 1733 .’
1022 1695 1164 1731 Salvator
1182 1707 1284 1731 tamen
1314 1707 1532 1745 praesentatus
1554 1699 1686 1741 Herodi,
1701 1702 1768 1748 qui,

1023 1753 1100 1779 teste
1122 1745 1218 1791 Luca,
1237 1747 1326 1781 valde
1348 1749 1474 1793 gavisus
1512 1758 1558 1783 est
1583 1750 1647 1784 viso
1688 1763 1766 1797 ipso,

1024 1807 1079 1840 pro
1105 1807 1143 1830 eo
1165 1797 1248 1843 quod
1273 1798 1396 1843 signum
1426 1798 1551 1845 aliquod
1576 1799 1680 1834 videre
1703 1801 1765 1834 lieri

1021 1844 1060 1877 ab
1086 1844 1153 1891 ipso
1184 1846 1339 1893 sperabat,
1374 1855 1402 1881 et
1439 1848 1540 1883 facere
1581 1849 1768 1895 dedignatus

1021 1901 1067 1927 est
1095 1894 1218 1940 signum
1253 1904 1282 1930 et
1316 1896 1449 1931 reddere
1481 1897 1683 1945 interroganti
1718 1912 1767 1933 re-

1021 1955 1185 1990 sponsum,
1208 1945 1311 1980 sciens
1332 1946 1416 1992 quod
1447 1947 1476 1980 in
1511 1949 1692 1994 operatione
1719 1949 1764 1982 si-

1020 2004 1152 2037 gnorum
1185 2006 1248 2028 non
1291 1996 1483 2030 credulitatis
1518 1997 1678 2039 inductio,
1711 2000 1764 2032 sed

1022 2043 1164 2077 vanitatis
1184 2044 1270 2078 illum
1290 2044 1455 2079 admiratio
1476 2045 1660 2081 delectabat.
1680 2047 1763 2081 Licet

1020 2099 1124 2126 autem
1152 2093 1202 2127 itta
1226 2106 1318 2140 prava
1356 2102 1386 2128 et
1422 2107 1565 2141 perversa
1605 2098 1764 2142 generatio

1021 2153 1082 2175 non
1111 2142 1150 2176 sit
1175 2142 1281 2188 digna,
1311 2152 1343 2177 ut
1376 2152 1437 2178 tam
1469 2145 1543 2187 cito,
1578 2146 1658 2179 sicut
1702 2146 1764 2179 for-

1019 2191 1097 2225 sitan
1126 2191 1192 2237 ipsa
1214 2193 1347 2239 quaerit,
1374 2193 1413 2226 de
1446 2206 1503 2228 suo
1537 2194 1595 2228 sibi
1633 2203 1763 2242 martyre

1019 2240 1110 2274 detur
1135 2241 1272 2287 signum,
1300 2242 1465 2288 expedisse
1481 2253 1583 2277 tamen
1605 2245 1764 2279 credimus

1019 2289 1059 2331 ei,
1083 2298 1114 2323 ιιι
1137 2302 1220 2325 unus
1247 2292 1302 2324 iste
1331 2303 1387 2337 pro
1406 2292 1483 2338 ipsa,
1507 2306 1544 2326 ne
1567 2300 1628 2327 tota
1646 2303 1762 2340 pereat,

1020 2348 1204 2376 moreretur,
1232 2352 1313 2386 qnae
1339 2342 1483 2386 contagio
1510 2341 1763 2389 baereticaepra-

1020 2388 1122 2422 x‘itatis
1150 2389 1262 2423 infecta
1291 2401 1346 2435 per
1376 2390 1625 2437 interpellantem
1669 2393 1761 2427 occisi

1019 2437 1202 2483 sangninem
1226 2450 1240 2471 a
1263 2450 1320 2472 suo
1343 2440 1455 2474 melius
1472 2450 1632 2475 revocetur
1646 2453 1762 2483 errore,

1019 2498 1113 2532 qnam
1141 2487 1230 2521 vivus
1251 2499 1319 2521 eam
1350 2489 1483 2535 potuerit
1510 2502 1665 2525 revocare.
1694 2491 1762 2527 Hoc

1019 2545 1064 2569 est
1085 2535 1168 2569 enim
1201 2544 1289 2571 vetus
1323 2538 1487 2572 artificium
1528 2539 1598 2574 lesu
1633 2539 1763 2581 Christi,

1020 2585 1079 2619 boc
1118 2585 1339 2621 miraculosum
1384 2588 1544 2633 ingenium
1582 2590 1762 2630 Salvatoris,

1021 2642 1051 2668 ut
1083 2646 1155 2668 cum
1192 2635 1221 2668 in
1265 2637 1328 2670 suis
1362 2637 1462 2672 victus
1507 2651 1576 2673 esse
1627 2650 1762 2687 putatur,
