<?xml version="1.0" encoding="UTF-8"?>
<!DOCTYPE html PUBLIC "-//W3C//DTD XHTML 1.0 Transitional//EN"
    "http://www.w3.org/TR/xhtml1/DTD/xhtml1-transitional.dtd">
<html xmlns="http://www.w3.org/1999/xhtml" xml:lang="en" lang="en">
 <head>
  <title>
</title>
<meta http-equiv="Content-Type" content="text/html;charset=utf-8" />
  <meta name='ocr-system' content='tesseract 3.04.00' />
  <meta name='ocr-capabilities' content='ocr_page ocr_carea ocr_par ocr_line ocrx_word'/>
</head>
<body>
  <div class='ocr_page' id='page_1' title='image "./bullarumdiplomat03cath/bullarumdiplomat03cath_0188.png"; bbox 0 0 2129 3223; ppageno 0'>
   <div class='ocr_carea' id='block_1_1' title="bbox 249 289 355 317">
    <p class='ocr_par' dir='ltr' id='par_1_1' title="bbox 249 289 355 317">
     <span class='ocr_line' id='line_1_1' title="bbox 249 289 355 317; baseline 0.009 -1"><span class='ocrx_word' id='word_1_1' title='bbox 249 289 267 316; x_wconf 89' lang='lat' dir='ltr'>C</span> <span class='ocrx_word' id='word_1_2' title='bbox 294 290 355 317; x_wconf 69' lang='lat'>1201</span> 
     </span>
    </p>
   </div>
   <div class='ocr_carea' id='block_1_2' title="bbox 157 1699 340 1788">
    <p class='ocr_par' dir='ltr' id='par_1_2' title="bbox 157 1699 340 1788">
     <span class='ocr_line' id='line_1_2' title="bbox 171 1699 340 1726; baseline -0.006 -6"><span class='ocrx_word' id='word_1_3' title='bbox 171 1699 278 1726; x_wconf 75' lang='lat' dir='ltr'>Philippus</span> <span class='ocrx_word' id='word_1_4' title='bbox 304 1705 340 1720; x_wconf 77' lang='lat' dir='ltr'>rex</span> 
     </span>
     <span class='ocr_line' id='line_1_3' title="bbox 158 1731 340 1758; baseline 0 -7"><span class='ocrx_word' id='word_1_5' title='bbox 158 1731 212 1751; x_wconf 68' lang='lat' dir='ltr'>nuos</span> <span class='ocrx_word' id='word_1_6' title='bbox 220 1732 307 1758; x_wconf 79' lang='lat' dir='ltr'>suscipit</span> <span class='ocrx_word' id='word_1_7' title='bbox 315 1736 340 1751; x_wconf 80' lang='lat' dir='ltr'>ex</span> 
     </span>
     <span class='ocr_line' id='line_1_4' title="bbox 157 1763 313 1788; baseline -0.006 -6"><span class='ocrx_word' id='word_1_8' title='bbox 157 1763 313 1788; x_wconf 69' lang='lat' dir='ltr'>superinducta,</span> 
     </span>
    </p>
   </div>
   <div class='ocr_carea' id='block_1_3' title="bbox 160 2440 343 2491">
    <p class='ocr_par' dir='ltr' id='par_1_3' title="bbox 160 2440 343 2491">
     <span class='ocr_line' id='line_1_5' title="bbox 173 2440 342 2466; baseline 0.006 -7"><span class='ocrx_word' id='word_1_9' title='bbox 173 2440 211 2460; x_wconf 71' lang='lat' dir='ltr'>Cur</span> <span class='ocrx_word' id='word_1_10' title='bbox 233 2445 269 2460; x_wconf 75' lang='lat' dir='ltr'>eos</span> <span class='ocrx_word' id='word_1_11' title='bbox 289 2441 342 2466; x_wconf 70' lang='lat' dir='ltr'>tagi—</span> 
     </span>
     <span class='ocr_line' id='line_1_6' title="bbox 160 2469 343 2491; baseline 0.005 -1"><span class='ocrx_word' id='word_1_12' title='bbox 160 2473 219 2491; x_wconf 71' lang='grc'><strong>13331</strong></span> <span class='ocrx_word' id='word_1_13' title='bbox 236 2469 343 2491; x_wconf 80' lang='lat' dir='ltr'>innocen-</span> 
     </span>
    </p>
   </div>
   <div class='ocr_carea' id='block_1_4' title="bbox 430 281 817 380">
    <p class='ocr_par' dir='ltr' id='par_1_4' title="bbox 430 281 817 380">
     <span class='ocr_line' id='line_1_7' title="bbox 430 281 494 314; baseline 0 -1"><span class='ocrx_word' id='word_1_14' title='bbox 430 282 439 313; x_wconf 89' lang='grc'>1</span> <span class='ocrx_word' id='word_1_15' title='bbox 450 281 494 314; x_wconf 76' lang='lat'>82</span> 
     </span>
     <span class='ocr_line' id='line_1_8' title="bbox 672 343 817 380; baseline 0.007 -1"><span class='ocrx_word' id='word_1_16' title='bbox 672 343 817 380; x_wconf 76' lang='lat' dir='ltr'>xxxiv.</span> 
     </span>
    </p>
   </div>
   <div class='ocr_carea' id='block_1_5' title="bbox 371 407 1118 454">
    <p class='ocr_par' dir='ltr' id='par_1_5' title="bbox 371 407 1118 454">
     <span class='ocr_line' id='line_1_9' title="bbox 371 407 1118 454; baseline -0.007 -11"><span class='ocrx_word' id='word_1_17' title='bbox 371 409 424 443; x_wconf 74' lang='lat' dir='ltr'>Ad</span> <span class='ocrx_word' id='word_1_18' title='bbox 461 410 612 454; x_wconf 78' lang='lat' dir='ltr'>episcopos</span> <span class='ocrx_word' id='word_1_19' title='bbox 646 408 797 442; x_wconf 81' lang='lat' dir='ltr'>Franciae</span> <span class='ocrx_word' id='word_1_20' title='bbox 833 409 868 441; x_wconf 83' lang='lat' dir='ltr'>de</span> <span class='ocrx_word' id='word_1_21' title='bbox 900 407 1118 451; x_wconf 74' lang='lat' dir='ltr'>leqitimatione</span> 
     </span>
    </p>
   </div>
   <div class='ocr_carea' id='block_1_6' title="bbox 416 457 1116 600">
    <p class='ocr_par' dir='ltr' id='par_1_6' title="bbox 416 457 1116 600">
     <span class='ocr_line' id='line_1_10' title="bbox 416 457 1116 503; baseline -0.006 -11"><span class='ocrx_word' id='word_1_22' title='bbox 416 459 516 503; x_wconf 72' lang='lat' dir='ltr'>prolis</span> <span class='ocrx_word' id='word_1_23' title='bbox 529 470 548 492; x_wconf 86' lang='lat' dir='ltr'>a</span> <span class='ocrx_word' id='word_1_24' title='bbox 563 459 710 503; x_wconf 75' lang='lat' dir='ltr'>Philippo</span> <span class='ocrx_word' id='word_1_25' title='bbox 723 459 760 492; x_wconf 89' lang='grc' dir='ltr'>ΙΙ</span> <span class='ocrx_word' id='word_1_26' title='bbox 770 469 837 503; x_wconf 75' lang='lat' dir='ltr'>reqe</span> <span class='ocrx_word' id='word_1_27' title='bbox 847 470 886 491; x_wconf 77' lang='lat' dir='ltr'>ex</span> <span class='ocrx_word' id='word_1_28' title='bbox 900 457 1116 502; x_wconf 74' lang='lat' dir='ltr'>superinducta</span> 
     </span>
     <span class='ocr_line' id='line_1_11' title="bbox 417 510 644 553; baseline 0.004 -12"><span class='ocrx_word' id='word_1_29' title='bbox 417 515 568 553; x_wconf 77' lang='lat' dir='ltr'><strong><em>susceptae</em></strong></span> <span class='ocrx_word' id='word_1_30' title='bbox 587 510 644 552; x_wconf 84' lang='lat'>(1).</span> 
     </span>
     <span class='ocr_line' id='line_1_12' title="bbox 634 567 847 600; baseline -0.014 0"><span class='ocrx_word' id='word_1_31' title='bbox 634 567 847 600; x_wconf 78' lang='lat' dir='ltr'>SUMMARlUM</span> 
     </span>
    </p>
   </div>
   <div class='ocr_carea' id='block_1_7' title="bbox 369 620 1113 703">
    <p class='ocr_par' dir='ltr' id='par_1_7' title="bbox 369 620 1113 703">
     <span class='ocr_line' id='line_1_13' title="bbox 369 620 1113 662; baseline -0.003 -11"><span class='ocrx_word' id='word_1_32' title='bbox 369 622 553 662; x_wconf 83' lang='lat' dir='ltr'>Apostolicae</span> <span class='ocrx_word' id='word_1_33' title='bbox 575 623 660 653; x_wconf 88' lang='lat' dir='ltr'>Sedis</span> <span class='ocrx_word' id='word_1_34' title='bbox 679 622 836 652; x_wconf 69' lang='lat' dir='ltr'>auctoritas</span> <span class='ocrx_word' id='word_1_35' title='bbox 856 620 1046 660; x_wconf 76' lang='lat' dir='ltr'>legitimandi</span> <span class='ocrx_word' id='word_1_36' title='bbox 1077 636 1113 641; x_wconf 97' lang='lat'><strong>—</strong></span> 
     </span>
     <span class='ocr_line' id='line_1_14' title="bbox 407 660 1109 703; baseline -0.009 -9"><span class='ocrx_word' id='word_1_37' title='bbox 407 663 560 703; x_wconf 83' lang='lat' dir='ltr'>Philippus</span> <span class='ocrx_word' id='word_1_38' title='bbox 581 672 631 693; x_wconf 83' lang='lat' dir='ltr'>rex</span> <span class='ocrx_word' id='word_1_39' title='bbox 662 663 738 693; x_wconf 85' lang='lat' dir='ltr'>filios</span> <span class='ocrx_word' id='word_1_40' title='bbox 760 662 885 701; x_wconf 77' lang='lat' dir='ltr'>suscipit</span> <span class='ocrx_word' id='word_1_41' title='bbox 906 671 939 690; x_wconf 82' lang='lat' dir='ltr'>ex</span> <span class='ocrx_word' id='word_1_42' title='bbox 970 660 1109 699; x_wconf 86' lang='lat' dir='ltr'>superin-</span> 
     </span>
    </p>
   </div>
   <div class='ocr_carea' id='block_1_8' title="bbox 366 701 1111 931">
    <p class='ocr_par' dir='ltr' id='par_1_8' title="bbox 366 701 1111 931">
     <span class='ocr_line' id='line_1_15' title="bbox 406 701 1109 740; baseline -0.01 -6"><span class='ocrx_word' id='word_1_43' title='bbox 406 704 502 734; x_wconf 78' lang='lat' dir='ltr'>ducta.</span> <span class='ocrx_word' id='word_1_44' title='bbox 530 721 568 727; x_wconf 92' lang='lat'>-</span> <span class='ocrx_word' id='word_1_45' title='bbox 589 703 647 734; x_wconf 88' lang='lat' dir='ltr'>Cur</span> <span class='ocrx_word' id='word_1_46' title='bbox 672 713 722 733; x_wconf 89' lang='lat' dir='ltr'>eos</span> <span class='ocrx_word' id='word_1_47' title='bbox 750 702 894 740; x_wconf 74' lang='lat' dir='ltr'>legitimet</span> <span class='ocrx_word' id='word_1_48' title='bbox 915 701 1109 730; x_wconf 65' lang='lat' dir='ltr'>Innocentius</span> 
     </span>
     <span class='ocr_line' id='line_1_16' title="bbox 366 757 1109 797; baseline -0.008 -7"><span class='ocrx_word' id='word_1_49' title='bbox 366 761 540 790; x_wconf 77' lang='lat' dir='ltr'>Innocentius</span> <span class='ocrx_word' id='word_1_50' title='bbox 557 761 699 797; x_wconf 80' lang='lat' dir='ltr'>episcopus</span> <span class='ocrx_word' id='word_1_51' title='bbox 717 767 812 789; x_wconf 76' lang='lat' dir='ltr'>servus</span> <span class='ocrx_word' id='word_1_52' title='bbox 832 765 971 788; x_wconf 86' lang='lat' dir='ltr'>servorum</span> <span class='ocrx_word' id='word_1_53' title='bbox 990 757 1046 789; x_wconf 82' lang='lat' dir='ltr'>Dei,</span> <span class='ocrx_word' id='word_1_54' title='bbox 1066 765 1109 785; x_wconf 84' lang='lat' dir='ltr'>ve-</span> 
     </span>
     <span class='ocr_line' id='line_1_17' title="bbox 408 803 1111 838; baseline -0.007 -3"><span class='ocrx_word' id='word_1_55' title='bbox 408 806 575 836; x_wconf 80' lang='lat' dir='ltr'>nerabilibus</span> <span class='ocrx_word' id='word_1_56' title='bbox 593 806 730 835; x_wconf 68' lang='lat' dir='ltr'>tratribus</span> <span class='ocrx_word' id='word_1_57' title='bbox 750 804 885 833; x_wconf 83' lang='lat' dir='ltr'>universis</span> <span class='ocrx_word' id='word_1_58' title='bbox 903 803 1111 838; x_wconf 79' lang='lat' dir='ltr'><strong>archiepiscopis</strong></span> 
     </span>
     <span class='ocr_line' id='line_1_18' title="bbox 408 848 1108 888; baseline -0.007 -8"><span class='ocrx_word' id='word_1_59' title='bbox 408 852 439 880; x_wconf 81' lang='lat' dir='ltr'>et</span> <span class='ocrx_word' id='word_1_60' title='bbox 456 851 589 888; x_wconf 80' lang='lat' dir='ltr'>episcopis</span> <span class='ocrx_word' id='word_1_61' title='bbox 602 858 650 886; x_wconf 79' lang='lat' dir='ltr'>per</span> <span class='ocrx_word' id='word_1_62' title='bbox 664 857 777 886; x_wconf 79' lang='lat' dir='ltr'>regnum</span> <span class='ocrx_word' id='word_1_63' title='bbox 793 849 919 878; x_wconf 76' lang='lat' dir='ltr'>Franciae</span> <span class='ocrx_word' id='word_1_64' title='bbox 935 848 1108 878; x_wconf 81' lang='lat' dir='ltr'>constitutis.</span> 
     </span>
     <span class='ocr_line' id='line_1_19' title="bbox 408 894 1019 931; baseline -0.007 -6"><span class='ocrx_word' id='word_1_65' title='bbox 408 897 527 925; x_wconf 69' lang='lat' dir='ltr'>salutern</span> <span class='ocrx_word' id='word_1_66' title='bbox 546 897 576 924; x_wconf 82' lang='lat' dir='ltr'>et</span> <span class='ocrx_word' id='word_1_67' title='bbox 599 895 778 931; x_wconf 72' lang='lat' dir='ltr'>apostoticam</span> <span class='ocrx_word' id='word_1_68' title='bbox 796 894 1019 922; x_wconf 74' lang='lat' dir='ltr'>benedictionem.</span> 
     </span>
    </p>
   </div>
   <div class='ocr_carea' id='block_1_9' title="bbox 411 947 1108 1001">
    <p class='ocr_par' dir='ltr' id='par_1_9' title="bbox 411 947 1108 1001">
     <span class='ocr_line' id='line_1_20' title="bbox 411 947 1108 1001; baseline -0.007 -16"><span class='ocrx_word' id='word_1_69' title='bbox 411 949 593 998; x_wconf 80' lang='lat' dir='ltr'>Apostolica</span> <span class='ocrx_word' id='word_1_70' title='bbox 610 948 721 993; x_wconf 75' lang='lat' dir='ltr'>Sedes,</span> <span class='ocrx_word' id='word_1_71' title='bbox 738 960 819 996; x_wconf 87' lang='lat' dir='ltr'>quae</span> <span class='ocrx_word' id='word_1_72' title='bbox 836 947 901 982; x_wconf 84' lang='lat' dir='ltr'>Deo</span> <span class='ocrx_word' id='word_1_73' title='bbox 921 947 1108 1001; x_wconf 79' lang='lat' dir='ltr'>disponente</span> 
     </span>
    </p>
   </div>
   <div class='ocr_carea' id='block_1_10' title="bbox 166 998 1108 1060">
    <p class='ocr_par' dir='ltr' id='par_1_10' title="bbox 166 998 1108 1060">
     <span class='ocr_line' id='line_1_21' title="bbox 166 998 1108 1060; baseline -0.005 -25"><span class='ocrx_word' id='word_1_74' title='bbox 166 1001 278 1054; x_wconf 35' lang='lat'>5³⁰⁹&amp;</span> <span class='ocrx_word' id='word_1_75' title='bbox 288 1002 546 1060; x_wconf 52' lang='lat' dir='ltr'>Sediijcunetorum</span> <span class='ocrx_word' id='word_1_76' title='bbox 579 998 716 1033; x_wconf 83' lang='lat' dir='ltr'>fidelium</span> <span class='ocrx_word' id='word_1_77' title='bbox 742 1005 839 1032; x_wconf 89' lang='lat' dir='ltr'>mater</span> <span class='ocrx_word' id='word_1_78' title='bbox 871 1005 919 1032; x_wconf 88' lang='lat' dir='ltr'>est</span> <span class='ocrx_word' id='word_1_79' title='bbox 950 1005 980 1031; x_wconf 89' lang='lat' dir='ltr'>et</span> <span class='ocrx_word' id='word_1_80' title='bbox 1008 1009 1108 1042; x_wconf 84' lang='lat' dir='ltr'>magi-</span> 
     </span>
    </p>
   </div>
   <div class='ocr_carea' id='block_1_11' title="bbox 355 1048 1108 1740">
    <p class='ocr_par' dir='ltr' id='par_1_11' title="bbox 355 1048 1108 1740">
     <span class='ocr_line' id='line_1_22' title="bbox 360 1048 1108 1100; baseline -0.007 -15"><span class='ocrx_word' id='word_1_81' title='bbox 360 1058 434 1088; x_wconf 82' lang='lat' dir='ltr'>stra,</span> <span class='ocrx_word' id='word_1_82' title='bbox 470 1048 746 1096; x_wconf 85' lang='lat' dir='ltr'>praedeeessorum</span> <span class='ocrx_word' id='word_1_83' title='bbox 780 1055 958 1082; x_wconf 85' lang='lat' dir='ltr'>nostrorum</span> <span class='ocrx_word' id='word_1_84' title='bbox 986 1055 1108 1100; x_wconf 85' lang='lat' dir='ltr'>tempo-</span> 
     </span>
     <span class='ocr_line' id='line_1_23' title="bbox 360 1096 1107 1144; baseline -0.007 -10"><span class='ocrx_word' id='word_1_85' title='bbox 360 1099 447 1134; x_wconf 86' lang='lat' dir='ltr'>ribus</span> <span class='ocrx_word' id='word_1_86' title='bbox 469 1098 600 1134; x_wconf 90' lang='lat' dir='ltr'>diversis</span> <span class='ocrx_word' id='word_1_87' title='bbox 623 1098 726 1133; x_wconf 82' lang='lat' dir='ltr'>causis</span> <span class='ocrx_word' id='word_1_88' title='bbox 748 1096 909 1144; x_wconf 86' lang='lat' dir='ltr'>inspectis,</span> <span class='ocrx_word' id='word_1_89' title='bbox 936 1107 1008 1130; x_wconf 88' lang='lat' dir='ltr'>cum</span> <span class='ocrx_word' id='word_1_90' title='bbox 1035 1108 1107 1142; x_wconf 75' lang='lat' dir='ltr'>qut-</span> 
     </span>
     <span class='ocr_line' id='line_1_24' title="bbox 360 1144 1107 1193; baseline -0.008 -9"><span class='ocrx_word' id='word_1_91' title='bbox 360 1148 491 1184; x_wconf 83' lang='lat' dir='ltr'>busdam</span> <span class='ocrx_word' id='word_1_92' title='bbox 502 1148 607 1182; x_wconf 88' lang='lat' dir='ltr'>minus</span> <span class='ocrx_word' id='word_1_93' title='bbox 622 1147 762 1193; x_wconf 81' lang='lat' dir='ltr'>legitime</span> <span class='ocrx_word' id='word_1_94' title='bbox 787 1146 903 1193; x_wconf 85' lang='lat' dir='ltr'>genitis</span> <span class='ocrx_word' id='word_1_95' title='bbox 916 1144 1107 1192; x_wconf 74' lang='lat' dir='ltr'>dispensavit</span> 
     </span>
     <span class='ocr_line' id='line_1_25' title="bbox 358 1194 1105 1252; baseline -0.007 -19"><span class='ocrx_word' id='word_1_96' title='bbox 358 1199 451 1233; x_wconf 86' lang='lat' dir='ltr'>etiam</span> <span class='ocrx_word' id='word_1_97' title='bbox 477 1210 515 1233; x_wconf 80' lang='lat' dir='ltr'>ex</span> <span class='ocrx_word' id='word_1_98' title='bbox 549 1197 718 1237; x_wconf 76' lang='grc' dir='ltr'><strong>311311311ος</strong></span> <span class='ocrx_word' id='word_1_99' title='bbox 746 1196 927 1252; x_wconf 80' lang='lat' dir='ltr'>procreatis</span> <span class='ocrx_word' id='word_1_100' title='bbox 954 1194 1038 1241; x_wconf 89' lang='lat' dir='ltr'>quod</span> <span class='ocrx_word' id='word_1_101' title='bbox 1068 1194 1105 1228; x_wconf 83' lang='lat' dir='ltr'>ad</span> 
     </span>
     <span class='ocr_line' id='line_1_26' title="bbox 357 1243 1107 1295; baseline -0.008 -12"><span class='ocrx_word' id='word_1_102' title='bbox 357 1256 446 1283; x_wconf 86' lang='lat' dir='ltr'>actus</span> <span class='ocrx_word' id='word_1_103' title='bbox 467 1247 648 1295; x_wconf 79' lang='lat' dir='ltr'>spirituales</span> <span class='ocrx_word' id='word_1_104' title='bbox 669 1246 847 1293; x_wconf 76' lang='lat' dir='ltr'>legitimans</span> <span class='ocrx_word' id='word_1_105' title='bbox 875 1247 906 1280; x_wconf 89' lang='lat' dir='ltr'>in</span> <span class='ocrx_word' id='word_1_106' title='bbox 935 1243 1107 1279; x_wconf 85' lang='lat' dir='ltr'>Pontifices</span> 
     </span>
     <span class='ocr_line' id='line_1_27' title="bbox 357 1294 1106 1351; baseline -0.008 -19"><span class='ocrx_word' id='word_1_107' title='bbox 357 1309 484 1345; x_wconf 88' lang='lat' dir='ltr'>quoque</span> <span class='ocrx_word' id='word_1_108' title='bbox 506 1297 680 1351; x_wconf 81' lang='lat' dir='ltr'>promoveri</span> <span class='ocrx_word' id='word_1_109' title='bbox 707 1296 874 1331; x_wconf 78' lang='lat' dir='ltr'>concessit</span> <span class='ocrx_word' id='word_1_110' title='bbox 903 1294 984 1329; x_wconf 89' lang='lat' dir='ltr'>Cum</span> <span class='ocrx_word' id='word_1_111' title='bbox 1014 1294 1106 1339; x_wconf 88' lang='lat' dir='ltr'>igitur</span> 
     </span>
     <span class='ocr_line' id='line_1_28' title="bbox 357 1344 1104 1392; baseline -0.005 -11"><span class='ocrx_word' id='word_1_112' title='bbox 357 1347 456 1381; x_wconf 91' lang='lat' dir='ltr'>maior</span> <span class='ocrx_word' id='word_1_113' title='bbox 490 1345 644 1381; x_wconf 81' lang='lat' dir='ltr'>idoneitas</span> <span class='ocrx_word' id='word_1_114' title='bbox 671 1358 700 1380; x_wconf 87' lang='lat' dir='ltr'>in</span> <span class='ocrx_word' id='word_1_115' title='bbox 737 1344 974 1392; x_wconf 68' lang='lat' dir='ltr'>spiritualibus</span> <span class='ocrx_word' id='word_1_116' title='bbox 1010 1356 1104 1390; x_wconf 88' lang='lat' dir='ltr'>quam</span> 
     </span>
     <span class='ocr_line' id='line_1_29' title="bbox 358 1394 1103 1442; baseline -0.004 -12"><span class='ocrx_word' id='word_1_117' title='bbox 358 1397 389 1430; x_wconf 93' lang='lat' dir='ltr'>in</span> <span class='ocrx_word' id='word_1_118' title='bbox 420 1395 635 1431; x_wconf 88' lang='lat' dir='ltr'>saecularibus</span> <span class='ocrx_word' id='word_1_119' title='bbox 656 1395 845 1442; x_wconf 80' lang='lat' dir='ltr'>requir,atur</span> <span class='ocrx_word' id='word_1_120' title='bbox 873 1394 1011 1428; x_wconf 88' lang='lat' dir='ltr'>dubitari</span> <span class='ocrx_word' id='word_1_121' title='bbox 1042 1405 1103 1427; x_wconf 90' lang='lat' dir='ltr'>non</span> 
     </span>
     <span class='ocr_line' id='line_1_30' title="bbox 357 1443 1104 1498; baseline -0.005 -18"><span class='ocrx_word' id='word_1_122' title='bbox 357 1445 462 1486; x_wconf 81' lang='lat' dir='ltr'>debet,</span> <span class='ocrx_word' id='word_1_123' title='bbox 484 1445 561 1493; x_wconf 90' lang='lat' dir='ltr'>quin</span> <span class='ocrx_word' id='word_1_124' title='bbox 583 1445 650 1493; x_wconf 90' lang='lat' dir='ltr'>ipsa</span> <span class='ocrx_word' id='word_1_125' title='bbox 668 1445 744 1479; x_wconf 87' lang='lat' dir='ltr'>tales</span> <span class='ocrx_word' id='word_1_126' title='bbox 765 1444 803 1478; x_wconf 89' lang='lat' dir='ltr'>ad</span> <span class='ocrx_word' id='word_1_127' title='bbox 825 1453 913 1479; x_wconf 87' lang='lat' dir='ltr'>actus</span> <span class='ocrx_word' id='word_1_128' title='bbox 931 1443 1104 1498; x_wconf 76' lang='lat' dir='ltr'>legitimare</span> 
     </span>
     <span class='ocr_line' id='line_1_31' title="bbox 357 1493 1104 1541; baseline 0 -14"><span class='ocrx_word' id='word_1_129' title='bbox 357 1494 454 1530; x_wconf 86' lang='lat' dir='ltr'>valeat</span> <span class='ocrx_word' id='word_1_130' title='bbox 475 1494 669 1538; x_wconf 79' lang='lat' dir='ltr'>saeculares,</span> <span class='ocrx_word' id='word_1_131' title='bbox 698 1494 879 1541; x_wconf 86' lang='lat' dir='ltr'>praesertim</span> <span class='ocrx_word' id='word_1_132' title='bbox 911 1494 949 1527; x_wconf 85' lang='lat' dir='ltr'>ad</span> <span class='ocrx_word' id='word_1_133' title='bbox 978 1493 1104 1539; x_wconf 85' lang='lat' dir='ltr'>petitio—</span> 
     </span>
     <span class='ocr_line' id='line_1_32' title="bbox 357 1542 1103 1599; baseline -0.003 -20"><span class='ocrx_word' id='word_1_134' title='bbox 357 1556 427 1579; x_wconf 90' lang='lat' dir='ltr'>nem</span> <span class='ocrx_word' id='word_1_135' title='bbox 451 1556 579 1584; x_wconf 88' lang='lat' dir='ltr'>eorum</span> <span class='ocrx_word' id='word_1_136' title='bbox 602 1544 656 1599; x_wconf 80' lang='lat' dir='ltr'>qui</span> <span class='ocrx_word' id='word_1_137' title='bbox 679 1551 803 1590; x_wconf 81' lang='lat' dir='ltr'>praeter</span> <span class='ocrx_word' id='word_1_138' title='bbox 823 1543 1002 1578; x_wconf 85' lang='lat' dir='ltr'>Romanum</span> <span class='ocrx_word' id='word_1_139' title='bbox 1026 1542 1103 1576; x_wconf 90' lang='lat' dir='ltr'>Pon</span> 
     </span>
     <span class='ocr_line' id='line_1_33' title="bbox 355 1572 1102 1640; baseline -0.003 -12"><span class='ocrx_word' id='word_1_140' title='bbox 355 1593 470 1629; x_wconf 87' lang='lat' dir='ltr'>tificem</span> <span class='ocrx_word' id='word_1_141' title='bbox 502 1572 600 1628; x_wconf 80' lang='lat' dir='ltr'>aliuin</span> <span class='ocrx_word' id='word_1_142' title='bbox 623 1594 704 1628; x_wconf 91' lang='lat' dir='ltr'>inter</span> <span class='ocrx_word' id='word_1_143' title='bbox 736 1592 881 1628; x_wconf 89' lang='lat' dir='ltr'>homines</span> <span class='ocrx_word' id='word_1_144' title='bbox 907 1592 1102 1640; x_wconf 78' lang='lat' dir='ltr'>superiorem</span> 
     </span>
     <span class='ocr_line' id='line_1_34' title="bbox 355 1642 1104 1689; baseline -0.004 -11"><span class='ocrx_word' id='word_1_145' title='bbox 355 1643 486 1678; x_wconf 90' lang='lat' dir='ltr'>minime</span> <span class='ocrx_word' id='word_1_146' title='bbox 520 1650 751 1689; x_wconf 89' lang='lat' dir='ltr'>recognoscunt</span> <span class='ocrx_word' id='word_1_147' title='bbox 786 1642 954 1677; x_wconf 82' lang='lat' dir='ltr'>habentem</span> <span class='ocrx_word' id='word_1_148' title='bbox 990 1642 1104 1676; x_wconf 88' lang='lat' dir='ltr'>huius-</span> 
     </span>
     <span class='ocr_line' id='line_1_35' title="bbox 355 1691 1104 1740; baseline -0.004 -12"><span class='ocrx_word' id='word_1_149' title='bbox 355 1693 439 1728; x_wconf 90' lang='lat' dir='ltr'>modi</span> <span class='ocrx_word' id='word_1_150' title='bbox 465 1700 662 1740; x_wconf 86' lang='lat' dir='ltr'>potestatem.</span> <span class='ocrx_word' id='word_1_151' title='bbox 685 1692 842 1733; x_wconf 86' lang='lat' dir='ltr'>Quoniam</span> <span class='ocrx_word' id='word_1_152' title='bbox 865 1704 940 1738; x_wconf 84' lang='lat' dir='ltr'>ergo</span> <span class='ocrx_word' id='word_1_153' title='bbox 953 1691 1104 1727; x_wconf 85' lang='lat' dir='ltr'>charissi-</span> 
     </span>
    </p>
   </div>
   <div class='ocr_carea' id='block_1_12' title="bbox 355 1741 1124 1789">
    <p class='ocr_par' dir='ltr' id='par_1_12' title="bbox 355 1741 1124 1789">
     <span class='ocr_line' id='line_1_36' title="bbox 355 1741 1124 1789; baseline -0.003 -12"><span class='ocrx_word' id='word_1_154' title='bbox 355 1755 426 1778; x_wconf 88' lang='lat' dir='ltr'>mus</span> <span class='ocrx_word' id='word_1_155' title='bbox 452 1742 484 1776; x_wconf 90' lang='lat' dir='ltr'>in</span> <span class='ocrx_word' id='word_1_156' title='bbox 511 1741 638 1777; x_wconf 89' lang='lat' dir='ltr'>Christo</span> <span class='ocrx_word' id='word_1_157' title='bbox 653 1741 736 1776; x_wconf 85' lang='lat' dir='ltr'>filius</span> <span class='ocrx_word' id='word_1_158' title='bbox 747 1749 852 1776; x_wconf 86' lang='lat' dir='ltr'>noster</span> <span class='ocrx_word' id='word_1_159' title='bbox 866 1741 1035 1789; x_wconf 83' lang='lat' dir='ltr'>Philippus</span> <span class='ocrx_word' id='word_1_160' title='bbox 1051 1753 1102 1776; x_wconf 79' lang='lat' dir='ltr'>rex</span> <span class='ocrx_word' id='word_1_161' title='bbox 1122 1773 1124 1781; x_wconf 69' lang='lat'>‚</span> 
     </span>
    </p>
   </div>
   <div class='ocr_carea' id='block_1_13' title="bbox 353 1791 1105 2635">
    <p class='ocr_par' dir='ltr' id='par_1_13' title="bbox 353 1791 1105 2582">
     <span class='ocr_line' id='line_1_37' title="bbox 355 1791 1102 1839; baseline -0.001 -13"><span class='ocrx_word' id='word_1_162' title='bbox 355 1791 548 1827; x_wconf 85' lang='lat' dir='ltr'>Francorum</span> <span class='ocrx_word' id='word_1_163' title='bbox 570 1799 693 1839; x_wconf 86' lang='lat' dir='ltr'>praeter</span> <span class='ocrx_word' id='word_1_164' title='bbox 716 1791 962 1839; x_wconf 87' lang='lat' dir='ltr'>primogenitum</span> <span class='ocrx_word' id='word_1_165' title='bbox 992 1803 1102 1834; x_wconf 74' lang='lat' dir='ltr'>suum,</span> 
     </span>
     <span class='ocr_line' id='line_1_38' title="bbox 353 1841 1103 1889; baseline -0.003 -13"><span class='ocrx_word' id='word_1_166' title='bbox 353 1854 447 1888; x_wconf 87' lang='lat' dir='ltr'>quem</span> <span class='ocrx_word' id='word_1_167' title='bbox 467 1841 506 1876; x_wconf 93' lang='lat' dir='ltr'>de</span> <span class='ocrx_word' id='word_1_168' title='bbox 528 1841 663 1888; x_wconf 88' lang='lat' dir='ltr'>coniuge</span> <span class='ocrx_word' id='word_1_169' title='bbox 673 1842 774 1888; x_wconf 89' lang='lat' dir='ltr'>prima</span> <span class='ocrx_word' id='word_1_170' title='bbox 790 1845 834 1885; x_wconf 74' lang='lat'>(2)</span> <span class='ocrx_word' id='word_1_171' title='bbox 852 1842 1006 1889; x_wconf 77' lang='lat' dir='ltr'>suscepit,</span> <span class='ocrx_word' id='word_1_172' title='bbox 1025 1841 1103 1876; x_wconf 86' lang='lat' dir='ltr'>alio-</span> 
     </span>
     <span class='ocr_line' id='line_1_39' title="bbox 353 1890 1103 1938; baseline -0.001 -13"><span class='ocrx_word' id='word_1_173' title='bbox 353 1903 422 1925; x_wconf 92' lang='lat' dir='ltr'>rum</span> <span class='ocrx_word' id='word_1_174' title='bbox 454 1891 574 1938; x_wconf 91' lang='lat' dir='ltr'>prolem</span> <span class='ocrx_word' id='word_1_175' title='bbox 602 1903 664 1925; x_wconf 92' lang='lat' dir='ltr'>non</span> <span class='ocrx_word' id='word_1_176' title='bbox 696 1890 790 1925; x_wconf 88' lang='lat' dir='ltr'>habet</span> <span class='ocrx_word' id='word_1_177' title='bbox 821 1891 880 1926; x_wconf 88' lang='lat' dir='ltr'>nisi</span> <span class='ocrx_word' id='word_1_178' title='bbox 913 1903 1045 1938; x_wconf 88' lang='lat' dir='ltr'>puerum</span> <span class='ocrx_word' id='word_1_179' title='bbox 1073 1899 1103 1925; x_wconf 92' lang='lat' dir='ltr'>et</span> 
     </span>
     <span class='ocr_line' id='line_1_40' title="bbox 355 1939 1102 1988; baseline 0 -13"><span class='ocrx_word' id='word_1_180' title='bbox 355 1940 504 1987; x_wconf 76' lang='lat' dir='ltr'>puellam,</span> <span class='ocrx_word' id='word_1_181' title='bbox 523 1952 605 1988; x_wconf 87' lang='lat' dir='ltr'>quos</span> <span class='ocrx_word' id='word_1_182' title='bbox 623 1940 650 1975; x_wconf 88' lang='lat' dir='ltr'>ei</span> <span class='ocrx_word' id='word_1_183' title='bbox 674 1939 788 1975; x_wconf 88' lang='lat' dir='ltr'>nobilis</span> <span class='ocrx_word' id='word_1_184' title='bbox 811 1940 923 1975; x_wconf 89' lang='lat' dir='ltr'>mulier</span> <span class='ocrx_word' id='word_1_185' title='bbox 940 1940 1102 1988; x_wconf 88' lang='lat' dir='ltr'>quondam</span> 
     </span>
     <span class='ocr_line' id='line_1_41' title="bbox 355 1989 1103 2037; baseline 0.001 -13"><span class='ocrx_word' id='word_1_186' title='bbox 355 1989 417 2025; x_wconf 83' lang='grc'><strong>11113</strong></span> <span class='ocrx_word' id='word_1_187' title='bbox 448 1989 564 2025; x_wconf 84' lang='lat' dir='ltr'>nobilis</span> <span class='ocrx_word' id='word_1_188' title='bbox 591 1989 646 2024; x_wconf 88' lang='lat' dir='ltr'>viri</span> <span class='ocrx_word' id='word_1_189' title='bbox 674 1989 764 2024; x_wconf 91' lang='lat' dir='ltr'>ducis</span> <span class='ocrx_word' id='word_1_190' title='bbox 789 1989 948 2025; x_wconf 86' lang='lat' dir='ltr'>Meraniae</span> <span class='ocrx_word' id='word_1_191' title='bbox 984 1991 1103 2037; x_wconf 81' lang='lat' dir='ltr'>peperit</span> 
     </span>
     <span class='ocr_line' id='line_1_42' title="bbox 355 2038 1103 2087; baseline 0 -13"><span class='ocrx_word' id='word_1_192' title='bbox 355 2051 456 2086; x_wconf 87' lang='lat' dir='ltr'>nuper</span> <span class='ocrx_word' id='word_1_193' title='bbox 485 2039 653 2078; x_wconf 79' lang='lat' dir='ltr'>defuncta.</span> <span class='ocrx_word' id='word_1_194' title='bbox 675 2038 714 2073; x_wconf 88' lang='lat' dir='ltr'>de</span> <span class='ocrx_word' id='word_1_195' title='bbox 735 2051 792 2074; x_wconf 88' lang='grc'>533</span> <span class='ocrx_word' id='word_1_196' title='bbox 821 2040 1000 2086; x_wconf 82' lang='lat' dir='ltr'>posteritate</span> <span class='ocrx_word' id='word_1_197' title='bbox 1029 2053 1103 2087; x_wconf 88' lang='lat' dir='ltr'>pro-</span> 
     </span>
     <span class='ocr_line' id='line_1_43' title="bbox 355 2088 1103 2135; baseline 0.001 -12"><span class='ocrx_word' id='word_1_198' title='bbox 355 2089 427 2124; x_wconf 88' lang='lat' dir='ltr'>vide</span> <span class='ocrx_word' id='word_1_199' title='bbox 452 2089 593 2135; x_wconf 87' lang='lat' dir='ltr'>cogitans</span> <span class='ocrx_word' id='word_1_200' title='bbox 619 2101 634 2123; x_wconf 90' lang='lat' dir='ltr'>a</span> <span class='ocrx_word' id='word_1_201' title='bbox 658 2088 749 2123; x_wconf 88' lang='lat' dir='ltr'>nobis</span> <span class='ocrx_word' id='word_1_202' title='bbox 779 2088 940 2124; x_wconf 88' lang='lat' dir='ltr'>humiliter</span> <span class='ocrx_word' id='word_1_203' title='bbox 963 2090 1103 2135; x_wconf 82' lang='lat' dir='ltr'>postula-</span> 
     </span>
     <span class='ocr_line' id='line_1_44' title="bbox 354 2138 1103 2186; baseline 0.003 -14"><span class='ocrx_word' id='word_1_204' title='bbox 354 2139 408 2179; x_wconf 82' lang='lat' dir='ltr'>vit,</span> <span class='ocrx_word' id='word_1_205' title='bbox 431 2146 465 2173; x_wconf 90' lang='lat' dir='ltr'>ut</span> <span class='ocrx_word' id='word_1_206' title='bbox 488 2151 542 2174; x_wconf 91' lang='lat' dir='ltr'>eos</span> <span class='ocrx_word' id='word_1_207' title='bbox 565 2138 741 2185; x_wconf 84' lang='lat' dir='ltr'>legitimare</span> <span class='ocrx_word' id='word_1_208' title='bbox 769 2151 824 2186; x_wconf 89' lang='lat' dir='ltr'>per</span> <span class='ocrx_word' id='word_1_209' title='bbox 846 2139 981 2173; x_wconf 83' lang='lat' dir='ltr'>favorem</span> <span class='ocrx_word' id='word_1_210' title='bbox 1010 2139 1103 2174; x_wconf 86' lang='lat' dir='ltr'>Sedis</span> 
     </span>
     <span class='ocr_line' id='line_1_45' title="bbox 356 2188 1103 2236; baseline 0 -13"><span class='ocrx_word' id='word_1_211' title='bbox 356 2188 556 2236; x_wconf 81' lang='lat' dir='ltr'>Apostolicae</span> <span class='ocrx_word' id='word_1_212' title='bbox 578 2199 774 2232; x_wconf 78' lang='lat' dir='ltr'>curaremus,</span> <span class='ocrx_word' id='word_1_213' title='bbox 797 2188 998 2223; x_wconf 85' lang='lat' dir='ltr'>vehementer</span> <span class='ocrx_word' id='word_1_214' title='bbox 1019 2189 1103 2223; x_wconf 83' lang='lat' dir='ltr'>affir—</span> 
     </span>
     <span class='ocr_line' id='line_1_46' title="bbox 354 2237 1103 2285; baseline -0.001 -11"><span class='ocrx_word' id='word_1_215' title='bbox 354 2250 464 2282; x_wconf 83' lang='lat' dir='ltr'>manS‚</span> <span class='ocrx_word' id='word_1_216' title='bbox 494 2237 579 2285; x_wconf 90' lang='lat' dir='ltr'>quod</span> <span class='ocrx_word' id='word_1_217' title='bbox 602 2245 768 2285; x_wconf 85' lang='lat' dir='ltr'>postquam</span> <span class='ocrx_word' id='word_1_218' title='bbox 796 2237 984 2273; x_wconf 74' lang='lat' dir='ltr'>venerabilis</span> <span class='ocrx_word' id='word_1_219' title='bbox 1011 2238 1103 2273; x_wconf 82' lang='lat' dir='ltr'>frater</span> 
     </span>
     <span class='ocr_line' id='line_1_47' title="bbox 355 2287 1102 2335; baseline 0.001 -13"><span class='ocrx_word' id='word_1_220' title='bbox 355 2296 462 2323; x_wconf 88' lang='lat' dir='ltr'>noster</span> <span class='ocrx_word' id='word_1_221' title='bbox 483 2287 676 2323; x_wconf 89' lang='lat' dir='ltr'>Guillelmus</span> <span class='ocrx_word' id='word_1_222' title='bbox 692 2287 861 2322; x_wconf 87' lang='lat' dir='ltr'>Remensis</span> <span class='ocrx_word' id='word_1_223' title='bbox 881 2287 1102 2335; x_wconf 84' lang='lat' dir='ltr'>archiepisco-</span> 
     </span>
     <span class='ocr_line' id='line_1_48' title="bbox 357 2336 1104 2384; baseline 0 -12"><span class='ocrx_word' id='word_1_224' title='bbox 357 2350 416 2384; x_wconf 88' lang='lat' dir='ltr'>pus</span> <span class='ocrx_word' id='word_1_225' title='bbox 454 2337 589 2373; x_wconf 85' lang='lat' dir='ltr'>Sanctae</span> <span class='ocrx_word' id='word_1_226' title='bbox 628 2336 765 2372; x_wconf 85' lang='lat' dir='ltr'>Sabinae</span> <span class='ocrx_word' id='word_1_227' title='bbox 799 2337 966 2372; x_wconf 87' lang='lat' dir='ltr'>cardinalis</span> <span class='ocrx_word' id='word_1_228' title='bbox 981 2365 990 2381; x_wconf 82' lang='lat'>,</span> <span class='ocrx_word' id='word_1_229' title='bbox 1031 2346 1104 2373; x_wconf 86' lang='lat' dir='ltr'>tunc</span> 
     </span>
     <span class='ocr_line' id='line_1_49' title="bbox 356 2386 1103 2434; baseline 0 -12"><span class='ocrx_word' id='word_1_230' title='bbox 356 2387 554 2434; x_wconf 85' lang='lat' dir='ltr'>Apostolicae</span> <span class='ocrx_word' id='word_1_231' title='bbox 579 2386 672 2421; x_wconf 91' lang='lat' dir='ltr'>Sedis</span> <span class='ocrx_word' id='word_1_232' title='bbox 698 2386 829 2432; x_wconf 79' lang='lat' dir='ltr'>legatus,</span> <span class='ocrx_word' id='word_1_233' title='bbox 851 2387 932 2421; x_wconf 89' lang='lat' dir='ltr'>inter</span> <span class='ocrx_word' id='word_1_234' title='bbox 959 2399 1047 2432; x_wconf 81' lang='lat' dir='ltr'>eum,</span> <span class='ocrx_word' id='word_1_235' title='bbox 1074 2395 1103 2422; x_wconf 90' lang='lat' dir='ltr'>et</span> 
     </span>
     <span class='ocr_line' id='line_1_50' title="bbox 357 2436 1102 2484; baseline 0.003 -14"><span class='ocrx_word' id='word_1_236' title='bbox 357 2436 571 2471; x_wconf 75' lang='lat' dir='ltr'>charissimam</span> <span class='ocrx_word' id='word_1_237' title='bbox 602 2436 697 2471; x_wconf 84' lang='lat' dir='ltr'>filiam</span> <span class='ocrx_word' id='word_1_238' title='bbox 726 2445 863 2470; x_wconf 87' lang='lat' dir='ltr'>nostram</span> <span class='ocrx_word' id='word_1_239' title='bbox 895 2436 1102 2484; x_wconf 83' lang='lat' dir='ltr'>Iugeburgem</span> 
     </span>
     <span class='ocr_line' id='line_1_51' title="bbox 359 2485 1105 2533; baseline 0.001 -14"><span class='ocrx_word' id='word_1_240' title='bbox 359 2486 497 2533; x_wconf 85' lang='lat' dir='ltr'>reginam</span> <span class='ocrx_word' id='word_1_241' title='bbox 512 2485 704 2520; x_wconf 86' lang='lat' dir='ltr'>Francorum</span> <span class='ocrx_word' id='word_1_242' title='bbox 723 2485 875 2520; x_wconf 89' lang='lat' dir='ltr'>illustrem</span> <span class='ocrx_word' id='word_1_243' title='bbox 893 2485 1016 2521; x_wconf 89' lang='lat' dir='ltr'>divortii</span> <span class='ocrx_word' id='word_1_244' title='bbox 1036 2499 1105 2522; x_wconf 89' lang='lat' dir='ltr'>sen-</span> 
     </span>
     <span class='ocr_line' id='line_1_52' title="bbox 358 2534 1103 2582; baseline 0.003 -14"><span class='ocrx_word' id='word_1_245' title='bbox 358 2535 485 2569; x_wconf 87' lang='lat' dir='ltr'>tentiam</span> <span class='ocrx_word' id='word_1_246' title='bbox 516 2535 734 2581; x_wconf 79' lang='lat' dir='ltr'>promulgavit,</span> <span class='ocrx_word' id='word_1_247' title='bbox 762 2534 833 2569; x_wconf 83' lang='lat' dir='ltr'>licet</span> <span class='ocrx_word' id='word_1_248' title='bbox 856 2536 922 2582; x_wconf 89' lang='lat' dir='ltr'>ipsa</span> <span class='ocrx_word' id='word_1_249' title='bbox 950 2537 1103 2571; x_wconf 88' lang='lat' dir='ltr'>sententia</span> 
     </span>
    </p>

    <p class='ocr_par' dir='ltr' id='par_1_14' title="bbox 393 2600 1104 2635">
     <span class='ocr_line' id='line_1_53' title="bbox 393 2600 1104 2635; baseline 0.004 -10"><span class='ocrx_word' id='word_1_250' title='bbox 393 2600 432 2633; x_wconf 89' lang='grc'>(1)</span> <span class='ocrx_word' id='word_1_251' title='bbox 452 2601 488 2626; x_wconf 81' lang='lat' dir='ltr'>Ex</span> <span class='ocrx_word' id='word_1_252' title='bbox 508 2600 609 2632; x_wconf 81' lang='lat' dir='ltr'>Baluz.,</span> <span class='ocrx_word' id='word_1_253' title='bbox 626 2600 674 2627; x_wconf 88' lang='lat' dir='ltr'>loc.</span> <span class='ocrx_word' id='word_1_254' title='bbox 693 2604 750 2631; x_wconf 61' lang='lat' dir='ltr'>cit„</span> <span class='ocrx_word' id='word_1_255' title='bbox 777 2608 834 2635; x_wconf 84' lang='lat' dir='ltr'>pag.</span> <span class='ocrx_word' id='word_1_256' title='bbox 861 2600 922 2627; x_wconf 64' lang='grc'><strong>6814,</strong></span> <span class='ocrx_word' id='word_1_257' title='bbox 962 2601 1000 2635; x_wconf 89' lang='grc'>(1)</span> <span class='ocrx_word' id='word_1_258' title='bbox 1018 2602 1104 2628; x_wconf 83' lang='grc' dir='ltr'><strong>Ν11111-</strong></span> 
     </span>
    </p>
   </div>
   <div class='ocr_carea' id='block_1_14' title="bbox 358 2640 1106 2716">
    <p class='ocr_par' dir='ltr' id='par_1_15' title="bbox 358 2640 1106 2716">
     <span class='ocr_line' id='line_1_54' title="bbox 359 2640 1106 2675; baseline 0.004 -10"><span class='ocrx_word' id='word_1_259' title='bbox 359 2647 417 2666; x_wconf 88' lang='lat' dir='ltr'>rum</span> <span class='ocrx_word' id='word_1_260' title='bbox 429 2648 460 2665; x_wconf 79' lang='lat' dir='ltr'>ex</span> <span class='ocrx_word' id='word_1_261' title='bbox 475 2642 574 2675; x_wconf 71' lang='lat' dir='ltr'>Agnete</span> <span class='ocrx_word' id='word_1_262' title='bbox 585 2640 634 2666; x_wconf 82' lang='lat' dir='ltr'>fitia</span> <span class='ocrx_word' id='word_1_263' title='bbox 642 2641 726 2667; x_wconf 74' lang='lat' dir='ltr'>Ducis</span> <span class='ocrx_word' id='word_1_264' title='bbox 737 2641 879 2671; x_wconf 78' lang='lat' dir='ltr'>Meraniae,</span> <span class='ocrx_word' id='word_1_265' title='bbox 897 2642 1005 2668; x_wconf 81' lang='lat' dir='ltr'>vivente</span> <span class='ocrx_word' id='word_1_266' title='bbox 1023 2650 1106 2668; x_wconf 87' lang='lat' dir='ltr'>uxore</span> 
     </span>
     <span class='ocr_line' id='line_1_55' title="bbox 358 2679 1002 2716; baseline -0.002 -9"><span class='ocrx_word' id='word_1_267' title='bbox 358 2687 403 2707; x_wconf 79' lang='lat' dir='ltr'>sua</span> <span class='ocrx_word' id='word_1_268' title='bbox 423 2679 584 2715; x_wconf 73' lang='lat' dir='ltr'>ingelburga,</span> <span class='ocrx_word' id='word_1_269' title='bbox 602 2688 680 2716; x_wconf 86' lang='lat' dir='ltr'>quam</span> <span class='ocrx_word' id='word_1_270' title='bbox 697 2681 894 2716; x_wconf 81' lang='lat' dir='ltr'>repudiaverat.</span> <span class='ocrx_word' id='word_1_271' title='bbox 912 2682 1002 2716; x_wconf 67' lang='grc'><strong>(11.1)</strong></span> 
     </span>
    </p>
   </div>
   <div class='ocr_carea' id='block_1_15' title="bbox 1120 1079 1132 2485">
    <p class='ocr_par' dir='ltr' id='par_1_16' title="bbox 1120 1079 1132 2485">
     <span class='ocr_line' id='line_1_56' title="bbox 1120 1079 1132 2485; baseline 0 0"><span class='ocrx_word' id='word_1_272' title='bbox 1120 1079 1132 2485; x_wconf 95' lang='lat' dir='ltr'> </span> 
     </span>
    </p>
   </div>
   <div class='ocr_carea' id='block_1_16' title="bbox 963 287 1332 311">
    <p class='ocr_par' dir='ltr' id='par_1_17' title="bbox 963 287 1332 311">
     <span class='ocr_line' id='line_1_57' title="bbox 963 287 1332 311; baseline -0.005 0"><span class='ocrx_word' id='word_1_273' title='bbox 963 289 1098 311; x_wconf 49' lang='lat' dir='ltr'>nouam</span> <span class='ocrx_word' id='word_1_274' title='bbox 1105 288 1147 311; x_wconf 66' lang='grc' dir='ltr'>ΕΜ</span> <span class='ocrx_word' id='word_1_275' title='bbox 1171 287 1332 309; x_wconf 64' lang='lat' dir='ltr'>[malassar</span> 
     </span>
    </p>
   </div>
   <div class='ocr_carea' id='block_1_17' title="bbox 1143 340 1903 1978">
    <p class='ocr_par' dir='ltr' id='par_1_18' title="bbox 1143 340 1903 1827">
     <span class='ocr_line' id='line_1_58' title="bbox 1160 340 1903 389; baseline 0 -13"><span class='ocrx_word' id='word_1_276' title='bbox 1160 353 1214 389; x_wconf 86' lang='lat' dir='ltr'>per</span> <span class='ocrx_word' id='word_1_277' title='bbox 1230 340 1346 376; x_wconf 82' lang='lat' dir='ltr'>Sedem</span> <span class='ocrx_word' id='word_1_278' title='bbox 1364 340 1576 388; x_wconf 83' lang='lat' dir='ltr'>Apostolicam</span> <span class='ocrx_word' id='word_1_279' title='bbox 1593 341 1794 389; x_wconf 84' lang='lat' dir='ltr'>postmodum</span> <span class='ocrx_word' id='word_1_280' title='bbox 1812 341 1903 380; x_wconf 82' lang='lat' dir='ltr'>fucrit</span> 
     </span>
     <span class='ocr_line' id='line_1_59' title="bbox 1159 391 1902 438; baseline 0.001 -13"><span class='ocrx_word' id='word_1_281' title='bbox 1159 398 1298 426; x_wconf 86' lang='lat' dir='ltr'>revocata</span> <span class='ocrx_word' id='word_1_282' title='bbox 1314 398 1442 438; x_wconf 85' lang='lat' dir='ltr'>propter</span> <span class='ocrx_word' id='word_1_283' title='bbox 1460 391 1658 431; x_wconf 83' lang='lat' dir='ltr'>iudiciarium</span> <span class='ocrx_word' id='word_1_284' title='bbox 1681 391 1822 431; x_wconf 86' lang='lat' dir='ltr'>ordinem</span> <span class='ocrx_word' id='word_1_285' title='bbox 1839 403 1902 431; x_wconf 82' lang='lat' dir='ltr'>non</span> 
     </span>
     <span class='ocr_line' id='line_1_60' title="bbox 1156 440 1902 489; baseline 0.001 -14"><span class='ocrx_word' id='word_1_286' title='bbox 1156 449 1325 486; x_wconf 86' lang='lat' dir='ltr'>servatum,</span> <span class='ocrx_word' id='word_1_287' title='bbox 1347 440 1430 477; x_wconf 88' lang='lat' dir='ltr'>nulla</span> <span class='ocrx_word' id='word_1_288' title='bbox 1458 449 1562 476; x_wconf 86' lang='lat' dir='ltr'>tamen</span> <span class='ocrx_word' id='word_1_289' title='bbox 1583 441 1621 476; x_wconf 90' lang='lat' dir='ltr'>ad</span> <span class='ocrx_word' id='word_1_290' title='bbox 1645 441 1748 489; x_wconf 88' lang='lat' dir='ltr'>ipsum</span> <span class='ocrx_word' id='word_1_291' title='bbox 1775 440 1814 476; x_wconf 89' lang='lat' dir='ltr'>de</span> <span class='ocrx_word' id='word_1_292' title='bbox 1841 440 1902 477; x_wconf 81' lang='lat' dir='ltr'>alia</span> 
     </span>
     <span class='ocr_line' id='line_1_61' title="bbox 1156 490 1902 538; baseline 0.001 -13"><span class='ocrx_word' id='word_1_293' title='bbox 1156 502 1217 525; x_wconf 91' lang='lat' dir='ltr'>non</span> <span class='ocrx_word' id='word_1_294' title='bbox 1240 490 1384 526; x_wconf 83' lang='lat' dir='ltr'>ducenda</span> <span class='ocrx_word' id='word_1_295' title='bbox 1406 491 1576 538; x_wconf 87' lang='lat' dir='ltr'>prohibitio</span> <span class='ocrx_word' id='word_1_296' title='bbox 1597 491 1674 526; x_wconf 82' lang='lat' dir='ltr'>faeta</span> <span class='ocrx_word' id='word_1_297' title='bbox 1692 490 1846 538; x_wconf 83' lang='lat' dir='ltr'>pervenit,</span> <span class='ocrx_word' id='word_1_298' title='bbox 1871 499 1902 526; x_wconf 88' lang='lat' dir='ltr'>et</span> 
     </span>
     <span class='ocr_line' id='line_1_62' title="bbox 1155 540 1900 588; baseline 0.001 -13"><span class='ocrx_word' id='word_1_299' title='bbox 1155 549 1283 588; x_wconf 86' lang='lat' dir='ltr'>propter</span> <span class='ocrx_word' id='word_1_300' title='bbox 1316 540 1517 588; x_wconf 87' lang='lat' dir='ltr'>probationes</span> <span class='ocrx_word' id='word_1_301' title='bbox 1553 541 1711 576; x_wconf 83' lang='lat' dir='ltr'>affinitatis</span> <span class='ocrx_word' id='word_1_302' title='bbox 1743 540 1900 576; x_wconf 72' lang='lat' dir='ltr'>exhibitas</span> 
     </span>
     <span class='ocr_line' id='line_1_63' title="bbox 1154 589 1896 638; baseline 0.003 -14"><span class='ocrx_word' id='word_1_303' title='bbox 1154 602 1257 625; x_wconf 84' lang='lat' dir='ltr'>coram</span> <span class='ocrx_word' id='word_1_304' title='bbox 1291 589 1401 625; x_wconf 87' lang='lat' dir='ltr'>eodem</span> <span class='ocrx_word' id='word_1_305' title='bbox 1433 590 1683 637; x_wconf 84' lang='lat' dir='ltr'>archiepiscopo,</span> <span class='ocrx_word' id='word_1_306' title='bbox 1708 602 1787 638; x_wconf 88' lang='lat' dir='ltr'>quas</span> <span class='ocrx_word' id='word_1_307' title='bbox 1814 590 1896 631; x_wconf 81' lang='lat' dir='ltr'>idem</span> 
     </span>
     <span class='ocr_line' id='line_1_64' title="bbox 1154 639 1899 680; baseline 0.004 -6"><span class='ocrx_word' id='word_1_308' title='bbox 1154 652 1206 674; x_wconf 76' lang='lat' dir='ltr'>rex</span> <span class='ocrx_word' id='word_1_309' title='bbox 1234 653 1320 675; x_wconf 85' lang='lat' dir='ltr'>veras</span> <span class='ocrx_word' id='word_1_310' title='bbox 1340 652 1409 674; x_wconf 86' lang='lat' dir='ltr'>esse</span> <span class='ocrx_word' id='word_1_311' title='bbox 1430 639 1588 680; x_wconf 84' lang='lat' dir='ltr'>credebat,</span> <span class='ocrx_word' id='word_1_312' title='bbox 1607 639 1765 675; x_wconf 87' lang='lat' dir='ltr'>vinculum</span> <span class='ocrx_word' id='word_1_313' title='bbox 1786 640 1899 679; x_wconf 81' lang='lat' dir='ltr'>coniu-</span> 
     </span>
     <span class='ocr_line' id='line_1_65' title="bbox 1152 689 1898 737; baseline -0.001 -13"><span class='ocrx_word' id='word_1_314' title='bbox 1152 689 1232 736; x_wconf 87' lang='lat' dir='ltr'>gale</span> <span class='ocrx_word' id='word_1_315' title='bbox 1253 701 1443 737; x_wconf 86' lang='lat' dir='ltr'>quamquam</span> <span class='ocrx_word' id='word_1_316' title='bbox 1467 697 1571 724; x_wconf 90' lang='lat' dir='ltr'>nostra</span> <span class='ocrx_word' id='word_1_317' title='bbox 1598 689 1692 724; x_wconf 85' lang='lat' dir='ltr'>fuerit</span> <span class='ocrx_word' id='word_1_318' title='bbox 1716 690 1898 727; x_wconf 65' lang='lat' dir='ltr'>auctoritati</span> 
     </span>
     <span class='ocr_line' id='line_1_66' title="bbox 1151 738 1897 793; baseline 0 -19"><span class='ocrx_word' id='word_1_319' title='bbox 1151 739 1355 793; x_wconf 74' lang='lat' dir='ltr'>compulsus,</span> <span class='ocrx_word' id='word_1_320' title='bbox 1389 746 1419 772; x_wconf 93' lang='lat' dir='ltr'>ut</span> <span class='ocrx_word' id='word_1_321' title='bbox 1453 746 1484 773; x_wconf 80' lang='lat' dir='ltr'>et</span> <span class='ocrx_word' id='word_1_322' title='bbox 1519 739 1618 787; x_wconf 88' lang='lat' dir='ltr'>ipsam</span> <span class='ocrx_word' id='word_1_323' title='bbox 1652 738 1837 779; x_wconf 85' lang='lat' dir='ltr'>dimitteret</span> <span class='ocrx_word' id='word_1_324' title='bbox 1868 748 1897 774; x_wconf 87' lang='lat' dir='ltr'>et</span> 
     </span>
     <span class='ocr_line' id='line_1_67' title="bbox 1152 787 1897 845; baseline 0.003 -23"><span class='ocrx_word' id='word_1_325' title='bbox 1152 801 1289 835; x_wconf 81' lang='lat' dir='ltr'>reginam</span> <span class='ocrx_word' id='word_1_326' title='bbox 1312 788 1463 835; x_wconf 86' lang='lat' dir='ltr'>reciperet</span> <span class='ocrx_word' id='word_1_327' title='bbox 1479 796 1691 824; x_wconf 83' lang='lat' dir='ltr'>memoratam</span> <span class='ocrx_word' id='word_1_328' title='bbox 1716 787 1782 823; x_wconf 90' lang='lat' dir='ltr'>Nos</span> <span class='ocrx_word' id='word_1_329' title='bbox 1803 789 1897 845; x_wconf 73' lang='lat' dir='ltr'>igitur</span> 
     </span>
     <span class='ocr_line' id='line_1_68' title="bbox 1149 838 1895 878; baseline 0 -5"><span class='ocrx_word' id='word_1_330' title='bbox 1149 838 1373 873; x_wconf 83' lang='lat' dir='ltr'>attendentes</span> <span class='ocrx_word' id='word_1_331' title='bbox 1368 851 1397 872; x_wconf 89' lang='grc'>13</span> <span class='ocrx_word' id='word_1_332' title='bbox 1420 851 1457 873; x_wconf 86' lang='lat' dir='ltr'>eo</span> <span class='ocrx_word' id='word_1_333' title='bbox 1479 838 1655 873; x_wconf 84' lang='lat' dir='ltr'>devotionis</span> <span class='ocrx_word' id='word_1_334' title='bbox 1675 839 1895 878; x_wconf 80' lang='lat' dir='ltr'>constantiam</span> 
     </span>
     <span class='ocr_line' id='line_1_69' title="bbox 1150 888 1896 935; baseline 0 -13"><span class='ocrx_word' id='word_1_335' title='bbox 1150 897 1179 923; x_wconf 87' lang='lat' dir='ltr'>et</span> <span class='ocrx_word' id='word_1_336' title='bbox 1201 888 1273 923; x_wconf 80' lang='lat' dir='ltr'>fidei</span> <span class='ocrx_word' id='word_1_337' title='bbox 1298 889 1465 935; x_wconf 82' lang='lat' dir='ltr'>puritatem</span> <span class='ocrx_word' id='word_1_338' title='bbox 1489 900 1581 934; x_wconf 89' lang='lat' dir='ltr'>quam</span> <span class='ocrx_word' id='word_1_339' title='bbox 1604 900 1619 922; x_wconf 90' lang='grc'>3</span> <span class='ocrx_word' id='word_1_340' title='bbox 1642 888 1896 935; x_wconf 79' lang='lat' dir='ltr'>progenitoribus</span> 
     </span>
     <span class='ocr_line' id='line_1_70' title="bbox 1149 937 1894 985; baseline 0.001 -13"><span class='ocrx_word' id='word_1_341' title='bbox 1149 950 1220 984; x_wconf 79' lang='lat' dir='ltr'>erga</span> <span class='ocrx_word' id='word_1_342' title='bbox 1247 937 1422 973; x_wconf 79' lang='lat' dir='ltr'>Romanam</span> <span class='ocrx_word' id='word_1_343' title='bbox 1446 937 1618 974; x_wconf 86' lang='lat' dir='ltr'>Ecclesiam</span> <span class='ocrx_word' id='word_1_344' title='bbox 1646 937 1736 985; x_wconf 87' lang='lat' dir='ltr'>quasi</span> <span class='ocrx_word' id='word_1_345' title='bbox 1757 938 1894 985; x_wconf 81' lang='lat' dir='ltr'>quodam</span> 
     </span>
     <span class='ocr_line' id='line_1_71' title="bbox 1149 987 1894 1032; baseline -0.001 -10"><span class='ocrx_word' id='word_1_346' title='bbox 1149 988 1384 1023; x_wconf 85' lang='lat' dir='ltr'>haereditario</span> <span class='ocrx_word' id='word_1_347' title='bbox 1378 999 1445 1022; x_wconf 85' lang='grc'><strong>1313</strong></span> <span class='ocrx_word' id='word_1_348' title='bbox 1463 987 1628 1032; x_wconf 75' lang='lat' dir='ltr'>contraxit,</span> <span class='ocrx_word' id='word_1_349' title='bbox 1648 996 1680 1022; x_wconf 88' lang='lat' dir='ltr'>ut</span> <span class='ocrx_word' id='word_1_350' title='bbox 1703 995 1764 1022; x_wconf 85' lang='lat' dir='ltr'>tam</span> <span class='ocrx_word' id='word_1_351' title='bbox 1784 988 1894 1027; x_wconf 83' lang='lat' dir='ltr'>honori</span> 
     </span>
     <span class='ocr_line' id='line_1_72' title="bbox 1150 1015 1895 1092; baseline 0.001 -21"><span class='ocrx_word' id='word_1_352' title='bbox 1150 1038 1251 1092; x_wconf 79' lang='lat' dir='ltr'>regiae</span> <span class='ocrx_word' id='word_1_353' title='bbox 1272 1037 1447 1084; x_wconf 74' lang='lat' dir='ltr'>dignitatis,</span> <span class='ocrx_word' id='word_1_354' title='bbox 1469 1049 1564 1084; x_wconf 82' lang='lat' dir='ltr'>quam</span> <span class='ocrx_word' id='word_1_355' title='bbox 1588 1015 1712 1074; x_wconf 73' lang='lat' dir='ltr'>utilatati</span> <span class='ocrx_word' id='word_1_356' title='bbox 1734 1044 1764 1072; x_wconf 84' lang='lat' dir='ltr'>et</span> <span class='ocrx_word' id='word_1_357' title='bbox 1785 1049 1895 1077; x_wconf 85' lang='lat' dir='ltr'>neces-</span> 
     </span>
     <span class='ocr_line' id='line_1_73' title="bbox 1148 1086 1893 1134; baseline 0.001 -13"><span class='ocrx_word' id='word_1_358' title='bbox 1148 1087 1229 1122; x_wconf 86' lang='lat' dir='ltr'>sitati</span> <span class='ocrx_word' id='word_1_359' title='bbox 1249 1088 1333 1133; x_wconf 85' lang='lat' dir='ltr'>regui</span> <span class='ocrx_word' id='word_1_360' title='bbox 1351 1086 1502 1121; x_wconf 85' lang='lat' dir='ltr'>Franciae</span> <span class='ocrx_word' id='word_1_361' title='bbox 1525 1087 1656 1134; x_wconf 88' lang='lat' dir='ltr'>provide</span> <span class='ocrx_word' id='word_1_362' title='bbox 1678 1087 1893 1127; x_wconf 87' lang='lat' dir='ltr'>consulamus</span> 
     </span>
     <span class='ocr_line' id='line_1_74' title="bbox 1148 1135 1893 1191; baseline -0.001 -20"><span class='ocrx_word' id='word_1_363' title='bbox 1148 1136 1326 1184; x_wconf 91' lang='lat' dir='ltr'>praedictos</span> <span class='ocrx_word' id='word_1_364' title='bbox 1346 1148 1479 1182; x_wconf 88' lang='lat' dir='ltr'>puerum</span> <span class='ocrx_word' id='word_1_365' title='bbox 1501 1143 1530 1171; x_wconf 91' lang='lat' dir='ltr'>et</span> <span class='ocrx_word' id='word_1_366' title='bbox 1549 1136 1686 1183; x_wconf 88' lang='lat' dir='ltr'>puellam</span> <span class='ocrx_word' id='word_1_367' title='bbox 1708 1135 1748 1172; x_wconf 86' lang='lat' dir='ltr'>de</span> <span class='ocrx_word' id='word_1_368' title='bbox 1765 1137 1893 1191; x_wconf 83' lang='lat' dir='ltr'>speciali</span> 
     </span>
     <span class='ocr_line' id='line_1_75' title="bbox 1146 1185 1893 1232; baseline -0.003 -11"><span class='ocrx_word' id='word_1_369' title='bbox 1146 1186 1244 1232; x_wconf 82' lang='lat' dir='ltr'>gratia</span> <span class='ocrx_word' id='word_1_370' title='bbox 1271 1185 1507 1232; x_wconf 80' lang='lat' dir='ltr'>legitimationis</span> <span class='ocrx_word' id='word_1_371' title='bbox 1541 1185 1633 1220; x_wconf 88' lang='grc'><strong>111310</strong></span> <span class='ocrx_word' id='word_1_372' title='bbox 1667 1185 1706 1220; x_wconf 85' lang='grc'>113</span> <span class='ocrx_word' id='word_1_373' title='bbox 1733 1198 1893 1221; x_wconf 88' lang='lat' dir='ltr'>commum</span> 
     </span>
     <span class='ocr_line' id='line_1_76' title="bbox 1147 1235 1894 1273; baseline 0 -3"><span class='ocrx_word' id='word_1_374' title='bbox 1147 1235 1276 1270; x_wconf 88' lang='lat' dir='ltr'>fratrum</span> <span class='ocrx_word' id='word_1_375' title='bbox 1313 1242 1490 1270; x_wconf 89' lang='lat' dir='ltr'>nostrorum</span> <span class='ocrx_word' id='word_1_376' title='bbox 1522 1235 1655 1269; x_wconf 88' lang='lat' dir='ltr'>consilio</span> <span class='ocrx_word' id='word_1_377' title='bbox 1681 1235 1894 1273; x_wconf 82' lang='lat' dir='ltr'>decoramus</span> 
     </span>
     <span class='ocr_line' id='line_1_77' title="bbox 1147 1283 1892 1321; baseline 0.001 -2"><span class='ocrx_word' id='word_1_378' title='bbox 1147 1293 1180 1319; x_wconf 89' lang='lat' dir='ltr'>ut</span> <span class='ocrx_word' id='word_1_379' title='bbox 1203 1285 1308 1320; x_wconf 87' lang='lat' dir='ltr'>nullus</span> <span class='ocrx_word' id='word_1_380' title='bbox 1333 1285 1380 1320; x_wconf 88' lang='grc'>315</span> <span class='ocrx_word' id='word_1_381' title='bbox 1407 1284 1438 1318; x_wconf 87' lang='grc'>13</span> <span class='ocrx_word' id='word_1_382' title='bbox 1462 1283 1658 1319; x_wconf 86' lang='lat' dir='ltr'>naturalibus</span> <span class='ocrx_word' id='word_1_383' title='bbox 1680 1284 1822 1320; x_wconf 80' lang='lat' dir='ltr'>defectus</span> <span class='ocrx_word' id='word_1_384' title='bbox 1842 1285 1892 1321; x_wconf 84' lang='lat' dir='ltr'>ob-</span> 
     </span>
     <span class='ocr_line' id='line_1_78' title="bbox 1146 1333 1892 1380; baseline 0.001 -11"><span class='ocrx_word' id='word_1_385' title='bbox 1146 1335 1245 1375; x_wconf 81' lang='lat' dir='ltr'>sistat,</span> <span class='ocrx_word' id='word_1_386' title='bbox 1280 1335 1321 1369; x_wconf 91' lang='lat' dir='ltr'>ita</span> <span class='ocrx_word' id='word_1_387' title='bbox 1348 1333 1495 1369; x_wconf 87' lang='lat' dir='ltr'>videlicet</span> <span class='ocrx_word' id='word_1_388' title='bbox 1526 1341 1559 1368; x_wconf 89' lang='lat' dir='ltr'>ut</span> <span class='ocrx_word' id='word_1_389' title='bbox 1591 1346 1645 1380; x_wconf 83' lang='lat' dir='ltr'>per</span> <span class='ocrx_word' id='word_1_390' title='bbox 1678 1333 1738 1369; x_wconf 84' lang='lat' dir='ltr'>hoc</span> <span class='ocrx_word' id='word_1_391' title='bbox 1766 1334 1892 1370; x_wconf 62' lang='lat' dir='ltr'>nulium</span> 
     </span>
     <span class='ocr_line' id='line_1_79' title="bbox 1146 1383 1895 1430; baseline 0.001 -11"><span class='ocrx_word' id='word_1_392' title='bbox 1146 1384 1247 1419; x_wconf 85' lang='lat' dir='ltr'>eidem</span> <span class='ocrx_word' id='word_1_393' title='bbox 1275 1384 1354 1430; x_wconf 81' lang='lat' dir='ltr'>regi.</span> <span class='ocrx_word' id='word_1_394' title='bbox 1382 1384 1427 1418; x_wconf 85' lang='lat' dir='ltr'>vel</span> <span class='ocrx_word' id='word_1_395' title='bbox 1451 1383 1606 1430; x_wconf 82' lang='lat' dir='ltr'>praefatae</span> <span class='ocrx_word' id='word_1_396' title='bbox 1628 1383 1754 1429; x_wconf 82' lang='lat' dir='ltr'>reginae</span> <span class='ocrx_word' id='word_1_397' title='bbox 1774 1385 1808 1419; x_wconf 86' lang='lat' dir='ltr'>in</span> <span class='ocrx_word' id='word_1_398' title='bbox 1831 1397 1895 1420; x_wconf 70' lang='lat' dir='ltr'>mn—</span> 
     </span>
     <span class='ocr_line' id='line_1_80' title="bbox 1145 1432 1890 1480; baseline 0.001 -13"><span class='ocrx_word' id='word_1_399' title='bbox 1145 1433 1314 1469; x_wconf 83' lang='lat' dir='ltr'>trimoniali</span> <span class='ocrx_word' id='word_1_400' title='bbox 1340 1445 1436 1468; x_wconf 84' lang='lat' dir='ltr'>causa</span> <span class='ocrx_word' id='word_1_401' title='bbox 1459 1432 1686 1479; x_wconf 89' lang='lat' dir='ltr'>praeiudicium</span> <span class='ocrx_word' id='word_1_402' title='bbox 1713 1441 1890 1480; x_wconf 67' lang='lat' dir='ltr'>generetur.</span> 
     </span>
     <span class='ocr_line' id='line_1_81' title="bbox 1146 1482 1889 1529; baseline 0.003 -13"><span class='ocrx_word' id='word_1_403' title='bbox 1146 1483 1209 1518; x_wconf 89' lang='lat' dir='ltr'>Vos</span> <span class='ocrx_word' id='word_1_404' title='bbox 1241 1495 1316 1529; x_wconf 84' lang='lat' dir='ltr'>ergo</span> <span class='ocrx_word' id='word_1_405' title='bbox 1348 1483 1432 1529; x_wconf 90' lang='lat' dir='ltr'>quod</span> <span class='ocrx_word' id='word_1_406' title='bbox 1466 1494 1562 1529; x_wconf 89' lang='lat' dir='ltr'>super</span> <span class='ocrx_word' id='word_1_407' title='bbox 1586 1482 1648 1517; x_wconf 86' lang='lat' dir='ltr'>hoc</span> <span class='ocrx_word' id='word_1_408' title='bbox 1681 1495 1696 1517; x_wconf 88' lang='grc'>3</span> <span class='ocrx_word' id='word_1_409' title='bbox 1725 1483 1820 1520; x_wconf 77' lang='lat' dir='ltr'>nobis</span> <span class='ocrx_word' id='word_1_410' title='bbox 1845 1494 1889 1518; x_wconf 83' lang='grc'>351</span> 
     </span>
     <span class='ocr_line' id='line_1_82' title="bbox 1147 1532 1892 1579; baseline -0.001 -12"><span class='ocrx_word' id='word_1_411' title='bbox 1147 1532 1275 1579; x_wconf 87' lang='lat' dir='ltr'>provida</span> <span class='ocrx_word' id='word_1_412' title='bbox 1305 1532 1529 1567; x_wconf 85' lang='lat' dir='ltr'>deliberatione</span> <span class='ocrx_word' id='word_1_413' title='bbox 1561 1539 1738 1572; x_wconf 80' lang='lat' dir='ltr'>statutum,</span> <span class='ocrx_word' id='word_1_414' title='bbox 1770 1541 1804 1570; x_wconf 78' lang='grc'>31</span> <span class='ocrx_word' id='word_1_415' title='bbox 1836 1545 1892 1571; x_wconf 68' lang='lat' dir='ltr'>vos</span> 
     </span>
     <span class='ocr_line' id='line_1_83' title="bbox 1145 1581 1892 1629; baseline 0 -13"><span class='ocrx_word' id='word_1_416' title='bbox 1145 1582 1202 1629; x_wconf 89' lang='lat' dir='ltr'>ipsi</span> <span class='ocrx_word' id='word_1_417' title='bbox 1225 1582 1357 1616; x_wconf 84' lang='lat' dir='ltr'>firmiter</span> <span class='ocrx_word' id='word_1_418' title='bbox 1372 1581 1556 1626; x_wconf 73' lang='lat' dir='ltr'>observetis,</span> <span class='ocrx_word' id='word_1_419' title='bbox 1575 1589 1606 1616; x_wconf 92' lang='lat' dir='ltr'>et</span> <span class='ocrx_word' id='word_1_420' title='bbox 1622 1581 1662 1616; x_wconf 87' lang='lat' dir='ltr'>ab</span> <span class='ocrx_word' id='word_1_421' title='bbox 1682 1583 1751 1618; x_wconf 87' lang='lat' dir='ltr'>aliis</span> <span class='ocrx_word' id='word_1_422' title='bbox 1771 1582 1892 1623; x_wconf 76' lang='lat' dir='ltr'>faciatis</span> 
     </span>
     <span class='ocr_line' id='line_1_84' title="bbox 1146 1631 1891 1679; baseline 0 -13"><span class='ocrx_word' id='word_1_423' title='bbox 1146 1644 1200 1679; x_wconf 90' lang='lat' dir='ltr'>per</span> <span class='ocrx_word' id='word_1_424' title='bbox 1226 1643 1390 1666; x_wconf 86' lang='lat' dir='ltr'>censuram</span> <span class='ocrx_word' id='word_1_425' title='bbox 1406 1631 1651 1666; x_wconf 86' lang='lat' dir='ltr'>ecclesiasticam</span> <span class='ocrx_word' id='word_1_426' title='bbox 1669 1631 1891 1671; x_wconf 85' lang='lat' dir='ltr'>inviolabiliter</span> 
     </span>
     <span class='ocr_line' id='line_1_85' title="bbox 1144 1681 1891 1726; baseline 0.001 -10"><span class='ocrx_word' id='word_1_427' title='bbox 1144 1681 1321 1721; x_wconf 75' lang='lat' dir='ltr'>observari3</span> <span class='ocrx_word' id='word_1_428' title='bbox 1344 1689 1373 1716; x_wconf 90' lang='lat' dir='ltr'>et</span> <span class='ocrx_word' id='word_1_429' title='bbox 1394 1693 1465 1716; x_wconf 88' lang='lat' dir='ltr'>cum</span> <span class='ocrx_word' id='word_1_430' title='bbox 1485 1681 1524 1716; x_wconf 89' lang='lat' dir='ltr'>ab</span> <span class='ocrx_word' id='word_1_431' title='bbox 1544 1681 1656 1716; x_wconf 90' lang='lat' dir='ltr'>eodem</span> <span class='ocrx_word' id='word_1_432' title='bbox 1678 1693 1751 1726; x_wconf 80' lang='lat' dir='ltr'>rege</span> <span class='ocrx_word' id='word_1_433' title='bbox 1767 1681 1891 1717; x_wconf 82' lang='lat' dir='ltr'>fueritis</span> 
     </span>
     <span class='ocr_line' id='line_1_86' title="bbox 1145 1730 1889 1780; baseline 0.003 -15"><span class='ocrx_word' id='word_1_434' title='bbox 1145 1730 1296 1778; x_wconf 77' lang='lat' dir='ltr'>requisiti,</span> <span class='ocrx_word' id='word_1_435' title='bbox 1317 1730 1492 1765; x_wconf 85' lang='lat' dir='ltr'>secundum</span> <span class='ocrx_word' id='word_1_436' title='bbox 1513 1730 1643 1766; x_wconf 84' lang='lat' dir='ltr'>formam</span> <span class='ocrx_word' id='word_1_437' title='bbox 1664 1732 1889 1780; x_wconf 80' lang='lat' dir='ltr'>praescriptam</span> 
     </span>
     <span class='ocr_line' id='line_1_87' title="bbox 1143 1780 1530 1827; baseline -0.005 -11"><span class='ocrx_word' id='word_1_438' title='bbox 1143 1780 1326 1816; x_wconf 82' lang='lat' dir='ltr'>solemniter</span> <span class='ocrx_word' id='word_1_439' title='bbox 1353 1780 1530 1827; x_wconf 85' lang='lat' dir='ltr'>publicetis.</span> 
     </span>
    </p>

    <p class='ocr_par' dir='ltr' id='par_1_19' title="bbox 1144 1828 1889 1978">
     <span class='ocr_line' id='line_1_88' title="bbox 1192 1828 1889 1877; baseline 0.004 -13"><span class='ocrx_word' id='word_1_440' title='bbox 1192 1828 1307 1864; x_wconf 89' lang='lat' dir='ltr'>Datum</span> <span class='ocrx_word' id='word_1_441' title='bbox 1331 1829 1506 1877; x_wconf 81' lang='lat' dir='ltr'>Anagniae,</span> <span class='ocrx_word' id='word_1_442' title='bbox 1529 1842 1676 1865; x_wconf 85' lang='lat' dir='ltr'>ivnonas</span> <span class='ocrx_word' id='word_1_443' title='bbox 1698 1831 1889 1867; x_wconf 64' lang='lat' dir='ltr'>novembris</span> 
     </span>
     <span class='ocr_line' id='line_1_89' title="bbox 1144 1879 1718 1927; baseline 0.002 -13"><span class='ocrx_word' id='word_1_444' title='bbox 1144 1879 1346 1927; x_wconf 86' lang='lat' dir='ltr'>pontificatus</span> <span class='ocrx_word' id='word_1_445' title='bbox 1368 1880 1464 1915; x_wconf 90' lang='lat' dir='ltr'>nostri</span> <span class='ocrx_word' id='word_1_446' title='bbox 1486 1892 1570 1915; x_wconf 89' lang='lat' dir='ltr'>anno</span> <span class='ocrx_word' id='word_1_447' title='bbox 1595 1887 1718 1927; x_wconf 89' lang='lat' dir='ltr'>quarto.</span> 
     </span>
     <span class='ocr_line' id='line_1_90' title="bbox 1156 1937 1877 1978; baseline 0.001 -11"><span class='ocrx_word' id='word_1_448' title='bbox 1156 1937 1216 1968; x_wconf 89' lang='lat' dir='ltr'>Dat.</span> <span class='ocrx_word' id='word_1_449' title='bbox 1236 1938 1282 1967; x_wconf 92' lang='lat' dir='ltr'>die</span> <span class='ocrx_word' id='word_1_450' title='bbox 1300 1937 1318 1967; x_wconf 65' lang='lat'>‘2</span> <span class='ocrx_word' id='word_1_451' title='bbox 1341 1937 1509 1968; x_wconf 89' lang='lat' dir='ltr'>novembris</span> <span class='ocrx_word' id='word_1_452' title='bbox 1530 1937 1615 1975; x_wconf 70' lang='lat'>1204,</span> <span class='ocrx_word' id='word_1_453' title='bbox 1632 1938 1733 1978; x_wconf 80' lang='lat' dir='ltr'>pontif.</span> <span class='ocrx_word' id='word_1_454' title='bbox 1749 1948 1826 1969; x_wconf 76' lang='lat' dir='ltr'>enno</span> <span class='ocrx_word' id='word_1_455' title='bbox 1840 1948 1877 1970; x_wconf 75' lang='lat' dir='ltr'>w.</span> 
     </span>
    </p>
   </div>
   <div class='ocr_carea' id='block_1_18' title="bbox 1438 1998 1597 2006">
    <p class='ocr_par' dir='ltr' id='par_1_20' title="bbox 1438 1998 1597 2006">
     <span class='ocr_line' id='line_1_91' title="bbox 1438 1998 1597 2006; baseline 0 0"><span class='ocrx_word' id='word_1_456' title='bbox 1438 1998 1597 2006; x_wconf 95' lang='lat' dir='ltr'> </span> 
     </span>
    </p>
   </div>
   <div class='ocr_carea' id='block_1_19' title="bbox 1452 2053 1582 2088">
    <p class='ocr_par' dir='ltr' id='par_1_21' title="bbox 1452 2053 1582 2088">
     <span class='ocr_line' id='line_1_92' title="bbox 1452 2053 1582 2088; baseline 0 -2"><span class='ocrx_word' id='word_1_457' title='bbox 1452 2053 1582 2088; x_wconf 80' lang='lat' dir='ltr'>XXXV.</span> 
     </span>
    </p>
   </div>
   <div class='ocr_carea' id='block_1_20' title="bbox 1144 2125 1891 2270">
    <p class='ocr_par' dir='ltr' id='par_1_22' title="bbox 1144 2125 1891 2270">
     <span class='ocr_line' id='line_1_93' title="bbox 1144 2125 1889 2171; baseline 0.001 -12"><span class='ocrx_word' id='word_1_458' title='bbox 1144 2125 1284 2159; x_wconf 82' lang='lat' dir='ltr'>Decerm&#39;t</span> <span class='ocrx_word' id='word_1_459' title='bbox 1311 2136 1421 2169; x_wconf 64' lang='lat' dir='ltr'>regem,</span> <span class='ocrx_word' id='word_1_460' title='bbox 1448 2137 1632 2171; x_wconf 65' lang='lat' dir='ltr'>regnumque</span> <span class='ocrx_word' id='word_1_461' title='bbox 1656 2126 1821 2160; x_wconf 74' lang='lat' dir='ltr'>Armeniae</span> <span class='ocrx_word' id='word_1_462' title='bbox 1834 2138 1889 2160; x_wconf 77' lang='lat' dir='ltr'>ea:-</span> 
     </span>
     <span class='ocr_line' id='line_1_94' title="bbox 1191 2175 1891 2221; baseline 0.004 -15"><span class='ocrx_word' id='word_1_463' title='bbox 1191 2175 1414 2208; x_wconf 73' lang='lat' dir='ltr'>communicari</span> <span class='ocrx_word' id='word_1_464' title='bbox 1446 2182 1499 2208; x_wconf 82' lang='lat' dir='ltr'>aut</span> <span class='ocrx_word' id='word_1_465' title='bbox 1534 2176 1675 2209; x_wconf 79' lang='lat' dir='ltr'>interdici</span> <span class='ocrx_word' id='word_1_466' title='bbox 1710 2187 1771 2209; x_wconf 83' lang='lat' dir='ltr'>non</span> <span class='ocrx_word' id='word_1_467' title='bbox 1801 2188 1891 2221; x_wconf 80' lang='lat' dir='ltr'>posse</span> 
     </span>
     <span class='ocr_line' id='line_1_95' title="bbox 1193 2225 1837 2270; baseline 0.005 -14"><span class='ocrx_word' id='word_1_468' title='bbox 1193 2225 1252 2257; x_wconf 81' lang='lat' dir='ltr'>nisi</span> <span class='ocrx_word' id='word_1_469' title='bbox 1277 2226 1313 2257; x_wconf 75' lang='lat' dir='ltr'>de</span> <span class='ocrx_word' id='word_1_470' title='bbox 1334 2225 1459 2269; x_wconf 78' lang='lat' dir='ltr'>speciali</span> <span class='ocrx_word' id='word_1_471' title='bbox 1483 2226 1631 2258; x_wconf 81' lang='lat' dir='ltr'>mandato</span> <span class='ocrx_word' id='word_1_472' title='bbox 1655 2226 1760 2270; x_wconf 84' lang='lat' dir='ltr'>Papae</span> <span class='ocrx_word' id='word_1_473' title='bbox 1781 2227 1837 2268; x_wconf 81' lang='lat' dir='ltr'>(t).</span> 
     </span>
    </p>
   </div>
   <div class='ocr_carea' id='block_1_21' title="bbox 1144 2294 1888 2432">
    <p class='ocr_par' dir='ltr' id='par_1_23' title="bbox 1144 2294 1888 2432">
     <span class='ocr_line' id='line_1_96' title="bbox 1410 2294 1624 2325; baseline 0.005 -1"><span class='ocrx_word' id='word_1_474' title='bbox 1410 2294 1624 2325; x_wconf 82' lang='lat' dir='ltr'><strong>SUMMARIUM</strong></span> 
     </span>
     <span class='ocr_line' id='line_1_97' title="bbox 1144 2352 1888 2391; baseline 0.004 -11"><span class='ocrx_word' id='word_1_475' title='bbox 1144 2352 1298 2381; x_wconf 76' lang='lat' dir='ltr'>Armeniae</span> <span class='ocrx_word' id='word_1_476' title='bbox 1330 2360 1377 2380; x_wconf 79' lang='lat' dir='ltr'>rex</span> <span class='ocrx_word' id='word_1_477' title='bbox 1399 2353 1508 2391; x_wconf 84' lang='lat' dir='ltr'>optime</span> <span class='ocrx_word' id='word_1_478' title='bbox 1529 2353 1564 2383; x_wconf 88' lang='lat' dir='ltr'>de</span> <span class='ocrx_word' id='word_1_479' title='bbox 1596 2352 1722 2382; x_wconf 81' lang='lat' dir='ltr'>Romana</span> <span class='ocrx_word' id='word_1_480' title='bbox 1756 2352 1888 2384; x_wconf 86' lang='lat' dir='ltr'>Ecclesia</span> 
     </span>
     <span class='ocr_line' id='line_1_98' title="bbox 1184 2392 1887 2432; baseline 0.006 -12"><span class='ocrx_word' id='word_1_481' title='bbox 1184 2393 1320 2422; x_wconf 77' lang='lat' dir='ltr'>meritus:</span> <span class='ocrx_word' id='word_1_482' title='bbox 1350 2410 1389 2415; x_wconf 90' lang='lat'><strong>—</strong></span> <span class='ocrx_word' id='word_1_483' title='bbox 1422 2392 1613 2432; x_wconf 81' lang='lat' dir='ltr'>Privilegium</span> <span class='ocrx_word' id='word_1_484' title='bbox 1644 2392 1670 2422; x_wconf 92' lang='lat' dir='ltr'>ei</span> <span class='ocrx_word' id='word_1_485' title='bbox 1703 2402 1887 2424; x_wconf 86' lang='lat' dir='ltr'>concessum.</span> 
     </span>
    </p>
   </div>
   <div class='ocr_carea' id='block_1_22' title="bbox 1141 2457 1887 2540">
    <p class='ocr_par' dir='ltr' id='par_1_24' title="bbox 1141 2457 1887 2540">
     <span class='ocr_line' id='line_1_99' title="bbox 1141 2457 1887 2495; baseline 0.008 -10"><span class='ocrx_word' id='word_1_486' title='bbox 1141 2457 1317 2487; x_wconf 74' lang='lat' dir='ltr'>innocentius</span> <span class='ocrx_word' id='word_1_487' title='bbox 1352 2460 1493 2495; x_wconf 73' lang='lat' dir='ltr'>episcopos</span> <span class='ocrx_word' id='word_1_488' title='bbox 1527 2466 1624 2488; x_wconf 83' lang='lat' dir='ltr'>servus</span> <span class='ocrx_word' id='word_1_489' title='bbox 1647 2466 1789 2489; x_wconf 74' lang='lat' dir='ltr'>servorum</span> <span class='ocrx_word' id='word_1_490' title='bbox 1822 2459 1887 2492; x_wconf 83' lang='lat' dir='ltr'>nai.</span> 
     </span>
     <span class='ocr_line' id='line_1_100' title="bbox 1189 2503 1676 2540; baseline 0.006 -10"><span class='ocrx_word' id='word_1_491' title='bbox 1189 2503 1264 2531; x_wconf 80' lang='lat' dir='ltr'>Leoni</span> <span class='ocrx_word' id='word_1_492' title='bbox 1287 2504 1347 2540; x_wconf 81' lang='lat' dir='ltr'>regi</span> <span class='ocrx_word' id='word_1_493' title='bbox 1366 2505 1549 2534; x_wconf 74' lang='lat' dir='ltr'>Armeniorum</span> <span class='ocrx_word' id='word_1_494' title='bbox 1559 2504 1676 2533; x_wconf 80' lang='lat' dir='ltr'>illustri.</span> 
     </span>
    </p>
   </div>
   <div class='ocr_carea' id='block_1_23' title="bbox 1144 2565 1888 2666">
    <p class='ocr_par' dir='ltr' id='par_1_25' title="bbox 1144 2565 1888 2666">
     <span class='ocr_line' id='line_1_101' title="bbox 1193 2565 1888 2614; baseline 0.006 -13"><span class='ocrx_word' id='word_1_495' title='bbox 1193 2565 1310 2612; x_wconf 76' lang='lat' dir='ltr'>Regiae</span> <span class='ocrx_word' id='word_1_496' title='bbox 1329 2568 1506 2602; x_wconf 80' lang='lat' dir='ltr'>serenitatis</span> <span class='ocrx_word' id='word_1_497' title='bbox 1532 2567 1655 2603; x_wconf 87' lang='lat' dir='ltr'>devotio</span> <span class='ocrx_word' id='word_1_498' title='bbox 1678 2577 1888 2614; x_wconf 79' lang='lat' dir='ltr'>promeretur,</span> 
     </span>
     <span class='ocr_line' id='line_1_102' title="bbox 1144 2616 1888 2666; baseline 0.004 -16"><span class='ocrx_word' id='word_1_499' title='bbox 1144 2623 1174 2650; x_wconf 85' lang='lat' dir='ltr'>et</span> <span class='ocrx_word' id='word_1_500' title='bbox 1200 2616 1363 2652; x_wconf 89' lang='lat' dir='ltr'>sinceritas</span> <span class='ocrx_word' id='word_1_501' title='bbox 1390 2625 1459 2652; x_wconf 76' lang='lat' dir='ltr'>tuae</span> <span class='ocrx_word' id='word_1_502' title='bbox 1489 2616 1648 2653; x_wconf 83' lang='lat' dir='ltr'>charitatis</span> <span class='ocrx_word' id='word_1_503' title='bbox 1667 2619 1824 2666; x_wconf 84' lang='lat' dir='ltr'>exposcit,</span> <span class='ocrx_word' id='word_1_504' title='bbox 1854 2627 1888 2654; x_wconf 89' lang='lat' dir='ltr'>ut</span> 
     </span>
    </p>
   </div>
   <div class='ocr_carea' id='block_1_24' title="bbox 1180 2682 1687 2718">
    <p class='ocr_par' dir='ltr' id='par_1_26' title="bbox 1180 2682 1687 2718">
     <span class='ocr_line' id='line_1_103' title="bbox 1180 2682 1687 2718; baseline 0.002 -10"><span class='ocrx_word' id='word_1_505' title='bbox 1180 2682 1220 2715; x_wconf 91' lang='grc'>(1)</span> <span class='ocrx_word' id='word_1_506' title='bbox 1238 2682 1274 2709; x_wconf 85' lang='lat' dir='ltr'>Ex</span> <span class='ocrx_word' id='word_1_507' title='bbox 1293 2683 1393 2715; x_wconf 51' lang='lat' dir='ltr'>Belum,</span> <span class='ocrx_word' id='word_1_508' title='bbox 1411 2682 1460 2709; x_wconf 77' lang='lat' dir='ltr'>loc.</span> <span class='ocrx_word' id='word_1_509' title='bbox 1475 2682 1508 2709; x_wconf 85' lang='lat' dir='ltr'>cit</span> <span class='ocrx_word' id='word_1_510' title='bbox 1526 2703 1532 2715; x_wconf 86' lang='grc'><strong>,</strong></span> <span class='ocrx_word' id='word_1_511' title='bbox 1550 2691 1608 2718; x_wconf 69' lang='lat' dir='ltr'>pag.</span> <span class='ocrx_word' id='word_1_512' title='bbox 1627 2684 1687 2710; x_wconf 74' lang='lat'>035.</span> 
     </span>
    </p>
   </div>
   <div class='ocr_carea' id='block_1_25' title="bbox 1917 286 2095 318">
    <p class='ocr_par' dir='ltr' id='par_1_27' title="bbox 1917 286 2095 318">
     <span class='ocr_line' id='line_1_104' title="bbox 1917 286 2095 318; baseline -0.006 -3"><span class='ocrx_word' id='word_1_513' title='bbox 1917 286 1967 315; x_wconf 76' lang='lat' dir='ltr'>An.</span> <span class='ocrx_word' id='word_1_514' title='bbox 1985 286 2015 314; x_wconf 81' lang='lat' dir='ltr'>C.</span> <span class='ocrx_word' id='word_1_515' title='bbox 2032 287 2095 318; x_wconf 68' lang='lat'>1201</span> 
     </span>
    </p>
   </div>
  </div>
 </body>
</html>
