2129 3223
36 241 87 269 An.
108 241 137 269 C.
153 244 217 270 ¹20&

45 934 130 956 Romani
155 932 214 956 Pon-

33 967 48 988 ti
75 971 99 989 οε
113 965 214 992 regino-

94 1020 98 1022 *
133 997 213 1023 reglum

62 1050 67 1052 ⁷
121 1027 213 1049 nondum

11 1063 23 1084 ,κ
64 1060 139 1085 Maur.

43 1620 119 1648 negem
141 1623 212 1644 vocari

31 1651 75 1672 vult
105 1651 213 1674 innoeen-

0 1680 1 1690 ¹
32 1683 79 1703 tm.

831 244 1040 269 tNNOCENnts
1062 246 1098 269 111
1121 246 1170 269 Pr.

532 297 684 333 XXXIX.

1658 236 1722 269 189

1366 302 1431 336 XL.

234 370 326 412 Ouod
351 381 406 404 rex
441 369 603 405 Bohemtae
636 382 655 404 a
690 371 766 404 sede
802 372 981 415 Apostolica
1023 376 1144 410 Erectio
1157 378 1452 422 hospitaltsapudS.
1469 378 1772 412 MariaminSaxt'a

367 430 423 453 rex
448 421 485 453 de
510 427 626 453 caetero
660 428 840 454 nommetur.

497 488 711 520 SUMMARIUM

231 556 258 586 1.
278 555 401 586 Rom-ani
424 555 579 586 Pontifices
603 557 663 594 regi
687 555 843 586 Bohemiae
866 557 979 594 regium

270 609 375 630 nomen
407 600 538 630 nondum
567 600 718 630 dederant.
749 617 788 623 —
815 600 841 630 Ξ.
872 600 979 640 Regem

269 644 366 674 vocari
396 644 454 674 vult
487 643 686 675 Innocentius.

228 715 399 761 Innocentius
419 714 561 751 opiscopus
579 721 676 744 servus
695 722 838 745 sorvorum
847 715 903 748 Dei.
918 716 981 744 oha-

273 763 384 794 rissimo
402 764 430 792 in
450 763 559 793 Christo
578 762 634 792 mio
662 763 691 791 tt.
713 765 773 799 regi
806 764 981 794 euhemerum

271 811 391 842 illustri.

275 883 364 919 Licet
386 890 457 918 ante
479 889 551 917 tuae
579 883 785 928 promotionis
821 891 978 931 tempora,

229 932 318 968 multi
344 931 460 967 fuerint
496 932 525 966 in
549 931 714 973 Bobemia‚
749 932 837 978 regio
869 934 979 969 diade-

228 989 312 1017 mate
342 981 501 1027 insigniti.
536 993 707 1028 numquam
732 989 835 1016 tamen
860 990 978 1029 potue-

228 1038 303 1067 runt
322 1042 338 1066 a
368 1030 661 1076 praedecessoribus
688 1031 804 1065 nostris
825 1030 979 1067 Romanis

227 1079 436 1116 Pontificibus
456 1079 611 1123 obtinere,
634 1088 667 1114 ut
685 1091 775 1126 reges
791 1092 845 1115 eos
863 1081 893 1115 in
913 1082 979 1117 suis

227 1129 328 1165 literis
350 1128 560 1164 nominarent.

275 1178 296 1227 5
320 1180 350 1213 l.
378 1178 442 1213 Nos
455 1189 584 1233 quoque
606 1185 672 1212 tum
698 1177 976 1225 praedecessorum

227 1236 408 1264 nostrorum
431 1227 570 1272 *estigiis
592 1226 802 1271 inhaerentes,
826 1235 890 1262 tum
907 1240 978 1263 con-

227 1277 401 1312 siderantes
426 1276 561 1319 solicite,
587 1276 672 1322 quod
701 1288 715 1310 a
742 1276 815 1311 nob.
833 1277 899 1312 viro
917 1277 975 1312 Ph.

227 1325 309 1362 duee
330 1325 460 1361 Sveviae
476 1333 504 1359 te
520 1325 638 1360 feceras
656 1326 810 1363 coronari,
833 1327 885 1373 qui
905 1339 976 1361 cum

227 1383 396 1410 coronatus
428 1374 566 1420 legitime
592 1386 654 1408 non
687 1373 809 1417 suisset,
846 1387 902 1410 nec
937 1384 976 1419 te,

229 1436 295 1460 nec.
308 1423 404 1460 alium
433 1431 555 1470 poterat
580 1423 720 1469 legitime
742 1435 904 1468 coronare,
928 1437 977 1460 re-

226 1485 298 1521 gem
319 1481 350 1508 te
372 1474 524 1509 hactenus
550 1484 614 1507 non
637 1472 788 1507 duximus
811 1474 977 1508 nominan-

227 1523 314 1558 dum.

276 1572 298 1619 S
322 1573 355 1606 2.
378 1571 495 1606 Verum
524 1583 595 1605 cum
624 1571 662 1605 ad
696 1570 975 1606 commonitionem

226 1621 426 1669 Apostolicae
464 1619 577 1663 Sedis,
612 1627 643 1654 et
678 1627 827 1657 nostram
869 1620 977 1656 relicto

227 1670 307 1706 duce
325 1669 468 1712 Simiae,
491 1669 529 1704 ad
552 1669 801 1704 charissimum
796 1681 825 1703 tn
849 1668 976 1704 Christo

228 1719 327 1755 filium
355 1726 495 1754 nostrum
531 1718 643 1753 illustr.
677 1730 781 1765 regem
816 1717 974 1754 Othonem

227 1769 258 1804 in
282 1767 462 1804 Romanum
502 1767 724 1814 imperatorem
758 1767 911 1808 electum,
949 1776 976 1803 te

226 1817 438 1861 converteris5
453 1829 529 1851 usus
547 1816 681 1851 consilio
702 1816 832 1855 saniori,
857 1824 887 1851 et
910 1818 976 1865 ipse

228 1866 341 1902 habeat
371 1873 402 1901 te
426 1877 481 1912 pro
504 1877 587 1911 rege,
615 1873 678 1900 tam
706 1865 821 1900 intuitu
847 1878 975 1913 precum

227 1920 306 1961 eius,
336 1931 430 1967 quam
454 1926 525 1953 tuae
552 1918 728 1954 devotionis
754 1918 897 1958 obtentu,
924 1933 977 1956 re-

226 1985 297 2020 gem
325 1980 354 2007 te
380 1972 420 2007 de
446 1979 568 2007 caetero
597 1979 742 2019 reputare
769 1972 915 2008 volumus
947 1982 976 2009 et

227 2037 348 2062 vocare.

275 2080 296 2128 S
322 2081 355 2115 5.
381 2079 431 2114 Tu
455 2078 550 2125 igitur
572 2078 674 2114 taliter
700 2079 830 2126 gratiam
853 2079 907 2114 tibi
930 2081 977 2116 fa-

228 2141 309 2171 ctam
331 2145 502 2181 agnoscaS‚
537 2140 568 2168 et
599 2134 645 2168 sic
672 2133 909 2180 ingratitudinis
931 2135 976 2169 vi-

228 2189 306 2224 tium
329 2186 457 2223 studeas
478 2186 613 2226 evitare,
636 2194 669 2221 ut
689 2193 741 2221 tua
763 2185 887 2222 devotio
909 2200 977 2223 me-

229 2249 346 2282 reatur,
367 2240 451 2289 quod
468 2248 499 2275 et
512 2240 610 2286 gratia
631 2239 686 2274 tibi
706 2239 798 2274 detur
815 2252 852 2275 ex
868 2242 976 2287 gratia,

229 2302 261 2329 et
287 2295 355 2329 data
375 2294 471 2340 gratis
493 2300 646 2340 perpetuo
667 2301 881 2334 conservetur,
909 2306 978 2341 pro-

228 2348 354 2384 visurus
379 2347 540 2388 attentius‚
568 2354 601 2380 ut
628 2345 818 2399 qupmcitius
843 2348 976 2393 poteris,

229 2401 268 2436 ab
288 2400 398 2436 eodem
433 2412 507 2447 rege
532 2399 659 2435 Othone
686 2406 716 2434 te
741 2399 836 2434 facias
860 2400 977 2436 solem-

230 2455 312 2490 niter
337 2453 489 2489 coronari.

279 2506 395 2543 Datum
414 2506 570 2548 Laterani,
593 2506 812 2542 decimotertio
830 2506 978 2542 kalendas

232 2561 318 2606 maii,
339 2572 422 2596 anno
449 2560 596 2608 septimo.

253 2620 311 2652 Dat.
333 2621 381 2652 die
400 2622 436 2652 19
455 2621 556 2662 aprilis
581 2621 665 2660 1204,
684 2620 785 2662 pontif.
803 2629 878 2652 anno
900 2629 947 2653 vn.

1070 426 1107 458 dc
1132 426 1220 470 Urbe,
1238 428 1281 460 ad
1300 439 1406 482 eqenos
1428 428 1567 483 infirmos
1585 427 1772 472 recipiendos

1071 481 1098 508 et
1124 478 1286 510 curandos.
1316 477 1357 510 Et
1380 476 1530 509 tmiistatutto
1556 477 1691 520 fratrum
1719 487 1772 509 or-

1070 525 1152 558 dinis
1173 525 1209 559 S.
1238 526 1387 570 Spiritus,
1414 526 1585 569 regularem
1612 526 1708 559 vitam
1729 526 1773 559 ibt

1070 575 1252 618 deflentium.
1291 575 1529 619 Praefinitt'oque
1555 576 1690 608 muneris
1724 575 1773 619 ip-

1070 635 1173 657 sorum
1198 625 1354 668 fratrum,
1381 635 1417 656 ac
1441 623 1632 657 auctoritatis
1667 635 1772 657 eorum

1069 673 1223 717 mayt'stri‚
1250 685 1317 706 cum
1354 673 1579 716 exemptionem
1605 684 1641 706 ac
1664 674 1772 718 privi-

1071 723 1221 766 leqt'orum-
1237 723 1432 756 concessione.

1291 803 1505 834 summumst

1022 870 1233 909 Hospitalitatis
1253 870 1478 900 commendatio
1496 885 1534 892 —
1568 870 1590 899 1
1623 869 1770 900 Innocen-

1034 915 1119 945 ⁸tius
1143 914 1287 963 hospitale
1312 913 1339 944 S
1366 913 1494 952 Spiritus
1513 915 1666 945 construit.
1688 932 1727 939 -
1744 915 1770 946 2.

1060 959 1234 996 Regularem
1254 959 1283 988 in
1303 968 1336 988 eo
1355 958 1416 988 vult
1434 958 1542 988 servari
1565 959 1707 989 ordinem.
1733 976 1772 983 -

1060 1003 1086 1033 3.
1098 1002 1136 1032 De
1150 1003 1267 1032 servitio
1286 1002 1493 1032 Ecclesiae.—
1504 1003 1531 1032 5.
1547 1001 1619 1032 Huic
1633 1003 1771 1042 hospitali

1060 1046 1139 1076 aliud
1163 1046 1241 1085 apud
1264 1045 1389 1076 Montem
1417 1045 1571 1076 Pessulan.
1596 1048 1668 1078 unit.
1691 1064 1729 1070 —
1744 1049 1770 1078 6,

1060 1090 1097 1120 De
1117 1091 1257 1129 magistro
1280 1091 1329 1129 qui
1349 1090 1466 1130 utrique
1489 1092 1609 1130 praesit:
1628 1108 1667 1114 —
1681 1092 1769 1123 Eius·

1059 1143 1116 1174 que
1138 1134 1292 1164 electione:
1310 1152 1349 1157 —
1372 1135 1396 1164 7.
1421 1134 1482 1166 Soli
1501 1135 1686 1174 Apostolicae
1702 1137 1769 1168 sedi

1059 1178 1236 1215 subiectum,
1252 1195 1290 1201 —
1306 1178 1411 1208 Eximit
1427 1178 1462 1208 ab
1478 1179 1557 1209 omni
1576 1179 1770 1212 subiectione.

1058 1239 1096 1245 —
1120 1223 1146 1252 8.
1168 1222 1208 1252 De
1231 1224 1396 1262 quaestuis.
1430 1239 1468 1246 —
1493 1223 1519 1252 9.
1549 1222 1701 1259 Quomodo
1723 1225 1769 1256 sa—

1059 1267 1181 1296 ciendae
1215 1267 1244 1296 in
1274 1266 1337 1296 loco
1369 1266 1546 1296 interdicto?
1568 1284 1606 1289 —
1633 1268 1678 1298 10.
1710 1268 1769 1300 Re-

1059 1315 1192 1350 ceptores
1206 1311 1395 1341 collectarum
1413 1311 1467 1341 sub
1480 1312 1661 1350 protectione
1678 1316 1770 1345 sancti

1060 1354 1134 1384 Petri
1167 1355 1278 1393 recipit.
1298 1371 1337 1376 —
1359 1355 1401 1384 tt.
1435 1354 1590 1393 Sepultura
1626 1366 1683 1386 non
1715 1368 1769 1388 ne-

1058 1403 1158 1436 getur,
1182 1399 1269 1428 etiam
1300 1399 1455 1429 interdicto
1488 1400 1624 1430 ecclesia.
1655 1418 1694 1424 —
1726 1403 1770 1432 12.

1058 1442 1162 1473 Eximit
1195 1454 1208 1473 a
1233 1443 1366 1473 decimis.
1396 1460 1436 1466 —-
1468 1444 1514 1474 13.
1544 1444 1710 1475 Oratoriutn
1744 1451 1772 1477 et

1058 1488 1268 1517 caemeterium
1291 1487 1435 1517 concedit.
1456 1504 1494 1509 —
1516 1488 1558 1517 ii.
1583 1487 1768 1521 Sacramenta

1058 1533 1100 1562 eis
1124 1541 1175 1571 per
1205 1532 1370 1562 ordinarios
1403 1531 1595 1561 ministranda
1629 1532 1769 1564 decernit.

1062 1576 1104 1606 15.
1128 1575 1273 1606 Nonnulla
1307 1576 1443 1605 concedit
1465 1575 1626 1614 privilegia.
1656 1594 1696 1600 —
1724 1578 1769 1608 15.

1058 1620 1096 1650 De
1116 1620 1256 1650 fratribus
1276 1620 1488 1650 turbatoribus.
1502 1636 1541 1642 -—
1560 1620 1606 1650 117.
1625 1621 1667 1650 Ab
1690 1624 1769 1652 omni

1058 1665 1157 1695 eximit
1179 1665 1329 1701 servitute,
1346 1681 1385 1686 —
1408 1664 1453 1693 18.
1470 1664 1503 1694 Et
1525 1675 1538 1694 a
1559 1665 1684 1695 decimis
1706 1667 1768 1696 sol-

1058 1709 1171 1739 vendis.
1183 1726 1222 1731 —
1234 1709 1484 1739 ⁴19.Successores
1495 1709 1653 1739 Pontifices
1664 1710 1769 1740 adhor-

1060 1757 1144 1788 tatur,
1167 1758 1197 1783 ut
1215 1754 1304 1784 huius
1334 1753 1469 1792 hospital.
1493 1763 1580 1783 curae
1600 1754 1770 1793 specialiter

1058 1797 1239 1827 incumbant.

1017 1872 1189 1901 Innocentius
1207 1873 1349 1909 episeopus
1367 1879 1464 1902 servus
1483 1879 1622 1903 servorum
1645 1874 1691 1904 Dei
1709 1874 1770 1904 Gui-

1062 1922 1123 1951 doni
1132 1922 1268 1958 magistro
1277 1923 1459 1958 nospitatium
1479 1924 1504 1950 s.
1521 1923 1623 1953 mariae
1640 1925 1669 1953 in
1689 1924 1769 1953 saxia

1063 1973 1093 2000 et
1103 1971 1195 2000 sancti
1211 1972 1331 2007 Spiritus
1340 1972 1368 2000 in
1381 1972 1471 2001 Monte
1490 1972 1644 2007 Pessulano.
1658 1973 1770 2010 eiusque

1062 2020 1200 2050 tratribus
1219 2022 1279 2050 tam
1296 2022 1489 2057 praesentibus
1508 2028 1589 2058 quam
1607 2021 1716 2051 futuris
1727 2029 1768 2051 ηε

1062 2069 1186 2106 gularem
1201 2071 1289 2099 vitam
1306 2069 1441 2106 professis
1456 2070 1483 2099 iu
1502 2071 1674 2106 perpetuum.
1695 2070 1769 2099 satu-

1061 2120 1117 2148 tem
1136 2121 1167 2148 et
1185 2119 1365 2154 apostoticam
1388 2120 1611 2149 benedictionem.

1067 2185 1153 2220 luter
1186 2197 1279 2232 opera
1314 2185 1455 2233 pietatis,
1482 2199 1564 2233 quae
1591 2187 1767 2222 secundum

1018 2239 1208 2286 Apostolum
1250 2239 1490 2285 promissionem
1534 2240 1628 2276 habet
1665 2241 1767 2281 vitae,

1018 2304 1098 2339 quae
1119 2304 1204 2327 nunc
1225 2300 1272 2327 est
1299 2292 1415 2339 pariter
1440 2301 1471 2328 et
1493 2294 1630 2335 futurae,
1659 2295 1769 2342 hospi-

1020 2345 1168 2380 talitatem
1196 2345 1288 2380 nobis
1321 2346 1499 2393 specialiter
1532 2355 1563 2382 et
1590 2347 1768 2395 frequenter

1019 2398 1120 2432 divina
1143 2398 1307 2446 Scriptura
1329 2400 1539 2441 commendat,
1562 2408 1670 2448 utpote
1688 2414 1768 2449 quae

1020 2452 1069 2487 illa
1105 2452 1211 2487 omnia
1244 2453 1507 2500 comprehendit
1535 2462 1663 2502 propter
1689 2467 1768 2503 quae

1018 2505 1203 2541 Dominus
1196 2518 1227 2540 in
1250 2505 1379 2542 ultimae
1401 2506 1605 2542 discussionis
1627 2509 1768 2545 examine

1021 2566 1291 2594 remuneraturum
1319 2571 1353 2595 se
1380 2560 1498 2605 bonos,
1533 2570 1563 2596 et
1597 2562 1696 2599 malos
1717 2575 1768 2599 as-

1019 2613 1094 2649 serit
1119 2612 1314 2661 puniturum.
1339 2612 1424 2649 Haec
1458 2614 1541 2650 enim
1569 2616 1669 2664 pascit
1695 2629 1768 2652 esu-

1787 244 1834 271 An.
1854 245 1882 271 C.
1904 246 1966 271 120'1

1796 2195 1906 2224 Hospitaltt
1915 2202 1949 2217 ts

1791 2229 1946 2249 commended*
