2129 3223
780 381 1216 478 INDEX

469 547 737 595 NOMINUM
766 548 838 595 ET
864 548 1063 595 RERUM
1095 549 1525 598 PRAECIPUARUM

257 873 411 898 nunnus
433 873 583 899 mmmm
604 874 747 899 mntcft'r.
770 882 819 890 —-
840 875 860 898 α
882 874 1015 899 ΡΒΙΜΑΜ
1034 875 1219 900 commum
1239 884 1288 890 -·
1309 864 1327 899 b
1349 874 1521 900 secmvmu
1544 873 1736 899 nesiorum.

978 1352 1012 1391 A

221 1459 361 1494 Abbates
387 1472 403 1494 a
432 1458 601 1506 prioribus,
629 1470 708 1505 quos
731 1458 760 1492 in
785 1456 973 1504 prioratibus
1005 1456 1185 1498 instituunt,
1220 1455 1337 1489 nullam
1381 1454 1589 1502 pensionem,
1623 1466 1681 1488 seu
1723 1465 1779 1501 pe-

319 1509 433 1544 cuniae
475 1509 680 1555 quantitatem
720 1516 791 1541 ante
827 1506 872 1541 rel
902 1515 972 1553 post
995 1506 1226 1540 institutionem
1255 1506 1380 1551 exigere
1408 1504 1536 1544 debent,
1560 1506 1631 1539 629
1656 1505 1685 1538 b.

219 1558 359 1594 Absalon
382 1558 553 1605 episcopus
572 1557 719 1592 Lunden.
753 1558 788 1590 V.
812 1556 977 1591 Lundensi
1003 1556 1164 1591 Ecclesiae
1187 1563 1239 1588 etc.

219 1608 358 1644 Achaiae
385 1608 561 1655 principis⁷
587 1607 776 1642 clericorum
821 1618 857 1640 ac
891 1605 1102 1653 capitulorum
1142 1604 1356 1639 Ecclesiarum
1395 1604 1536 1638 eiusdem
1581 1603 1778 1650 principatus

318 1657 486 1692 concordia
514 1657 718 1704 approbatur,
747 1657 818 1690 589
842 1657 860 1690 b
888 1663 917 1689 et
938 1668 998 1700 seq.

219 1706 315 1742 Acuti
336 1706 484 1742 Castrum
507 1706 693 1752 Anagninae
715 1705 881 1740 Ecclesiae
903 1704 1115 1743 adiudicatur,
1144 1705 1215 1738 662
1237 1716 1267 1737 α.

219 1756 398 1792 Ademarus
423 1755 661 1791 Xanctonensis
683 1756 865 1802 episcopus⁸
895 1756 929 1787 V.
959 1754 1125 1788 Aiensium
1151 1753 1379 1787 monachornm
1407 1761 1459 1786 etc.

220 1805 438 1841 Admontense
461 1805 687 1840 monasterium
710 1804 770 1839 sub
793 1804 988 1850 protectione
1011 1803 1212 1849 Apostolicne
1234 1802 1327 1837 Sedis
1349 1802 1534 1848 suscipitur,
1569 1801 1615 1835 ⁶25
1639 1802 1666 1834 b.
1686 1799 1772 1834 Bona

318 1863 349 1891 et
376 1855 535 1901 privilegia
562 1855 588 1889 ei
612 1855 852 1893 confirmantur,
873 1855 948 1887 ibid.
973 1852 1057 1887 Nova
1082 1853 1121 1887 de
1142 1853 1299 1887 electione
1321 1852 1551 1886 abbatissarum
1586 1858 1617 1884 et
1639 1850 1772 1884 alioruin

319 1906 585 1940 monasteriorum
610 1904 764 1951 regimine
791 1911 904 1938 statuta
927 1903 1124 1943 sanciuntur,
1152 1904 1226 1937 ibid.
1254 1904 1271 1936 b
1293 1910 1322 1935 et
1343 1914 1403 1947 seq.

220 1954 409 1990 Adultorum
433 1955 556 1989 animae
584 1954 613 1987 in
642 1954 793 1988 charitate
820 1952 1058 1995 decedentium,
1087 1964 1167 1998 quae
1192 1964 1248 1985 nec
1280 1960 1420 1998 peccato.
1449 1962 1505 1983 nee
1533 1949 1570 1983 ad
1587 1947 1774 1983 satisfactio-

320 2016 392 2039 nem
421 2003 559 2052 aliquam
583 2015 640 2051 pro
667 2004 735 2050 ipso
751 2010 911 2042 tenentur,
934 2003 971 2036 ad
994 2002 1124 2049 patriam
1141 2002 1284 2048 protinus
1310 2000 1499 2034 transvolant
1529 1999 1774 2044 sempiternam,

322 2055 395 2088 585
420 2066 451 2087 α.

221 2102 341 2150 AEgidii
369 2102 428 2146 (S.)
457 2102 681 2136 monasterium
703 2102 897 2136 Tolosanum
920 2101 957 2135 ad
988 2100 1165 2135 dominium
1187 2099 1221 2134 S.
1246 2099 1329 2134 Petri
1364 2106 1500 2145 spectat,
1523 2100 1594 2133 2t9
1627 2110 1657 2131 α.
1688 2095 1773 2130 Bona

321 2152 426 2187 eidem
449 2152 679 2186 confirmantur
700 2159 730 2186 et
753 2152 913 2198 privilegia
941 2151 1090 2184 nonnulla
1120 2150 1352 2187 conceduntur,
1375 2150 1450 2183 ibid.
1473 2150 1501 2182 b.

222 2202 359 2250 Agareni
381 2209 566 2248 grassantur
589 2202 618 2235 in
648 2201 753 2247 regnis
775 2200 931 2237 Castettae
954 2208 983 2234 et
1013 2199 1173 2246 LegioniS,
1188 2201 1260 2234 492
1283 2201 1310 2233 b.
1326 2198 1472 2234 Crucium
1496 2197 1532 2231 :td
1546 2209 1600 2232 eos
1620 2195 1774 2243 fugandos

321 2251 483 2290 indicitur,
511 2251 587 2285 ibid.

221 2301 329 2347 Agnes
348 2300 507 2336 Meraniae
529 2299 619 2333 ducis
642 2298 714 2333 fitia.
747 2301 779 2333 V.
803 2299 972 2345 Philippus
995 2299 1022 2334 ll
1046 2311 1097 2333 rex
1121 2297 1282 2332 Franciae.

224 2350 387 2385 Aiensium
413 2349 640 2384 monachorum
669 2348 790 2383 ordinis
817 2348 1036 2384 Cluniacensis
1069 2356 1099 2382 et
1135 2346 1397 2394 archipresbyteri
1435 2346 1473 2379 de
1506 2344 1657 2380 Rnchvtta
1698 2355 1774 2377 cun-

321 2400 472 2434 troversia
495 2410 590 2444 super
617 2398 770 2432 divisione
809 2398 1005 2433 oblationum
1035 2394 1246 2441 componitur,
1278 2398 1324 2430 58
1357 2398 1374 2429 b
1409 2403 1437 2428 et
1459 2407 1518 2440 seq.
1535 2393 1773 2429 contii-mantun-

321 2448 368 2483 eis
393 2449 581 2482 donationes
607 2447 645 2480 ab
668 2446 870 2482 Hisomberto
894 2447 932 2482 de
955 2448 1067 2483 Castro
1095 2446 1207 2480 Alione
1237 2445 1345 2485 factae,
1369 2447 1414 2480 40
1442 2457 1461 2478 a
1483 2453 1513 2478 et
1541 2446 1568 2478 b.

222 2497 386 2533 Alatrinus
412 2498 639 2539 subdiaconus,
664 2499 726 2530 57¹
761 2498 789 2531 b.

222 2547 420 2582 Albanenses
442 2546 603 2586 haeretici,
631 2558 804 2593 eorumque
833 2558 964 2593 poenae,
985 2548 1055 2580 506
1082 2547 1100 2580 b
1122 2553 1150 2578 et
1165 2557 1225 2590 seq.

224 2596 396 2632 Albanensi
421 2596 584 2632 Ecclesiae
608 2597 674 2630 iura
701 2596 806 2631 omnia
832 2608 868 2631 ac
891 2596 1051 2643 privilegia
1079 2594 1318 2633 confirmantur,
1350 2593 1419 2627 5⁶26
1444 2594 1473 2626 b.
