2129 3223
37 253 88 284 Αιι.
104 251 134 280 C.
152 252 219 279 ¹26⁸

861 251 1007 275 CLEMENS
1028 252 1061 274 tv
1084 252 1131 275 ΡΡ.

272 306 337 336 dem
369 310 398 336 et
427 304 561 336 Carolum
593 304 775 343 Andegaven.
807 305 842 335 de
874 306 975 336 eodem

271 360 361 389 regno
383 350 438 389 ipsi
457 349 655 381 concedendo.
679 365 718 372 —-
733 349 898 380 Mandatum
918 351 975 381 ita-

271 405 327 435 que
359 395 500 434 delegatis
526 394 695 434 apostolicis
728 404 742 424 a
771 394 917 425 Clemente
946 399 977 424 ut

271 441 368 479 ipsum
391 440 572 470 investirent.
601 455 640 461 —-
670 438 697 468 ⁹2.
720 439 834 469 Additis
861 440 975 478 itaque,

270 484 458 524 impletisque
489 483 722 517 conditionibus,
743 493 808 513 eum
839 484 974 513 investie-

269 534 345 559 runt.
355 546 394 552 —
406 529 432 559 3.
443 528 518 559 Haec
531 528 697 559 confirmari
710 529 779 567 petit
791 528 922 558 Carolus:
937 545 975 551 -

267 574 294 604 4.
305 573 444 605 Concedit
458 574 602 605 Clemens,
613 589 652 595 -
663 572 780 602 Litterae
801 574 975 603 investiturae

265 620 354 658 factae
369 628 420 659 per
431 619 581 650 cardinales
591 617 733 656 delegatos.
754 634 793 640 -
810 617 973 647 Earumrlem

272 665 458 694 summarium.
469 681 509 687 —
520 663 732 694 Exordium.—
745 661 907 692 Mandatum
916 662 974 692 sibi

267 709 374 739 aiunta
390 708 530 738 Pontifice
553 707 661 746 negotii
680 707 973 737 consummationem.

265 768 304 775 —
342 751 568 783 Commissoriales
600 750 745 781 Clementis
781 750 894 779 litterae.
935 767 973 772 —

266 796 393 835 Delegati
405 797 440 826 ad
451 795 732 826 consummationem
748 795 917 834 procedunt.
935 812 972 818 —

265 841 400 871 Carolum
417 841 452 872 de
475 845 531 871 tota
555 845 629 870 terra
652 841 722 870 citra
743 839 868 869 Pharum
888 840 972 870 inve-

266 887 370 922 stiunt,
392 891 511 925 excepta
543 885 658 915 civitate
691 883 904 914 Beneventana.
934 901 973 907 —

264 929 463 960 luramentum
481 938 571 969 super
592 929 811 959 conditionibus
830 929 973 968 recipien-

264 977 320 1004 tes.
341 990 381 996 —
410 973 609 1004 Condiciones.
640 990 680 996 —
705 973 732 1003 1.
760 973 891 1012 Legitimi
921 974 971 1003 filii

264 1017 397 1058 patribus
427 1019 594 1049 succedent.
615 1035 655 1040 —
680 1017 783 1048 Carolo
814 1018 877 1048 sine
904 1018 972 1048 liliis

264 1061 396 1098 obeunti,
417 1063 467 1102 qui
489 1062 616 1093 debeant
633 1062 800 1092 succedere.
818 1079 857 1085 —
881 1062 972 1092 Casus

264 1106 459 1136 devolutionis
482 1107 518 1136 ad
537 1106 564 1137 S.
585 1106 698 1136 Sedem.
716 1123 755 1128 —
776 1105 890 1136 Gradus
906 1116 972 1136 suc-

263 1151 416 1181 cessionis.
431 1169 469 1173 —
484 1151 629 1190 illegitimi
648 1151 761 1181 nullum
781 1151 887 1182 babent
903 1160 972 1181 suc-

262 1195 386 1226 cedendi
417 1196 473 1226 ius.
501 1212 540 1218 —
560 1195 588 1225 2.
611 1195 742 1234 Regnum
773 1196 854 1225 nullo
886 1197 971 1226 modo

263 1239 462 1270 dividendum.
484 1257 522 1262 —
550 1240 577 1270 3.
602 1240 695 1278 Reges
719 1240 866 1270 fidelitatis
888 1241 970 1271 iura-

264 1289 394 1314 mentum
423 1289 452 1314 et
477 1284 645 1323 homagium
675 1283 727 1313 PP.
756 1289 904 1324 praestare
923 1285 972 1315 de-

263 1327 342 1359 hent.
375 1345 414 1351 —
438 1328 541 1359 Forma
573 1329 742 1359 iuramenti.
772 1346 812 1352 —
842 1329 970 1370 Tempus

262 1373 431 1412 praestandi
459 1374 626 1404 iuramenti.
652 1390 692 1397 -
712 1372 911 1404 Iuramentum
935 1375 971 1404 de

262 1427 321 1448 non
342 1419 552 1449 consentiendo
571 1418 706 1448 electioni
734 1419 780 1448 sui
800 1419 828 1448 in
846 1419 971 1457 impera-

262 1466 355 1493 torem
366 1463 409 1493 vel
427 1472 525 1502 regem
543 1462 752 1498 Romanorum,
767 1468 867 1493 elc.—
880 1462 971 1494 Secus

262 1511 381 1545 agentes
399 1516 414 1537 a
437 1507 500 1537 iure
518 1507 598 1546 regni
623 1508 736 1537 cadent.
757 1524 796 1530 —
821 1507 890 1537 ltem
911 1508 972 1538 foe-

262 1551 340 1581 mina
361 1551 389 1581 in
413 1560 502 1590 regno
525 1551 699 1588 succedens,
724 1552 894 1591 imperatori
922 1558 972 1583 aut

262 1596 324 1634 regi
346 1595 488 1626 Theuton.
510 1597 534 1626 si
553 1596 652 1626 nubat.
675 1613 715 1619 —
731 1597 903 1627 Addendum
926 1598 972 1627 iu-

262 1645 394 1671 ramento
420 1641 455 1671 de
477 1650 535 1671 non
560 1641 730 1680 occupando
757 1641 893 1680 imperio,
927 1643 969 1672 vel

263 1685 361 1725 aliqua
390 1690 470 1725 parte
492 1685 683 1715 Lonibardiae
702 1685 745 1715 vel
763 1684 918 1716 Thusciae.
933 1703 972 1709 —
991 1683 993 1738 l

262 1728 338 1766 Quid
358 1731 502 1769 agendum
525 1731 550 1760 si
578 1729 696 1760 Siciliae
717 1738 767 1760 rex
790 1731 818 1760 in
847 1731 993 1774 impera-⁴1

262 1778 354 1804 torem
380 1775 513 1813 eligatur.
538 1791 577 1797 -—
603 1775 631 1804 4.
648 1773 681 1804 ln
705 1775 871 1804 minoritate
894 1777 971 1813 regis
991 1777 993 1824 l

262 1818 346 1856 regni
373 1818 587 1849 administratio
623 1828 712 1858 penes
743 1818 825 1849 Rom.
855 1819 993 1850 pontifi-¹

263 1870 338 1893 cem.
370 1879 408 1887 —-
433 1863 460 1893 5.
483 1864 563 1893 Aliae
593 1863 672 1902 leges
705 1873 755 1903 pro
785 1864 970 1905 impedienda

262 1907 372 1937 unione
387 1908 469 1946 regni
489 1907 577 1938 huius
592 1917 658 1938 cum
675 1908 808 1948 imperio,
826 1909 869 1939 vel
888 1909 972 1940 Lom-

263 1951 376 1989 hardia‚
391 1951 528 1990 Thuscia,
546 1958 597 1984 etc.
619 1970 657 1975 —
671 1954 698 1984 6.
717 1953 829 1984 Census
855 1963 971 1984 annuus

263 1995 347 2027 Rom.
375 1995 522 2028 Ecclesiae
552 1998 761 2036 persolvendus
795 1998 849 2028 sub
879 2009 971 2039 poena

264 2040 448 2071 caducitatis.
469 2058 509 2065 —
533 2042 559 2072 Ἰ.
583 2041 623 2072 De
640 2042 794 2074 Palel'rido.
824 2061 864 2067 ·—
888 2044 915 2075 8.
941 2044 972 2075 ln

263 2085 403 2124 ingressu
429 2087 512 2126 regni
537 2086 673 2118 solvenda
700 2088 739 2119 50
767 2088 858 2119 millia
882 2098 971 2120 marc.

265 2130 397 2170 sterling.
427 2147 467 2154 —
495 2131 523 2162 9.
541 2132 690 2163 Auxilium
711 2131 793 2162 Rom.
822 2132 972 2164 Ecclesiae

265 2175 302 2206 ad
319 2182 422 2207 nutum
440 2177 658 2216 praestandum.
676 2194 714 2201 -
733 2178 780 2209 10.
800 2177 905 2209 Civitas
919 2177 973 2208 Be-

265 2225 426 2251 neventana
453 2221 535 2252 Rom.
559 2221 708 2252 Ecclesiae
732 2227 906 2253 reservatur.
935 2239 973 2246 -

266 2260 314 2292 11.
335 2261 424 2301 Ligna
444 2262 537 2291 danda
558 2271 609 2299 pro
628 2263 728 2293 eadem
751 2264 908 2293 reficienda
925 2264 971 2293 ci-

265 2302 363 2332 vitate.
395 2318 435 2325 -—
466 2301 511 2332 12.
542 2301 648 2332 Tutum
679 2303 734 2332 iter
760 2301 971 2333 Beneventanis

266 2346 490 2386 praestandum
511 2363 550 2369 —
567 2346 611 2376 13.
630 2346 850 2388 Libertatesque
868 2357 967 2378 eorum

265 2399 300 2421 ac
321 2391 472 2431 privilegia
488 2391 816 2422 servanda—Siciliae
835 2402 883 2422 rex
897 2392 971 2422 nibil

264 2435 340 2466 iuris
375 2437 418 2467 vel
450 2437 601 2475 dignitatis
636 2436 755 2466 habebit
790 2437 820 2467 in
849 2438 972 2468 caeteris

267 2474 340 2506 locis
360 2476 395 2507 de
422 2477 550 2507 dominio
575 2476 721 2506 Romanae
748 2476 903 2507 Ecclesiae.
933 2495 973 2501 —

265 2514 360 2546 llnius
378 2517 482 2555 capitis
506 2517 720 2547 inobservantia
749 2517 860 2547 inducit
882 2518 973 2548 cadu-

267 2555 394 2586 citatem.
410 2573 450 2579 —
466 2556 526 2587 Ilnc
544 2561 631 2596 caput
648 2557 868 2594 comprehendit
885 2558 971 2588 etiam

266 2604 367 2634 regum
387 2598 630 2636 consanguineos.
647 2613 687 2619 —
713 2597 758 2627 14.
779 2596 854 2627 Bona
873 2599 970 2627 omnia

1643 246 1710 278 74:⁸5

1056 306 1092 335 iis
1110 307 1137 336 in
1157 306 1350 338 electionibus
1369 310 1533 340 omnimoda
1554 311 1705 342 servanda.
1723 329 1762 335 —

1057 347 1102 376 16.
1121 345 1231 377 Causae
1260 349 1480 380 ecclesiasticae
1503 359 1556 380 suo
1575 351 1636 381 soro
1663 352 1761 382 remit-

1057 386 1168 416 tendae.
1199 403 1238 410 -—
1267 388 1312 418 17.
1348 388 1509 420 iuramenta
1547 391 1695 422 fidelitatis
1727 403 1760 423 ox

1055 426 1163 465 quibus
1180 431 1208 456 et
1224 428 1370 467 quomodo
1386 430 1561 468 recipienda.
1578 447 1618 454 —-
1638 432 1683 463 18.
1698 431 1760 464 Cle-

1055 467 1106 495 rici
1125 475 1181 496 non
1201 469 1391 499 conveniendi
1412 479 1508 500 coram
1533 471 1629 501 iudice
1651 482 1758 504 saecu-

1055 505 1120 536 lari.
1143 523 1182 528 —
1207 507 1254 537 19.
1278 507 1314 537 Ex
1338 508 1476 539 Ecclesiis
1497 512 1667 543 vacantibus
1686 514 1758 545 nihil

1055 546 1236 583 exigendum.
1262 564 1301 570 —
1328 548 1374 579 20.
1398 550 1522 589 Antiqua
1544 552 1694 591 privilegia
1714 563 1760 584 re-

1055 586 1178 624 gnicolis
1197 590 1405 618 conservanda.
1422 606 1461 612 —-·
1482 591 1528 620 ⁶21.
1548 592 1651 623 Exules
1677 603 1759 624 revo-

1055 626 1154 661 candi,
1184 626 1318 667 bonaque
1351 629 1392 658 eis
1422 631 1612 662 restituenda.
1642 650 1680 656 —
1710 634 1758 664 22.

1054 665 1154 696 Sorani
1178 668 1294 697 comilis
1320 668 1435 699 iuribus
1457 672 1631 702 consulitur.
1649 690 1686 696 —
1708 673 1756 704 23.

1054 705 1274 737 Conl'oederatio
1289 708 1368 738 nulla
1389 710 1417 738 in
1435 711 1646 747 praeiudicium
1670 713 1702 743 R.
1728 713 1757 743 E.

1054 746 1192 776 ineunda.
1213 763 1251 769 —
1273 747 1320 778 24.
1342 748 1491 779 Exercitus
1514 761 1528 780 a
1551 750 1651 782 Carolo
1674 762 1755 782 com-

1055 786 1211 824 parandus.
1238 803 1277 809 —
1307 787 1463 819 Terminus
1491 789 1602 821 ltaliam
1632 793 1757 824 intrandi

1054 826 1229 864 assignatur.
1253 843 1293 849 —
1314 827 1359 858 25.
1383 828 1441 858 Hae
1465 831 1647 862 conditiones
1664 831 1759 862 Caroli

1054 865 1194 895 haeredes
1212 866 1350 905 obligant.
1369 885 1408 890 —
1422 869 1469 899 25.
1489 869 1660 902 Protestatio
1676 882 1690 902 a
1706 871 1760 902 Ca-

1052 906 1114 935 rolo
1136 905 1278 943 facienda,
1305 917 1336 937 se
1354 906 1472 939 Siciliae
1488 919 1610 949 regnum
1632 920 1666 941 ex
1682 921 1759 942 mera

1053 944 1137 1015 Sepis
1154 945 1338 985 Apostolicae
1357 950 1447 986 gratia
1467 949 1607 981 obtinere.
1621 968 1660 974 —
1674 950 1760 983 Clau-

1053 994 1085 1015 su
1102 994 1144 1016 ae.

1013 1051 1133 1081 Clemens
1151 1053 1292 1090 episcopus
1311 1061 1407 1084 servus
1429 1063 1569 1086 servorum
1583 1055 1639 1091 Dei.
1660 1057 1760 1086 dilecto

1055 1101 1110 1130 filio
1134 1101 1228 1131 carolo
1251 1103 1313 1139 regi
1331 1103 1437 1133 Siciliae
1455 1104 1570 1139 illustri,
1590 1106 1709 1135 salutem
1731 1108 1761 1135 ot

1057 1150 1234 1186 apostoticam
1253 1152 1473 1182 benedictionem.

1061 1212 1230 1248 Constituti
1257 1214 1296 1249 ab
1319 1215 1375 1256 Eo,
1404 1228 1458 1263 per
1478 1229 1572 1264 quem
1598 1230 1689 1264 reges
1716 1230 1762 1254 re·
1800 1227 1918 1250 Βιοταᾱωα

1013 1270 1109 1308 gnant
1148 1272 1178 1298 et
1202 1264 1360 1311 principes
1381 1274 1546 1312 imperant,
1569 1275 1600 1302 et
1625 1267 1678 1314 qni
1709 1280 1761 1304 so-

1013 1312 1077 1346 lum
1095 1312 1188 1348 habet
1211 1313 1240 1347 in
1266 1326 1363 1360 regno
1383 1314 1546 1351 hominum
1575 1325 1759 1364 potestatem

1012 1373 1107 1407 super
1128 1370 1238 1408 gentes
1259 1371 1289 1397 et
1312 1376 1416 1410 regna,
1440 1377 1568 1400 necesse
1608 1366 1760 1402 habemus

1014 1410 1170 1446 interdum
1198 1413 1301 1457 regnis
1324 1414 1411 1459 ipsis,
1433 1423 1461 1448 et
1481 1416 1667 1462 specialiter,
1681 1429 1761 1464 quae

1014 1459 1171 1495 Romanae
1212 1461 1373 1497 Ecclesiae
1414 1464 1490 1499 iuris
1534 1473 1564 1500 et
1598 1467 1761 1512 potestatis

1012 1510 1160 1554 existunt,
1181 1523 1252 1545 cum
1278 1510 1426 1548 fratribus
1453 1515 1568 1549 nostris
1591 1515 1627 1550 ad
1654 1528 1758 1563 pacem

1012 1567 1043 1594 et
1071 1559 1217 1594 iustitiam
1241 1563 1428 1608 populorum
1458 1572 1604 1610 perpetua
1639 1566 1759 1600 stabili-

1013 1617 1074 1644 tate
1104 1610 1282 1657 disponerc,
1320 1623 1355 1646 ac
1390 1613 1419 1646 in
1454 1625 1565 1648 eornm
1601 1616 1689 1650 soliis
1720 1615 1758 1650 ad

1014 1659 1152 1705 regimen
1178 1660 1320 1705 gentium
1343 1661 1567 1701 subiectarum,
1601 1677 1681 1711 qnos
1716 1664 1760 1698 di-

1012 1720 1091 1754 gnos
1106 1708 1264 1743 credimus
1288 1709 1469 1752 sublimare3
1487 1721 1515 1746 et
1527 1714 1598 1760 qnia
1615 1715 1756 1750 instructi

1013 1757 1051 1792 ab
1077 1757 1135 1798 Eo,
1158 1759 1210 1804 qni
1239 1759 1367 1804 spiritus
1401 1762 1528 1808 angelos
1563 1776 1638 1798 suos
1676 1764 1757 1805 facit,

1013 1819 1107 1853 snper
1137 1807 1317 1843 huiusmodi
1353 1810 1559 1855 dispositione
1591 1826 1758 1857 regnorum

1013 1868 1251 1903 nonnumquam
1279 1858 1436 1905 aliquibus
1457 1873 1495 1895 ex
1519 1861 1665 1897 fratribus
1681 1864 1757 1911 ipsis

1012 1905 1116 1951 aliqua
1143 1907 1370 1942 committimus
1404 1910 1603 1956 peragenda,
1637 1922 1669 1948 ut
1711 1926 1758 1952 ea,

1013 1966 1093 2001 quae
1111 1955 1150 1990 ab
1172 1956 1247 2002 ipsis
1270 1956 1418 1993 fratribus
1431 1960 1599 2006 superillis
1612 1973 1683 1996 cum
1700 1975 1758 1998 ma-

1014 2005 1138 2039 turitate
1159 2005 1261 2041 debita
1287 2007 1343 2042 rite
1360 2019 1395 2043 ac
1415 2010 1543 2056 provide
1563 2012 1757 2052 ordinantur,

1013 2054 1128 2101 eoipso
1142 2056 1225 2102 quod
1242 2065 1362 2091 constat
1377 2057 1441 2104 ipsa
1457 2058 1496 2093 de
1508 2070 1610 2095 nostra
1624 2061 1687 2096 fiori
1700 2062 1759 2096 ius-

1013 2104 1112 2148 sione,
1127 2105 1223 2139 robur
1246 2105 1407 2142 obtineant
1425 2108 1589 2144 firmitatis:
1607 2119 1757 2145 netanien

1013 2153 1155 2189 vacillent
1173 2155 1203 2189 in
1224 2164 1396 2202 posterum,
1415 2157 1460 2191 vel
1476 2159 1669 2194 cavillatione
1689 2160 1759 2195 sub-

1014 2203 1142 2247 iaceant,
1161 2216 1198 2239 eo
1216 2213 1289 2239 sunt
1321 2205 1431 2241 fortius
1455 2207 1626 2254 apostolico
1653 2210 1758 2244 muni-

1013 2258 1095 2292 mine
1128 2258 1319 2300 roboranda,
1351 2273 1414 2307 quo
1457 2263 1537 2296 circa
1572 2262 1699 2302 maiora,
1726 2263 1755 2297 in

1013 2311 1130 2358 quibus
1155 2313 1256 2347 maius
1279 2314 1451 2360 periculum
1475 2315 1668 2356 formidatur,
1690 2329 1758 2353 nia-

1013 2366 1058 2400 ior
1084 2374 1131 2401 est
1153 2366 1313 2402 canthelae
1339 2368 1486 2403 discretio
1519 2369 1706 2406 adhibenda.

1062 2423 1077 2463 g
1106 2421 1135 2453 «Ι.
1158 2419 1241 2455 Sane
1269 2431 1408 2468 porrecta
1431 2423 1520 2458 nobis
1547 2432 1616 2459 tuae
1657 2424 1951 2480 filiatisifflcss‘wreguuffi

1778 2465 1821 2480 uri«
1829 2459 1889 2481 Sedis
1898 2461 1953 2489 Apo-

1013 2473 1186 2508 devotionis
1206 2475 1313 2521 petitio
1340 2477 1529 2522 continebat,
1564 2479 1648 2526 qnod
1683 2489 1865 2515 cumnonm.

1013 2540 1109 2573 regno
1130 2527 1254 2563 Siciliae
1276 2537 1307 2563 et
1328 2538 1388 2564 tota
1405 2540 1483 2566 terra
1510 2532 1584 2566 citra
1606 2532 1756 2574 Pliarnm,

1013 2595 1112 2629 usque
1134 2582 1171 2616 ad
1195 2583 1327 2619 confinia
1343 2593 1492 2620 terrarum
1518 2585 1678 2623 Romanae
1699 2587 1757 2624 Ec-

266 2636 474 2667 ecclesiasticis
496 2639 684 2668 restituenda.
712 2654 751 2659 —
774 2637 818 2667 15.
843 2637 972 2668 Libertas
989 2635 994 2676 l
1013 2636 1135 2678 clesiae,
1157 2648 1237 2684 qnae
1263 2637 1301 2673 de
1329 2639 1486 2685 praedicto
1508 2652 1604 2683 reguo
1630 2639 1755 2678 Siciliae

306 2683 380 2714 Ball.
397 2684 472 2714 Rom.
501 2686 552 2714 l'ol.
571 2686 620 2715 ΙΙΙ.
816 2687 853 2718 94

1776 258 1822 283 Λη.
1843 257 1870 283 C.
1891 258 1955 284 ¹2¹2&
