2129 3223
64 260 115 290 An.
126 259 155 287 C.
180 260 247 287 1255

69 860 134 884 Breve
147 863 194 884 etue
203 862 237 882 vl-

134 897 236 920 compon-

54 924 117 946 dium.

55 1693 131 1716 onnia
137 1699 176 1716 ιιι
181 1699 230 1721 pon-

49 1723 132 1750 perilms
151 1723 231 1751 elargi-

0 1799 72 1935 r

7 1949 11 1952 ⁴
61 1940 223 1963 Doni-nuatum

62 1972 141 1994 ordinis
155 1972 222 1998 orico.

869 257 1067 281 ALt-:xaxm-:R
1090 258 1122 280 tv
1145 258 1193 281 PP.

259 318 333 363 quia
368 315 494 350 lucerna
529 322 590 348 tam
617 325 760 353 accensa,
795 321 856 347 tarn
889 312 1008 354 lucens,

258 364 408 400 abscondi
430 375 492 398 non
517 370 647 410 poterat,
669 362 745 409 quin
768 361 959 409 splenderet,
979 370 1009 396 et

258 414 377 450 clarum
413 414 444 448 in
475 412 570 448 domo
603 411 729 446 Domini
765 411 853 446 daret
888 411 1006 446 lumen.

258 463 322 499 Nec
357 461 483 498 recondi
517 469 637 509 poterat
671 472 723 495 vas
749 468 793 495 tot
819 469 1006 502 aromatum,

257 513 331 559 quin
354 511 512 558 fragraret,
534 519 564 546 et
591 509 677 544 suavi
697 509 793 544 odore
816 489 1006 545 dominicam

257 569 451 608 respergeret
473 559 678 594 mansionem.
707 559 774 593 Imo
797 570 868 593 eum
898 559 926 593 in
955 571 1007 594 an-

255 618 348 665 gusto
386 608 566 645 solitudinis
606 607 777 643 reclusorio
816 607 1004 643 alabastrum

254 659 302 694 sui
334 659 475 706 corporis
509 658 585 692 liaec
611 657 688 692 dure
723 664 916 695 contereret
943 665 1003 692 tota

254 709 382 743 omnino
420 707 580 742 Ecclesiae
619 706 689 741 aula
725 706 900 741 sanctitatis
938 707 1004 742 eius

252 757 402 793 odoribus
426 755 614 803 replebatur.

300 807 321 854 g
344 809 375 840 1.
394 805 479 841 Sane
501 817 572 840 cum
596 804 660 851 ipsa
679 803 754 838 dum
775 803 877 838 adbuc
901 805 1001 851 puelli

252 863 334 891 esset
361 855 391 889 in
418 854 557 899 saeculo,
578 853 665 888 hunc
687 852 841 888 mundum
863 853 1000 899 fragilem

250 912 281 940 et
316 903 532 943 immundum,
568 902 686 937 mundo
721 902 799 937 calle
826 902 864 937 ab
901 912 1001 938 aetate

251 961 357 988 tenera
387 952 540 988 transilire
573 951 726 991 studeret,
760 960 790 986 et
822 952 998 997 preciosum

249 1015 325 1038 suae
347 1002 531 1049 virginitatis
554 1001 736 1036 thesaurum
775 1000 891 1036 illibato
913 1013 1000 1036 sem-

249 1063 306 1098 per
331 1051 452 1099 pudore
479 1050 673 1093 custodiens,
701 1049 848 1084 claritatis
874 1058 903 1084 et
933 1051 999 1097 pie-

247 1101 320 1135 tatis
353 1100 502 1147 operibus
535 1100 697 1146 vigilanter
732 1099 922 1142 intenderet,
959 1100 997 1135 ita

247 1150 332 1197 quod
354 1162 392 1185 ex
413 1161 448 1185 ea
473 1159 558 1195 grata
580 1157 609 1183 et
631 1147 796 1183 laudabilis
818 1148 854 1182 ad
877 1148 998 1184 vicinos

246 1207 277 1234 et
293 1199 373 1234 alios
402 1199 482 1233 fama
505 1198 653 1245 prodiret,
676 1197 785 1232 beatus
807 1197 998 1234 Franciscus

245 1247 353 1283 audito
374 1247 470 1282 huius
486 1247 584 1282 famae
600 1246 781 1294 praeconio,
803 1248 906 1293 coepit
927 1259 998 1282 con-

246 1296 349 1332 festim
368 1296 484 1332 hortari
499 1308 580 1336 eam,
593 1304 622 1330 et
636 1295 674 1330 ad
688 1294 806 1330 Christi
827 1297 995 1342 perfectam

247 1345 399 1381 inducere
437 1346 629 1380 servitutem.
663 1344 752 1386 Quae
784 1346 880 1380 sacris
912 1346 996 1382 illius

245 1395 374 1430 monitis
395 1407 467 1430 mox
493 1394 678 1437 adhaerens,
693 1401 723 1428 et
743 1394 899 1429 mundum
922 1407 994 1430 eum

245 1444 379 1480 terrenis
417 1443 569 1479 omnibus
604 1443 730 1490 penitus
761 1443 919 1486 abdicare,
959 1457 995 1479 ac

244 1493 302 1528 soli
330 1493 468 1528 Domino
492 1493 522 1527 in
546 1498 730 1539 paupertate
755 1492 925 1527 voluntaria
951 1493 995 1528 fa-

245 1542 358 1578 mulari
379 1541 574 1585 desiderans,
596 1541 657 1576 hoc
681 1553 775 1576 suum
798 1540 922 1576 fervens
944 1542 996 1577 de-

243 1591 409 1631 siderium,
435 1603 531 1638 quam
558 1591 621 1625 cito
638 1590 752 1636 potuit,
775 1590 968 1638 adimplevit.

292 1643 309 1684 ς
334 1641 367 1674 2.
400 1639 490 1682 Quae
518 1639 643 1674 tandem
671 1646 782 1674 cuncta
811 1652 867 1674 sua
895 1640 994 1685 bona,

245 1696 280 1723 ut
302 1701 368 1724 una
395 1701 503 1724 secum
531 1687 682 1736 quicquid
711 1688 803 1722 etiam
840 1689 994 1730 habebat,

244 1737 363 1773 Christi
394 1737 546 1785 obsequio
568 1737 744 1784 deputaret,
765 1737 797 1771 in
819 1738 995 1786 eleemosy-

244 1798 302 1822 nas
344 1794 376 1821 et
402 1799 575 1834 pauperum
604 1785 746 1820 subsidia
771 1785 931 1821 distribuit
965 1795 995 1822 et

244 1835 410 1870 convertit.

293 1887 309 1927 5
335 1886 367 1918 5.
390 1883 536 1930 Cumque
562 1883 601 1916 sle
634 1883 750 1917 saeculi
779 1884 911 1931 strepitu
940 1884 994 1918 fu-

244 1932 347 1980 giens,
380 1932 419 1967 ad
445 1932 615 1979 quamdam
654 1940 863 1979 campestrem
895 1933 995 1968 decli-

245 1990 350 2017 nasset
374 1981 560 2021 Ecclesiam,
583 1981 663 2015 etab
686 1981 755 2027 ipso
771 1981 807 2016 B.
827 1981 995 2017 Francisco

245 2043 332 2066 sacra
354 2030 395 2065 ibi
422 2039 546 2077 recepta
574 2037 714 2074 tonsura,
738 2031 941 2077 processisset
956 2032 993 2066 ad

245 2080 358 2123 aliam,
387 2079 632 2125 consanguineis
658 2080 726 2114 eius
754 2080 853 2135 ipsam
881 2081 995 2116 exinde

246 2129 397 2164 reducere
424 2127 641 2167 molientibus,
670 2128 720 2163 illa
756 2130 901 2175 protinus
927 2142 995 2164 ani-

246 2179 388 2233 plectens
409 2177 520 2220 altare,
544 2189 735 2233 pannosque
753 2179 995 2234 apprehendens

246 2228 365 2274 ipsius,
396 2227 532 2261 crinium
566 2239 616 2260 sui
644 2227 754 2281 capitis
780 2229 917 2263 incisura
939 2228 995 2263 de-

246 2284 347 2317 tecta,
374 2275 493 2310 eisdem
516 2276 760 2321 consanguineis
786 2276 816 2310 in
844 2276 903 2312 hoc
926 2277 995 2312 foi-

247 2322 319 2360 niter
340 2325 452 2360 restitit
474 2332 505 2360 et
526 2332 716 2364 constanter,
743 2325 816 2371 quia
838 2338 909 2360 cuin
935 2327 994 2360 iarn

247 2383 330 2410 esset
350 2382 456 2409 mente
482 2373 599 2420 integra
622 2373 726 2409 iuncta
749 2372 826 2419 Deo,
854 2377 916 2422 pati
932 2388 994 2410 non

249 2430 370 2475 poterat
390 2422 429 2470 ab
450 2423 518 2458 eius
544 2422 671 2457 servitio
695 2435 728 2457 se
751 2422 865 2458 divelli.
892 2424 995 2458 Deni-

247 2484 310 2519 que
331 2484 405 2508 cum
433 2471 470 2506 ad
505 2471 681 2506 Ecclesiam
712 2471 817 2514 Sancti
852 2473 994 2508 Damiani

247 2528 332 2556 extra
355 2521 511 2556 civitatem
548 2510 767 2564 Assisinatem,
801 2521 884 2556 unde
907 2523 996 2557 traxit

247 2569 416 2616 originem,
457 2582 512 2616 per
536 2569 682 2605 eumdem
720 2569 756 2604 B.
792 2569 994 2606 Franciseum

248 2617 381 2653 adducta
404 2619 526 2660 fuisset,
554 2619 595 2653 ibi
619 2619 645 2653 ei
670 2617 827 2654 Dominus
848 2620 885 2654 ad
908 2633 996 2655 amo—

1681 251 1744 285 621

1050 324 1114 347 rcm
1149 322 1178 348 et
1209 315 1329 349 cultum
1363 314 1525 350 assiduum
1560 316 1609 351 sui
1645 317 1799 372 nominis,

1049 362 1157 408 plures
1183 363 1284 398 socias
1317 365 1504 411 aggregavit.
1533 365 1582 399 Ab
1609 365 1666 401 liac
1691 366 1799 413 siqui-

1048 411 1119 446 dem
1167 412 1300 459 insignis
1334 423 1363 448 et
1390 426 1478 449 sacer
1499 414 1577 450 ordo
1600 414 1706 450 Sancti
1731 416 1798 451 Da—

1047 460 1141 495 miani
1166 473 1221 507 per
1230 441 1379 497 D’orbem
1374 474 1434 497 iam
1461 463 1553 510 longe
1575 463 1719 504 diffusus,
1746 477 1797 500 sa-

1048 509 1147 545 lutare
1169 512 1303 557 sumpsit
1332 511 1509 547 exordium.
1547 512 1646 553 Haec,
1679 513 1797 549 adhor-

1047 566 1131 594 tante
1149 559 1218 607 ipso
1240 560 1276 594 B.
1303 560 1482 602 Francisco,
1509 561 1582 596 liuic
1604 574 1702 597 novae
1728 575 1795 598 san-

1046 616 1176 663 ctaeque
1214 609 1429 645 observantiae
1469 611 1667 658 sequendum
1709 612 1794 647 dedit

1047 657 1182 692 initium
1223 658 1308 693 Haec
1338 658 1433 693 liuius
1470 672 1600 706 magnae
1634 661 1794 707 religionis

1045 706 1102 740 suit
1126 708 1312 755 primarium
1349 717 1379 743 et
1403 708 1513 743 stabile
1543 709 1791 745 fundamentum.

1044 755 1128 791 Haec
1157 756 1250 791 liuius
1278 757 1330 792 alti
1357 758 1463 804 operis
1490 758 1569 805 lapis
1598 759 1698 794 extitit
1725 761 1792 806 pri-

1043 806 1180 840 mitivus.
1210 806 1294 841 Haec
1324 818 1439 852 genere
1466 806 1602 850 nobilis,
1633 808 1687 842 sed
1712 820 1793 843 con-

1043 855 1216 889 versatione
1251 855 1405 898 nobilior,
1441 856 1668 902 virginitatem,
1696 870 1790 904 quarn

1042 904 1128 950 prius
1155 904 1248 939 etiam
1282 904 1512 944 custodiverat,
1545 905 1605 940 sub
1634 905 1690 940 hac
1718 919 1791 941 san·

1040 953 1206 988 ctimoniae
1234 953 1353 999 regula,
1389 955 1558 1001 praecipue
1585 956 1788 990 conservavit.

1089 1007 1104 1045 ξ
1130 1005 1162 1036 4.
1186 1002 1275 1037 Hanc
1295 1003 1494 1050 postmodum
1516 1003 1709 1059 religionem,
1729 1017 1790 1040 ma-

1041 1058 1086 1085 ter
1107 1052 1176 1086 eius
1202 1051 1374 1087 Hortulana
1411 1053 1549 1092 nomine,
1586 1053 1646 1100 piis
1671 1054 1789 1089 intenta

1039 1100 1199 1146 operibus
1226 1101 1327 1156 ipsius
1354 1109 1443 1136 natae
1464 1102 1627 1148 sequendo
1648 1103 1789 1150 vestigia,

1038 1149 1148 1184 devote
1174 1151 1325 1198 suscepit,
1353 1150 1382 1185 in
1405 1163 1466 1206 qua
1489 1151 1616 1186 demum
1641 1151 1716 1187 haec
1733 1164 1791 1199 op-

1039 1199 1112 1233 tima
1135 1198 1321 1244 Hortulana,
1348 1211 1429 1246 quae
1457 1200 1488 1234 in
1517 1200 1606 1235 horto
1628 1200 1790 1236 dominico

1038 1248 1152 1295 protuli
1159 1256 1168 1282 t
1191 1248 1283 1283 talem
1309 1248 1457 1295 plantam,
1482 1249 1637 1284 conclusit
1659 1249 1790 1284 feliciter

1037 1297 1105 1331 dies
1126 1309 1212 1332 suos.
1243 1298 1317 1332 Post
1342 1298 1465 1344 aliquos
1493 1310 1566 1332 vero
1588 1310 1700 1339 annos,
1722 1299 1788 1346 ipsa

1037 1346 1072 1380 B.
1096 1345 1200 1386 Clara,
1223 1347 1405 1381 monasterii
1422 1354 1451 1382 et
1467 1359 1611 1382 sororum
1635 1349 1787 1394 regimen.

1037 1395 1131 1429 nimia
1159 1395 1301 1430 eiusdem
1328 1395 1361 1430 S.
1395 1395 1555 1431 Francisci
1582 1396 1701 1431 devicta
1728 1397 1788 1432 im-

1037 1445 1241 1491 portunitate,
1271 1445 1401 1491 recepit.

1085 1496 1099 1534 §
1122 1495 1153 1527 ὃ.
1178 1493 1263 1528 Haec
1291 1494 1400 1541 utique
1422 1493 1480 1528 fuit
1501 1493 1594 1528 arbor
1617 1507 1744 1542 procera
1759 1504 1786 1530 et

1035 1542 1189 1582 eminens,
1217 1543 1320 1589 longis
1345 1543 1485 1578 distensa
1514 1544 1625 1587 ramis,
1653 1556 1733 1590 quae
1756 1545 1787 1580 in

1035 1603 1110 1636 agro
1132 1591 1293 1626 Ecclesiae
1315 1591 1440 1627 dulcem
1468 1592 1603 1627 fructum
1628 1593 1788 1639 religionis

1035 1640 1150 1679 attulit,
1173 1649 1203 1675 et
1225 1640 1264 1675 ad
1284 1641 1374 1676 cuius
1393 1641 1608 1676 delectabilem
1631 1643 1787 1686 umbram,

1035 1689 1095 1723 sub
1117 1689 1202 1724 illius
1228 1690 1415 1725 amoenitate
1438 1690 1574 1725 fructum
1603 1690 1785 1726 huiusmodi

1035 1738 1187 1772 libaturae
1227 1748 1455 1773 concurrerunt
1491 1740 1634 1786 undique
1669 1741 1786 1775 multae

1035 1787 1181 1821 alumnae
1209 1787 1300 1830 fidei,
1334 1795 1366 1822 et
1391 1797 1595 1824 concurrunt.
1624 1789 1709 1824 Haec
1731 1789 1785 1824 fuit

1036 1847 1116 1870 nova
1139 1835 1253 1871 mulier
1274 1835 1370 1871 Vallis
1391 1836 1593 1884 Spoletanae,
1615 1850 1696 1885 quae
1721 1851 1786 1873 no—

1035 1897 1109 1919 vum
1143 1897 1242 1932 aquae
1260 1886 1362 1921 vitalis
1383 1885 1501 1921 fontem
1525 1887 1561 1922 ad
1583 1887 1785 1922 refectionem

1035 1934 1213 1969 animarum
1235 1942 1266 1969 et
1287 1935 1490 1970 commodum
1514 1936 1705 1991 propinavit,
1732 1936 1785 1984 qui

1036 1983 1096 2017 iam
1120 1995 1175 2030 per
1196 1984 1337 2019 diversos
1368 1985 1502 2028 rivulos,
1537 1986 1569 2020 in
1592 1985 1784 2020 territorium

1034 2031 1198 2068 Ecclesiae
1229 2032 1409 2074 derivatus,
1445 2034 1594 2081 plantaria
1625 2034 1786 2081 religionis

1036 2081 1162 2116 infudit.
1192 2081 1276 2117 Haec
1299 2082 1356 2117 fuit
1381 2083 1477 2118 altum
1506 2062 1699 2118 sanctitatisU
1709 2096 1786 2119 can-

1035 2130 1213 2170 delabrum,
1239 2131 1441 2167 vehementer
1464 2133 1494 2167 in
1517 2132 1698 2168 habitaculo
1721 2133 1786 2168 Do-

1036 2180 1112 2214 mini
1141 2180 1291 2221 rutilans,
1314 2181 1352 2216 ad
1375 2182 1465 2216 cuius
1487 2182 1645 2228 ingentem
1671 2181 1782 2228 splen-

1035 2228 1143 2263 dorem
1184 2229 1336 2276 plurimae
1372 2239 1619 2277 properaverunt
1645 2238 1675 2265 et
1710 2243 1784 2278 pro-

1036 2286 1162 2324 per,ant
1197 2291 1269 2313 suas
1295 2279 1333 2313 de
1362 2279 1447 2313 illius
1473 2279 1592 2314 lumine
1623 2279 1783 2327 lampades

1036 2326 1253 2361 accendentes.
1281 2327 1366 2362 Haec
1388 2327 1557 2382 profecto
1551 2341 1581 2362 in
1605 2340 1680 2374 agro
1709 2328 1781 2364 fidei

1038 2375 1184 2422 plantavit
1205 2384 1234 2410 et
1252 2376 1348 2411 coluit
1375 2377 1498 2412 vineam
1527 2385 1730 2424 paupertatis,
1744 2377 1783 2412 de

1036 2437 1095 2472 qua
1131 2424 1250 2459 fructus
1284 2425 1395 2460 salutis
1434 2426 1569 2472 pingues
1608 2434 1639 2461 et
1673 2426 1784 2461 divites

1036 2473 1236 2519 colliguntur.
1266 2474 1350 2509 Haec
1374 2474 1404 2508 in
1434 2474 1561 2522 praedio
1593 2475 1785 2510 ecclesiasti-

1036 2535 1090 2558 cae
1117 2523 1298 2557 humilitatis
1321 2523 1447 2558 hortum
1473 2523 1645 2579 constituit,
1677 2525 1784 2559 multi-

1037 2572 1109 2619 plici
1148 2584 1253 2607 rerum
1289 2580 1470 2607 consertum
1505 2573 1632 2628 inopia,
1665 2573 1694 2608 in
1722 2586 1785 2628 quo

1038 2633 1148 2667 magna
1173 2622 1319 2656 virtutum
1342 2622 1431 2669 copia
1459 2622 1622 2669 reperitur.
1647 2621 1731 2658 Haec
1752 2635 1785 2658 iu

1818 263 1866 289 Αη.
1882 262 1909 289 C.
1931 264 1998 291 ¹255

1818 1006 1883 1029 Mater
1925 1007 1986 1029 filiam

1803 1039 1909 1063 imitatur-3
