2129 3223
27 223 76 259 Α...
95 222 122 249 c.
143 223 210 249 1219

0 485 2 492 Ι
39 501 98 523 nolet
113 502 138 523 de
159 501 207 522 lul-

0 532 8 558 ζ“
26 535 117 559 pinnum
142 534 208 553 auda·
223 547 228 552 ,

26 565 65 585 eia.

39 1627 96 1649 nicia
111 1628 136 1648 ii!
153 1627 204 1647 dies,

39 1971 162 2000 Slatutaque
184 1973 208 1993 nb

27 2005 54 2025 iis
61 2007 134 2025 eontra
142 2003 210 2024 liber—

27 2036 90 2056 tutem
104 2034 210 2055 ecclesia-

28 2066 100 2086 nieam
117 2066 207 2086 irritatu

840 227 1003 249 HON‘ORH'S
1026 227 1060 248 ΙΙΙ
1086 226 1131 247 ΡΡ.

1642 215 1711 246 363

222 284 350 313 nonortus
362 285 502 321 episcopus
521 291 614 313 servus
634 291 772 314 servorum
791 285 847 317 Det.
863 285 973 313 dilectis
1015 278 1256 314 transmittimus
1276 279 1454 317 introclusa,
1472 278 1663 325 ubicumque
1680 278 1760 313 scri-

266 333 332 362 fluis
350 333 487 369 potestati
499 354 506 365 .
531 334 696 362 consiliariis
713 335 742 362 et
767 334 864 370 populo
883 334 972 369 ratgi-

266 382 384 414 natibus.
395 382 512 411 salutem
522 383 551 410 et
561 382 740 418 apostolicam
750 382 971 411 benedictionem.

270 449 410 484 Romana
434 448 572 484 Ecclesia
596 461 676 496 quae
701 449 783 483 illius
814 449 970 496 exemplo,

221 509 236 531 a
258 509 323 544 quo
345 498 559 544 magisterium
584 499 714 541 obtinet,
742 506 771 532 et
788 499 970 544 primatum,

223 559 252 580 m
279 548 347 581 suis
369 547 518 581 membris
541 547 722 587 offenditur,
745 556 772 580 et
812 549 855 587 (l)
891 560 971 581 cou—

222 596 320 630 temni
341 607 410 630 eam
430 596 572 643 contigit.
595 604 626 632 et
641 596 759 644 sperni,
774 596 915 630 dolorem
933 608 968 630 ex

221 657 313 679 eausa
340 653 553 691 conceperat,
589 658 661 680 cum
702 657 755 679 vos
791 645 969 679 membrum

220 693 305 737 eius,
334 694 474 729 videlicet
503 693 760 740 Fulginatensem
797 694 968 729 Ecclesiam

221 742 392 788 ignominia
426 752 455 778 et
483 743 667 778 confusione
706 743 873 790 replentes,
903 753 969 778 sta-

221 799 286 826 tuta
302 791 456 838 quaedam
480 793 510 826 in
535 792 635 839 ipsius
662 792 900 827 subversionem
925 793 969 826 fe-

221 840 326 875 ceritis
354 841 526 876 libertatis:
560 850 591 876 et
627 841 754 888 quidem
794 854 865 876 cum
901 854 969 875 esse

220 889 327 924 sciatis
352 890 495 925 eamdem
524 890 778 937 Fulginatensem
794 891 968 925 Ecclesiam

221 947 352 974 matrem
374 947 519 979 vestram,
541 953 557 975 a
581 953 670 974 cuius
693 940 870 986 magisterio
902 939 970 974 ani-

220 1000 288 1023 mas
310 1000 372 1023 non
399 989 535 1023 eximitis
574 989 760 1036 corporibus
797 988 968 1035 digniores

221 1037 394 1072 cavendum
423 1038 510 1072 vobis
538 1039 638 1073 fuer-at
667 1050 703 1071 ne
732 1039 855 1085 ipsam,
889 1049 969 1084 quae

221 1087 300 1121 sacri
329 1099 383 1121 vos
410 1088 603 1132 regeneravit
631 1087 715 1121 unda
750 1087 969 1133 Baptismatis,

220 1135 363 1170 etcuius
401 1136 477 1171 estis
516 1137 627 1170 eruditi
663 1136 814 1175 doctrina,
846 1136 970 1170 statutis

220 1184 386 1219 homiuum
415 1185 603 1220 subderetis.
643 1185 741 1219 Porro
776 1197 848 1219 cum
888 1185 969 1219 sicut

220 1233 279 1268 fuit
305 1233 394 1268 vobis
414 1234 552 1281 desuper
568 1235 766 1280 inspiratum,
791 1246 859 1267 ven.
884 1233 968 1267 fratri

222 1289 329 1317 nostro
359 1282 488 1328 Hugoni
528 1283 670 1318 Hostien.
714 1284 863 1329 episeopo
897 1290 970 1316 tunc

222 1331 423 1378 Apostolicae
450 1332 541 1367 Sedis
570 1333 684 1377 legato,
715 1332 790 1365 dum
829 1343 883 1377 per
917 1343 970 1365 vos

223 1381 358 1416 reditum
386 1381 511 1420 faceret,
538 1381 622 1427 quod
645 1393 740 1428 super
771 1380 819 1414 liis
856 1381 970 1414 nostris

221 1430 346 1465 staretis
372 1430 588 1476 beneplacitis,
622 1438 651 1464 et
687 1429 843 1464 mandatis
884 1430 970 1463 inra-

222 1486 362 1514 mentum
396 1478 606 1517 exhiberetis,
634 1487 663 1514 et
700 1478 784 1513 mille
817 1478 969 1512 librarum

221 1529 376 1564 Lucensis
402 1536 547 1563 monetae
584 1528 811 1562 fideiussoriam
849 1527 970 1562 cautio-

221 1591 293 1614 nem
315 1577 488 1621 solveretis,
515 1585 545 1612 et
570 1584 616 1617 tu,
640 1577 680 1611 fili
717 1584 870 1624 potestas,
906 1589 970 1611 no-

220 1628 306 1663 mine
325 1626 501 1672 Fulginatis
522 1626 654 1661 civitatis
677 1633 804 1673 propter
831 1625 889 1659 boc
913 1637 970 1659 no-

219 1685 285 1713 stro
307 1684 337 1712 te
357 1676 540 1723 conspectui
565 1683 808 1722 praesentasses,
833 1687 890 1708 nos
908 1674 969 1709 snb

220 1725 471 1762 dissimulatione
491 1725 646 1760 sustinere
665 1724 808 1758 nolentes
823 1751 831 1766 ,
854 1723 968 1757 divinis

220 1775 378 1810 obviantia
404 1774 556 1808 institutis
589 1774 619 1807 in
657 1772 898 1807 subversionem
933 1772 970 1806 li-

222 1825 350 1860 bertatis
370 1823 599 1858 ecclesiasticae
621 1830 779 1862 attentata,
803 1834 859 1868 per
890 1833 970 1867 quae

221 1881 398 1908 maternum
415 1871 640 1918 persequimini
655 1879 780 1905 uterum
800 1871 970 1905 existentes

222 1921 454 1958 maledictionis
469 1921 522 1955 filii
536 1928 566 1955 et
585 1920 714 1959 doloris,
736 1920 820 1965 leges
834 1920 969 1966 iniquas,

223 1979 253 2006 et
267 1979 381 2007 statuta
396 1970 501 2005 illicita
516 1976 714 2016 praesumpta
727 1981 780 2013 per
794 1981 846 2003 vos
861 1977 968 2003 contra

223 2020 471 2056 iurisdictionem
494 2026 526 2053 et
541 2018 691 2053 bonorem
720 2017 813 2053 Sedis
831 2018 970 2065 Aposto-

223 2069 314 2113 licae,
335 2081 371 2104 ac
396 2068 638 2104 ecclesiasticam
673 2067 859 2107 libertatem,
896 2079 967 2101 cum

223 2118 260 2153 ad
283 2131 335 2154 res
355 2117 583 2153 ecclesiasticas
619 2116 819 2151 extenderitis
858 2129 971 2150 manus

225 2175 352 2208 vestras,
367 2167 406 2202 de
427 2166 545 2214 quibus
562 2165 656 2200 nullis
678 2165 765 2199 laicis
779 2165 968 2212 disponendi

223 2217 376 2264 reperitur
397 2215 543 2251 attributa
566 2213 707 2257 facultas,
742 2215 869 2260 penitus
899 2214 970 2248 irri-

224 2274 338 2310 tamus,
359 2277 396 2300 ea
435 2265 500 2300 fore
539 2276 625 2299 cassa
659 2271 687 2297 et
723 2263 824 2297 inania
858 2263 970 2298 decer-

179 2336 190 2341 ·-
223 2324 345 2351 nentes.
366 2314 522 2357 Quocirca
547 2312 758 2360 praesentium
781 2312 870 2346 vobis
912 2325 971 2346 au-

222 2364 364 2400 ctoritate
402 2363 462 2399 sub
491 2362 632 2397 eiusdem
664 2361 770 2395 debito
804 2361 969 2395 iuramenti

223 2424 254 2452 et
274 2416 431 2464 praedicta
456 2427 554 2462 poena
577 2415 718 2449 districte
745 2413 970 2460 praecipiendo

225 2469 421 2510 mandamus,
443 2477 600 2517 quatenus
621 2468 700 2502 dicta
728 2474 839 2502 statuta
853 2494 860 2507 ,
882 2479 971 2514 quo-

226 2535 293 2558 rum
317 2523 501 2570 transcripta
529 2523 615 2558 vobis
649 2521 708 2556 sub
743 2520 828 2555 bulla
865 2529 968 2555 nostra

257 2592 298 2626 (l)
314 2592 430 2619 Forsitan
447 2598 477 2618 st.

1014 337 1063 375 pta
1088 328 1213 370 fuerint,
1235 327 1401 369 abratlatis,
1429 336 1457 361 ct
1491 327 1660 363 destruatis
1691 339 1760 363 om-

1012 378 1098 419 nino,
1120 389 1153 410 ca
1179 375 1266 410 nullo
1300 384 1440 423 tempore
1475 377 1698 420 observantes,
1730 387 1760 410 et

1012 426 1125 461 similia
1149 426 1187 460 dc
1214 433 1338 460 caetero
1366 438 1426 460 non
1448 425 1572 470 facturi,
1594 434 1624 460 et
1645 425 1760 461 adhoc

1012 476 1115 523 ipsum
1136 483 1304 522 potestates
1339 483 1367 508 et
1390 474 1535 510 consules
1557 483 1686 515 vestros,
1705 476 1757 522 qui

1013 537 1069 572 pro
1100 532 1239 570 tempore
1275 523 1399 566 fuerint,
1435 524 1598 558 iuramenti
1634 524 1759 559 vinculo

1011 574 1233 619 astringentes,
1257 572 1284 606 id
1311 573 1382 619 poni
1407 581 1438 606 ot
1453 573 1608 607 contineri
1635 585 1760 620 semper

1012 623 1042 657 in
1064 623 1175 657 vestris
1190 621 1471 656 constitutionibus
1488 621 1617 661 s21ciatis;
1640 623 1662 656 si
1682 622 1758 668 quid

1011 673 1102 706 ctiam
1133 679 1253 718 praeter
1276 671 1350 705 liare
1374 671 1476 710 fuerit,
1505 671 1588 716 quod
1631 671 1757 706 forsitan

1011 721 1203 760 occultastis,
1227 720 1407 754 redundans
1430 721 1458 754 in
1483 720 1635 754 libertatis
1656 721 1758 755 eecle-

1011 770 1153 805 siasticae
1178 769 1416 806 detrimentum,
1459 769 1581 804 faciatis
1614 769 1759 804 similiter

1010 819 1138 858 aboleri,
1162 819 1245 866 quod
1269 820 1293 853 si
1318 831 1426 857 secus,
1449 818 1531 865 quod
1561 830 1622 852 non
1655 818 1758 852 credi-

1012 881 1092 908 mus,
1108 868 1241 914 ageretis
1264 868 1496 915 praesumendo
1515 867 1630 902 similia
1647 867 1758 905 facere.

1010 926 1063 952 aut
1087 917 1242 964 praedicta
1267 930 1438 956 resumere,
1462 917 1508 951 vel
1532 929 1666 955 servare,
1690 929 1760 951 om-

1012 979 1066 1001 nes
1087 974 1221 1010 actores,
1243 967 1458 1001 consiliatores
1493 975 1522 1001 et
1545 966 1761 1000 observatores

1011 1033 1119 1054 eorum
1145 1029 1266 1067 praeter
1290 1020 1416 1067 periurii
1441 1030 1572 1062 reatum,
1590 1028 1619 1053 et
1641 1031 1761 1066 poenae

1013 1074 1188 1121 periculum
1211 1075 1356 1121 superius
1372 1083 1551 1115 annotatae,
1570 1074 1758 1109 sententiam

1011 1129 1348 1163 excommunicationis
1391 1129 1568 1171 incurrant,
1607 1136 1637 1163 et
1672 1139 1759 1162 cassa

1011 1191 1040 1217 et
1063 1183 1147 1217 irrita
1170 1190 1281 1217 statuta
1315 1194 1396 1229 qnae
1413 1182 1546 1217 fecerint
1564 1181 1609 1215 vel
1638 1193 1760 1215 resum-

1012 1237 1132 1283 pserint
1154 1236 1337 1270 habeantur.
1360 1236 1441 1278 Quia
1456 1247 1528 1270 vero
1544 1234 1759 1270 dissolvendae

1011 1298 1085 1324 sunt
1107 1290 1324 1335 colligationes
1351 1289 1533 1336 impietatiS,
1560 1296 1590 1322 et
1622 1288 1758 1322 fasciculi

1011 1343 1223 1390 deprimendi,
1256 1354 1294 1376 ne
1327 1342 1386 1376 sub
1428 1341 1581 1375 velamine
1620 1342 1758 1388 praestiti

1013 1396 1179 1432 iuramenti
1203 1408 1217 1430 a
1243 1395 1332 1430 vobis
1366 1395 1404 1429 de
1438 1394 1601 1429 servandis
1636 1395 1761 1429 statutis

1012 1451 1138 1497 iniquis,
1161 1449 1246 1497 quod
1280 1450 1384 1496 potius
1419 1448 1593 1497 periurium
1628 1456 1675 1483 est
1711 1448 1761 1482 di-

1011 1505 1166 1544 cendum,
1190 1504 1318 1551 possitis
1338 1504 1575 1539 excusationem
1598 1515 1760 1538 assumere

1012 1561 1041 1594 in
1072 1559 1220 1606 peccatis,
1251 1570 1307 1592 nos
1335 1556 1410 1592 illud
1435 1569 1567 1603 vergens
1590 1557 1620 1590 in
1651 1564 1760 1591 vestra-

1012 1626 1080 1648 rum
1116 1614 1290 1648 animarum
1328 1610 1530 1658 dispendium
1574 1610 1760 1650 relaxantes,

1013 1681 1065 1701 vos
1084 1667 1120 1702 ad
1144 1667 1286 1701 eiusdem
1310 1665 1541 1700 observantiam
1576 1664 1760 1703 iuramenti,

1010 1734 1026 1756 a
1049 1733 1112 1768 quo
1135 1720 1323 1754 nunciamus
1348 1719 1475 1765 penitus
1496 1718 1678 1757 absolutos,
1710 1717 1761 1751 di-

1012 1774 1114 1808 cimus
1136 1786 1199 1807 non
1221 1774 1332 1808 teneri.
1352 1772 1507 1807 Volumus
1528 1772 1635 1812 etiam,
1657 1779 1760 1805 aucto-

1012 1830 1100 1863 ritate
1125 1827 1210 1862 vobis
1232 1827 1446 1874 praesentium
1470 1825 1529 1860 sub
1551 1825 1658 1859 debito
1677 1836 1759 1871 prae-

1011 1883 1074 1916 stiti
1098 1882 1273 1920 iuramenti,
1296 1889 1325 1915 et
1357 1880 1464 1915 eadem
1500 1892 1598 1928 poena
1631 1879 1760 1913 firmiter

1012 1936 1224 1982 iniungentes,
1247 1942 1280 1969 ut
1303 1934 1379 1969 infra
1399 1934 1581 1981 quindecim
1604 1933 1672 1968 dies
1690 1940 1760 1979 post

1012 1989 1148 2023 reditum
1172 1988 1228 2026 tui,
1251 1988 1295 2022 fili
1319 1996 1469 2034 potestas,
1493 1988 1623 2034 pignora
1658 1987 1760 2033 quin—

1011 2051 1176 2089 gentarum
1205 2041 1356 2076 librarum
1381 2041 1533 2076 Lucensis
1548 2048 1692 2075 monetae
1706 2051 1760 2071 ve-

1013 2096 1142 2131 nerabili
1166 2096 1248 2131 fratri
1277 2103 1385 2130 nostro
1408 2094 1575 2129 Ass-isinati
1609 2094 1759 2140 episcopo

1013 2151 1140 2184 nomine
1159 2158 1266 2184 nostro
1291 2162 1347 2196 pro
1383 2148 1523 2183 facienda
1563 2147 1759 2182 restitutione

1011 2204 1184 2239 ablatorum
1207 2212 1237 2238 et
1273 2203 1485 2237 satisfactione
1510 2202 1634 2248 plenius
1668 2199 1759 2235 exhi-

1012 2257 1125 2300 benda,
1152 2256 1319 2291 venerabili
1337 2255 1420 2290 fratri
1455 2263 1560 2290 nostro
1587 2254 1758 2301 episcopo.

1011 2319 1041 2346 et
1068 2311 1194 2345 dilectis
1216 2310 1288 2343 filiis
1309 2309 1445 2347 clericis,
1465 2317 1493 2342 et
1512 2308 1666 2342 Ecclesiis
1687 2306 1760 2341 Ful-

1011 2364 1180 2412 ginatibus,
1213 2363 1306 2398 salvis
1327 2363 1394 2397 aliis
1429 2362 1575 2397 omnibus
1604 2361 1759 2395 mandatis

1011 2418 1202 2465 apostolicis,
1223 2417 1398 2462 assignetis.

1061 2472 1175 2507 Datum
1213 2470 1309 2504 Reate
1344 2470 1478 2515 septimo
1519 2468 1669 2504 kalendas
1705 2479 1759 2503 se—

1013 2525 1176 2574 ptembriS,
1200 2524 1400 2571 pontificatus
1414 2523 1511 2558 nostri
1535 2535 1618 2557 auno
1635 2529 1756 2569 quarto.

1032 2583 1091 2613 Dat.
1111 2583 1156 2612 die
1181 2582 1217 2611 26
1236 2582 1352 2619 angusti
1376 2580 1458 2616 1219,
1479 2579 1579 2619 pontif.
1603 2588 1678 2610 anno
1702 2588 1737 2610 tv.

1776 222 1811 247 Aa
1844 221 1861 245 (Ἰ
1890 222 1955 247 1219

1786 818 1856 845 Exque
1881 818 1955 838 obser-

1773 855 1823 869 vare
1859 850 1956 869 vo'ontss

1774 881 1955 900 excommunicati,
