2129 3223
64 236 119 265 Ἀιι.
133 236 163 263 C.
184 237 248 263 ¹³2&

77 445 102 466 Se
105 448 185 466 nteutia
201 446 250 467 Ale

65 477 136 498 ιιιιιΙιι
164 476 179 497 ΙΙ
208 477 246 498 ΡΙ)

64 508 89 528 dc
126 509 187 535 plebe
221 510 246 530 de

63 538 175 560 sorbitulo.

880 239 1044 262 uoxonws
1066 240 1102 261 nt
1126 240 1173 261 ΡΡ.

264 293 328 327 siae
347 300 418 327 tuae
441 293 591 328 cautelam
615 293 715 340 ipsius
741 295 912 329 sententiae
946 294 1006 328 sor-

265 353 346 376 mam
356 343 439 377 sicut
450 344 479 376 in
491 342 559 377 eius
566 343 746 378 authentico
761 344 940 378 continetur
953 346 1009 386 (l),

263 391 354 426 cuius
373 399 462 426 tenor
489 392 559 426 talis
580 401 637 427 est.
660 392 741 427 Cum
767 393 796 426 in
825 393 881 427 Dei
905 392 1010 427 omni-

264 441 400 486 potentis
422 441 561 485 nomine,
588 450 617 475 et
641 443 812 476 reverentia
840 442 868 475 in
897 453 1009 476 sacro—

261 497 369 524 sancto
390 489 591 525 lateranensi
621 491 733 537 palatio
755 491 903 525 dominns
926 490 1008 537 Papa

260 537 439 574 Alexander
465 552 536 574 cum
579 540 821 587 quamplurimis
861 539 1008 574 resideret

259 588 426 635 episcopis,
449 600 580 635 quornm
610 590 661 623 hic
682 598 755 624 sunt
775 589 913 628 nomina,
928 600 1008 635 quae

258 646 443 684 sequuntur.
474 637 506 672 ln
530 639 641 685 primis
663 638 811 673 dominns
840 637 1007 672 litlebran-

257 685 317 722 dus
338 696 464 723 sanetae
498 687 659 722 Romanae
696 687 856 722 Ecclesiae
899 687 1007 721 archi-

257 735 421 780 diaconus,
449 749 570 772 necnon
594 736 624 771 et'
645 737 794 771 dominus
818 736 929 771 Petrus
948 735 1008 770 Da-

258 785 381 821 mianus
414 785 571 821 Ostiensis
614 786 772 821 Ecclesiae
818 787 1005 832 episcopus,

256 841 286 868 ct
318 834 358 870 D.
392 835 574 870 Bonifacius
612 835 801 870 Albanensis
822 836 1004 882 episcopus,

256 891 286 917 et
307 883 456 919 dominus
475 885 656 920 Mainardus
682 884 856 919 Sutriensis
873 911 882 927 7
907 893 937 918 et
964 883 992 918 D

255 931 350 978 Hugo
375 933 609 980 Eugubinensis
637 934 799 969 Ecclesiae
822 934 1004 981 episcopus,

255 991 287 1016 et
307 982 456 1018 domiuus
482 983 664 1018 Mainardus
685 983 884 1023 Url›inaten.‚
907 991 937 1017 et
951 982 1004 1016 do

256 1031 360 1067 minus
386 1033 548 1068 Arduinus
574 1032 729 1067 Fanensis
747 1033 915 1086 episcopus
934 1059 941 1072 ‚
974 1039 1004 1066 et

255 1081 293 1116 D
334 1081 525 1117 Guillelmus
561 1082 775 1116 Humanensis
809 1093 1001 1128 episcopus,

255 1139 285 1165 et
305 1131 456 1166 dominus
476 1131 571 1178 Hugo
607 1130 773 1166 Calliensis
807 1131 979 1177 episcopus
994 1157 1003 1173 ‚

254 1189 285 1214 et
306 1181 455 1216 dominus
476 1180 663 1216 Dominicus
697 1180 896 1215 Pisaurensis
936 1191 1004 1225 epi—

254 1242 381 1277 scopus,
409 1238 440 1264 et
481 1229 519 1265 D.
554 1229 721 1265 Lotharius
759 1229 1004 1263 Auximanensis

254 1278 415 1314 Ecclesiae
441 1280 621 1327 episcopus,
648 1289 679 1314 et
710 1278 762 1314 alii
785 1277 1003 1325 quamplures,

255 1328 284 1362 in
313 1341 450 1376 quorum
490 1341 631 1363 omnium
667 1328 841 1375 praesentia
871 1338 1003 1381 surgens

253 1376 444 1413 Guillelmus
468 1377 718 1424 Senogalliensis
755 1377 924 1423 episcopus
958 1376 1003 1409 in-

252 1427 332 1474 quit:
356 1426 491 1462 Domine
527 1436 615 1475 pater
656 1426 845 1466 r,everende
881 1433 1001 1459 vestrae

251 1477 469 1513 sanctissimae
522 1488 700 1522 conqueror
747 1475 852 1522 pietati
907 1486 1003 1521 super

252 1527 346 1561 fratre
367 1534 474 1561 nostro
492 1525 667 1561 Benedicto
686 1523 1001 1570 Forosempioniensi

252 1575 413 1623 episcopo,
438 1576 490 1622 qui
536 1576 692 1631 quandam
727 1574 899 1609 Ecclesiam
942 1585 1003 1606 no-

251 1633 333 1660 strae
359 1624 525 1667 dioecesis,
547 1625 638 1660 cuius
665 1623 850 1658 vocabulum
885 1631 931 1657 est
958 1621 1004 1656 lo-

252 1674 366 1718 annis,
393 1686 475 1721 quae
502 1673 649 1708 dicitur
643 1687 672 1707 ιιι
707 1672 892 1712 Sorbitulo‚
928 1683 1001 1705 cum

253 1723 318 1758 suis
338 1723 491 1763 ecclesiis,
505 1723 609 1758 eidem
626 1734 756 1759 massae
779 1734 872 1767 quam
897 1719 1002 1760 nobis,

253 1779 377 1808 nostrae
398 1772 559 1807 Ecclesiae
579 1784 666 1806 sacra
693 1769 866 1813 contendit,
889 1778 919 1803 et
941 1769 1001 1803 sibi

252 1829 371 1856 temere
392 1833 544 1868 usurpare
579 1819 802 1867 praesumpsit
840 1797 921 1852 uiule
955 1830 1003 1852 ve-

251 1878 347 1906 stram
365 1870 517 1925 deprecor
540 1871 698 1917 pietatem
723 1877 754 1902 ut
776 1876 900 1902 nostrae
941 1867 1004 1901 Ec-

251 1919 365 1955 clesiae
387 1919 537 1954 iustitiam
562 1918 663 1954 facere
690 1917 875 1963 dignemini.
912 1916 1002 1950 Tunc

251 1968 402 2004 dominus
425 1968 535 2003 Petrus
564 1968 737 2002 Damianus
770 1967 875 2013 coepit
906 1977 1004 2011 expo-

252 2030 326 2053 nere
352 2025 509 2065 quatenus
546 2017 695 2052 dominus
738 2015 843 2050 Victor
879 2023 1004 2049 sanctae

253 2066 414 2102 Romanae
435 2066 598 2101 Ecclesiae
625 2066 755 2101 antistius
774 2064 1004 2111 Forosempro-

252 2116 354 2152 niensi
378 2115 558 2159 Ecclesiae,
587 2123 692 2150 motus
716 2116 829 2161 pietate
869 2125 1004 2160 pauper-

252 2166 325 2200 tatis
346 2164 501 2208 eiusdem
523 2177 594 2199 cum
623 2163 755 2199 decimis
777 2170 807 2197 et
837 2162 1004 2197 oblationi-

253 2214 312 2250 bus
339 2214 494 2250 universis
516 2214 694 2248 miserando
717 2213 919 2249 concesserit,
936 2223 1004 2246 suo

253 2276 316 2310 que
331 2263 474 2299 dominio
490 2263 714 2309 mancipaverit
727 2261 867 2296 eiusdem
885 2272 1005 2295 massae

252 2312 403 2348 ecclesias
418 2313 580 2347 universas
606 2311 714 2346 iisdem
730 2309 903 2345 redditibus
922 2321 1006 2357 prae

253 2361 368 2406 libatis,
390 2374 454 2409 quo
477 2361 630 2396 referente
666 2359 748 2394 idem
785 2360 899 2394 caeteri
931 2370 1006 2404 pro-

253 2411 354 2446 testati
382 2412 572 2458 sun17quod
589 2412 666 2445 haec
683 2421 751 2443 ιιι..
766 2417 849 2444 esset
863 2409 1005 2443 assertio.

253 2459 347 2502 Quod
369 2461 502 2495 audiens
525 2460 675 2494 dominus
706 2457 788 2504 Papa
817 2451 1028 2497 Alexander‚'

253 2509 376 2544 cunctis
394 2510 610 2549 audientibus
634 2506 760 2555 placido
781 2518 835 2541 orc
879 2508 1004 2558 inquit:

254 2557 347 2599 Quod
362 2570 379 2594 a
402 2558 645 2606 praedecessore
669 2563 775 2591 nostro
792 2556 891 2590 bonae
912 2567 1004 2589 mem

291 2618 330 2654 (ί)
346 2619 426 2646 Deest
442 2619 553 2647 sortasse
573 2622 614 2646 laic
632 2620 782 2651 Jeltrnmzs.

1682 229 1751 262 407

1049 293 1178 328 domino
1206 293 1330 328 Victore
1374 294 1464 328 nobis
1501 293 1709 329 referentibus
1734 302 1801 328 sta-

1050 351 1149 377 tutum
1172 343 1370 389 agnovimus,
1393 343 1532 383 firmum,
1553 351 1583 378 et
1610 351 1712 378 ratum
1728 346 1798 378 esse

1048 404 1226 432 censemus,
1249 401 1279 426 et
1316 392 1538 439 praecipimus,
1572 400 1605 426 ut
1646 391 1799 439 deinceps

1050 441 1085 475 D.
1115 441 1306 475 Guillelmus
1329 440 1578 496 Senogalliensis
1602 441 1774 489 episcopus
1789 469 1798 485 ,

1050 503 1107 525 nec
1130 490 1211 525 illius
1238 502 1438 525 successoros
1461 490 1635 538 inquietare
1660 490 1797 526 audeant

1051 539 1256 574 Bene-dictum
1281 539 1637 586 Forosemproniensem
1670 540 1795 587 episco-

1050 602 1134 634 pum
1164 589 1210 624 vel
1233 589 1302 623 eius
1323 601 1524 624 successores
1545 590 1574 623 in
1596 597 1793 644 perpetuum.

1047 637 1138 679 Quod
1158 639 1183 672 si
1206 638 1342 685 amplius
1364 638 1537 685 inquietare
1560 639 1734 682 tentaverit,
1755 639 1795 673 sit

1049 688 1077 721 in
1107 699 1206 734 poena
1233 687 1442 722 ducentorum
1471 687 1643 722 solidorum
1682 699 1795 723 aureo-

1049 749 1128 777 rum,
1143 736 1342 772 medietatem
1357 736 1517 771 Ecclesiae
1529 736 1792 792 supradictae(l).

1047 788 1159 821 Actum
1192 795 1239 821 est
1278 785 1337 820 hoc
1375 798 1486 820 mense
1525 785 1608 830 maii,
1644 785 1694 820 die
1723 797 1794 820 vero

1046 835 1179 879 decima
1206 834 1377 870 indictione
1404 835 1630 870 decimatertia

1094 884 1161 930 Ego
1179 884 1309 930 Sergius
1331 893 1456 920 sanctae
1482 883 1644 919 Romanae
1683 883 1793 919 Eccle—

1045 933 1109 968 siae
1136 934 1319 978 scrinarius,
1342 934 1418 968 haec
1439 942 1505 968 acta
1531 933 1654 981 scripsi.

1094 983 1302 1018 Decernimus
1325 994 1400 1028 ergo
1436 991 1487 1017 etc.
1529 982 1563 1017 Si
1601 995 1661 1029 qua
1697 983 1794 1029 igitur

1044 1040 1096 1066 (tc.
1116 1031 1250 1066 Cunctis
1276 1041 1378 1066 autem
1405 1040 1458 1066 etc.
1481 1032 1594 1066 Amen.

1095 1081 1164 1115 Eoo
1201 1081 1374 1115 Hosomrs
1417 1081 1588 1116 catholicae
1634 1081 1792 1116 Ecclesiae

1045 1131 1226 1177 episcopus.

1817 240 1866 266 Αιι.
1884 238 1911 265 C.
1931 238 1999 266 ¹22⁴

1826 1090 1912 1111 Honorii
1927 1090 1967 1112 PP.

1093 1179 1161 1225 Ego
1182 1179 1277 1226 Hugo
1301 1179 1444 1214 Hostien.
1458 1187 1486 1213 et
1501 1178 1692 1215 Veliternen.
1717 1180 1792 1226 epi—
1808 1187 1858 1208 ets·
1865 1186 1888 1207 ¹¹-
1898 1186 1920 1207 Ε
1932 1188 1988 1207 Μ

1044 1241 1170 1274 scopus.

1093 1277 1159 1323 Ego
1179 1277 1324 1323 Pelagius
1346 1277 1536 1312 Albanensis
1561 1278 1742 1332 episcopus.

1094 1326 1159 1372 Ego
1181 1325 1590 1362 NicolausTusculanensis
1612 1327 1791 1374 episcopus.

1092 1375 1159 1421 Ego
1187 1375 1251 1410 Leo
1279 1376 1321 1410 tit
1347 1375 1379 1409 S
1403 1374 1546 1410 Crucis
1540 1388 1570 1410 ιιι
1594 1374 1792 1411 Hierusalem

1046 1425 1207 1472 presbyter
1228 1425 1312 1459 card.

1092 1474 1159 1520 Ego
1192 1473 1292 1508 Guala
1331 1473 1438 1509 Sancti
1479 1473 1603 1508 Martini
1634 1473 1794 1522 presbyter

1043 1523 1221 1558 cardinalis.

1092 1572 1160 1618 Ego
1206 1572 1388 1619 Stephanus
1436 1572 1581 1607 basilicae
1617 1572 1793 1607 Duodecim

1043 1621 1267 1668 Apostolorum
1292 1620 1453 1668 presbyter
1474 1621 1653 1656 cardinalis.

1093 1670 1160 1716 Ego
1202 1670 1374 1716 Gregorius
1410 1670 1487 1705 tituli
1528 1669 1661 1705 Sanctae
1702 1671 1794 1704 Aua-

1044 1720 1156 1754 stasiae
1179 1719 1342 1767 presbyter
1368 1718 1544 1754 cardinalis.

1092 1768 1160 1815 Ego
1189 1769 1327 1803 Thomas
1373 1768 1406 1802 S.
1454 1767 1591 1804 Sabinae
1632 1768 1794 1816 presbyter

1044 1817 1221 1852 cardinalis.

1094 1866 1160 1912 Ego
1184 1866 1316 1901 Ioannes
1339 1867 1472 1901 Sanctae
1494 1866 1648 1902 Praxcdis
1669 1866 1795 1914 presby-

1045 1925 1090 1950 ter
1117 1915 1297 1956 cardinalis,

1094 1965 1161 2010 Ego
1176 1965 1251 2000 Dec.
1270 1964 1318 1999 Ss.
1334 1964 1490 2010 Sergii'et
1505 1964 1621 2000 Bacchi
1644 1964 1796 2000 diaconus

1045 2014 1223 2049 cardinalis.

1095 2063 1162 2110 Ego
1184 2063 1358 2110 Gregorius
1394 2063 1502 2098 Sancti
1542 2062 1702 2098 Theodori
1727 2061 1795 2097 dia·-

1045 2125 1145 2147 conus
1167 2112 1347 2147 cardinalis.

1095 2161 1160 2207 Ego
1182 2161 1347 2196 Romanus
1373 2161 1480 2196 Sancti
1502 2160 1616 2207 Angeli
1643 2160 1796 2195 diaconus

1045 2211 1222 2245 cardinalis

1096 2259 1161 2305 ligo
1184 2259 1364 2305 Stephanus
1381 2259 1487 2294 Sancti
1503 2258 1631 2293 Adriani
1646 2258 1797 2292 diaconus

1047 2308 1227 2343 cardinalis.

1097 2357 1165 2403 Ego
1188 2357 1301 2391 Petrus
1327 2357 1360 2390 S.
1383 2355 1511 2402 Georgii
1534 2358 1572 2390 ad
1587 2355 1700 2390 Velum
1723 2356 1797 2391 Au·—

1049 2419 1136 2441 reum
1166 2406 1329 2452 presbyter
1350 2405 1526 2440 cardinalis.

1098 2454 1211 2489 Datum
1236 2454 1379 2489 Laterani
1408 2466 1463 2501 per
1494 2466 1624 2489 manum
1658 2453 1797 2501 magistri

1049 2503 1207 2539 Gnidonis
1229 2504 1349 2538 domini
1376 2503 1480 2550 Papae
1514 2504 1639 2545 notarii,
1673 2514 1727 2538 xlv
1748 2502 1799 2538 ka-

1050 2553 1112 2588 len.
1143 2554 1233 2598 iunii,
1270 2553 1457 2596 indictione⁴
1479 2565 1541 2597 xn,
1576 2551 1799 2588 incarnationis

1085 2614 1124 2649 (t)
1141 2614 1219 2641 Deest
1237 2613 1347 2641 fortasse
1366 2616 1476 2646 aliquid.

1808 1217 1982 1244 hubeertpuones
