2129 3223
131 283 179 309 An.
200 286 229 313 C.
244 283 308 310 ¹267

141 1723 169 1743 De
193 1724 250 1744 bovis
273 1730 309 1744 cu-

128 1760 210 1774 nonicis
234 1759 254 1774 et
275 1761 309 1774 ra-

129 1792 176 1806 sura

171 2608 280 2629 clausula·

1014 156 1031 177 b

374 271 442 305 799.

322 339 494 372 iuramenta
516 346 577 369 non
601 333 723 375 faciant,
741 332 800 366 nisi
817 344 927 378 magna
951 344 1065 366 neces-

322 388 423 431 sitate,
444 398 514 420 cum
538 383 662 419 licentia
684 382 731 416 sui
748 381 898 426 magistri,
920 381 965 416 vel
990 382 1063 415 iussi

322 437 360 472 ab
373 437 522 484 episcopo
543 446 614 478 suo,
637 433 681 467 vel
705 431 744 467 ab
761 432 866 478 aliquo
893 431 976 466 vices
988 443 1064 477 apo-

321 487 448 521 stolicas
469 491 608 531 gerente,
635 491 665 517 et
687 482 747 516 hoc
773 493 828 529 pro
866 482 998 516 honesta
1034 489 1062 514 et

323 537 401 572 iusta
423 547 527 571 causa.
554 532 588 567 Si
611 532 697 580 quod
724 532 831 566 vitium
859 531 890 565 in
917 543 962 574 re,
986 542 1065 577 quae

321 587 478 630 venditur,
497 591 606 618 notum
630 581 735 622 fuerit,
748 581 904 616 indicetur
920 580 1063 626 emptori.

321 638 390 684 Ipsa
417 636 480 676 die,
506 645 566 681 qua
588 633 733 667 infirmus
753 639 935 678 apportatus
962 629 1065 673 fuerit,

320 687 359 722 de
387 684 523 734 peccatis
550 684 616 718 suis
641 681 825 717 confiteatur
846 680 988 715 ministro
1019 679 1065 713 vel

321 737 348 772 ei
385 736 436 771 cui
468 733 609 768 minister
635 731 805 766 iniunxerit
831 739 861 764 et
887 729 1067 764 communi-

321 796 382 826 cet,
408 793 438 820 et
464 783 569 819 omnia
596 782 652 817 alia
689 789 883 815 sacramenta
914 778 1066 814 ecclesia—

320 836 395 871 stica
423 834 584 882 percipere
611 830 708 865 valeat
729 829 768 865 ab
804 829 926 864 eodem.
969 827 1064 862 Omni

320 884 458 921 secunda
484 882 573 927 feria,
595 889 811 928 praeterquam
834 879 865 912 in
888 886 994 912 octava
1013 877 1067 911 Pa-

319 936 413 970 schae
439 941 469 968 et
490 932 706 970 Pentecostes,
728 938 757 964 et
779 927 896 963 Natalis
924 927 1065 965 Domini,

319 994 350 1019 et
376 980 635 1018 Circumcisionis
651 978 791 1022 Domini,
813 985 844 1011 et
858 976 1066 1024 Epiphaniae,

319 1043 349 1068 et
375 1040 594 1080 praeterquam
631 1029 661 1063 in
702 1026 918 1062 festivitatibus
953 1037 1063 1060 novem

319 1083 502 1121 lectionum,
529 1088 560 1115 et
587 1080 617 1114 in
654 1086 761 1113 octava
795 1077 997 1119 Sanctorum,
1037 1082 1067 1109 et

319 1132 449 1167 aliarum
470 1130 686 1170 festivitatum,
713 1127 796 1161 finita
819 1126 916 1160 missa
940 1137 994 1171 pro
1030 1124 1067 1158 fi-

318 1181 454 1222 delibus,
482 1180 534 1215 fiat
556 1178 709 1214 absolutio
736 1175 876 1210 fidelium
899 1174 1067 1209 defuncto-

320 1244 389 1267 rum
413 1231 443 1265 in
470 1228 670 1265 coemeterio.
694 1225 835 1272 Singulis
861 1236 987 1272 quoque
1009 1235 1067 1258 no-

319 1281 434 1322 ctibus,
456 1280 495 1315 ad
522 1279 626 1313 minus
646 1277 675 1311 in
693 1274 837 1322 hospitali
861 1286 964 1309 coram
994 1286 1067 1321 pau-

322 1330 458 1378 peribus,
497 1341 552 1376 pro
578 1334 658 1363 statu
685 1333 716 1360 et
737 1336 813 1371 pace
842 1324 975 1359 Sanctae
1003 1323 1067 1358 Ro-

321 1392 431 1415 manae
458 1378 619 1413 Ecclesiae
647 1384 679 1411 et
700 1374 795 1409 totius
821 1373 1066 1412 christianitatis,

320 1437 351 1464 et
377 1441 434 1475 pro
467 1425 732 1467 benefactoribus,
769 1432 798 1458 et
837 1436 893 1471 pro
924 1422 971 1458 his
1010 1434 1066 1469 pro

321 1478 438 1526 quibus
458 1477 612 1523 generalis
632 1473 773 1509 Ecclesia
787 1473 947 1508 consuevit
967 1484 1066 1516 orare,

321 1527 499 1563 communis
519 1525 571 1561 fiat
591 1525 699 1560 oratio.

615 1601 696 1636 Cn».
723 1602 778 1634 10.

371 1677 404 1711 In
433 1673 628 1722 regularibus
653 1672 739 1707 horis
775 1681 893 1705 morem
934 1668 970 1702 B.
1011 1667 1068 1701 Vi-

323 1727 418 1762 ctoris
439 1725 617 1767 observent,
646 1721 785 1768 exceptis
817 1718 963 1754 fratribus
1001 1729 1067 1751 ser-

324 1777 403 1811 vitiis
426 1775 601 1823 principum
629 1781 658 1807 et
682 1771 888 1818 praelatorum
909 1767 1067 1814 deputatis

324 1834 353 1861 et
374 1824 522 1860 fratribus
550 1820 782 1860 itinerantibus,
810 1818 950 1866 exceptis
975 1817 1067 1851 etiam

326 1873 561 1922 pausationibus
582 1882 611 1906 et
632 1869 859 1919 prolixitatibus
892 1876 922 1902 et
944 1866 1069 1913 vigiliis,

325 1937 416 1972 quae,
439 1923 602 1958 occasione
622 1920 738 1956 laboris
753 1920 797 1953 vel
822 1918 986 1965 paucitatis
1007 1928 1071 1950 ser-

327 1974 486 2012 vientium,
515 1979 660 2019 poterunt
681 1971 728 2004 eis
765 1968 878 2003 remitti
917 1967 955 2001 de
993 1978 1069 2000 con-

325 2024 395 2058 silio
417 2023 540 2070 piorum
562 2021 593 2056 et
615 2020 832 2066 religiosorum
852 2016 1000 2058 virorum,
1029 2014 1066 2048 ad

326 2075 385 2108 hoc
408 2073 439 2107 in
461 2084 518 2106 suo
544 2069 681 2117 generali
708 2066 845 2115 capitulo
866 2078 883 2100 a
911 2066 977 2100 suis
1011 2065 1070 2098 mi—

326 2123 432 2157 nistris
454 2122 500 2156 vel
524 2120 670 2155 fratribus
691 2117 867 2165 specialiter
888 2116 1070 2150 electorum.

326 2172 459 2220 Propter
486 2170 671 2218 paucitatem
699 2167 816 2202 etenim
850 2177 938 2200 suam
972 2172 1072 2198 tantas

326 2221 528 2269 pausationes
550 2218 710 2266 psallendo
736 2216 837 2251 facere
878 2226 938 2248 non
982 2221 1071 2248 tene-

327 2271 533 2314 buntur,nec
565 2269 604 2303 ita
643 2266 828 2314 tempestive
863 2276 1000 2309 surgere.
1036 2262 1071 2296 ln

329 2332 432 2355 rasura
454 2319 596 2354 similiter
618 2317 760 2352 ordinem
788 2314 822 2349 S.
857 2313 990 2348 Victoris
1022 2324 1071 2346 se-

328 2377 462 2416 quantur
488 2367 617 2403 clerici:
651 2366 720 2401 laici
756 2377 826 2399 vero
861 2363 972 2397 barbas
1009 2374 1071 2396 non

331 2420 448 2459 radant,
475 2417 531 2452 sed
558 2429 609 2452 eas
627 2416 664 2451 ad
688 2414 817 2450 modum
836 2412 1071 2460 templariorum

332 2468 378 2503 vel
399 2479 621 2503 conversorum
643 2463 900 2500 Cisterciensium
932 2473 1073 2496 crescere

334 2517 522 2564 permittant.

381 2566 401 2613 S
427 2570 459 2600 4.
481 2566 566 2601 Nulli
594 2577 668 2611 ergo
689 2564 817 2599 omnino
845 2562 1008 2596 hominum
1035 2559 1074 2593 li-

334 2624 400 2649 ceat
417 2614 497 2650 hanc
524 2616 667 2662 paginam
690 2621 812 2648 nostrae
849 2610 1073 2650 concessionis,

334 2665 563 2699 constitutionis
590 2672 620 2698 et
641 2662 885 2698 confirmationis
906 2660 1073 2705 infringere

890 277 1077 300 minantum
1098 277 1260 299 ROMANUM

1108 331 1152 365 vel
1175 331 1201 365 ei
1225 343 1302 366 ausu
1326 332 1490 366 temerario
1512 332 1675 367 contraire.
1703 331 1735 366 Si
1779 332 1849 379 quis

1106 388 1209 415 autem
1232 388 1283 415 etc.

1155 429 1269 465 Datum
1293 431 1423 466 Viterbii
1452 432 1588 478 septimo
1618 431 1690 466 idus
1722 430 1850 465 decem-

1107 479 1181 523 bris,
1210 481 1409 527 pontificatus
1431 482 1526 516 nostri
1548 493 1631 515 anno
1653 481 1754 515 tertio.

1139 536 1198 567 Dat.
1215 538 1261 567 die
1279 538 1294 567 7
1310 538 1475 569 decembris
1494 539 1579 576 1267,
1595 544 1671 578 pont.
1687 548 1762 568 anno
1776 550 1816 571 ιιι,

1415 694 1542 730 XXVII.

1111 774 1285 807 Translatio
1316 776 1384 819 sesti
1424 778 1535 810 Sancti
1570 778 1730 817 Ianuarii,
1769 781 1853 824 quod

1156 823 1303 867 Neapolis
1323 826 1471 859 celebrari
1494 835 1686 861 consueverat
1721 829 1852 861 decimo-

1156 874 1242 906 tertio
1276 873 1421 908 kalendas
1456 877 1585 909 octobris
1614 878 1656 910 ad
1693 878 1850 922 septimum

1156 922 1224 955 idus
1245 924 1323 956 maii
1343 925 1399 967 (i).

1374 1002 1586 1033 SUMMARIUM

1107 1068 1294 1099 Prooemium.
1306 1086 1345 1091 —
1359 1069 1437 1100 Festi
1455 1071 1616 1101 translatio.
1635 1088 1674 1094 —
1688 1071 1852 1103 Clausulae.

1107 1143 1227 1173 Clemens
1261 1146 1402 1182 episcopus
1420 1153 1516 1176 servus
1540 1154 1678 1176 servornm
1695 1147 1754 1181 Dei,
1775 1155 1855 1178 vene-

1151 1194 1232 1222 rabili
1255 1194 1339 1224 fratri
1376 1197 1585 1233 archiepiscopo,
1606 1198 1635 1226 et
1664 1197 1772 1226 dilectis
1789 1197 1855 1227 tiliis

1151 1244 1270 1280 capitulo
1289 1245 1470 1281 neapolitan..
1490 1246 1610 1276 salutem
1631 1248 1660 1276 et
1679 1247 1855 1283 apostoticam

1150 1295 1369 1325 benedictionem.

1156 1367 1238 1402 Ante
1264 1367 1412 1402 thronum
1446 1368 1569 1403 divinae
1600 1369 1784 1405 clementiae
1821 1369 1854 1403 fi-

1107 1416 1194 1452 deles
1216 1416 1331 1452 Christi
1354 1426 1533 1453 sanctorum
1563 1419 1619 1465 piis
1657 1419 1751 1453 adiuti
1792 1418 1853 1453 suf-

1108 1466 1215 1512 fragiis
1237 1467 1274 1501 ad
1302 1479 1411 1501 eorum
1430 1467 1561 1502 colenda
1583 1468 1688 1503 festiva
1702 1469 1855 1504 solemnia

1107 1527 1145 1549 eo
1166 1515 1282 1550 debent
1303 1515 1471 1551 ferventius
1493 1518 1633 1562 excitari,
1649 1530 1724 1565 quo,
1747 1518 1854 1552 talium

1110 1571 1311 1611 patronorum
1335 1565 1401 1599 fulti
1429 1566 1604 1612 praesidiis,
1639 1568 1759 1614 potiora
1785 1568 1855 1613 glo·

1109 1614 1208 1648 riosae
1235 1615 1448 1649 retributionis
1467 1617 1603 1662 praemia
1626 1626 1854 1662 promerentur.

1108 1663 1173 1697 Nos
1199 1676 1325 1710 quoque
1361 1665 1464 1710 vigilis
1500 1677 1586 1699 more
1616 1666 1748 1713 pastoris
1781 1677 1854 1700 oves

1109 1713 1213 1758 gregis
1235 1712 1381 1748 dominici
1403 1726 1496 1749 curae
1516 1723 1638 1749 nostrae
1657 1715 1854 1757 commissas,

1109 1774 1188 1808 quas
1209 1763 1357 1809 cupimus
1379 1763 1408 1797 in
1437 1763 1505 1799 loco
1527 1764 1665 1799 Pascuae
1696 1764 1854 1805 collocari,

1109 1812 1147 1846 ad
1169 1812 1354 1847 eorumdem
1376 1811 1561 1848 Sanctorum
1584 1814 1737 1849 trahimus
1759 1813 1856 1849 liben-

1110 1869 1155 1895 ter
1176 1861 1340 1908 obsequia‚
1367 1870 1400 1896 ut
1424 1862 1518 1897 nullis
1541 1863 1745 1898 familiaribus
1772 1864 1855 1898 curis

1112 1911 1264 1957 impliciti,
1289 1911 1357 1946 illos
1378 1911 1408 1945 in
1436 1920 1605 1958 conspectu
1639 1912 1767 1947 Domini
1795 1912 1855 1947 de-

1111 1969 1179 1995 vota
1202 1962 1400 1996 veneratione
1421 1961 1611 1996 collaudent.

1159 2009 1307 2044 Volentes
1334 2011 1439 2057 igitur,
1475 2020 1509 2045 ut
1547 2012 1655 2047 beatus
1693 2011 1855 2046 Ianuarius

1111 2060 1193 2106 apud
1222 2059 1393 2095 Ecclesiam
1423 2059 1671 2108 Neapolitanam,
1708 2073 1789 2108 quae
1823 2061 1854 2095 iu

1112 2109 1210 2156 ipsius
1231 2108 1350 2144 honore
1376 2110 1490 2145 dicitur
1515 2110 1656 2146 dedicata
1674 2138 1682 2151 ,
1719 2111 1750 2145 in
1788 2110 1856 2145 eius

1112 2159 1245 2193 maxime
1273 2158 1436 2195 festivitate
1459 2159 1597 2195 fidelium
1631 2159 1774 2194 laudibus
1808 2172 1856 2194 so-

1112 2208 1255 2243 lemniter
1275 2209 1452 2250 extollatur;
1479 2209 1748 2256 attendentesque,
1770 2208 1854 2255 quod

1112 2258 1326 2293 decimotertio
1353 2259 1500 2294 kalendas
1527 2259 1673 2299 octobris,
1688 2270 1750 2305 quo
1776 2258 1855 2293 solet

1112 2307 1206 2341 huius
1228 2307 1297 2342 festi
1333 2309 1515 2343 solemnitas
1541 2309 1701 2347 celebrari,
1740 2307 1853 2353 singuli

1113 2357 1339 2392 vindemiarum
1375 2359 1518 2405 occupati
1546 2357 1704 2392 laboribus
1725 2357 1764 2392 ab
1800 2356 1856 2390 Ec-

1113 2407 1278 2442 clesiarum
1303 2408 1530 2443 visitationibus
1552 2407 1728 2442 necessario
1758 2413 1856 2441 retra-

1113 2457 1245 2502 huntur⁷
1265 2455 1460 2492 festivitatem
1488 2457 1629 2493 eamdem
1648 2483 1656 2497 ,
1678 2463 1711 2489 ut
1745 2466 1856 2490 omnes

1114 2508 1241 2543 liberius
1268 2508 1298 2541 in
1321 2508 1461 2542 eiusdem
1484 2507 1590 2542 Sancti
1617 2505 1728 2552 gloria,
1761 2504 1856 2539 iubilo

1114 2557 1243 2593 devotae
1265 2558 1467 2592 iucunditatis
1494 2557 1643 2597 exultent,
1666 2562 1773 2590 octavo
1787 2555 1857 2588 idus

1115 2607 1198 2652 maii,
1216 2609 1381 2642 statuimus
1402 2606 1441 2641 de
1461 2606 1647 2653 apostolicae
1660 2603 1856 2651 plenitudine

1149 2670 1188 2704 ti)
1205 2669 1242 2695 Ex
1263 2669 1366 2702 Regest.
1385 2669 1467 2695 Vatic.

1865 280 1915 302 An.
1933 278 1960 302 (A.
1978 277 2045 305 1267

1894 1375 2024 1396 Prooemium.

1882 2013 1938 2035 Fani
1959 2017 2004 2034 tran
2009 2014 2051 2034 sla-

1869 2047 1905 2066 tio.
