2129 3223
139 249 190 274 Au.
213 249 242 276 C.
257 249 324 276 ¹218

139 309 153 324 tt
155 306 185 324 ιι
181 311 220 325 ιιιιι)
254 306 323 331 digni-

139 341 159 354 ιι
149 337 188 355 ιιι
210 341 255 362 epis
247 342 296 362 :cop
299 343 324 356 a-

139 368 171 386 lis.

144 1238 240 1258 {tatu-tte»
251 1243 320 1264 aSpn-

136 1270 206 1289 tezano
217 1274 318 1295 episcopo

136 1310 154 1321 ,ιι
189 1303 318 1322 eontrarium

136 1334 238 1360 notatae.

162 2512 188 2532 Se
192 2512 234 2531 ries
246 2516 279 2531 re?
283 2516 330 2537 pon·

150 2543 181 2561 εἰυ
185 2547 231 2561 :tum
274 2540 303 2560 ln·

151 2578 173 2592 ιῑι
177 2577 248 2592 nmen}
253 2572 301 2591 ium.

390 239 460 272 338

340 303 403 337 riae
425 302 636 336 Interamnen.
660 301 690 335 in
712 301 784 336 bon.
802 313 896 336 mem
912 300 1087 335 Innocentii

339 351 442 405 Papae
480 350 732 405 praedecessoris
771 351 867 385 nostri
913 350 1087 397 praesentia

337 400 526 439 constitutis,
550 411 607 446 pro
633 399 742 435 eadem
765 399 905 434 Ecclesia
927 399 1087 445 supplica-

336 449 427 483 batur
454 449 633 484 humiliter:
663 458 693 483 et
720 461 791 483 cum
820 448 1008 483 cathedralis
1032 448 1087 482 suit

335 498 374 532 ab
395 498 538 545 antiquo,
561 498 602 532 ita
623 498 707 545 quod
731 499 812 532 iuter
834 498 911 532 alios
933 498 1088 543 gloriosos

336 556 488 594 martyres
522 546 723 582 Valentinum
764 556 795 581 et
833 547 1022 589 Proculum,
1058 554 1087 580 et

334 598 538 631 Anastasium
571 595 784 631 confessorem
822 597 936 631 meruit
970 595 1087 629 habere

334 646 518 693 pontifices,
545 658 608 680 non
641 646 786 680 obstante
814 645 898 692 quod
926 644 1087 691 aliquanto

334 705 475 751 tempore
497 704 625 750 propter
652 695 789 741 inopiam
825 696 986 740 tang-uetet
1015 705 1088 740 pro-

335 745 392 791 prii
417 745 553 792 pastoris
580 744 728 779 destituta
756 743 885 786 solatio,
911 752 1086 778 restaurare

333 794 566 841 dignaremur
561 806 591 828 ιιι
623 795 689 840 ipsa
716 771 904 841 episcopalis
926 791 1087 838 dignitatis

334 822 504 884 honorem,
535 843 608 890 quia
631 855 701 878 cum
727 855 782 890 per
808 842 865 876 Dei
888 843 1034 888 gratiam
1056 850 1085 875 et

334 892 471 948 populus
503 893 578 927 satis
609 892 766 932 abundet
798 899 828 925 et
861 878 940 926 adeo
972 890 1086 925 ferteat

333 943 402 977 eius
434 942 575 987 detotio,
608 941 691 996 quod
723 941 812 988 plena
851 952 945 974 manu
975 940 1086 974 confe-

333 992 476 1026 rentibus
500 990 650 1026 omnibus
679 991 708 1024 in
737 989 900 1025 communi
928 989 967 1023 de
997 1000 1086 1023 com-

334 1041 451 1087 petenti
480 1041 564 1084 dote,
591 1051 627 1074 ac
654 1039 777 1073 idoneis
799 1038 951 1073 aedificiis
975 1039 1086 1084 provi-

333 1091 425 1125 detur
446 1098 552 1124 contra
580 1089 745 1127 damnum,
764 1087 847 1135 quod
872 1099 975 1121 rerum
999 1086 1086 1121 dese-

332 1148 400 1174 ctus
427 1139 580 1174 hactenus
603 1138 719 1183 intulit,
745 1137 873 1172 debetet
895 1136 1086 1182 suffragante

334 1189 392 1223 iam
416 1189 506 1235 copia
530 1187 710 1226 restaurari
738 1187 784 1221 sic
805 1194 948 1221 cessante
976 1197 1085 1225 causa,

333 1246 435 1272 cesset
456 1237 600 1272 effectus
629 1236 691 1271 Sed
714 1236 752 1270 ad
776 1236 853 1270 haec
879 1235 1000 1270 obiecta
1017 1234 1084 1269 fue-

333 1295 423 1321 runt:
448 1298 562 1334 primo,
582 1285 795 1332 lonotnquttas
829 1284 995 1330 temporis
1023 1295 1085 1331 quo

332 1336 545 1371 Interamnen.
574 1335 745 1382 Spoletana
777 1333 917 1381 possedit
942 1332 1085 1367 Ecclesia

335 1395 483 1432 tanquam
502 1397 610 1422 suam
631 1396 724 1418 cutus
746 1383 909 1417 dicebatur
935 1383 1085 1416 memoria

335 1447 398 1468 non
421 1443 543 1473 extare:
572 1433 724 1472 secundo,
748 1431 971 1466 concessiones
1003 1443 1086 1477 quo-

335 1483 479 1518 rumdam
502 1483 718 1518 Romanorum
742 1481 983 1527 imperatorum,
1005 1491 1086 1526 quo-

336 1545 403 1566 rum
432 1545 516 1567 unus
547 1532 729 1566 comitatum
763 1530 897 1564 civitatis
932 1528 1086 1563 Interam-

335 1582 454 1619 nensis,
482 1589 512 1616 et
545 1580 626 1615 alius
653 1579 842 1614 monasteria
877 1586 907 1612 et
933 1578 1084 1624 quasdam

335 1630 486 1665 ecclesias
518 1630 651 1664 civitatis
673 1628 813 1663 eiusdem
837 1627 1026 1674 Spoletanae
1041 1627 1087 1659 vi-

335 1679 467 1714 debatur
482 1679 642 1714 Ecclesiae
657 1677 863 1712 concessisse.
882 1675 1002 1715 Tertio,
1017 1687 1086 1710 con-

337 1729 529 1763 firmationes
551 1726 760 1774 quorumdam
777 1726 991 1760 Romanorum
1009 1724 1087 1758 Pon-

335 1778 474 1820 tificum,
507 1777 561 1823 qui
588 1776 811 1811 concessiones
845 1774 1086 1821 imperatorum

335 1836 364 1861 et
386 1805 564 1874 specialiter
577 1825 676 1872 plebis
695 1824 829 1858 Sanctae
852 1823 967 1857 Mariae
985 1823 1087 1857 Inter—

336 1876 511 1915 amnensis,
557 1883 589 1908 nt
623 1873 858 1920 prittlegiorum
883 1872 986 1906 ιειι)15
1014 1880 1087 1905 uta-

337 1937 425 1964 mur,
449 1925 530 1958 iuter
556 1923 614 1957 alia
637 1922 682 1969 Sp
686 1922 809 1956 oletano
837 1922 989 1967 episcopo
1012 1932 1088 1955 con-

336 1972 513 2008 sertabant.
536 1936 682 2013 Quarto,p
694 1970 778 2017 quod
806 1971 879 2005 olim
904 1970 984 2003 inter
1006 1969 1089 2016 Spo-

337 2022 477 2057 letanum
500 2022 698 2068 episcopum,
725 2028 756 2054 et
777 2019 908 2054 clericos
929 2018 1090 2053 Ecclesiae

340 2080 459 2106 vestrae
496 2070 566 2105 talis
599 2069 788 2115 compositio
828 2067 1016 2106 intervenit,
1059 2074 1091 2100 ut

339 2120 460 2155 nullum
484 2119 522 2154 ad
546 2118 748 2158 beneficium,
769 2117 833 2151 sive
856 2124 975 2163 partem
998 2115 1092 2150 bene-

340 2169 400 2203 ficii
426 2169 616 2214 reciperent,
654 2167 722 2201 sine
755 2167 854 2212 ipsius
886 2177 1034 2208 assensu,
1061 2172 1091 2197 et

339 2218 424 2265 quod
451 2217 561 2252 eadem
584 2217 746 2251 annuatim
781 2214 913 2261 hospitia
941 2214 1005 2248 duo
1035 2214 1092 2248 da-

342 2275 427 2308 rent,
460 2274 495 2301 ut
524 2265 698 2304 studerent,
732 2276 766 2299 ac
799 2263 1031 2310 praedicarent,
1059 2271 1092 2297 ut

341 2315 596 2351 lnteramnenses
630 2315 700 2349 laici
751 2313 908 2348 5οῐιειειιι
954 2312 1093 2347 decimas

343 2374 372 2399 et
399 2366 569 2400 mortuaria
591 2364 740 2410 episcopo
761 2362 946 2410 Spoletano,
968 2369 999 2395 et
1013 2373 1093 2408 quae

345 2415 419 2453 tria
447 2423 509 2449 tam
532 2414 562 2448 in
585 2412 758 2452 Ecclesiis,
785 2423 878 2458 quam
902 2411 1038 2454 clericis,
1064 2418 1094 2444 et

345 2462 431 2497 laicis
470 2464 518 2497 ius
553 2461 733 2509 episcopale
771 2460 956 2507 recognosci
991 2459 1093 2494 eidem

321 2512 496 2559 episcopo
517 2511 691 2546 dicebatur.
719 2509 768 2545 Ad
789 2521 877 2564 quae
892 2509 950 2543 fuit
971 2521 986 2543 a
1009 2508 1095 2543 vobis

349 2571 545 2614 responsum.
581 2560 707 2598 Primo,
734 2558 818 2606 quod
853 2558 878 2592 si
905 2558 1095 2605 Spoletanus

348 2609 513 2654 episcopus
548 2608 814 2643 interamnensem
830 2606 1003 2641 Ecclesiam
1019 2606 1096 2653 Spo-

935 246 1125 269 BULLARtml
1144 245 1305 268 ROMANCM

1130 299 1250 334 letanae
1267 299 1443 334 subiectam
1470 300 1509 335 ab
1531 300 1661 347 antiquo
1684 300 1791 344 fuisse,
1809 313 1882 348 pro-

1131 357 1274 395 poneret,
1301 349 1460 404 praeteriti
1487 361 1614 384 cursum
1641 358 1883 404 quantumcum-

1129 410 1191 445 que
1212 398 1366 453 temporis
1389 398 1549 444 allegaret
1570 399 1659 445 quasi
1682 398 1881 433 obstaculum

1130 447 1386 494 praescriptionis
1412 459 1598 494 opponens,
1625 460 1698 482 cuni
1733 459 1782 482 res
1808 459 1883 482 suas

1129 508 1223 530 nemo
1251 496 1461 551 praescribat
1495 504 1524 530 et
1558 496 1715 531 nullorum
1743 497 1882 544 acquirat

1129 545 1160 579 in
1189 545 1318 592 proprio
1345 546 1544 580 servitutem:
1572 545 1656 592 quod
1678 547 1704 579 si
1732 557 1799 580 earn
1828 554 1881 581 te-

1130 594 1198 629 nuit
1219 594 1483 633 commendatam
1510 595 1592 628 sicut
1617 595 1776 629 interdum
1799 593 1883 630 Con-

1128 644 1264 678 stantius
1290 643 1475 678 Narniensis
1496 643 1555 677 fuit
1584 644 1772 690 episcopus,
1807 645 1881 692 quia

1128 692 1416 728 commendatarius
1439 692 1498 727 sibi
1523 693 1650 727 nomine
1673 693 1829 739 possedit,
1851 703 1880 728 et

1129 754 1184 796 per
1205 742 1466 789 consequentiam
1490 753 1551 776 non
1571 742 1784 789 praescripsit,
1806 754 1879 777 cum

1128 791 1160 825 in
1186 791 1315 835 talibus,
1344 790 1522 826 secundum
1550 791 1717 825 canonicas
1743 793 1880 826 sanctio—

1129 852 1203 880 nes
1231 840 1311 875 hona
1334 840 1425 880 fides
1451 841 1554 875 iustus
1581 839 1703 878 titulus
1726 849 1756 875 et
1776 841 1881 875 conti-

1129 902 1190 924 nua
1207 890 1366 936 possessio
1381 891 1592 937 requirantur.
1616 888 1778 934 Secundo,
1796 890 1879 945 quod

1128 938 1299 985 imperialis
1324 951 1488 974 concessio
1511 938 1588 972 nibil
1611 939 1809 986 spiritualis
1805 939 1881 974 turis

1127 989 1249 1023 auferre
1276 988 1393 1034 potuit,
1419 987 1467 1022 tel
1494 987 1634 1031 adferre,
1669 1000 1740 1022 cum
1768 988 1880 1028 laicis,

1127 1046 1422 1084 quantumcumque
1444 1036 1612 1083 religiosis,
1634 1036 1825 1084 disponendi
1841 1037 1880 1072 de

1128 1086 1222 1121 rebus
1244 1086 1464 1121 ecclesiasticis
1490 1085 1575 1121 nulla
1603 1087 1641 1121 sit
1665 1086 1812 1121 attributa
1835 1080 1880 1120 sa-

1127 1135 1238 1170 cultas.
1266 1135 1466 1183 Quapropter
1492 1135 1539 1179 is,
1561 1136 1613 1183 qui
1637 1136 1704 1170 lora
1733 1135 1880 1181 religiosa

1128 1184 1264 1219 voluisse
1300 1184 1443 1220 conferre
1478 1184 1620 1225 videtur,
1658 1185 1700 1218 nil
1727 1184 1880 1225 contulit;

1127 1246 1200 1268 cum
1228 1234 1412 1280 regulariter
1435 1241 1587 1281 quantum
1613 1233 1689 1269 iuris
1724 1234 1755 1269 in
1782 1233 1879 1268 alium

1127 1283 1199 1329 quis
1221 1283 1345 1327 babeat,
1367 1282 1534 1318 transferre
1561 1295 1623 1318 non
1647 1283 1757 1330 possit.
1784 1291 1815 1318 et
1835 1283 1880 1318 sic

1127 1333 1271 1378 quamvis
1294 1332 1475 1368 donationis
1498 1333 1590 1368 verba
1614 1332 1788 1379 protulerit,
1811 1332 1880 1367 effe-

1128 1390 1214 1416 ctum
1237 1382 1381 1416 conferre
1417 1381 1576 1429 nequivit,
1609 1394 1667 1416 nec
1690 1382 1720 1416 in
1742 1381 1879 1428 generali

1127 1431 1295 1465 comitatus
1317 1430 1505 1474 donatione,
1532 1431 1558 1465 si
1579 1431 1672 1465 etiarn
1697 1431 1727 1465 iu
1756 1439 1881 1478 tempo-

1128 1479 1247 1514 ralibus
1271 1481 1434 1519 tenuisset,
1456 1491 1530 1514 cum
1549 1491 1588 1514 eo
1603 1488 1744 1527 tempore
1764 1487 1878 1514 terram

1128 1528 1210 1562 illam
1239 1540 1293 1574 pet
1316 1530 1553 1575 usurpationem
1575 1536 1683 1564 contra
1705 1528 1878 1564 Ecclesiam

1129 1577 1295 1632 imperium
1341 1578 1531 1624 possideret:
1579 1577 1664 1624 quod
1709 1578 1881 1625 spiritualis

1129 1626 1205 1661 iuris
1231 1627 1346 1670 existit,
1373 1626 1434 1661 dici
1458 1626 1562 1661 debet.
1594 1627 1681 1674 quasi
1705 1639 1779 1662 cum
1808 1627 1880 1661 uni-

1129 1675 1274 1710 versitate
1300 1683 1450 1716 tentasse,
1483 1677 1632 1722 quoniam
1656 1688 1713 1711 nec
1741 1677 1880 1723 particu-

1129 1724 1253 1763 lariter,
1289 1736 1347 1759 nec
1373 1737 1445 1760 cum
1480 1732 1544 1759 toto
1571 1725 1687 1760 babere
1724 1727 1827 1773 potuit
1849 1726 1878 1759 id

1129 1773 1271 1808 donator.
1299 1773 1419 1813 Tertio,
1441 1774 1525 1820 quod
1551 1786 1606 1820 per
1623 1775 1880 1809 confirmationes

1130 1822 1347 1857 Romanorum
1375 1822 1564 1857 Pontificum
1600 1823 1765 1870 generales
1801 1823 1878 1858 nibil

1131 1871 1253 1905 videtur
1267 1871 1438 1912 adiectum,
1465 1884 1537 1906 cum
1561 1872 1686 1907 firmum
1704 1884 1766 1907 non
1790 1884 1880 1918 prae-

1130 1921 1281 1962 cesserit,
1315 1921 1398 1967 quod
1438 1922 1480 1953 si‹
1518 1922 1654 1976 potuerit
1679 1921 1880 1964 confirmari,

1130 1970 1203 2015 quia
1232 1957 1286 2023 pei
1318 1982 1371 2003 eas
1406 1982 1521 2004 notum
1547 1971 1595 2004 ins
1622 1982 1683 2005 non
1717 1970 1880 2006 consuevit

1131 2019 1271 2072 acquiri,
1299 2019 1353 2052 sed
1383 2019 1477 2053 robur
1499 2019 1647 2054 adiicitur
1667 2019 1808 2066 legitime
1825 2031 1881 2054 ac·—

1131 2067 1266 2113 quisitis.
1296 2067 1387 2102 [nde
1415 2068 1445 2101 in
1471 2068 1642 2115 privilegiis
1663 2068 1881 2103 continebatur

1132 2115 1278 2150 exhibitis
1322 2117 1460 2151 clausula
1502 2126 1675 2161 consueta,
1718 2117 1878 2157 videlicet,

1133 2173 1215 2199 s.cut
1237 2165 1315 2199 iuste
1332 2178 1367 2199 ac
1385 2167 1535 2200 canonice
1551 2166 1727 2212 possidetis.
1749 2166 1880 2208 Quarto,

1133 2213 1216 2260 quod
1240 2214 1296 2248 etsi
1325 2214 1402 2248 forte
1428 2215 1575 2262 praefatis
1603 2214 1724 2250 clericis
1750 2214 1879 2261 allegata

1134 2263 1320 2309 compositio
1352 2264 1580 2310 praeiudicium
1607 2263 1734 2311 aliquod
1758 2264 1880 2311 potuis-

1134 2320 1181 2346 set
1206 2311 1343 2355 adferre,
1379 2315 1513 2359 posteris
1547 2325 1608 2347 non
1632 2312 1781 2358 nocebat,
1807 2325 1879 2348 cum

1134 2372 1263 2395 enorme
1302 2361 1504 2407 dispendium
1546 2362 1683 2396 vacantis
1721 2361 1882 2397 Ecclesiae

1136 2409 1228 2443 fuerit
1270 2418 1475 2451 attentatum,
1518 2410 1697 2464 praesertim
1733 2422 1805 2445 cum
1851 2420 1882 2446 et

1135 2458 1265 2504 quilibet
1291 2460 1458 2506 episcopus
1483 2459 1574 2500 alius
1601 2471 1653 2494 cut
1681 2471 1882 2495 recommen-

1135 2508 1206 2542 data
1229 2507 1340 2542 luisset
1365 2505 1518 2548 Ecclesia,
1541 2509 1694 2554 potuisset
1715 2509 1882 2555 percipere

1137 2557 1205 2591 talia
1227 2557 1295 2591 sine
1319 2557 1510 2603 praeiudicio
1535 2556 1695 2592 libertatis.
1717 2557 1780 2593 Pro
1797 2558 1882 2606 Spo-

1137 2606 1246 2640 letanis
1277 2615 1380 2641 autem
1414 2605 1473 2640 suit
1508 2607 1716 2652 propositum
1744 2608 1828 2654 quod
1855 2608 1879 2642 si

1897 248 1949 275 An.
1968 247 1997 275 C.
2012 247 2079 276 12¹8
