2129 3223
149 254 198 279 An.
217 253 245 280 C.
266 254 329 280 ¹26¹

157 1148 272 1175 Capitulum
289 1153 327 1174 ge·

145 1180 216 1201 net-ale
239 1178 327 1204 lingulis

145 1212 205 1232 aunis
214 1210 299 1231 celebra
301 1215 327 1229 n-

146 1243 200 1261 dum:
212 1244 233 1261 et
243 1245 295 1267 quae
306 1240 325 1260 in

145 1278 170 1292 εο
186 1271 272 1296 menda,

158 1929 187 1950 De
227 1930 327 1951 trutrtbus

145 1961 269 1987 coniugatis,

159 2611 234 2634 lorum
243 2612 332 2633 habitus.

397 248 467 281 680

345 312 472 355 donare,
504 318 695 358 permutare
717 317 768 344 aut
794 310 869 345 alias
889 309 1090 358 quomodoli—

344 361 395 395 bet
421 360 569 404 alienare,
604 359 651 395 vel
679 359 802 406 pignori
825 359 965 405 obligare
995 358 1091 406 quid-

343 421 437 456 quam
464 407 503 443 de
527 408 778 456 possessionibus
796 408 1008 444 Ecclesiarum
1023 420 1091 442 sua-

343 471 426 502 rum,
453 469 507 493 seu
530 457 624 493 etiam
652 457 692 492 de
718 457 886 492 mobilibus
913 458 944 492 in
968 457 1092 504 dispen-

343 506 428 541 dium
457 514 635 542 conventus
661 506 706 541 vel
729 506 860 561 ordinis,
889 518 990 553 neque
1021 518 1091 540 con-

343 555 465 591 trahere
495 555 599 591 debita
626 567 758 591 onerosa
786 556 854 590 sine
882 555 1006 590 lieentia
1039 567 1091 589 ca-

343 604 433 651 pituli
460 605 633 661 generalis,
667 605 698 640 iu
727 616 791 652 quo
812 605 922 651 utique
954 603 1091 650 capitulo

342 653 476 700 singulis
497 654 589 689 annis
616 654 668 690 fiat
694 666 790 710 super
813 653 862 688 his
884 665 978 708 pert>
960 665 1092 687 cenera-

343 702 403 737 lem
436 712 468 738 et
501 703 714 738 diffinitores
707 715 806 750 ipsius
832 703 995 750 inquisitio
1017 713 1092 749 spe-

342 751 441 791 cialis,
463 764 523 787 nec
539 753 637 799 possit
658 751 842 807 generalis
836 764 866 786 in
890 751 1013 796 ordine,
1032 751 1090 786 nisi

341 812 414 835 cum
450 800 599 836 fratribus
626 802 656 836 in
684 801 753 848 ipso
784 800 920 847 capitulo
952 799 1105 855 generali·

341 849 622 891 convenientibus,
657 857 689 885 et
714 849 963 889 conventualis,
956 862 986 884 in
1013 861 1092 884 con-

341 907 435 933 ventu
457 911 526 940 suo,
556 899 614 934 nisi
641 899 680 934 de
707 898 837 934 fratrum
860 898 1004 933 eiusdem
1020 910 1092 933 con-

341 956 464 988 ventus,
489 957 543 983 aut
565 948 693 983 maioris
720 948 818 994 partis
840 947 980 994 ipsorum
1007 959 1092 982 con-

340 995 410 1031 silio
442 1005 472 1031 et
494 1008 625 1032 assensu
647 997 751 1032 facere
779 997 824 1031 vel
848 996 942 1031 edere
963 996 1089 1043 aliquod

340 1052 489 1079 statutum
523 1046 671 1091 generale
699 1058 754 1081 seu
778 1053 992 1092 praeceptum.

389 1093 409 1141 S
433 1096 488 1129 18.
512 1094 654 1141 Singulis
679 1103 783 1130 autem
808 1095 898 1129 annis
920 1094 973 1129 fiat
998 1106 1092 1141 gene-

342 1142 405 1177 rale
431 1143 615 1190 capitulum,
638 1152 669 1179 et
699 1145 731 1178 in
754 1144 823 1190 ipso
846 1143 983 1190 capitulo
1009 1142 1092 1177 diffi-

342 1191 444 1226 niatur
477 1192 517 1227 de
543 1192 604 1228 alio
637 1192 775 1240 capitulo
797 1192 987 1227 celebrando
1008 1204 1091 1227 anno

341 1241 502 1288 sequenti,
538 1241 597 1277 nisi
623 1242 683 1277 hoc
706 1254 743 1277 ex
765 1240 867 1288 aliqua
890 1242 970 1276 iusta
997 1253 1090 1276 causa

341 1289 433 1324 fuerit
465 1290 696 1332 differendum;
731 1298 762 1325 et
796 1303 827 1324 in
859 1303 928 1337 ipso
955 1290 1092 1337 capitulo

342 1338 439 1384 possit
472 1340 628 1384 generalis
663 1340 819 1386 praelatus
855 1351 925 1373 cum
960 1340 1091 1374 consilio

341 1395 370 1421 et
387 1399 515 1423 assensu
532 1388 660 1423 fratrum
682 1387 798 1423 ibidem
821 1389 1090 1431 convenientium,

342 1436 387 1470 vel
415 1436 544 1472 maioris
557 1438 652 1484 partis
675 1437 827 1484 ipsorum,
851 1437 1092 1472 constitutiones

340 1484 477 1520 condere
510 1493 542 1520 et
562 1493 685 1521 mutare
712 1485 865 1526 conditas,
899 1493 930 1520 et
956 1486 1090 1525 addere,

341 1533 495 1578 minuere,
517 1535 674 1580 corrigere
690 1535 722 1568 in
741 1534 818 1581 ipsis
840 1541 871 1569 et
894 1534 1090 1582 interpretari

340 1582 479 1623 easdem,
502 1583 675 1618 dummodo
703 1583 733 1618 in
757 1583 804 1617 his
823 1582 901 1617 nihil
920 1583 983 1625 fiat,
1006 1583 1090 1630 quod

341 1630 381 1666 sit
403 1640 513 1666 contra
535 1631 652 1667 Sedent
676 1631 903 1678 Apostolicam,
926 1632 974 1666 vel
998 1645 1092 1678 regu-

340 1679 459 1715 laribus
487 1680 591 1716 obviet
620 1681 790 1725 institutis,
820 1688 851 1715 et
877 1659 1050 1728 quidquidD
1053 1681 1092 1716 ab

340 1727 453 1764 eodem
493 1730 631 1776 generali
667 1730 805 1777 praelato
843 1729 945 1765 taliter
977 1729 1091 1764 factum

341 1777 451 1819 fuerit,
485 1779 525 1814 ab
551 1778 699 1814 omnibus
722 1778 869 1814 fratribus
895 1778 1044 1814 ordinis
1037 1791 1093 1814 in-

343 1805 530 1862 violabiliter
550 1828 747 1863 observetur.

389 1875 409 1931 S
433 1878 488 1911 19.
516 1875 642 1912 Fratres
668 1876 818 1924 praedicti
841 1875 962 1912 ordinis
984 1877 1093 1911 coniu-

341 1926 417 1971 gati,
439 1932 471 1959 et
492 1924 555 1967 alii,
583 1925 638 1972 qui
657 1925 688 1960 in
711 1925 861 1961 domibus
889 1925 1023 1972 propriis
1038 1937 1092 1960 vo-

342 1974 459 2008 luerint
484 1974 688 2015 commorari,
715 1974 957 2021 promissionem
980 1974 1093 2009 faciant

343 2022 520 2058 secundum
547 2022 680 2059 formam
723 2023 854 2058 inferius
892 2023 1092 2067 adnotatam,

344 2075 445 2111 vivant
471 2075 531 2111 sub
564 2076 743 2112 obedientia
773 2076 983 2123 praelatorum
1011 2088 1093 2111 suo-

343 2140 424 2169 rum,
446 2129 531 2164 salvo
552 2129 620 2165 iure
642 2129 833 2164 matrimonii
857 2130 1006 2164 contracti
1042 2137 1094 2163 aut

343 2182 435 2217 etiarn
471 2182 696 2223 contrahendi,
730 2191 759 2217 et
793 2183 821 2217 in
855 2183 1012 2229 coniugali
1048 2183 1093 2218 vel

344 2246 494 2283 perpetua
516 2237 675 2277 castitate,
702 2238 727 2271 si
753 2249 814 2271 non
843 2236 995 2271 habentes
1023 2249 1092 2271 uxo-

344 2301 405 2334 res,
423 2289 490 2325 sine
504 2289 659 2325 uxoribus
681 2289 835 2325 voluerint
849 2301 1043 2337 permanere.
1058 2289 1093 2324 ln

345 2341 503 2377 ieiunandi
528 2343 621 2378 modo
655 2351 685 2378 et
713 2343 743 2377 in
771 2342 879 2378 habitu
909 2342 1042 2377 honesto
1064 2350 1094 2377 et

345 2395 376 2429 in
402 2395 471 2431 aliis
506 2397 600 2432 etiam
634 2397 852 2431 honestatibus
884 2396 930 2430 eis
961 2408 1094 2443 compe-

345 2449 497 2491 tentibus,
519 2459 612 2497 prout
636 2449 766 2485 inferius
793 2450 825 2484 in
853 2450 913 2488 his,
946 2461 1028 2496 quae
1055 2449 1092 2484 ad

345 2513 400 2536 eos
420 2503 589 2550 pertinent,
611 2503 800 2538 continetur.

395 2555 416 2601 S
435 2558 492 2590 20.
514 2555 643 2591 Possint
664 2555 845 2590 huiusmodi
869 2556 978 2590 fratres
1000 2566 1093 2602 prae-

347 2615 395 2641 ter
416 2609 597 2643 mantellum
625 2617 655 2644 et
682 2620 874 2655 guascapum
896 2608 1017 2643 ordinis
1036 2608 1093 2642 ha-

922 257 1111 279 BULLAtuUM
1133 255 1297 278 ROMANUM

1133 310 1206 344 bere
1245 320 1379 356 cappam
1411 309 1549 344 clausam
1582 309 1622 344 de
1654 321 1759 356 panno
1786 309 1880 355 grisei

1132 358 1258 399 coloris,
1285 367 1339 393 aut
1361 358 1454 394 etiam
1476 359 1515 394 de
1537 358 1703 394 camelino

1181 407 1285 455 §2¹
1312 406 1347 442 Si
1386 407 1457 454 quis
1492 419 1569 455 ergo
1600 407 1788 453 coniugatus
1824 418 1880 442 seu

1132 456 1212 491 alius
1235 456 1370 491 voluerit
1385 456 1466 492 hanc
1481 457 1597 503 eligere
1617 457 1722 494 vitam
1745 463 1774 491 et
1789 455 1881 491 fuerit

1133 505 1277 545 idoneus,
1299 506 1469 553 recipiatur
1489 506 1519 541 in
1523 484 1664 547 Domine,
1690 505 1729 540 de
1753 505 1880 552 praelati

1133 554 1258 590 licentia
1280 555 1437 601 generalis
1458 564 1512 591 aut
1538 555 1627 598 eius,
1654 555 1706 590 cui
1723 554 1803 589 idem
1826 566 1881 601 ge-

1133 603 1250 639 neralis
1276 616 1374 652 super
1401 604 1460 639 hoc
1483 604 1678 639 commiserit
1699 603 1783 638 vices
1794 615 1880 644 suas,

1133 653 1283 701 requisito
1317 661 1348 689 et
1382 653 1489 688 habito
1525 653 1658 688 consilio
1691 660 1723 687 et
1747 664 1879 687 assensu

1134 701 1262 737 fratrum
1290 702 1348 738 loci
1376 702 1472 746 illius,
1491 702 1523 736 in
1544 714 1608 749 quo
1630 701 1723 736 fuerit
1744 709 1881 736 moratu-

1134 763 1197 791 rus,
1219 752 1245 786 si
1267 750 1378 787 fratres
1400 751 1475 786 inibi
1497 750 1624 790 fuerint,
1646 758 1678 786 et
1698 749 1882 786 observetur

1132 799 1212 835 alius
1245 800 1326 835 circa
1366 800 1579 847 receptionem
1621 799 1720 847 ipsius
1745 798 1882 834 totaliter

1133 849 1264 889 modus,
1302 849 1355 896 qui
1388 849 1470 884 circa
1505 849 1717 896 receptionem
1752 848 1880 883 fratrum

1131 898 1384 933 conventualium
1410 898 1557 945 superius
1582 906 1629 933 est
1650 909 1832 945 expressus.

1180 947 1200 994 S
1231 948 1288 981 22.
1323 946 1541 994 Recipiendus
1578 958 1652 982 vero
1689 946 1881 994 probationis

1133 995 1243 1030 babeat
1264 1007 1398 1036 annum,
1426 1008 1490 1043 quo
1510 996 1615 1036 finito,
1639 995 1880 1044 promissionem

1133 1045 1222 1080 faciat
1245 1045 1421 1079 secundum
1454 1045 1664 1092 subscriptam
1691 1044 1882 1087 formam,et

1132 1094 1170 1128 ad
1197 1093 1411 1129 obedientiam
1444 1094 1636 1129 admittatur.
1676 1093 1792 1129 Forma
1824 1106 1882 1129 au—

1133 1151 1194 1178 tem
1219 1143 1438 1190 promissionis
1460 1142 1642 1178 huiusmodi
1664 1142 1805 1184 fratrum,
1827 1143 1881 1190 qui

1134 1192 1162 1227 in
1195 1192 1328 1239 propriis
1351 1192 1499 1227 domibus
1524 1200 1781 1231 commorantur,
1813 1191 1882 1226 talis

1132 1248 1193 1276 est:
1218 1241 1284 1287 Ego
1306 1241 1477 1276 frater....
1497 1241 1643 1288 promitto
1665 1240 1732 1276 Deo
1754 1248 1785 1275 et
1806 1240 1882 1276 bea-

1134 1298 1181 1326 tae
1206 1290 1322 1325 Mariae
1352 1302 1479 1337 semper
1509 1290 1631 1335 Virgini
1671 1290 1880 1325 obedientiam

1134 1340 1163 1374 in
1186 1339 1334 1374 manibus
1359 1338 1397 1373 N.
1426 1340 1555 1386 prioris,
1587 1340 1652 1374 sive
1684 1339 1825 1386 praelati,
1852 1347 1881 1374 et

1133 1388 1187 1423 tibi
1210 1387 1247 1422 N.
1273 1388 1380 1434 priori,
1402 1388 1468 1423 sive
1490 1388 1639 1435 praelato,
1662 1388 1787 1436 tuisque
1808 1399 1883 1423 suc-

1133 1437 1313 1472 cessoribus
1331 1437 1481 1472 canonice
1501 1437 1690 1472 intrantibus
1705 1436 1881 1472 secundum

1133 1485 1265 1520 formam
1289 1486 1496 1521 institutionis
1518 1488 1598 1521 vitae
1613 1486 1743 1521 fratrum
1761 1485 1883 1520 ordinis

1132 1534 1264 1569 Militiae
1284 1534 1400 1569 Beatae
1424 1535 1540 1569 Mariae
1568 1534 1706 1581 Virginis
1727 1535 1881 1580 gloriosae

1133 1583 1253 1618 eisdem
1279 1583 1380 1617 ordini
1408 1595 1443 1618 ac
1478 1583 1625 1618 fratribus
1646 1596 1662 1618 3
1684 1583 1883 1618 sanctissimo

1133 1631 1225 1667 Patre
1247 1632 1375 1666 domino
1398 1631 1525 1667 Urbano
1547 1632 1632 1679 Papa
1654 1640 1767 1680 quarto
1785 1633 1883 1668 tradi-

1134 1689 1195 1715 tam
1211 1688 1241 1715 et
1261 1693 1459 1721 concessam,
1481 1681 1566 1716 salvo
1588 1682 1656 1716 iure
1678 1682 1882 1726 matrimonii,

1134 1730 1166 1764 in
1184 1741 1247 1776 quo
1269 1742 1340 1765 sum
1367 1730 1415 1764 vel
1438 1730 1468 1764 in
1495 1742 1558 1777 quo
1584 1742 1649 1766 ero.

1182 1778 1202 1825 S
1223 1781 1282 1813 25.
1309 1778 1393 1813 Nulli
1426 1787 1533 1814 autem
1561 1779 1600 1813 ab
1626 1778 1807 1814 huiusmodi
1829 1791 1884 1814 or-

1134 1827 1207 1862 dine
1234 1840 1290 1862 seu
1320 1827 1472 1874 religione
1493 1828 1578 1863 exire
1601 1828 1711 1872 liceat,
1735 1828 1795 1863 nisi
1819 1828 1882 1864 for-

1133 1877 1214 1911 sitan
1238 1876 1369 1911 voluerit
1393 1877 1432 1911 ad
1454 1878 1620 1912 arctiorem
1648 1877 1804 1922 ordinem,
1823 1889 1882 1924 pe-

1135 1926 1187 1960 tita
1199 1934 1301 1959 tamen
1318 1937 1334 1960 a
1348 1925 1485 1971 generali
1500 1926 1636 1967 licentia,
1651 1938 1685 1961 se
1699 1925 1880 1962 transferre.

1182 1974 1202 2020 S
1224 1977 1281 2008 24.
1298 1973 1473 2010 Induantur
1487 1975 1669 2011 huiusmodi
1683 1974 1795 2011 fratres
1809 1988 1882 2011 con-

1135 2022 1232 2069 iugati
1261 2031 1290 2057 et
1316 2023 1386 2063 alii,
1420 2024 1474 2071 qui
1506 2024 1537 2058 in
1564 2023 1714 2059 domibus
1747 2025 1881 2072 propriis

1134 2079 1387 2115 commorantur,
1409 2080 1440 2107 et
1472 2080 1598 2108 utantur
1619 2073 1767 2114 caeteris,
1791 2082 1882 2121 prout

1134 2120 1282 2167 superius
1309 2121 1340 2155 in
1368 2121 1507 2176 capitulo
1535 2122 1574 2157 de
1601 2121 1710 2157 habitu
1743 2134 1883 2157 conven-

1136 2168 1267 2204 tualium
1302 2170 1498 2205 continetur:
1527 2171 1610 2217 quod
1636 2171 1816 2225 capitulum
1837 2171 1883 2206 sic

1135 2218 1260 2265 incipit.
1284 2217 1409 2253 Fratres
1431 2219 1561 2261 milites,
1590 2220 1643 2267 qui
1667 2220 1698 2254 in
1719 2220 1883 2255 conventi-

1135 2266 1196 2302 bus
1221 2276 1467 2309 commorantur,
1490 2268 1624 2303 habeant
1650 2269 1786 2303 tunicam
1812 2276 1879 2308 etc„

1135 2315 1194 2350 hoc
1213 2323 1332 2351 tantum
1354 2316 1487 2358 adiecto,
1516 2317 1602 2364 quod
1625 2318 1745 2364 possint
1766 2317 1882 2353 habere

1135 2372 1165 2398 et
1187 2364 1324 2411 ubique,
1355 2366 1380 2400 si
1410 2366 1573 2407 voluerint,
1601 2374 1724 2413 portare
1750 2378 1882 2412 guasca-

1137 2426 1209 2460 pum
1244 2414 1283 2449 de
1315 2414 1469 2450 camelino
1511 2427 1566 2450 seu
1605 2414 1645 2450 de
1680 2415 1741 2450 alio
1778 2426 1882 2463 panno

1134 2463 1227 2508 grisei
1252 2465 1376 2498 coloris.

1182 2513 1202 2557 S
1224 2513 1280 2545 25.
1308 2511 1454 2547 Ieiunent
1481 2512 1662 2547 huiusmodi
1691 2513 1800 2547 fratres
1827 2525 1881 2548 se-

1134 2560 1273 2594 cundnm
1293 2560 1454 2596 formam
1446 2561 1554 2596 ieiunii
1573 2561 1718 2608 superius
1737 2562 1909 2598 traditam¹

1135 2607 1282 2643 fratribus
1304 2610 1563 2676 conventualibus
1587 2622 1615 2643 in
1639 2611 1813 2657 praemisso
1833 2623 1882 2646 ca-

1896 255 1949 282 An.
1966 253 1995 281 C.
2013 253 2076 281 ¹26¹

1909 418 1981 440 Modus
1995 423 2033 440 eo·
2047 425 2081 441 re-

1896 455 1915 470 ci
1909 449 1998 476 piondl.

1907 952 1982 989 forma
1998 953 2080 980 profon-

1895 989 1969 1005 sionis.

1907 1803 1962 1826 Nutu
1972 1804 1996 1826 ab
2004 1805 2079 1827 ordino

1895 1836 1953 1855 exire
1968 1834 2038 1856 liccat.

1903 2000 1978 2022 Eorum
1988 2000 2078 2022 habitus.

1908 2527 1937 2548 tei
1932 2529 1989 2549 iunia
1997 2532 2018 2549 ot
2027 2533 2077 2549 ora-
2127 2533 2129 2551 t

1895 2559 1909 2579 ti
1912 2564 1972 2580 ones.
