2129 3223
40 289 90 316 Δ».
107 288 137 316 C.
154 287 223 314 ¹26⁸

237 350 317 385 ctus,
340 350 391 376 ant
419 342 511 377 etiam
537 341 684 388 publicus
711 341 873 377 usurarius
891 341 982 376 suerit

239 391 454 435 tumulandus,
480 391 601 426 deferre
627 390 664 425 ad
688 390 848 426 Ecclesias
870 390 983 425 huius-

239 440 322 475 modi
342 439 514 487 hospitalis,
535 448 566 475 et
588 439 762 475 oblationes
785 448 845 474 tam
869 451 925 486 pro
939 440 984 473 eis

237 501 330 537 quam
353 501 410 536 pro
431 488 511 532 aliis,
533 489 585 535 qni
610 489 640 523 in
663 501 772 524 eorum
788 489 984 523 coemeteriis

204 572 206 574 .
238 539 451 586 requiescunt,
467 538 631 577 exhibitas,
641 538 708 573 sine
722 537 855 572 alicuius
873 537 985 572 iudicis

238 587 429 634 praeiudicio
464 587 607 622 retinere.
635 587 703 622 Hoc
737 587 829 621 etiam
864 586 984 629 addito,

239 645 271 672 ut
295 636 492 683 receptiones
518 635 717 671 fraternitatis
744 635 906 674 eiusdem,
929 648 983 670 sen

237 687 328 720 etiam
352 684 566 726 collectarum,
588 685 673 720 salvo
695 685 760 719 iure
784 684 984 719 dominorum

237 746 384 775 snorum,
422 733 482 769 snb
508 733 545 768 B.
573 734 656 769 Petri
691 742 721 769 et
748 742 852 768 nostra
881 742 986 781 prote-

237 792 341 818 ctione
365 790 548 818 consistant.

286 836 302 875 g
327 833 381 866 10.
403 831 580 866 Adiicimus
598 831 739 878 insuper,
761 839 794 865 ut
816 832 840 866 si
863 843 988 866 eorum·

239 881 310 915 dem
338 880 468 915 fratrum
496 880 604 935 aliqui,
631 880 684 927 qui
707 880 745 915 ad
768 880 894 915 easdem
923 880 985 915 sra-

239 931 401 965 ternitates
427 929 513 964 missi
542 928 657 964 fuerint
683 929 729 964 vel
761 929 919 970 collectas,
955 929 984 963 iu

238 978 413 1034 quamlibet
446 978 622 1022 civitatem,
652 986 705 1013 aut
731 978 906 1023 castellnm⁷
940 977 986 1013 vel

239 1029 362 1072 vicum,
393 1035 446 1062 aut
471 1026 567 1062 alium
595 1027 699 1062 locum
735 1026 932 1067 devenerint
959 1027 984 1062 si

238 1077 316 1112 sorte
342 1076 433 1112 locus
464 1075 517 1111 ille
538 1076 630 1111 fuerit
662 1077 776 1111 divinis
797 1076 937 1111 officiis
930 1088 988 1110 in—

237 1125 407 1166 terdictus,
431 1126 461 1160 in
484 1137 592 1160 eorum
615 1125 756 1160 iucundo
777 1125 910 1160 adventu
934 1137 986 1160 se-

238 1175 300 1210 mel
327 1183 432 1222 aperta
458 1175 589 1209 ecclesia
612 1175 786 1215 annuatim,
809 1186 988 1209 excommn-

238 1224 352 1259 nicatis
377 1232 407 1258 et
429 1223 613 1258 nominatim
642 1223 818 1258 interdictis
839 1223 986 1262 exclusis,

232 1272 343 1308 divina
368 1272 410 1307 ibi
425 1272 526 1307 officia
544 1272 751 1313 celebrentur,
773 1272 857 1307 salva
872 1273 902 1306 in
918 1284 988 1306 om-

239 1321 334 1357 nibus
380 1321 571 1369 supradictis
611 1321 823 1357 declaratione
861 1321 986 1356 concilii

238 1369 405 1418 generalis.

288 1423 304 1463 5
327 1422 383 1454 11.
410 1419 461 1454 Ad
497 1420 646 1454 maiorem
680 1431 807 1466 quoque
833 1418 989 1454 mercedis

241 1478 359 1504 vestrae
384 1477 610 1515 augumentum
635 1468 852 1523 ηἰΗΙιίΙοιῃίηιιε,
881 1476 913 1502 ut
940 1480 990 1502 su-

241 1530 315 1565 pra.
356 1518 536 1553 mandando
569 1517 798 1571 praecipimus,
833 1526 989 1564 quatenus

239 1567 322 1602 lianc
346 1577 486 1602 nostram
520 1567 776 1601 constitutionem
803 1578 865 1621 per
891 1578 991 1612 paro-

241 1615 328 1651 chias
364 1625 484 1652 vestras
522 1615 664 1650 nunciati
704 1616 840 1663 propriis
876 1614 989 1650 litteris

243 1665 372 1700 faciatis.

289 1717 305 1757 5
333 1716 389 1748 12.
415 1712 604 1749 Mandamus
625 1714 731 1754 etiam,
764 1722 798 1748 ut
821 1714 846 1748 si
874 1713 928 1760 qni
952 1714 990 1747 de

242 1762 365 1799 clericis
391 1762 604 1798 Ecclesiarum
629 1771 813 1798 vestrarum.
841 1762 989 1809 praedicti

242 1811 407 1859 hospitalis
435 1811 581 1846 trau-ibus
607 1823 679 1846 cum
708 1811 833 1845 licentia
862 1811 989 1858 praelati

241 1867 272 1895 et
310 1860 436 1907 capituli
464 1860 531 1900 sui,
554 1868 666 1914 sponte
688 1872 723 1894 ac
745 1861 840 1906 gratis
858 1872 911 1906 per
932 1872 990 1894 an-

55 883 79 905 Ει
93 884 160 904 :neris
174 888 224 910 ope-

43 915 113 936 rai-tiu
128 913 225 935 latisin-

42 945 132 966 terdicta
152 943 225 965 subte-

43 977 90 998 tun.

56 1473 112 1496 naec
120 1475 226 1496 constitn-

43 1506 74 1526 uo
93 1504 225 1532 publicanda.

44 1766 120 1789 cteriet
128 1766 227 1794 hospitati

45 1798 126 1818 unire
136 1798 226 1824 pontin.

242 1921 318 1944 num
341 1908 389 1944 vel
417 1908 578 1944 biennium
608 1909 633 1942 si
661 1908 857 1944 decreverint
885 1908 990 1943 deser·
1033 1935 1040 1941 .

243 1959 325 2001 vire,
350 1969 549 2004 nequaquam
578 1957 803 2005 impedimmiur

291 2005 406 2042 Datum
430 2006 565 2047 Perusii,
600 2008 710 2054 quinto
731 2006 881 2042 kalendas
908 2007 991 2048 maii,

244 2055 446 2103 pontificatus
467 2056 564 2090 nostri
587 2068 669 2090 anno
696 2056 809 2103 primo.

291 2115 353 2146 Dat.
368 2116 415 2147 die
428 2116 465 2146 2¹1
488 2116 591 2156 aprilis
608 2115 693 2152 1265,
709 2116 810 2156 pontif.
829 2125 905 2146 anno
923 2125 942 2145 1.

597 2274 635 2309 V.

245 2348 475 2382 Declaratr'anes
513 2354 698 2381 statutorum
739 2350 838 2393 (quaa
879 2348 992 2382 Charta

297 2397 464 2431 eharitatis
486 2398 703 2442 appellantur)
737 2398 855 2431 ordinis
877 2398 995 2431 Cister-

294 2447 400 2480 ct'ensis
429 2447 649 2480 monachorum
689 2446 799 2480 Sancti
823 2447 994 2485 Benedicti,

294 2497 432 2541 aliaeque
453 2496 661 2528 ordinationes
680 2506 738 2538 pro
761 2497 823 2529 eius
850 2496 928 2529 bono
947 2507 996 2528 rc-

295 2545 409 2588 9imine
439 2545 499 2587 (l).

281 2607 320 2642 (t)
337 2607 467 2642 Antiquas
486 2607 594 2635 Ordinis
613 2607 692 2634 huius
706 2607 911 2635 consuetudines
926 2616 993 2636 con-

245 2647 363 2675 firmavit
381 2648 476 2674 Lucius
497 2647 564 2681 Papa
576 2647 620 2679 ΙΙΙ,
639 2647 750 2673 Constit.
763 2655 814 2679 xii,
827 2656 884 2682 pag.
898 2649 941 2675 50,
954 2648 995 2675 Ad

325 2690 400 2720 Ball.
424 2691 500 2721 Rom.
522 2691 576 2720 Vol.
599 2690 648 2719 Ill.
838 2692 874 2721 92

875 286 1018 311 CLEMENS
1039 286 1072 309 lv
1096 286 1142 309 1³1³.

1655 275 1722 307 729

1291 338 1501 370 SUttttAtuUtt

1021 391 1139 422 Ordinis
1162 392 1369 422 Cisterciensis
1387 392 1564 423 encomium.
1580 408 1619 416 -
1641 390 1771 422 Primum

1062 437 1127 466 eius
1145 436 1377 469 fundamentum,
1396 437 1532 467 charitas.
1553 453 1592 459 —
1615 437 1642 466 1.
1661 435 1774 466 Discor-

1051 480 1108 512 .dia
1127 480 1203 510 inter
1221 489 1270 510 eos
1289 482 1382 510 oritur
1401 481 1477 510 circa
1496 480 1637 510 nonnulla
1657 479 1774 517 regulae

1064 524 1168 562 capita.
1196 540 1234 546 —
1256 524 1281 554 2.
1311 525 1352 554 Ad
1376 534 1438 554 earn
1462 523 1695 563 componendam
1725 524 1772 553 in-

1065 567 1177 597 cumbit
1198 566 1343 598 Clemens.
1365 585 1403 591 —
1428 568 1454 598 3.
1480 567 1518 598 De
1547 568 1690 607 gubernio
1714 576 1775 597 nno-

1065 611 1272 648 nasteriorum,
1296 612 1432 642 defuncto
1452 612 1566 648 abbate,
1589 613 1680 643 donec
1699 612 1774 643 alius

1066 656 1190 694 eligatur
1208 655 1308 686 abbas.
1332 673 1369 678 —
1385 657 1412 686 4.
1436 656 1474 685 De
1495 656 1665 686 huiusmodi
1684 655 1776 685 abba-

1067 704 1126 729 tum
1158 700 1339 740 peragendae
1363 700 1516 729 electionis
1548 701 1643 730 modo.
1676 716 1715 722 --
1748 700 1774 730 5.

1066 742 1165 773 Abbas
1183 742 1315 774 Cisterrii
1335 745 1421 774 etiam
1445 753 1503 773 non
1521 744 1712 774 confirmatus
1727 746 1775 775 ad—

1066 788 1310 817 ministrationem
1343 792 1466 817 monast.
1499 788 1650 827 suscipere
1673 793 1774 827 potest.

1065 847 1104 853 ·—-
1122 831 1149 861 6.
1167 830 1269 861 Forma
1298 830 1473 861 electionum
1497 831 1639 861 hactenus
1662 838 1774 862 servata

1066 876 1319 905 confirmatur.—-
1341 876 1366 904 7.
1390 875 1603 905 praemittenda
1626 875 1776 905 electioni-

1067 919 1132 949 bus.
1148 936 1188 942 —
1205 919 1231 949 8.
1255 918 1293 949 De
1311 919 1438 959 capitulo
1462 929 1528 958 gen.
1548 921 1705 959 quotannis
1724 929 1775 950 ce-

1066 963 1217 999 lebrando,
1228 969 1254 993 et
1267 963 1454 993 definitorum
1468 963 1671 993 numero.-9
1683 965 1716 993 ad
1732 963 1777 993 17.

1067 1006 1176 1038 Statuta
1197 1007 1348 1037 nonnulla.
1366 1023 1405 1029 —
1422 1007 1467 1037 18.
1483 1006 1521 1036 De
1538 1007 1702 1036 visitatione
1719 1017 1778 1036 mo·

1067 1051 1188 1081 nasterii
1198 1050 1365 1081 Cistercien.
1377 1067 1415 1073 —
1430 1051 1475 1081 19.
1488 1050 1526 1080 De
1538 1051 1717 1081 correctione
1728 1051 1777 1080 ab·

1066 1094 1142 1125 batis
1162 1100 1190 1125 et
1209 1095 1429 1125 monachorum.
1447 1112 1486 1117 —
1503 1095 1550 1126 ΞΟ.
1570 1094 1777 1125 visitatoribus

1068 1140 1311 1169 monasteriorum
1332 1139 1401 1178 qnid
1425 1139 1462 1168 sit
1493 1139 1712 1179 praestandum.
1740 1155 1779 1160 —

1067 1183 1114 1212 21.
1132 1182 1253 1218 Quando
1273 1182 1411 1212 officiales
1430 1191 1581 1213 removero
1604 1183 1725 1222 possint.
1740 1198 1780 1206 -·

1067 1227 1114 1256 ⁶22.
1143 1226 1183 1256 De
1205 1227 1391 1257 removendis
1418 1237 1433 1257 a
1461 1228 1642 1257 monasterio
1670 1227 1779 1266 aliquo.

1067 1287 1104 1293 -—
1122 1270 1169 1301 23.
1197 1269 1235 1300 De
1258 1271 1392 1310 privatim
1420 1272 1569 1310 suggestis
1596 1280 1653 1301 non
1673 1281 1778 1310 proce·

1069 1315 1197 1345 dendnm
1219 1314 1256 1344 ad
1275 1314 1467 1352 punitionem.
1486 1331 1526 1338 ——
1542 1315 1589 1346 24.
1609 1315 1779 1346 visitatores

1068 1359 1141 1388 nihil
1161 1358 1306 1396 recipiant
1323 1359 1381 1388 nisi
1407 1358 1436 1388 in
1455 1359 1627 1396 regionibus
1646 1360 1779 1388 remotis.

1068 1420 1106 1426 —
1130 1403 1176 1432 25.
1197 1402 1331 1432 Visitatio
1354 1403 1428 1432 intra
1449 1404 1576 1432 triduum
1597 1404 1780 1442 complenda.

1068 1463 1107 1469 —
1128 1446 1175 1476 96.
1194 1445 1339 1475 Abbatum
1367 1446 1566 1484 depositiones
1586 1447 1713 1486 capitulo
1735 1456 1782 1476 se-

1069 1491 1170 1530 quenti
1193 1489 1375 1519 referendae.
1396 1505 1435 1512 —-
1461 1490 1508 1520 ⁶27.
1530 1489 1643 1521 Causae
1673 1490 1781 1529 quibus

1070 1535 1177 1574 aliquis
1200 1534 1290 1564 abbas
1319 1534 1424 1574 deponi
1448 1534 1562 1564 debeat.
1588 1551 1627 1558 -
1654 1535 1701 1565 28,
1728 1533 1783 1564 De·

1069 1588 1182 1618 ponens
1204 1579 1314 1608 iniuste
1341 1588 1451 1618 poenae
1475 1579 1593 1609 talionis
1622 1579 1782 1615 subiaceat,

1070 1627 1120 1653 etc.
1139 1640 1176 1644 -
1190 1622 1238 1653 ⁹29.
1255 1622 1361 1652 Nullus
1381 1623 1513 1653 ordinem
1534 1627 1627 1661 potest
1641 1623 1781 1660 obligare.

1069 1683 1108 1690 —
1132 1667 1179 1697 30.
1208 1665 1285 1696 Haec
1312 1671 1417 1696 statuta
1441 1667 1526 1696 annis
1553 1667 1678 1704 singulis
1707 1667 1783 1698 reci-

1071 1711 1166 1740 tanda.

1074 1776 1194 1804 Clemens
1219 1776 1362 1812 episcopus
1388 1783 1484 1806 servus
1518 1784 1657 1806 servorum
1681 1777 1736 1810 Dei.

1189 1825 1223 1853 ad
1232 1827 1393 1861 perpetuam
1403 1826 1444 1854 rei
1456 1827 1624 1855 memoriam.

1080 1885 1200 1920 Parvus
1216 1886 1286 1920 sous
1313 1887 1365 1933 qui
1394 1888 1490 1922 crevit
1519 1889 1550 1922 in
1578 1888 1729 1928 fluvium,
1752 1896 1782 1923 et

1033 1947 1061 1969 tn
1085 1935 1187 1970 lucem
1218 1936 1381 1983 solemque
1411 1949 1595 1982 conversus,
1628 1939 1658 1972 in
1684 1950 1781 1984 aquas

1034 1985 1184 2031 plurimas
1205 1984 1402 2026 redundavit,
1429 1985 1615 2021 Cistercien.
1639 1995 1686 2022 est
1704 1986 1781 2022 ordo

1035 2033 1246 2077 praelucidus,
1269 2035 1322 2081 qui
1346 2046 1362 2068 a
1384 2035 1431 2069 sui
1455 2044 1542 2070 ortus
1570 2036 1699 2071 exordio
1717 2048 1783 2082 par-

1034 2096 1090 2118 vus
1116 2091 1147 2118 et
1170 2083 1297 2117 humilis
1318 2083 1493 2119 abiectione
1522 2084 1657 2127 liabitas,
1684 2086 1782 2119 tenui·

1034 2140 1095 2167 tate
1121 2132 1334 2176 substantiae,
1370 2133 1553 2168 humilitatis
1587 2134 1782 2181 professione

1033 2193 1069 2216 ac
1091 2193 1224 2216 numero
1247 2181 1477 2228 professorum,
1505 2182 1565 2217 snb
1593 2183 1686 2218 sontis
1709 2195 1782 2217 me-

1034 2230 1161 2276 taphora
1185 2242 1246 2264 non
1275 2230 1404 2277 indigne
1427 2231 1631 2272 describitur,
1659 2232 1710 2267 cui
1733 2232 1783 2266 di·

1035 2291 1193 2314 versarum
1217 2279 1268 2314 ille
1302 2281 1527 2326 proprietatum
1561 2280 1782 2316 conformitate

1033 2328 1202 2362 conformis
1225 2340 1286 2362 non
1305 2329 1462 2363 immerito
1490 2338 1699 2376 comparatur.
1723 2330 1783 2366 Hic

1035 2385 1082 2411 est
1103 2377 1185 2411 enim
1202 2376 1272 2412 fons
1293 2377 1454 2412 hortorum
1475 2379 1623 2425 irriguus,
1645 2387 1784 2414 caeteras

1037 2427 1139 2472 rigans
1166 2426 1335 2472 religiones
1357 2435 1386 2460 et
1409 2427 1551 2469 ordines,
1584 2440 1619 2463 ac
1642 2428 1672 2462 in
1700 2429 1784 2475 ipsos

1036 2495 1162 2530 fugitivos
1191 2495 1231 2522 sui
1257 2495 1364 2522 ordinis
1390 2496 1557 2530 rccipiendos
1584 2496 1704 2531 compelli
1731 2505 1783 2525 non

1037 2543 1113 2570 posse
1123 2535 1266 2561 declaravit
1285 2535 1452 2562 Innocentius
1472 2536 1517 2567 ΙΙΙ,
1544 2537 1655 2563 Constit.
1681 2544 1782 2569 xxxvi,

1038 2583 1095 2608 pag.
1112 2574 1172 2600 183.
1191 2574 1338 2609 Omniaque
1354 2582 1445 2601 eorum
1464 2575 1599 2609 privilegia
1617 2579 1671 2602 rata
1692 2576 1784 2603 habuit

1036 2614 1169 2641 Honorius
1186 2613 1231 2645 ΙΙΙ,
1249 2614 1360 2640 Constit.
1378 2621 1448 2645 xxx,
1469 2623 1528 2649 pag.
1546 2616 1607 2647 51⁸7,
1624 2619 1650 2642 et
1672 2623 1688 2642 a
1712 2616 1784 2643 deci-

1038 2661 1140 2680 marum
1152 2653 1283 2680 solutione
1294 2655 1405 2686 exemit,
1416 2654 1525 2681 Constit.
1539 2662 1636 2687 anni,
1649 2663 1707 2691 pag.
1720 2657 1781 2683 ltus.

1788 285 1836 311 Αη.
1855 284 1885 313 C.
1904 284 1969 311 ¹205

1808 1905 1893 1929 Ordinis
1903 1908 1978 1927 Ltzter—

1796 1938 1874 1958 ciensis
1912 1941 1978 1956 ericoa

1795 1969 1864 1989 mium.
