2129 3223
173 246 222 272 An.
239 246 267 272 C.
288 245 352 272 ¹202

165 950 261 972 {niuacio
277 956 296 971 ω
313 950 346 971 lex

191 982 277 1003 curandi
295 986 321 1002 ae

164 1012 269 1034 Conradus
280 1013 299 1033 in
311 1013 348 1033 tm-

165 1047 282 1071 peratorem
306 1042 347 1063 eli-

164 1078 255 1101 geretur.

416 234 484 267 692

367 298 456 333 illatis
480 296 656 331 vulneribus
677 294 867 330 sauciarunt:
893 306 962 330 uam
991 294 1021 329 in
1048 293 1107 328 hoc

368 360 460 396 pravo
482 358 608 393 genere,
636 352 758 393 patrum
782 345 811 379 in
835 344 916 379 filios
941 356 1012 379 cum
1036 356 1107 378 san-

364 398 458 444 guine
485 396 618 430 derivata
645 394 775 437 malitia,
801 394 881 429 sicut
903 394 1004 428 carnis
1033 405 1106 441 pro-

365 446 540 495 pagatione,
580 445 625 480 sic
660 445 832 480 imitatione
869 455 1016 491 operum,
1044 443 1105 477 nati

363 495 558 544 genitoribus
578 502 812 535 successerunt,
833 506 871 529 ex
898 505 960 540 quo
987 493 1105 539 liquido

364 545 515 594 perpendi
538 552 569 580 et
590 544 703 580 coniici
742 551 872 590 poterat,
907 544 931 578 si
971 554 1005 576 ex
1038 542 1105 589 ipso

362 596 484 642 aliquae
499 594 688 642 posteritatis
711 593 858 641 reliquiae
882 600 1104 633 remanserant,

362 646 437 693 quid
476 645 665 692 sperandum
701 652 783 678 esset
822 644 850 677 in
893 642 1031 676 futurum
1067 641 1105 676 de

363 696 445 735 illis,
489 694 564 742 quid
602 694 632 728 in
669 702 828 741 posterum
863 691 1102 738 expectandum.

364 745 429 780 Vita
466 755 602 791 namque
633 756 669 778 ac
707 751 793 790 gesta
827 741 1103 788 praedecessorum

361 805 505 842 perversa
525 793 719 841 iniquitatem
745 792 967 839 praenunciant
985 802 1106 824 succes-

362 844 453 885 soris,
476 855 534 879 nec
557 842 714 877 horribilis
727 853 836 877 eorum
855 840 1003 876 memoria
1018 840 1105 886 quid-

361 906 454 942 quam
483 892 555 927 boni
584 892 623 927 de
645 903 753 927 eorum
778 892 958 937 posteritate
980 889 1105 924 credere

362 943 407 978 vel
429 954 554 989 sperare
582 941 742 989 permittit.
762 941 808 975 De
831 940 960 975 colubro
978 938 1103 987 quidem

360 992 522 1040 egreditur
543 991 682 1038 regulus,
704 998 734 1025 et
755 990 844 1025 arbor
883 990 963 1024 mala
996 988 1104 1023 noxios

361 1043 482 1078 fructus
524 1040 651 1089 profert,
686 1051 877 1087 pravumque
916 1038 1102 1085 principium

362 1103 532 1139 numquam
556 1090 673 1125 bonurn
697 1089 861 1137 pollicetur
888 1087 1046 1131 effectum,
1075 1095 1103 1122 et

362 1142 430 1176 ideo
458 1140 566 1175 videns
606 1140 689 1174 idem
733 1138 953 1186 praedecessor
975 1145 1103 1181 noster,

360 1191 443 1238 quod
470 1191 508 1225 de
535 1189 680 1224 Conrado
707 1200 817 1233 puero,
851 1195 923 1222 nato
945 1187 1103 1234 quondam

360 1240 508 1282 Conradi,
525 1239 673 1286 praedicti
689 1237 843 1273 Friderici
859 1237 923 1278 filii,
938 1244 1002 1271 erat
1021 1248 1106 1283 prae-

360 1289 532 1324 cavendum
557 1289 698 1332 omnino,
721 1299 759 1322 ne
781 1286 843 1322 ullo
871 1286 964 1321 modo
994 1287 1104 1321 inten-

361 1339 490 1374 deretur
511 1337 548 1372 ad
572 1350 656 1377 eum,
670 1349 727 1372 nec
742 1336 956 1371 nominaretur
982 1336 1018 1371 ad
1033 1335 1104 1379 hoc,

362 1400 465 1436 neque
505 1387 703 1433 aliquatenus
749 1386 936 1432 eligeretur;
973 1385 1104 1419 maxime

361 1450 433 1472 cum
453 1445 580 1484 propter
606 1435 766 1470 infantiam
795 1436 990 1482 nimiumque
1017 1434 1104 1469 defe-

361 1494 445 1521 ctum
468 1486 577 1520 aetatis
598 1492 679 1520 esset
700 1484 737 1519 ad
766 1485 820 1519 ista
849 1496 975 1530 prorsus
1014 1484 1105 1517 inha-

361 1535 432 1572 bilis
453 1547 488 1570 ac
509 1534 692 1580 ineligibilis
720 1546 796 1580 puer
815 1534 904 1579 ipse:
942 1544 1000 1568 nec
1035 1532 1103 1573 ius,

360 1585 444 1632 quod
472 1596 508 1620 ex
531 1584 681 1619 electione
704 1583 867 1629 provenire
885 1583 932 1617 vel
971 1594 1106 1617 consur-

360 1647 433 1682 gere
454 1634 627 1674 consuevit,
658 1632 716 1667 sibi
749 1639 926 1679 competere
960 1639 1103 1679 poterat,

361 1696 419 1719 nec
446 1683 477 1718 in
510 1695 565 1718 sua
599 1682 710 1718 cadere
744 1682 789 1716 vel
815 1681 936 1716 retineri
960 1691 1105 1728 persona,

360 1745 431 1769 cum
461 1741 587 1780 propter
614 1730 763 1778 puerilem
787 1738 931 1769 aetatem,
958 1742 1036 1777 quae
1058 1730 1105 1764 di-

360 1782 516 1818 scretione
542 1782 677 1823 carebat,
699 1792 888 1815 consensum
911 1791 971 1814 non
1003 1779 1105 1813 habe—

362 1842 407 1868 ret
429 1832 613 1878 legitimum,
631 1831 675 1865 vel
698 1830 885 1873 dissensum,
908 1838 937 1864 et
951 1828 1104 1869 electioni,

361 1882 387 1917 si
406 1881 444 1916 de
472 1881 524 1915 illo
558 1881 654 1920 lieret,
677 1880 854 1915 consentire
876 1891 937 1913 non
975 1886 1105 1925 posset,

363 1943 421 1966 nec
461 1930 560 1978 ipsius
593 1941 768 1964 cousensus
810 1929 945 1976 aliquam
979 1929 1106 1963 haberet

362 1979 530 2016 efficaciam
550 1979 595 2014 vel
618 1980 767 2025 vigorem.
787 1978 960 2013 Attendens
981 1990 1106 2025 quoque

362 2031 465 2066 dictus
490 2030 711 2076 praedecessor
732 2037 848 2073 noster,
883 2028 966 2076 quod
1002 2040 1039 2062 ex
1070 2039 1106 2062 eo

363 2082 455 2116 etiam
476 2080 558 2114 idem
583 2091 660 2125 puer
688 2079 718 2113 in
741 2090 845 2125 regern
870 2077 1021 2112 nominari
1058 2077 1105 2111 vel

362 2130 435 2177 eligi
458 2142 518 2165 non
542 2128 687 2168 debebat,
710 2128 782 2175 quia
804 2140 876 2162 cum
893 2139 947 2175 per
972 2127 1106 2162 electio-

363 2192 435 2215 nem
463 2178 644 2214 huiusmodi
665 2178 703 2212 de
729 2178 878 2213 advocato
918 2176 963 2211 vel
998 2176 1107 2211 defen-

364 2241 433 2264 sore
456 2230 570 2264 idoneo
596 2228 723 2263 deberet
750 2227 906 2261 Ecclesiae
930 2226 1105 2273 provideri,

365 2287 395 2314 et
417 2280 482 2326 ipse
511 2290 588 2326 puer
615 2286 698 2312 esset
719 2276 898 2312 omnimode
921 2276 1047 2322 ineptus
1078 2284 1107 2310 et

366 2329 483 2364 inutilis
509 2328 547 2363 ad
574 2327 642 2362 talis
668 2326 860 2362 defensionis
881 2325 1018 2360 officium
1052 2337 1107 2360 seu

366 2379 572 2413 ministerium
594 2375 826 2424 exequendum,
854 2383 1009 2423 oporteret
1030 2387 1110 2410 eam-

366 2428 436 2462 dem
459 2427 644 2472 Ecclesiam,
671 2428 696 2462 si
724 2425 918 2472 contingeret
950 2424 1021 2472 eligi
1060 2424 1109 2459 di-

368 2484 451 2512 ctum
467 2489 612 2524 puerum,
626 2488 750 2512 manere
764 2477 893 2517 diutius,
912 2487 973 2509 non
992 2476 1109 2522 absque

368 2526 513 2572 gravibus
530 2526 607 2561 sorte
622 2527 804 2574 dispendiis,
823 2526 1014 2561 defensionis
1029 2536 1107 2559 com-

370 2575 463 2610 modo
500 2576 702 2618 destitutam;
741 2588 799 2612 nec
837 2587 893 2623 per
926 2576 984 2610 hoc
1018 2575 1107 2609 etiam

370 2625 585 2660 consuleretur
616 2626 720 2673 amplo
761 2632 790 2661 et
834 2625 971 2673 spatioso
1014 2635 1109 2671 regno

942 238 1129 263 nULLARmM
1154 238 1316 262 ROMANUM

1147 292 1339 328 Theutoniae
1365 292 1404 328 de
1425 304 1497 341 rege
1516 293 1561 329 vel
1589 300 1707 329 rectore
1719 294 1886 342 condigno,

1147 355 1219 377 cum
1242 342 1321 378 male
1342 350 1445 389 posset
1474 344 1550 379 alios
1583 355 1700 390 regere,
1733 345 1788 391 qui
1824 357 1885 380 non

1147 400 1274 428 noverat
1298 393 1471 439 gubernare
1492 393 1641 441 seipsum,
1660 405 1719 429 nec
1738 394 1820 429 bene
1839 394 1886 430 vel

1147 442 1240 490 digne
1262 442 1391 477 aliorum
1412 442 1624 490 gubernaculo
1647 456 1781 492 praeesse
1809 444 1886 480 vale-

1146 500 1203 537 ret,
1225 492 1279 539 qui
1301 492 1401 528 alieno
1428 493 1577 539 regimine
1602 492 1786 536 ducebatur;
1813 506 1887 541 pro-

1146 550 1215 590 pter
1239 542 1322 589 quod
1351 554 1480 589 regnum
1502 543 1606 590 ipsum
1627 542 1723 590 longo
1735 551 1886 591 tempore,

1147 604 1208 627 non
1230 592 1297 626 sine
1322 593 1420 627 multo
1455 591 1650 633 discrimine,
1675 592 1735 628 sub
1767 605 1886 641 oppor-

1145 642 1211 676 tuni
1243 641 1404 688 regiminis
1447 642 1663 690 expectatione
1702 642 1884 689 langueret:

1147 691 1304 737 praedicto
1334 690 1568 739 archiepiscopo
1601 692 1667 726 suis
1701 692 1778 736 (sub
1803 700 1885 727 certa

1145 741 1242 776 forma
1261 741 1291 775 in
1325 741 1438 775 virtute
1471 741 1666 776 obedientiae
1692 741 1751 776 sub
1782 741 1885 777 debito

1147 790 1312 833 fidelitatis,
1344 802 1408 838 quo
1434 790 1493 825 sibi
1521 798 1551 825 et
1575 790 1736 826 Romanae
1773 790 1886 826 Eccle-

1145 840 1208 875 siae
1230 839 1404 884 tenebatur,
1430 852 1466 875 ac
1487 840 1546 875 sub
1573 851 1673 887 poena
1705 852 1886 876 excommu-

1146 889 1323 933 nicationis,
1345 901 1438 936 quam
1465 901 1503 925 ex
1529 897 1604 924 tunc
1626 890 1656 924 in
1685 890 1788 938 ipsum
1811 902 1887 938 pro-

1146 939 1240 983 tulit),
1263 939 1402 974 districte
1423 939 1507 974 dedit
1528 939 1636 974 litteris
1663 940 1692 973 in
1716 940 1885 987 perceptis,

1147 996 1179 1023 ut
1206 988 1377 1035 praefatum
1411 988 1593 1023 Conradum
1626 1001 1759 1035 puerum
1785 989 1888 1025 nulla-

1145 1046 1236 1073 tenus
1264 1038 1293 1072 in
1323 1049 1426 1085 regem
1450 1038 1576 1085 eligeret
1604 1037 1650 1073 vel
1685 1038 1888 1084 nominaret,

1147 1099 1247 1135 neque
1261 1088 1453 1122 consentiret
1474 1088 1503 1122 in
1532 1088 1648 1134 ipsum;
1671 1088 1711 1122 ita
1733 1087 1816 1135 quod
1838 1100 1889 1123 ex-

1145 1137 1394 1172 communicatus
1414 1137 1570 1178 existeret,
1596 1137 1622 1171 si
1652 1146 1759 1172 contra
1791 1149 1889 1173 man-

1145 1187 1252 1221 datum
1274 1199 1369 1222 suum
1392 1186 1491 1222 facere
1528 1186 1577 1221 vel
1613 1187 1718 1222 venire
1758 1199 1890 1235 praesu-

1146 1245 1254 1276 meret,
1277 1245 1307 1271 et
1328 1236 1474 1271 eumdem
1497 1235 1678 1271 Conradum
1713 1236 1888 1272 nominaret

1146 1286 1192 1321 vel
1218 1286 1345 1333 eligeret
1366 1293 1419 1320 aut
1440 1285 1630 1321 consentiret
1655 1287 1687 1320 in
1709 1298 1794 1327 eum,
1831 1298 1886 1322 seu

1146 1348 1237 1383 opem
1263 1335 1312 1370 vel
1351 1347 1490 1383 operam,
1530 1335 1708 1376 consilium,
1737 1335 1886 1371 auxilium

1146 1385 1192 1419 vel
1219 1384 1355 1420 favorem
1378 1393 1410 1420 ut
1431 1384 1610 1432 eligeretur,
1633 1384 1840 1432 impenderet;
1858 1393 1888 1420 et

1145 1434 1264 1469 etiamsi
1287 1435 1356 1469 eius
1382 1434 1566 1469 electionem
1588 1441 1618 1468 et
1644 1434 1888 1470 nominationem

1146 1491 1209 1518 toto
1236 1495 1326 1529 posse
1353 1496 1416 1518 non
1439 1483 1616 1530 impediret,
1639 1490 1672 1518 ut
1693 1484 1718 1518 si
1741 1483 1818 1519 forte
1848 1483 1888 1518 ad

1145 1533 1244 1580 ipsius
1265 1532 1448 1567 electionem
1476 1533 1521 1568 vel
1547 1532 1794 1568 nominationem
1822 1545 1888 1580 pro-

1145 1582 1280 1622 cederet,
1317 1582 1410 1617 sciret
1444 1593 1477 1617 se
1510 1582 1596 1629 prius
1633 1583 1889 1617 excommunica-

1145 1631 1228 1666 tione
1254 1631 1394 1677 ligatum.
1433 1630 1512 1666 Aliis
1550 1642 1622 1666 vero
1658 1631 1887 1667 coelectoribus

1145 1682 1210 1715 suis
1231 1688 1292 1714 tam
1315 1680 1537 1716 ecclesiasticis
1558 1692 1650 1728 quam
1672 1680 1888 1717 saecularibus

1146 1730 1328 1765 auctoritate
1348 1729 1518 1776 apostolica
1544 1729 1676 1765 firmiter
1708 1730 1887 1776 inhiberet,

1147 1791 1185 1814 ne
1207 1779 1308 1825 ipsum
1330 1777 1510 1813 Conradum
1537 1778 1575 1813 ad
1601 1779 1662 1814 hoc
1692 1780 1889 1816 nominarent

1147 1829 1193 1863 vel
1220 1828 1381 1875 eligerent,
1403 1840 1460 1863 nec
1488 1828 1519 1863 in
1557 1840 1629 1864 eum
1665 1829 1888 1871 consentirent,

1148 1877 1375 1925 promulgando
1404 1877 1513 1912 eadem
1555 1877 1739 1913 auctoritate
1774 1879 1804 1913 in
1835 1891 1889 1915 eos

1146 1928 1478 1963 excommunicationis
1499 1928 1697 1967 sententiam,
1724 1928 1749 1963 si
1782 1938 1887 1965 contra

1148 1978 1226 2012 lianc
1249 1977 1467 2012 inhibitionem
1496 1978 1602 2012 venire
1634 1985 1812 2020 tentarent;
1847 1978 1888 2014 ita

1147 2027 1229 2075 quod
1252 2027 1276 2062 si
1298 2038 1369 2061 eun]
1397 2027 1557 2062 nominare
1573 2026 1618 2062 vel
1638 2027 1764 2074 eligere,
1779 2035 1833 2063 aut
1858 2029 1887 2062 in

1148 2078 1251 2124 ipsum
1270 2076 1447 2111 consentire
1463 2085 1709 2124 praesumerent,
1724 2086 1889 2112 noscerent

1147 2139 1179 2161 se
1202 2127 1288 2168 prius
1309 2126 1641 2161 excommunicationis
1662 2127 1785 2162 vinculo
1803 2127 1889 2161 inno-

1147 2176 1248 2216 datos,
1271 2183 1303 2210 ut
1329 2188 1366 2210 ex
1388 2176 1448 2211 hoc
1474 2176 1542 2223 ipso
1563 2176 1588 2211 si
1610 2175 1648 2210 de
1675 2175 1758 2211 dicto
1791 2188 1888 2224 puero

1147 2226 1317 2273 quidquam
1339 2225 1370 2260 in
1393 2226 1450 2260 hac
1477 2232 1561 2272 parte
1582 2233 1765 2261 attentatum
1799 2225 1887 2265 foret,

1148 2285 1229 2310 esset
1251 2287 1379 2323 prorsus
1401 2287 1549 2316 vacuum,
1574 2274 1695 2310 irritum
1722 2283 1752 2309 et
1786 2275 1886 2311 inane,

1149 2324 1312 2372 Praecepit
1325 2327 1416 2360 etiam
1432 2324 1515 2359 idem
1532 2325 1751 2372 praedecessor
1773 2332 1886 2366 noster,

1149 2383 1183 2408 ut
1205 2374 1287 2409 idem
1310 2374 1512 2422 Magantinus
1533 2374 1790 2421 archiepiscopus
1806 2386 1889 2409 man-

1148 2424 1255 2459 datum
1290 2432 1318 2458 et
1348 2431 1547 2471 praeceptum
1584 2435 1679 2470 super
1714 2423 1773 2458 hoc
1810 2436 1887 2471 apo-

1149 2474 1292 2509 stolicum
1320 2475 1368 2508 sic
1391 2473 1531 2518 fideliter,
1553 2473 1596 2508 sic
1619 2472 1775 2519 sapienter
1796 2480 1826 2507 et
1847 2473 1889 2507 ef-

1149 2523 1286 2558 ficaciter
1311 2522 1482 2570 adimplere
1503 2522 1650 2561 studeret,
1672 2522 1754 2568 quod
1779 2534 1816 2557 ex
1840 2522 1888 2557 liis

1150 2573 1230 2608 idem
1253 2573 1509 2620 archiepiscopus
1534 2571 1648 2606 dictum
1668 2572 1888 2617 praedecesso-

1150 2635 1213 2658 rem
1257 2630 1410 2666 nostrum,
1445 2628 1476 2656 et
1504 2619 1678 2671 Romanam
1717 2620 1886 2657 Ecclesiam

1901 241 1952 270 An.
1964 243 1994 271 C.
2013 242 2082 271 ¹262

1913 1690 1937 1713 Et
1977 1691 2083 1712 electores

1901 1723 1997 1743 censuris
2010 1722 2035 1742 ad
2047 1721 2083 1743 Ιιιιι

1901 1753 1988 1774 iusmodi
1996 1752 2083 1774 electio-2

1901 1789 1949 1805 nem
1963 1786 2080 1805 coerceret.
