2129 3223
16 275 30 282 ‚‚
41 237 91 267 xo.
108 238 136 266 c.
156 236 224 265 ¹26²

0 285 28 311 5⁸.

0 313 17 341 ἢ

0 590 10 659 -u-a
6 535 10 538 ,
8 494 10 500 ,
6 459 8 462 .
6 426 9 429 .

0 733 4 739 v
50 723 138 752 Exponit
160 731 217 747 snam

37 755 187 777 deindetendo
196 757 217 777 ln

37 784 131 808 Ecclesia
180 785 218 809 Dei

37 822 89 844 pace
112 817 218 839 sollieitu-

2 851 10 858 ’“
37 848 114 869 dinem.

866 231 1010 256 Ulmanus
1028 231 1064 255 lv
1083 232 1131 255 PP.

275 291 478 331 imperatorem
509 289 675 328 eligeretur:
706 305 744 312 —
769 288 804 319 Et
835 288 975 319 electores

275 336 408 366 censuris
423 334 459 365 ab
474 334 645 365 huiusmodi
660 334 802 364 electione
820 338 975 364 coen-aret.

274 379 427 410 Alexandri
446 387 617 418 processum
634 379 759 408 ratificat
780 377 922 408 Urbanus:
937 395 976 402 —

273 423 438 463 Eademque
456 423 573 454 mandat
588 422 765 461 Moguntino.

232 498 352 528 Urbanus
361 498 501 534 episcop-is
512 504 606 527 servus
615 504 753 527 servorum
763 497 819 531 Dei.
829 498 976 527 venerabili

275 547 363 579 tratri
379 549 578 585 archiepiscopo
613 547 779 583 moguntino.
800 548 917 576 salntem
945 549 976 577 ot

276 598 449 635 apostoticam
479 597 699 627 benedictionem.

280 669 450 717 Postquam
473 681 632 716 supernus
653 668 704 703 ille
725 669 879 703 luminum
908 669 974 703 Pa-

232 727 291 763 ter,
312 731 328 754 a
354 731 417 775 quo
442 718 511 754 data
534 719 651 765 optima
686 726 716 752 et
737 719 817 752 dona
841 718 973 765 perfecta

233 769 442 816 proveniunt,
474 776 503 802 et
541 768 593 815 qui
628 767 749 802 coelum
788 767 896 814 implet
944 775 974 802 et

231 825 344 853 terram
355 818 525 864 disponens
539 817 676 852 suaviter
696 817 813 861 omnia,
832 829 888 852 nos
903 816 974 851 licet

232 868 406 903 immeritos
422 879 518 915 super
539 866 760 902 haereditatem
776 878 862 901 suam
887 867 973 901 unxit

231 918 262 952 in
284 917 469 965 principem,
491 925 521 951 et
542 916 573 951 in
595 916 744 951 eminenti
772 917 885 950 summi
902 928 974 963 apo-

229 966 361 1002 stolatus
386 966 533 1002 cathedra
561 965 733 1010 collocavit,
757 977 847 999 mens
868 974 972 1000 nostra

229 1025 521 1064 quantumcumque
557 1016 589 1050 in
619 1016 686 1062 ipso
716 1026 839 1049 nostrae
876 1027 973 1049 novae

231 1065 436 1112 promotionis
458 1065 546 1100 initio
568 1077 602 1100 se
623 1065 867 1112 circumquaque
902 1076 974 1098 con-

229 1114 374 1161 spiceret,
396 1115 590 1150 diversarum
627 1115 849 1159 cogitationum
891 1113 972 1147 mul-

228 1163 434 1211 tiplicumque
454 1176 600 1199 curarum
628 1163 791 1198 obsidione
818 1162 972 1203 vallatam,

228 1214 417 1249 intermissis
443 1213 574 1248 caeteris
603 1213 827 1259 particulariter
846 1213 973 1246 incum-

229 1262 376 1298 bentibus
396 1263 423 1297 ei
461 1263 617 1309 negotiis,
651 1261 691 1296 de
719 1262 855 1308 generali
890 1269 972 1295 statu

230 1311 421 1359 reipublicae
442 1311 676 1346 christianitatis
708 1311 810 1358 coepit
849 1310 973 1357 princi-

230 1361 341 1407 paliter
361 1373 429 1397 esse
451 1361 595 1405 sollicita,
624 1361 687 1395 rias
712 1369 741 1394 et
763 1359 874 1394 modos
908 1372 972 1407 per-

229 1410 385 1457 quirendo
424 1411 536 1454 varios,
570 1410 685 1456 quibus
718 1409 971 1456 tranquillitatem

228 1467 259 1494 et
285 1471 392 1507 pacem
420 1459 523 1500 nobis,
545 1468 576 1494 et
602 1459 776 1503 Ecclesiae,
794 1470 830 1493 ac
843 1458 972 1501 mundo,

228 1509 307 1544 diris
325 1521 507 1556 guerrarum
529 1508 796 1544 commotionibus
833 1517 863 1542 et
896 1508 974 1555 peri-

228 1557 377 1594 ciculosis
422 1558 648 1594 discordiarum
688 1557 894 1592 divisionibus
928 1557 973 1592 la—

228 1616 332 1644 cerato
358 1620 477 1655 parare,
497 1620 534 1643 ac
554 1608 690 1654 quietem
712 1607 880 1642 christiano
916 1619 974 1654 po-

229 1656 316 1705 pulo,
331 1669 426 1704 quem
448 1658 555 1692 alterni
570 1657 722 1692 bellorum
743 1658 888 1691 incursus
901 1668 974 1691 con-

195 1727 200 1731 ·
229 1707 316 1741 tinne
341 1707 492 1742 hactenus
512 1715 716 1749 vexaverunt,
739 1706 794 1740 lllo
818 1706 908 1740 nobis
935 1705 973 1739 sa-

57 2506 167 2529 nou-dri
183 2505 222 2528 PF.

44 2537 70 2563 de
81 2538 170 2565 negocio
183 2538 224 2559 im-

44 2569 97 2596 pern
111 2574 167 2590 eura.

229 1765 321 1791 vente
341 1768 377 1791 ac
397 1764 596 1801 cooperante,
622 1756 675 1802 qui
702 1755 779 1790 mari
806 1763 836 1789 et
872 1756 974 1789 ventis

230 1805 373 1851 imperat.
394 1814 425 1840 et
446 1806 551 1839 statuit
574 1804 725 1852 procellas
747 1805 779 1838 in
791 1817 894 1848 auras,
915 1816 973 1839 ex-

229 1853 338 1890 hibere
361 1865 535 1902 possemus.

278 1903 425 1951 Cumque
451 1903 612 1938 Romanae
646 1903 780 1938 archivis
812 1903 973 1938 Ecclesiae

231 1953 374 1989 reseratis
397 1954 670 2000 praedecessorum
693 1960 871 1987 nostrorum
908 1952 974 1987 Ro-

232 2014 408 2043 manorum,
431 2002 571 2037 videlicet
597 2011 684 2048 gesta
706 2011 736 2037 et
754 2012 873 2048 regesta
896 2001 975 2036 Pon-

233 2052 351 2088 tificum
371 2059 474 2087 nostra
497 2051 538 2087 ob
559 2052 618 2086 hoc
648 2052 824 2098 specialiter
857 2052 973 2086 sollici-

234 2101 310 2137 tudo
331 2101 512 2144 revolveret,
539 2113 609 2136 cum
631 2102 716 2136 omni
750 2101 909 2148 diligentia
943 2111 973 2136 et

231 2152 402 2187 attentione
428 2151 618 2198 disquirens,
640 2151 665 2185 si
692 2150 817 2185 forsitan
855 2163 892 2186 ex
920 2163 975 2186 eo-

233 2201 376 2237 rumdem
392 2200 667 2247 praedecessorum
692 2200 891 2248 processibus
917 2200 975 2235 ali-

232 2250 307 2299 quid
331 2250 420 2285 nobis
441 2259 632 2290 occurreret,
655 2262 710 2297 per
742 2251 825 2296 quod
865 2263 975 2297 posse-

232 2312 306 2336 mus
329 2299 521 2334 sufficienter
548 2300 671 2339 instrui,
691 2300 825 2346 qualiter
861 2300 974 2335 valeret

233 2360 270 2385 ac
290 2348 417 2384 deberet
440 2361 495 2395 per
516 2361 572 2383 nos
588 2348 766 2383 huiusmodi
789 2357 850 2383 tam
877 2350 975 2395 pium,

234 2406 297 2434 tam
319 2399 406 2439 utile,
433 2407 558 2446 tamque
583 2397 707 2433 salubre
730 2399 886 2444 negotium
911 2412 975 2446 pro-

237 2453 365 2494 moveri3
391 2451 518 2487 demum
546 2459 634 2486 tenor
660 2452 864 2498 quarumdim
892 2453 977 2488 litte-

237 2517 338 2540 rarum
364 2505 463 2542 felicis
483 2507 706 2542 recordatiouis
727 2506 893 2541 Alexandri
911 2507 975 2542 PP.

237 2558 488 2607 praedecessoris
508 2562 603 2596 nostri
627 2561 741 2595 nostris
761 2572 796 2595 se
817 2561 977 2597 obtutibus

237 2613 362 2659 obtulit,
387 2626 444 2662 per
468 2627 561 2663 quem
585 2616 692 2663 utique
715 2621 853 2649 tenorem
888 2615 977 2650 nobis

1637 224 1701 257 691

1014 289 1152 325 constitit
1172 288 1341 334 evidenter,
1363 289 1444 337 quod
1468 289 1549 325 idem
1579 290 1755 338 praedeces·

1014 351 1066 374 sor
1092 338 1261 377 intellecto,
1284 340 1365 386 quod
1390 339 1522 375 instabat
1544 348 1619 375 tunc
1633 350 1755 387 tempus

1014 389 1176 425 electionis
1201 388 1405 424 celebrandae
1431 389 1469 423 de
1502 401 1572 435 rege
1593 389 1755 425 Romano-

1014 451 1094 479 rum,
1110 438 1141 473 in
1163 438 1380 484 imperatorem
1405 439 1604 485 postmodum
1634 452 1756 485 promo-

1013 488 1125 529 vendo;
1147 487 1360 526 considerans,
1375 487 1456 535 quod
1480 500 1574 534 super
1591 489 1652 524 hoc
1669 498 1755 524 tanto

1015 538 1197 585 propensior
1225 536 1401 571 adhibenda
1433 545 1499 571 erat
1531 537 1692 585 diligentia
1725 547 1755 573 et

1013 586 1167 628 cauthela‚
1193 594 1311 633 quanto
1337 586 1431 621 altius
1454 593 1483 621 et
1509 585 1665 622 difficilius
1689 596 1755 622 erat

1015 637 1186 692 negotium,
1212 635 1295 682 quod
1323 635 1352 669 in
1376 635 1434 669 hac
1455 643 1541 682 parte
1563 644 1636 672 tunc
1673 646 1755 672 tem-

1015 687 1098 741 poris
1118 684 1294 732 gerebatur,
1317 693 1498 766 quantoque
1521 696 1581 726 res,
1603 687 1629 720 si
1651 686 1754 742 aliqua

1015 737 1045 770 in
1067 747 1101 771 ea
1125 735 1325 770 interveniret
1347 733 1534 780 negligentia
1555 746 1612 769 seu
1648 736 1754 782 provi-

1012 785 1116 820 dentia
1154 784 1199 818 vel
1234 783 1374 828 desidia,
1418 783 1603 819 deteriorem
1642 784 1755 820 habere

1015 843 1117 881 posset
1134 833 1281 868 effectum
1305 841 1334 868 et
1355 833 1470 867 exitum
1486 833 1672 880 graviorem
1687 847 1756 881 pen-

1012 896 1084 918 sans
1105 884 1209 927 etiam,
1247 883 1329 930 quod
1369 882 1419 917 hic
1455 890 1521 918 erat
1555 882 1756 919 vehementer

1014 932 1216 981 vigilandum,
1237 933 1289 967 hic
1310 932 1530 980 perspicaciter
1559 932 1756 974 intuendum,

1012 983 1063 1018 hic
1083 982 1348 1017 considerandum
1372 981 1552 1028 prudenter,
1571 982 1622 1017 hic
1636 991 1756 1017 mature

1012 1032 1260 1074 deliberandum,
1282 1031 1332 1065 hic
1354 1031 1480 1076 provide
1495 1032 1756 1079 praecavendum,

1013 1082 1062 1117 hic
1094 1090 1183 1117 erant
1209 1080 1369 1127 aperiendi
1390 1080 1486 1125 oculi,
1513 1081 1562 1115 hic
1594 1081 1757 1116 habendae

1011 1144 1103 1166 aures
1125 1131 1277 1173 intentae,
1316 1130 1366 1164 hic
1397 1142 1487 1165 mens
1520 1142 1588 1165 esse
1624 1130 1757 1166 debebat

1014 1193 1075 1216 non
1098 1180 1185 1216 rudis
1211 1188 1241 1214 et
1263 1179 1395 1227 torpida,
1422 1179 1477 1215 sed
1516 1180 1662 1227 diligens,
1686 1192 1758 1227 per-

1014 1230 1082 1278 vigil
1118 1238 1148 1265 et
1169 1228 1322 1269 consulta,
1356 1228 1409 1263 ubi
1434 1229 1473 1263 de
1506 1229 1658 1264 advocato
1687 1241 1758 1275 age-

1013 1280 1102 1314 batur
1125 1278 1295 1321 Ecclesiae,
1316 1286 1346 1313 et
1368 1278 1407 1313 de
1441 1277 1607 1313 defensore
1641 1286 1757 1313 tractas

1013 1329 1104 1364 batur
1122 1329 1231 1376 ipsius,
1246 1339 1284 1361 ne
1307 1339 1361 1373 pro
1379 1327 1529 1363 advocato
1546 1329 1757 1375 impugnator,

1012 1387 1043 1414 et
1070 1390 1125 1424 pro
1147 1377 1312 1412 defensore
1334 1386 1546 1412 assumeretur
1579 1377 1625 1412 vel
1662 1378 1758 1423 elige-

1014 1437 1096 1463 retur
1113 1426 1261 1467 offensor3
1275 1434 1403 1480 propter
1423 1427 1505 1481 qnod
1524 1426 1664 1474 undique
1676 1439 1757 1462 sum

1014 1489 1081 1512 mae
1102 1475 1299 1523 cogitationis
1320 1484 1385 1510 erat
1407 1488 1491 1511 acies
1513 1476 1709 1532 perferenda,
1728 1485 1759 1511 et

1013 1529 1259 1574 circumquaque
1281 1524 1419 1560 districta
1446 1526 1672 1572 explorandum
1703 1527 1758 1560 in-

1013 1576 1138 1623 dagine,
1155 1584 1190 1610 ut
1216 1575 1296 1614 talis,
1323 1584 1510 1622 cooperante
1531 1576 1686 1616 Domino,
1709 1588 1759 1611 re·

1015 1627 1168 1673 periretur
1194 1633 1223 1659 et
1250 1624 1429 1670 eligeretur,
1456 1626 1507 1672 qui
1532 1625 1630 1659 fidelis
1651 1634 1681 1660 et
1707 1625 1759 1659 de-

1015 1686 1106 1710 votus
1127 1675 1285 1715 existeret,
1307 1674 1389 1709 etde
1413 1675 1552 1720 prosapia
1577 1675 1758 1720 procederet

1013 1724 1207 1764 devotorum,
1234 1735 1269 1758 ac
1304 1724 1435 1758 idoneus
1457 1731 1485 1758 et
1508 1723 1667 1759 sufficiens
1706 1736 1757 1757 re—

1015 1782 1174 1818 putaretur
1211 1773 1321 1809 merito
1355 1773 1394 1807 ad
1433 1773 1638 1808 obtinendum
1680 1774 1756 1808 tanti

1013 1823 1141 1858 honoris
1163 1823 1287 1857 culmen
1309 1832 1339 1858 et
1362 1823 1483 1869 imperii
1510 1823 1648 1869 regimen
1668 1835 1756 1858 exer-

1013 1872 1161 1912 cendum3
1193 1873 1291 1908 bonae
1331 1873 1497 1907 memoriae
1519 1873 1756 1920 archiepiscopo

1013 1922 1195 1969 Maguutino
1219 1922 1449 1969 praedecessori
1475 1931 1529 1957 tuo
1549 1935 1603 1970 per
1641 1923 1758 1957 huius-

1770 237 1820 262 An
1834 237 1864 264 C.
1884 237 1950 264 ¹262

1784 1940 1832 1962 Eius
1860 1942 1884 1963 ad
1906 1941 1945 1963 Mo-

1014 1973 1096 2006 modi
1122 1973 1265 2019 exposuit
1289 1972 1416 2014 litteras,
1443 1972 1527 2019 quod
1558 1981 1666 2019 pateus
1691 1983 1752 2007 erat
1770 1973 1834 1997 ¹³¹¹¹¹¹¹¹
1823 1978 1877 1993 ¹¹¹¹¹0¹
1915 1979 1951 1994 ²¹-

1770 2003 1838 2029 c'i.ep

1888 2009 1952 2030 super

1013 2031 1044 2057 et
1070 2031 1230 2068 cognitum
1255 2023 1308 2057 toti
1327 2021 1409 2060 orbi
1430 2022 1563 2069 qualiter
1596 2022 1754 2070 quondam
1771 2033 1808 2054 tue
1824 2039 1846 2055 ω
1860 2034 1904 2054 1111)
1897 2040 1929 2055 r
1931 2039 1949 2056 e.

1014 2071 1193 2106 Frideiicus
1219 2071 1290 2105 olim
1316 2071 1529 2106 Romanorum
1567 2072 1674 2118 imper
1668 2082 1756 2114 ator,

1013 2121 1144 2168 eiusque
1172 2123 1385 2167 progenitores
1406 2131 1439 2156 et
1462 2121 1574 2167 posteri
1593 2133 1665 2167 erga
1690 2121 1757 2155 Ma-

1015 2179 1090 2205 trem
1116 2170 1286 2205 Ecclesiam
1309 2183 1342 2205 se
1368 2172 1531 2217 gesserint,
1567 2179 1597 2206 et
1630 2171 1754 2217 qualem

1014 2220 1041 2253 ei
1068 2220 1304 2255 retributionem
1338 2220 1377 2254 «le
1415 2219 1576 2254 beneficiis
1614 2221 1652 2254 ab
1690 2220 1755 2266 ipsa

1015 2270 1167 2316 perceptis
1190 2270 1411 2316 impenderiut;
1445 2281 1516 2303 cum
1554 2269 1583 2303 hi
1624 2269 1754 2304 aliorum

1015 2326 1275 2366 persequutorum
1310 2319 1496 2354 excedentes
1535 2318 1756 2374 tvrannidem,

1013 2367 1206 2414 gravioribus
1232 2380 1298 2402 eam
1321 2368 1510 2403 affecerunt
1505 2369 1635 2411 iniuriis,
1652 2377 1681 2402 et
1699 2380 1756 2415 op-

1016 2418 1227 2462 pressionibus
1241 2417 1419 2452 durioribus
1432 2417 1617 2457 affinxerunt,
1633 2426 1661 2450 et
1674 2417 1756 2452 velut

1015 2467 1044 2500 in
1071 2468 1196 2502 caedem
1219 2474 1249 2500 et
1270 2467 1486 2501 exteriniqum
1506 2468 1575 2501 eius
1594 2467 1756 2502 tendentes

1016 2516 1126 2551 suroris
1151 2527 1269 2560 arcum,
1287 2525 1317 2551 et
1338 2516 1468 2552 seruatis
1483 2517 1619 2563 gladium
1643 2529 1756 2552 acuen-

1015 2575 1071 2605 tes,
1108 2566 1182 2600 diris
1214 2565 1295 2600 illam
1323 2566 1452 2601 ubilibet
1483 2566 1669 2602 tribulavere
1698 2566 1754 2602 ssa-

1014 2615 1113 2662 gellis.
1143 2623 1173 2650 et
1211 2628 1311 2663 usque
1344 2616 1380 2650 ad
1415 2617 1560 2652 interiora
1594 2616 1754 2664 profundis
