2129 3223
127 288 173 313 An.
194 286 220 312 C.
242 287 306 313 1267

137 1031 258 1053 numilitate
286 1033 306 1053 in

124 1067 154 1084 se,
167 1062 309 1083 beneficentia

124 1098 172 1115 εις]
195 1098 306 1119 pauperes.

144 2451 222 2472 Divum
239 2451 312 2473 officiis

130 2486 213 2507 vmper
245 2485 312 2503 inter·

372 275 441 308 772

320 339 480 387 obsequiis
507 337 653 372 coelestis
678 337 762 382 regis
787 336 959 372 thalamum
988 349 1068 384 pro-

321 389 456 425 mereri?
476 387 561 429 Quid
578 387 742 424 seriosius.
764 398 858 433 quam
887 394 1067 421 momenta-

321 440 388 473 neis
406 446 544 479 aeterna,
566 444 596 470 et
619 435 846 481 temporalibus
863 435 920 470 sibi
937 436 1066 470 mercari

320 487 443 522 divina?
471 486 505 521 Si
528 486 612 519 enim
639 485 764 531 Abigail
792 485 1066 539 prudentissimam

320 535 483 583 Scriptura
499 542 736 574 commemorat,
751 535 824 581 quia
845 533 955 573 Daiid
965 545 1066 588 quem

320 597 465 621 sermone
492 584 610 619 diserto
638 584 727 631 prius
762 583 937 630 placat-emt
964 583 1068 617 irrita-

322 644 399 674 lum
415 643 462 669 est
479 646 534 681 pei
552 634 763 668 interventum
786 632 934 667 connubii
954 633 1067 666 coniux

320 685 445 724 effecta;
467 691 586 730 quanto
613 683 668 717 ista
696 694 731 716 ea
759 682 850 715 debet
878 682 998 716 censeri
1021 693 1069 715 so-

322 734 443 776 lertior,
475 744 556 787 quae
593 740 622 766 et
656 743 770 778 sponsa
805 731 921 765 Cliristi
955 730 1069 764 meruit

321 783 387 817 lieri
413 790 444 817 et
477 781 656 816 orationum
683 780 862 826 fragrantia,
890 779 1008 826 quibus
1034 791 1068 813 se

320 832 447 866 dederat
474 832 679 873 incessanter,
709 830 811 876 ipsum
841 841 972 874 pronum
997 828 1069 862 fecit

319 882 356 914 .··l
379 881 520 936 gratiam,
551 886 754 926 provocatum
786 878 943 912 interdum
963 877 1069 912 delin-

320 930 486 976 quentium
513 928 696 963 excessibus
717 927 755 961 ad
778 925 970 961 vindictam?

369 979 389 1026 g
413 982 443 1013 7.
472 977 500 1013 Ο
522 979 672 1012 virtutum
697 976 807 1019 foima,
832 975 1001 1022 pudicitiae
1029 975 1069 1009 ti—

322 1030 417 1068 tulus,
447 1027 605 1073 naufragis
634 1034 754 1073 poi-tus,
783 1026 858 1060 etin
877 1025 924 1059 via
944 1037 1066 1059 morum

320 1077 498 1112 errantibus
519 1077 630 1110 semita
659 1075 814 1110 veritatis!
842 1073 871 1108 Ο
897 1085 948 1108 vas
965 1074 1069 1108 admi-

320 1127 428 1170 rabile,
449 1139 530 1172 opus
551 1125 679 1172 quidem
691 1123 830 1167 Excelsi,
853 1123 936 1170 quod
954 1123 984 1157 in
1003 1131 1069 1157 ter-

319 1177 362 1211 ris
380 1176 468 1210 Deus
488 1175 662 1214 coustituit,
687 1181 719 1207 ut
741 1175 791 1217 iis,
812 1174 864 1219 qui
889 1181 973 1207 recto
995 1180 1070 1206 sunt

320 1226 425 1265 corde,
467 1224 544 1258 foret
581 1222 771 1258 sinceritatis
804 1221 970 1268 speculum
1010 1222 1068 1256 vita

320 1275 404 1309 eius!
433 1273 510 1307 Nam
531 1272 614 1306 illius
636 1272 694 1307 fuit
716 1271 902 1305 humilitatis
924 1270 999 1304 dum
1024 1271 1069 1304 vi-

321 1332 417 1361 i·,eret
439 1322 523 1369 quod
549 1321 711 1368 perillum
736 1320 865 1354 modum
893 1331 1067 1374 pauperum

321 1384 354 1405 se
388 1371 549 1417 deputavit
582 1370 755 1425 obsequiis,
782 1369 864 1415 qnod
900 1381 946 1404 eis
981 1369 1070 1403 flexis

322 1420 480 1454 interdum
503 1419 647 1466 genibus,
675 1420 754 1453 vitae
775 1418 951 1452 necessaria
973 1418 1070 1452 mini-

321 1469 429 1504 stravit
455 1477 484 1503 et
507 1480 636 1502 manum
664 1467 797 1512 leprosis
817 1479 854 1501 ex
885 1474 955 1500 voto
981 1479 1070 1501 com-

323 1519 478 1565 passionis
499 1517 652 1551 exbibens
677 1516 851 1558 liberalem,
875 1516 1069 1561 erumpentia

322 1567 441 1601 saniem
461 1568 601 1613 ipsorum
619 1567 721 1600 ulcera
742 1576 941 1612 nequaquam
960 1565 1072 1598 ablior-

323 1617 401 1655 ruit;
441 1627 505 1650 non
543 1615 643 1649 morbi
679 1615 851 1660 contagiosi
892 1613 1070 1648 formidavit

323 1665 518 1711 periculum,
552 1663 607 1698 sed
647 1676 710 1718 quo
749 1662 926 1697 sedulitatis
965 1663 1070 1697 studio

322 1714 424 1761 quoad
450 1713 549 1747 Deum
567 1721 597 1746 et
615 1713 791 1759 proximum
817 1712 917 1757 ipsam
935 1712 1071 1758 amplius

323 1776 370 1797 vis
393 1763 523 1808 urgebat
543 1763 671 1800 amoris,
693 1773 731 1795 eo
753 1761 908 1795 dictorum
932 1760 1071 1816 leproso-

323 1825 392 1847 ium
427 1812 577 1846 subsidiis
610 1811 786 1845 accuratius
815 1822 850 1844 se
873 1809 1002 1852 inflexit,
1030 1811 1070 1844 ita

322 1861 406 1908 quod
435 1861 487 1895 ubi
522 1859 778 1908 producebantur
811 1858 993 1893 huiusmodi
1021 1859 1071 1893 ul-

323 1923 405 1953 cera,
427 1911 576 1944 continuo
598 1910 716 1943 viscera
747 1909 881 1955 pietatis,
909 1916 1069 1955 tamquam

323 1960 463 2006 ipsorum
482 1959 696 1994 infirmitatem
725 1959 882 2002 indueret,
904 1957 1072 1993 solveban-

322 2017 373 2043 tur
395 2009 424 2042 in
452 2020 499 2043 ea.

371 2057 392 2105 S
413 2059 445 2092 8.
470 2057 558 2092 lllius
579 2068 706 2111 quoque
727 2056 758 2090 in
782 2056 868 2091 omni
890 2056 1072 2091 sinceritate

323 2107 499 2142 devotionis
518 2107 700 2153 permansit
719 2106 803 2160 quod
823 2118 860 2140 ex
883 2117 976 2152 aqua,
998 2117 1069 2139 cum

323 2168 384 2203 qua
410 2157 552 2191 eiusdem
588 2155 766 2190 monasterii
799 2155 952 2189 moniales
986 2154 1072 2189 lave-

324 2213 393 2240 rant
426 2206 522 2252 pedes
554 2217 642 2248 suos,
668 2212 829 2251 tamquam
856 2216 912 2250 per
933 2204 1070 2250 ipsarum

325 2263 502 2289 contactum
540 2252 658 2301 aliquid
686 2254 714 2287 ei
741 2253 916 2288 sanctitatis
943 2254 1072 2296 inesset,

326 2304 435 2338 faeiem
463 2303 524 2338 sibi
561 2311 591 2337 et
617 2302 728 2338 oculos
753 2302 939 2349 saepissime
964 2313 1073 2349 asper-

325 2352 427 2398 gebac

375 2401 394 2449 g
416 2403 449 2437 9.
474 2401 597 2436 Divinis
619 2399 730 2436 officiis
748 2408 779 2435 et
799 2400 967 2435 missarum
991 2412 1074 2446 prae-

326 2452 432 2484 sertim
455 2452 501 2485 sic
522 2458 639 2485 attente
659 2462 770 2485 vacans
792 2450 967 2493 solemniis,
988 2449 1073 2496 quod

327 2511 342 2532 a
381 2499 458 2534 solis
497 2508 566 2534 ortu
610 2511 708 2546 usque
748 2499 786 2533 ad
827 2498 1008 2537 meridiem,
1035 2498 1075 2533 ab

327 2548 471 2589 ecclesia,
499 2549 573 2583 dum
597 2547 776 2583 huiusmodi
799 2547 978 2582 dicerentur
999 2546 1075 2582 offi-

327 2596 385 2639 cia,
412 2609 475 2631 non
507 2598 661 2640 discessit,
684 2609 746 2632 non
766 2605 890 2644 torpore
913 2596 1073 2642 languida,

328 2656 386 2680 nec
406 2645 555 2687 accidiae,
588 2655 741 2693 quantum
770 2645 922 2694 perpendi
939 2653 1074 2694 poterat,

901 284 1000 306 unct-A
1007 284 1036 305 [U
1044 283 1088 305 tm
1115 282 1280 306 nonaum!

1110 336 1193 371 malo
1212 336 1336 372 interim
1363 336 1500 384 fatigata,
1527 349 1584 372 nec
1611 345 1713 372 tamen
1741 337 1858 372 sessio-

1109 386 1158 420 nis
1181 397 1252 420 cum
1271 386 1453 421 huiusmodi
1475 386 1628 421 solemnia
1646 394 1858 428 cantarentur,

1109 434 1181 481 quis
1202 446 1272 470 eam
1299 435 1428 471 extimet
1448 448 1482 471 se
1504 435 1630 471 dedisse
1652 435 1764 482 quieti,
1783 447 1857 470 cum

1110 493 1184 519 tuuc
1209 485 1256 519 vel
1276 491 1372 520 staret
1393 494 1496 521 erecta
1518 485 1566 520 vel
1588 493 1717 520 curvato
1738 484 1856 532 poplite

1110 541 1214 568 oraret
1228 533 1364 568 reflexa?

1159 583 1179 630 S
1208 587 1263 617 10.
1290 583 1389 618 Cuius
1417 595 1490 617 vero
1521 583 1551 618 in
1582 582 1671 617 obitu
1698 583 1856 629 quondam

1109 631 1238 666 Henrici
1259 631 1350 667 ducis
1377 632 1510 677 Slesiae,
1532 632 1618 667 unici
1634 632 1696 667 nati
1713 633 1774 674 sui,
1804 645 1858 678 pa·—

1109 681 1238 716 tientiae
1265 681 1372 722 fuerit,
1411 694 1472 716 non
1509 690 1556 716 est
1593 681 1856 727 praetereundum

1109 730 1246 772 silentio,
1263 743 1334 765 curn
1356 730 1386 765 id
1403 731 1506 765 Deum
1525 730 1710 765 timentibus
1725 730 1860 765 delecta-

1110 779 1172 814 bile
1199 779 1239 813 sit
1275 779 1394 814 audire.
1422 780 1587 826 Ingressus
1621 780 1707 814 enim
1740 788 1786 814 est
1818 780 1856 814 ad

1111 829 1211 875 ipsam
1233 828 1352 863 doloris
1377 828 1514 868 baiulus,
1547 836 1631 864 veste
1653 829 1764 868 lacera,
1791 829 1859 863 vul-

1111 886 1207 924 tuque
1232 877 1370 913 demisso
1403 886 1433 913 et
1466 879 1536 913 eius
1563 877 1705 924 singultu
1732 878 1860 925 saepius

1112 927 1363 974 interrumpente
1392 939 1584 970 sermonem,
1618 928 1668 962 vix
1698 927 1859 974 quomodo

1111 976 1194 1011 idem
1225 976 1290 1011 dux
1316 977 1361 1010 vir
1395 977 1503 1023 utique
1530 975 1689 1022 gloriosus
1720 984 1860 1012 tartareae

1110 1026 1222 1071 gladiis
1248 1025 1380 1060 feritatis
1402 1026 1563 1065 occubuit,
1589 1025 1766 1071 exprimere
1797 1038 1860 1072 po—

1110 1075 1189 1115 tuit,
1231 1074 1414 1109 huiusmodi
1450 1074 1643 1122 singultibus
1679 1074 1858 1120 impeditus.

1110 1122 1182 1165 Quo
1203 1124 1331 1158 tandem
1353 1123 1473 1163 audito,
1493 1125 1556 1170 ipsa
1580 1135 1642 1158 non
1664 1124 1860 1159 contraxisse

1110 1173 1240 1213 faciem,
1273 1185 1336 1207 non
1373 1173 1517 1208 emisisse
1557 1173 1692 1219 suspiria
1730 1172 1859 1212 dicitur,

1110 1222 1166 1257 sed
1183 1221 1342 1257 exultante
1357 1223 1468 1270 spiritu
1490 1222 1632 1268 protinus
1647 1221 1858 1269 respondisse:

1111 1271 1234 1307 Gratias
1256 1271 1312 1306 tibi
1333 1284 1403 1317 ago,
1425 1270 1562 1305 Domine
1584 1270 1683 1314 Deus,
1705 1271 1789 1318 quod
1811 1279 1860 1307 ta-

1112 1322 1171 1355 lem
1201 1321 1275 1355 mihi
1309 1321 1382 1356 dare
1415 1321 1564 1365 dignatus
1594 1332 1629 1355 es
1663 1319 1780 1361 filium,
1806 1320 1859 1367 qui

1111 1369 1214 1405 nullas
1237 1382 1387 1417 umquam
1414 1369 1490 1404 mihi
1514 1369 1673 1404 molestias
1700 1369 1865 1415 ingerens,

1113 1431 1162 1453 me
1188 1431 1313 1465 semper
1341 1419 1461 1454 honore
1482 1418 1591 1459 coluit,
1617 1426 1648 1453 et
1679 1417 1764 1453 filiali
1784 1417 1861 1453 affe-

1111 1468 1215 1502 ctione
1241 1468 1364 1509 dilexit,
1385 1476 1416 1503 et
1436 1468 1508 1503 licet
1539 1468 1666 1522 ipsum,
1677 1467 1754 1502 dum
1781 1468 1860 1513 vivo,

1112 1516 1244 1551 laetarer
1276 1517 1392 1552 babere
1424 1525 1613 1563 presentem,
1640 1516 1668 1551 ei
1697 1525 1802 1551 tamen
1829 1517 1858 1551 in

1112 1566 1172 1600 lioc
1194 1565 1390 1611 congaudeo,
1419 1566 1503 1613 quod
1532 1577 1586 1612 per
1615 1565 1698 1599 viam
1718 1565 1859 1620 martyrii

1111 1626 1168 1648 suo
1202 1615 1315 1649 meruit
1343 1614 1548 1661 Redemptori
1576 1614 1739 1660 coniungi3
1760 1614 1860 1660 ipsius

1112 1664 1217 1710 itaque
1253 1664 1390 1698 animam
1428 1664 1482 1698 tibi
1518 1663 1704 1711 suppliciter
1736 1675 1860 1698 recom-

1112 1712 1238 1747 mendo.
1273 1711 1302 1747 Ο
1338 1712 1468 1747 verbum
1503 1712 1684 1767 acceptione
1711 1711 1860 1758 dignissi-

1114 1774 1199 1796 mum
1222 1769 1252 1796 et
1279 1762 1494 1796 monumentis
1521 1762 1682 1808 perpetuis
1707 1761 1861 1796 solemni-

1112 1818 1159 1844 ter
1181 1810 1430 1845 annectendum!

1161 1859 1181 1906 g
1208 1862 1260 1893 ll.
1283 1859 1360 1903 Sed,
1388 1871 1443 1906 pro
1469 1859 1546 1900 Deo,
1568 1858 1645 1906 quid
1660 1859 1719 1894 suit
1732 1859 1762 1894 in
1786 1871 1860 1894 casu

1112 1917 1175 1942 tam
1202 1908 1309 1947 flebili,
1332 1908 1386 1943 ubi
1410 1917 1473 1944 tota
1496 1908 1593 1956 patria
1616 1921 1672 1943 sua
1694 1908 1859 1943 orbitatem

1113 1957 1260 1999 deflebat,
1288 1970 1351 1992 non
1379 1970 1446 1992 eam
1476 1969 1619 1992 moerore
1641 1957 1720 1992 affici
1748 1965 1777 1991 et
1802 1957 1862 1992 fle-

1114 2007 1197 2042 tibus
1231 2019 1295 2041 non
1333 2006 1498 2053 perfundi,
1534 2006 1593 2041 nisi
1632 2005 1718 2053 quod
1755 2007 1859 2054 ipsum

1114 2068 1322 2103 praemissum
1345 2064 1486 2098 noverat,
1508 2068 1570 2090 nou
1591 2067 1760 2099 amissum,
1782 2065 1813 2091 et
1828 2064 1862 2090 ut

1115 2105 1266 2140 matribus
1304 2105 1335 2139 in
1371 2113 1471 2140 morte
1495 2105 1631 2139 filiorum
1658 2104 1862 2140 immoderate

1115 2153 1328 2189 moerentibus
1350 2162 1433 2189 esset
1459 2154 1568 2189 efficax
1590 2153 1745 2189 medicina
1765 2154 1862 2190 dolo-

1114 2204 1158 2238 ris
1185 2211 1215 2238 et
1237 2203 1461 2238 consolationis
1482 2203 1684 2258 exemplum?

1161 2253 1183 2300 g
1211 2256 1266 2286 12.
1279 2251 1434 2307 *Denique
1460 2264 1532 2287 cum
1556 2252 1585 2286 in
1610 2251 1766 2306 spirituali
1790 2263 1862 2286 cei-

1115 2302 1231 2336 tamine
1259 2301 1408 2340 vincenti,
1445 2301 1476 2335 in
1502 2301 1677 2348 praemium
1710 2300 1861 2335 debeatur

1114 2362 1240 2389 corona,
1264 2349 1399 2385 tolens
1394 2362 1492 2397 ipsam
1513 2349 1617 2385 eidem
1643 2349 1777 2385 reddere
1802 2350 1861 2384 iu-

1114 2408 1181 2434 stus
1206 2398 1316 2442 Iudex,
1351 2411 1458 2446 quain,
1480 2399 1647 2439 mundum,
1676 2410 1803 2434 carnem
1829 2407 1861 2434 et

1115 2447 1275 2483 diabolum
1303 2460 1468 2495 superans,
1489 2448 1550 2483 snbi
1564 2447 1704 2483 debitam
1732 2447 1860 2488 fecerat,

1116 2505 1159 2532 tot
1182 2496 1353 2545 triumphis
1379 2497 1477 2545 ipsam
1497 2498 1566 2532 suis
1584 2495 1816 2543 stigmatibus
1809 2509 1861 2531 iu-

1115 2546 1275 2601 signitam,
1293 2547 1434 2594 corporis
1456 2547 1540 2581 mole
1565 2545 1720 2593 deposita,
1743 2546 1862 2580 vocavit

1115 2596 1152 2630 ad
1180 2595 1323 2642 patriam,
1359 2595 1411 2630 illa
1437 2594 1496 2630 sibi
1524 2595 1612 2641 regni
1646 2606 1763 2629 corona
1788 2606 1863 2630 con·

1116 2656 1214 2690 cessa,
1241 2656 1321 2691 quae
1347 2656 1410 2680 non
1441 2643 1615 2686 marcescit,
1643 2655 1709 2678 non
1731 2642 1862 2686 tollitur,

1872 283 1921 309 An.
1942 281 1971 308 C.
1987 283 2052 310 ¹26⁷

1884 594 1950 621 Quam
1961 594 2022 616 lonis
2032 601 2055 616 su

1872 627 1892 646 in
1923 625 1958 646 filii
1987 628 2055 646 morte

1872 656 1991 677 exhibuerit

1887 2262 1943 2284 obite
1958 2264 2042 2285 tandem
2052 2279 2056 2283 .
