2129 3223
136 255 186 281 An.
207 254 315 281 (sti-15

141 1809 167 1829 De
179 1812 309 1835 poenitentia

129 1847 151 1865 μ
162 1841 230 1859 wanti!
241 1847 262 1859 us
275 1842 310 1859 im-

128 1872 222 1895 {muenia

380 250 446 280 396

618 312 695 347 Cap.
723 313 775 347 vt.

378 382 503 417 Fratres
526 382 601 416 niliil
621 382 680 417 sibi
703 385 915 431 approprient.
938 396 994 419 nec
1023 384 1073 418 do·

136 437 313 481 J-“ssssif¹‘·=³¹¹}‡jii¹
331 444 429 475 mum,
452 444 510 466 nec
532 432 647 475 locum,
669 445 727 468 nec
753 433 888 481 aliquam
917 446 995 471 reni,
1019 433 1072 467 sed

134 482 142 485 “
168 475 488 528 'tamquam
524 482 676 528 peregrini
709 491 738 517 et
769 483 905 518 advenae
945 484 974 517 in
1015 483 1074 516 hoc

190 534 216 575 ,¹¹
241 562 258 575 ρ,
303 530 467 574 jsaeculo„
495 532 524 565 in
545 540 726 579 paupertate
752 543 781 568 et
804 533 980 567 humilitate
1007 532 1072 566 Do-

186 596 188 607 =
207 576 247 607 u?
270 590 313 608 ¹ir-
330 581 413 614 mino
436 580 633 621 famulantes,
656 582 768 617 vadant
796 595 850 629 pro
875 583 1070 628 eleemosyna

328 629 530 664 confidenter.
553 630 618 665 Nec
643 640 766 678 oportet
787 644 840 666 eos
855 630 1071 673 verecundari,

328 679 397 723 quia
420 679 577 714 Dominus
602 693 656 727 pro
684 681 773 715 nobis
795 694 826 715 se
856 681 927 714 fecit
956 693 1072 726 paupe-

328 741 390 762 rem
420 729 450 762 in
478 729 538 763 hoc
562 729 690 764 mundo.
716 730 798 764 Haec
822 739 865 764 est
902 730 949 763 illa
986 729 1073 763 celsi-

327 778 401 811 tudo
427 778 595 813 altissimae
624 780 822 825 paupertatis,
850 791 928 826 quae
946 791 998 813 ros
1020 792 1072 813 ca-

327 828 467 862 rissimos
493 827 602 862 fratres
635 841 735 864 meos,
772 829 922 863 haeredes
955 838 983 862 et
1021 840 1071 863 re-

325 889 380 922 ges
408 878 494 922 regni
535 878 693 913 coelorum
735 879 881 916 instituit,
918 890 1071 924 pauperes

326 926 419 961 rebus
446 926 528 970 fecit,
551 928 716 961 virtutibus
754 928 943 962 sublimavit.
984 927 1070 962 Haec

325 977 362 1009 sit
386 977 486 1022 portio
513 984 624 1019 vestra,
647 989 726 1023 quae
746 977 887 1023 perducit
907 979 935 1010 in
956 985 1068 1011 terram

326 1026 505 1069 viventium,
533 1026 595 1063 cui,
622 1026 817 1060 dilectissimi
842 1026 967 1064 fratres,
992 1035 1068 1060 tota-

324 1075 394 1108 liter
415 1075 623 1111 inhaerentes,
647 1075 724 1109 nihil
748 1075 829 1109 aliud
857 1088 911 1122 pro
941 1076 1068 1110 nomine

324 1124 450 1158 Domini
474 1125 570 1158 nostri
594 1124 662 1157 lesu
687 1124 803 1158 Christi
829 1126 857 1159 in
882 1133 1068 1172 perpetuum

324 1174 381 1207 sub
403 1174 489 1208 coelo
517 1173 630 1208 habere
653 1174 762 1209 velitis.
805 1175 842 1208 Et
875 1175 1069 1221 ubicumque

324 1231 408 1261 sunt,
435 1231 463 1257 et
486 1235 519 1257 se
546 1224 722 1257 invenerint
743 1223 863 1259 fratres.
902 1224 1069 1258 ostendant

323 1284 356 1305 se
378 1272 568 1306 domesticos
590 1273 723 1307 invicem
740 1274 818 1307 inter
840 1287 882 1308 se.
906 1283 936 1309 et
959 1286 1068 1309 secure

324 1321 499 1356 manifestet
520 1334 604 1356 unus
625 1322 710 1356 alteri
733 1324 947 1357 necessitatem
967 1336 1066 1358 suam.

323 1370 403 1411 Quia
426 1371 449 1404 si
489 1379 586 1405 mater
620 1371 718 1417 diligit
757 1380 787 1405 et
830 1373 928 1406 nutrit
968 1373 1066 1407 fitium

323 1431 414 1453 stium
443 1420 610 1456 carnalem,
633 1428 751 1466 quanto
783 1420 967 1467 diligentius
999 1423 1068 1468 quis

323 1468 415 1503 debet
442 1468 571 1515 diligere
593 1477 623 1503 et
655 1470 772 1504 nutrire
808 1470 932 1504 fratrem
974 1483 1066 1506 suum

323 1517 533 1562 spiritualem?
554 1518 591 1553 Et
614 1519 639 1552 si
663 1519 735 1565 quis
762 1532 868 1553 eorum
892 1520 922 1554 in
942 1521 1067 1555 infirmi-

325 1575 383 1602 tate
410 1567 570 1609 ceciderit,
598 1568 646 1601 alii
672 1568 780 1603 fratres
806 1569 919 1603 debent
939 1570 965 1603 ei
995 1582 1067 1605 ser—

323 1617 399 1659 vire,
421 1617 501 1651 sieut
524 1617 637 1652 vellent
664 1617 722 1651 sibi
751 1619 870 1652 serviri.

612 1687 692 1723 Cn.
716 1688 783 1723 vll.

373 1758 404 1793 Si
428 1760 480 1806 qui
505 1759 645 1800 fratrum,
658 1760 974 1807 instiganteiuimico,
990 1774 1066 1796 mor-

325 1808 424 1842 taliter
443 1809 655 1856 peccaverint,
683 1822 739 1856 pro
759 1810 819 1844 illis
847 1812 1001 1856 peccatis,
1029 1811 1067 1846 de

324 1857 438 1903 quibus
456 1858 633 1892 ordinatum
657 1857 749 1894 fuerit
769 1860 846 1894 inter
880 1860 999 1904 fratres,
1035 1870 1067 1896 ut

326 1915 500 1941 recurratur
520 1907 558 1941 ad
577 1908 734 1942 ministros
762 1910 985 1954 provinciales,
1022 1920 1068 1945 tc-

325 1964 455 1990 neantur
477 1957 622 2002 praedicti
651 1957 759 1991 fratres
780 1959 815 1992 ad
839 1971 892 1993 eos
909 1971 1067 1995 recurrere

323 2018 415 2051 quam
450 2007 541 2040 citius
579 2014 724 2053 poterunt
764 2009 832 2042 sine
868 2021 964 2043 mora,
1004 2009 1065 2056 Ipsi

325 2067 395 2088 iero
427 2056 560 2090 ministri
596 2057 619 2090 si
660 2056 829 2103 presbyteri
866 2067 959 2101 suut,
995 2072 1064 2093 cuin

323 2104 533 2139 misericordia
562 2105 724 2151 iniungant
747 2106 805 2140 illis
831 2108 1062 2153 poenitentiam.

322 2153 354 2186 Si
389 2166 461 2188 vero
499 2154 668 2202 presbyteri
703 2167 763 2189 non
808 2166 901 2198 suut,
948 2159 1064 2204 iniungi

324 2203 433 2238 faciant
457 2215 511 2250 per
532 2204 608 2238 alios
639 2205 817 2240 sacerdotes
847 2206 987 2249 ordinis,
1005 2208 1065 2241 sic-

324 2262 354 2286 ut
384 2253 430 2287 eis
460 2254 634 2288 secundum
658 2253 760 2289 Deum
783 2256 895 2290 melius
915 2256 1067 2291 videbitur

322 2302 479 2349 expedire.
504 2302 541 2337 Et
564 2315 672 2338 cavere
687 2303 814 2343 debent,
835 2317 873 2339 ne
893 2306 1066 2341 irascantur

323 2360 350 2384 rt
378 2351 604 2386 conturbentur
646 2362 773 2400 propter
813 2364 973 2400 peccatum
1008 2356 1066 2390 ali—

323 2401 420 2441 ruius,
448 2402 518 2449 quia
543 2402 584 2436 ira
621 2410 649 2436 et
677 2403 874 2438 conturbatio
898 2406 926 2439 in
967 2417 999 2440 se
1036 2414 1067 2440 et

324 2452 352 2484 in
375 2450 441 2485 aliis
468 2451 643 2498 impediunt
665 2451 857 2488 charitatem.

599 2512 678 2548 Cn.
706 2513 787 2549 Vlll.

370 2575 512 2611 Universi
554 2576 663 2612 fratres
704 2590 798 2612 unum
840 2577 879 2612 de
920 2579 1067 2614 fratribus

326 2624 414 2658 ·stius
436 2625 594 2672 religionis
620 2635 785 2662 teneantur
806 2639 930 2675 semper
952 2629 1066 2664 habere

901 260 956 282 nu
963 261 998 281 [A
1007 260 1085 281 RU'M

1115 259 1275 281 Ronanus!
1874 261 1924 288 An.
1945 261 1974 288 C.
1989 261 2055 288 ¹22³

1115 312 1293 358 generalem
1316 312 1504 354 ministrum,
1531 323 1561 349 et
1594 326 1722 349 servum
1761 316 1858 349 totius
1884 325 1914 347 no
1948 326 2055 362 ejectiyqo

1117 362 1327 402 fraternitatis,
1349 371 1379 397 et
1397 363 1424 397 ei
1452 370 1617 398 teneantur
1638 363 1768 398 firmiter
1785 363 1858 399 obc-
1870 357 1977 410 ffi'f'm'
1990 363 2055 378 ''¹¹¹⁵'‘

1115 411 1193 445 dire.
1213 411 1284 452 Quo
1306 411 1489 452 decedente,
1526 412 1638 447 electio
1665 413 1858 447 successoris

1116 460 1167 495 fiat
1193 473 1209 495 a
1232 461 1383 496 ministris
1415 462 1657 509 provincialibus
1691 471 1722 497 et
1751 470 1858 497 custo-

1114 509 1208 544 dibus
1236 511 1266 544 in
1289 511 1424 557 capitulo
1457 511 1684 552 Pentecostes,
1718 512 1748 545 in
1795 524 1858 559 quo

1115 559 1320 606 provinciales
1359 560 1493 595 ministri
1528 568 1694 597 teneantur
1735 573 1858 608 semper

1115 609 1240 644 insimul
1269 610 1446 649 convenire,
1471 610 1663 657 ubicumque
1680 623 1696 645 a
1718 611 1856 656 generali

1114 658 1258 693 ministro
1286 659 1377 695 fuerit
1398 660 1615 694 constitutum.
1643 659 1683 695 Et
1709 659 1770 695 hoc
1804 673 1858 695 se-

1114 708 1173 743 mel
1203 709 1231 742 in
1256 708 1355 744 tribus
1372 710 1473 747 annis,
1496 709 1543 743 vel
1565 709 1602 743 ad
1629 709 1726 744 alium
1748 711 1858 745 termi-

1114 770 1187 792 num
1216 759 1365 793 maiorem
1384 759 1428 793 vel
1452 759 1618 799 minorem,
1640 759 1721 793 sicut
1741 772 1757 793 a
1774 772 1858 804 prae-

1112 806 1196 841 dicto
1231 807 1375 842 ministro
1408 808 1499 843 fuerit
1532 808 1724 843 ordinatum.
1758 808 1799 844 Et
1830 810 1855 843 si

1112 857 1215 903 aliquo
1234 864 1374 903 tempore
1387 866 1551 904 appareret
1564 857 1755 892 universitati
1768 858 1856 893 mini·
1884 869 1970 906 ineptus
1990 871 2053 891 mini-

1111 914 1247 940 strorum
1271 907 1504 951 provincialium
1523 916 1554 942 et
1574 906 1754 948 custodum,
1767 920 1855 954 prae·
1871 901 2054 953 aust-‚ocimum

1111 955 1229 989 dictum
1257 955 1435 991 ministrum
1459 969 1519 991 non
1547 969 1618 992 esse
1651 956 1854 992 sufficientem

1110 1004 1148 1039 ad
1187 1004 1349 1040 servitium
1390 1014 1419 1040 et
1452 1017 1655 1041 communem
1690 1005 1854 1042 utilitatem

1111 1054 1253 1095 fratrum,
1275 1063 1441 1090 teneantur
1463 1055 1612 1100 praedicti
1636 1055 1746 1091 fratres
1784 1057 1857 1103 qui-

1110 1103 1171 1138 bus
1192 1103 1303 1138 electio
1329 1104 1398 1139 data
1425 1113 1482 1144 est,
1506 1105 1535 1139 in
1564 1105 1691 1140 nomine
1726 1105 1853 1141 Domini

1109 1152 1206 1187 alium
1229 1153 1289 1187 sibi
1312 1153 1427 1199 eligere
1453 1155 1483 1188 in
1507 1154 1680 1189 custodem.
1703 1154 1780 1190 Post
1802 1167 1855 1190 ca-

1110 1201 1244 1249 pitulum
1283 1214 1354 1237 vero
1388 1202 1595 1238 pentecostes
1633 1204 1791 1244 ministri,
1825 1213 1856 1240 et

1110 1252 1255 1286 custodes
1278 1253 1408 1297 possint,
1430 1254 1454 1287 si
1485 1253 1648 1293 voluerint,
1679 1262 1710 1288 et
1735 1254 1781 1288 eis
1805 1266 1856 1289 ex-

1111 1301 1217 1347 pedire
1252 1301 1419 1345 videbitur,
1453 1301 1563 1337 eodem
1598 1315 1680 1337 anno
1720 1303 1749 1336 in
1788 1305 1854 1339 suis

1109 1350 1259 1386 custodiis
1280 1351 1377 1385 semel
1401 1351 1509 1386 fratres
1548 1364 1622 1386 suos
1654 1352 1692 1387 ad
1731 1353 1855 1400 capitu-

1109 1399 1173 1434 lum
1196 1412 1378 1435 convocare.

1459 1472 1510 1506 tx.

1156 1541 1280 1577 Fratres
1308 1554 1369 1577 non
1392 1542 1572 1589 praedicent
1606 1544 1636 1578 in
1671 1545 1851 1593 episcopatu
1888 1553 2050 1576 Praedicator&

1108 1591 1241 1626 alicuius
1263 1592 1415 1638 episcopi,
1436 1604 1508 1626 cum
1531 1592 1570 1627 ab
1601 1605 1638 1628 eo
1667 1593 1728 1629 illis
1761 1594 1853 1630 fuerit
1867 1592 1913 1638 ξῇῗ
1946 1585 2052 1643 {⁰1:¹53ssss

1108 1641 1347 1675 contradictum.
1370 1640 1411 1675 Et
1443 1641 1548 1676 nullus
1579 1642 1705 1677 fratrum
1735 1644 1852 1691 populo
1866 1647 1996 1674 Ρηεΰῑῦθω·

1109 1690 1233 1736 penitus
1254 1690 1366 1724 audeat
1381 1690 1575 1736 praedicare,
1591 1692 1650 1726 nisi
1672 1704 1689 1727 a
1708 1693 1852 1728 ministro

1108 1740 1243 1784 generali
1263 1740 1356 1774 liuius
1378 1739 1577 1775 fraternitatis
1608 1740 1701 1776 fuerit
1733 1744 1852 1777 exami-

1109 1795 1199 1822 natus
1220 1797 1249 1822 et
1278 1787 1480 1835 approbatus,
1512 1797 1544 1824 et
1576 1789 1615 1824 ab
1648 1802 1685 1825 eo
1716 1790 1851 1826 officium

1110 1837 1348 1883 praedicationis
1397 1838 1454 1873 sibi
1497 1851 1696 1874 concessum.
1739 1840 1852 1876 Moneo

1108 1899 1233 1934 quoque
1250 1915 1258 1931 ,
1286 1895 1315 1922 et
1337 1887 1465 1922 eosdem
1490 1888 1610 1931 fratres,
1634 1898 1666 1923 ut
1700 1890 1729 1923 in
1763 1903 1852 1937 prae-

1108 1937 1262 1971 dicatione
1279 1965 1286 1975 ,
1309 1950 1402 1984 quam
1429 1937 1559 1982 faciunt,
1587 1939 1648 1973 sint
1678 1940 1851 1975 examinata

1108 1994 1137 2021 et
1162 1994 1243 2020 casta
1267 1998 1375 2021 eorum
1404 1987 1540 2035 eloquia,
1566 1988 1603 2023 ad
1627 1988 1792 2024 utilitatem
1821 1998 1853 2025 et

1108 2035 1356 2070 aedificationem
1392 2037 1512 2084 populi,
1550 2038 1772 2073 annunciando
1806 2040 1852 2074 eis

1108 2086 1178 2119 vitia
1219 2093 1247 2118 et
1288 2087 1427 2125 virtutes,
1469 2098 1601 2133 poenam
1639 2095 1670 2122 et
1695 2088 1850 2134 gloriam.

1107 2147 1178 2168 cum
1220 2134 1370 2171 brevitate
1409 2137 1578 2180 sermonis,
1615 2138 1688 2184 quia
1721 2137 1850 2172 verbum

1107 2183 1322 2219 abbreviatum
1346 2184 1418 2220 fecit
1433 2185 1591 2221 Dominus
1605 2198 1703 2234 super
1724 2194 1848 2222 terram.

1408 2264 1488 2300 Cn.
1517 2265 1557 2300 X.

1155 2333 1289 2375 FratreS,
1311 2336 1364 2382 qui
1387 2344 1461 2371 sunt
1482 2337 1614 2372 ministri
1632 2344 1663 2372 et
1674 2338 1754 2373 servi
1776 2339 1851 2375 alio·
1890 2343 1920 2366 ⁰0
1951 2345 2047 2366 &0⁰⁰⁵-

1107 2395 1176 2417 runi
1201 2383 1342 2429 fratrum,
1369 2385 1503 2427 visitent,
1540 2394 1570 2421 et
1604 2396 1761 2431 moneant¹
1785 2378 2045 2429 fra-{lisssse'lrii'ssssff

1106 2440 1168 2467 tres
1190 2446 1273 2473 suos,
1301 2442 1331 2469 et
1354 2434 1512 2470 humiliter
1531 2432 1562 2471 et
1586 2436 1746 2472 caritative
1771 2451 1848 2474 cor—

1108 2482 1207 2528 rigant
1234 2496 1300 2528 eos,
1324 2495 1385 2519 non
1409 2485 1633 2532 praecipientes
1650 2485 1696 2521 eis
1715 2487 1847 2535 aliquid,

1106 2532 1189 2579 quod
1213 2532 1252 2567 sit
1270 2540 1376 2568 contra
1391 2534 1526 2579 animam
1541 2546 1642 2575 suam,
1658 2544 1689 2570 et
1709 2538 1847 2584 regulam

1107 2589 1254 2616 nostram.
1283 2581 1408 2618 Fratres
1430 2595 1504 2620 vero
1530 2584 1679 2632 quisunt
1717 2586 1847 2628 subditi.

1107 2631 1321 2677 recordentur,
1348 2632 1432 2680 quod
1458 2641 1583 2681 propter
1614 2633 1715 2670 Deum
1750 2635 1848 2672 abne-
