2129 3223
382 243 427 271 60

332 305 425 340 clesia
446 305 551 340 Sancti
575 303 699 338 loannis
721 303 897 351 Baptistae,
924 303 1005 352 apud
1028 303 1074 339 ci-

333 355 457 389 vitatem
487 353 758 394 Camminensem,
784 366 864 401 quae
892 353 1074 402 populosior

332 413 394 446 est,
417 412 447 438 et
473 402 612 438 securior
633 403 777 447 habetur,
800 405 876 438 haec
897 404 961 450 ipsa
984 403 1074 438 sedes

332 452 516 499 episcopalis
542 452 601 493 sit,
635 460 666 487 et
688 453 850 501 perpetuis
882 453 1075 500 temporibus

333 502 551 538 inviolabiliter
580 511 771 549 permaneat.
802 502 953 538 Similiter
980 503 1075 550 privi-

334 552 423 599 legia,
446 552 527 588 bona
553 561 584 588 et
606 552 820 598 possessiones
847 552 990 588 eiusdem
1011 551 1074 587 Ec-

331 602 444 637 clesiae
486 602 727 646 confirmamus,
767 602 922 637 civitatem
962 613 1075 649 nempe

332 651 455 686 (lamio.
489 664 563 687 curn
595 651 722 687 taberna
749 660 780 686 et
816 651 904 696 foro⁷
930 650 1012 686 villis
1045 660 1075 686 et

331 701 478 736 omnibus
510 713 617 738 earum
645 701 852 749 appendiciis,
879 708 979 736 castra
1012 701 1075 736 sci-

332 751 404 786 licet
426 751 553 792 Demin,
574 750 733 795 Triboses,
756 750 886 786 Ehozho
907 750 1075 796 wollgast,

333 800 519 848 lluznoym,
563 800 733 849 Groswyn,
778 800 879 847 Pyris,
911 799 1075 847 stargard,

333 850 495 885 Prentzlau
523 862 596 886 cum
629 850 697 885 foro
731 858 760 884 et
798 849 922 884 taberna
950 857 980 884 et
1012 850 1077 884 suis

331 899 480 935 omnibus
520 899 725 947 appendiciis.
763 898 841 933 Tota
873 898 1076 942 Pomerania‚

332 961 432 996 usque
465 948 503 984 ad
535 949 652 984 Lebam
689 948 819 983 fluvium
851 960 922 982 cum
952 947 1026 983 foris
1047 956 1077 983 et

331 998 467 1033 tabernis
488 1001 532 1042 (l)
553 998 675 1033 decima
697 998 753 1033 fori
780 997 920 1032 Sicbem.

380 1048 496 1083 Datum
515 1048 540 1082 Ι
543 1048 660 1082 aterani
676 1059 731 1094 per
753 1059 880 1081 manum
904 1046 1002 1102 Moysi
1022 1046 1077 1081 Ia-

331 1098 505 1132 teranensis
531 1097 692 1140 canonici,
719 1096 817 1131 vicem
845 1096 965 1142 agentis
996 1107 1078 1131 can-

333 1147 460 1187 cellarii,
487 1159 519 1180 vi
549 1145 697 1180 kalendas
728 1146 812 1189 maii,
839 1145 1008 1181 indictione
1035 1158 1077 1186 vi,

334 1196 556 1232 incarnationis
570 1195 747 1230 dominicae
761 1207 842 1230 anno
864 1207 1077 1239 MCLXXXVIH,

333 1245 533 1292 pontificatus
554 1257 627 1280 vero
649 1245 757 1280 domni
781 1245 955 1280 Clementis
975 1245 1078 1292 Papae

333 1295 413 1329 tertii
445 1307 527 1330 anno
554 1295 667 1342 primo.

377 1350 439 1382 Dat.
464 1352 511 1381 die
533 1351 571 1382 26
593 1351 695 1391 aprilis
718 1361 794 1381 anno
813 1351 926 1382 Domini
952 1352 1035 1389 1188,

589 1391 689 1430 pontif.
711 1401 786 1421 anno
805 1401 821 1421 i.

139 253 186 277 Au.
205 251 234 276 C.
252 252 318 278 tiss

163 503 295 523 senfin-matio

138 537 251 555 tenuium.
285 541 317 554 iu·-

137 572 187 584 riuiu
210 568 229 583 et
252 572 316 591 priri-

137 598 244 621 lignorum.

688 1510 725 1545 V.

383 1575 554 1617 Decretum
587 1588 646 1619 quo
672 1584 804 1614 cavetur,
838 1588 871 1608 ην
893 1577 1032 1608 canonici

414 1625 567 1668 regulares
574 1636 630 1669 per
644 1626 757 1669 oppzda
771 1633 918 1669 vagentur
941 1628 973 1667 (⁶
960 1626 1001 1667 9).

601 1693 813 1724 SUMMARIUM

335 1751 365 1781 ln
388 1751 577 1782 Lateranensi
604 1750 729 1780 concilio
752 1756 869 1781 cautum
893 1762 928 1781 ne
947 1754 1079 1783 canonici

375 1791 526 1829 regulares
537 1799 588 1830 per
600 1790 703 1830 oppida
716 1791 896 1829 divagemur:
906 1809 945 1814 —
955 1792 1080 1823 Abbates

375 1840 427 1860 eos
448 1831 482 1860 ad
502 1834 659 1860 monaster.
677 1830 784 1860 debent
805 1831 959 1861 reducere:
980 1849 1019 1855 —-
1036 1832 1081 1862 Bi-

376 1870 517 1900 turieensi
540 1870 667 1909 archiep.
693 1870 863 1900 conceditur
886 1872 1001 1902 collatio
1024 1872 1080 1903 Ec-

376 1911 533 1940 clesiarum
566 1910 600 1939 de
623 1910 686 1940 iure
718 1912 865 1947 monach,
897 1912 940 1941 vel
963 1913 1082 1943 canoni-

376 1959 477 1980 corum
496 1950 521 1979 si
551 1950 570 1979 ii
593 1950 667 1980 intia
692 1954 748 1980 tres
770 1960 887 1981 meuses
918 1952 954 1981 de
975 1952 1081 1983 idoneo

376 1990 545 2029 presbytero
562 1999 618 2020 non
634 1990 823 2029 providerint.
839 2008 878 2014 —
891 1991 998 2022 Solitae
1014 2002 1082 2023 con-

377 2030 535 2060 clusiones.

339 2097 459 2126 Clemens
476 2096 616 2133 episcopus
634 2103 727 2126 servus
745 2103 884 2127 sorvorum
900 2097 956 2132 Dei.
973 2106 1084 2128 venora-

381 2142 431 2171 bili
450 2140 537 2171 tratri
559 2141 668 2171 uem-ico
697 2142 857 2172 Biturioonsi
885 2143 1084 2180 archiepiscopo

382 2187 543 2224 Aquitaniae
575 2187 700 2223 primati,
721 2187 839 2216 satutem
854 2189 882 2217 ot
906 2189 1083 2224 apostoticam

381 2232 604 2262 benedictionem.

387 2294 500 2330 Cum
493 2306 524 2329 1n
545 2293 747 2330 Lateranensi
769 2294 904 2330 concilio
926 2295 1018 2330 fuerit
1033 2307 1085 2342 ge-
1104 2322 1106 2337 ἰ

146 2344 488 2406 „¹⁰¹11'⁶'⁵⁰c⁰2i¹u¹”emmer
521 2344 743 2388 interdictum,
770 2356 809 2379 ne
837 2344 1000 2399 monachi,
1034 2353 1085 2379 aut

147 2420 187 2436 .„„
212 2422 237 2435 ,ψ
262 2422 327 2436 Μ
341 2402 433 2429 etiam
460 2393 602 2429 canonici
625 2393 783 2440 regulares
809 2393 939 2441 singulis
964 2394 995 2428 in
1029 2405 1086 2441 op-

154 2448 216 2496 '¹2⁴2
222 2452 256 2471 *es
247 2448 290 2496 ¹¹³¹
295 2452 361 2497 *Ji-p
344 2443 424 2490 pidis
444 2443 491 2478 vel
509 2443 577 2478 aliis
602 2443 681 2478 locis
702 2442 908 2490 populatibus
929 2443 1086 2484 habitent3

148 2483 414 2527 1οΗ’5υηῑ
447 2492 612 2537 nonnulli,
646 2493 699 2539 qui
737 2494 969 2540 capellanorum
1006 2493 1086 2528 vices

149 2511 259 2533 vazgentur

379 2558 418 2593 (l)
435 2559 511 2585 Forte
527 2558 678 2585 addendum
693 2562 727 2585 et.

344 2594 428 2628 «throp.
448 2594 589 2621 Bituricen.
607 2594 691 2620 edidit
712 2594 839 2627 Martene,
856 2594 983 2622 Thesaur.
1003 2595 1074 2622 Anec

345 2629 413 2661 dot„
435 2633 486 2656 tom
504 2637 522 2662 i,
539 2630 589 2656 col.
607 2630 667 2656 63¹.

905 250 1041 273 nemum!
1047 250 1092 273 UM
1119 249 1279 273 ROMANUM

767 2558 807 2593 (ἢ)
833 2559 869 2585 Ex
899 2559 1018 2585 Cartario
1044 2559 1108 2584 ar-'

1872 247 1922 275 An.
1939 248 1968 274 C.
1983 247 2049 275 ¹188

1113 312 1242 350 agentes
1287 304 1316 338 iu
1356 303 1585 351 parochialibus
1622 302 1765 339 ecclesiis
1798 302 1855 337 soli

1115 360 1274 388 morantur
1295 360 1325 388 et
1346 365 1419 389 suae
1438 353 1642 401 professionis
1656 353 1857 388 immemores

1115 403 1290 438 conversari
1303 403 1503 439 saeculariter
1516 414 1577 438 non
1592 402 1769 438 formidant
1791 401 1856 436 Nos

1116 452 1218 499 itaque
1246 452 1406 508 providere
1433 453 1587 492 volentes,
1613 464 1654 487 ne
1674 451 1759 500 quod
1782 463 1856 498 pro-
1870 454 2008 506 agbbfflm
2010 459 2051 506 ξω

1115 502 1182 537 vida
1209 501 1265 536 fuit
1291 502 1321 536 in
1349 502 1482 537 concilio
1511 501 1734 536 deliberatione
1757 508 1948 537 statu—amnt
1988 516 2053 537 :eiu

1117 559 1199 595 turn
1239 564 1294 599 pro
1326 552 1447 599 privato
1480 551 1655 598 aliquorum
1689 550 1934 586 commodocere

1116 600 1265 645 irritetur,
1293 601 1446 648 praesenti
1474 600 1655 635 fraternitati
1683 607 1752 635 tuae
1778 599 1859 635 scri-

1116 658 1168 697 pto
1191 650 1407 691 concedimus,
1423 657 1457 685 ut
1477 649 1603 685 abbates
1623 661 1731 684 eorum
1746 649 1784 685 de
1799 649 1859 685 illis

1116 699 1304 734 reducendis
1318 699 1356 734 ad
1380 700 1565 742 claustrum,
1586 707 1638 733 aut
1658 697 1859 745 adimplendo

1116 750 1198 795 quod
1227 749 1255 783 in
1283 749 1408 784 decreto
1430 749 1628 795 exprimitur,
1650 760 1713 782 non
1735 748 1860 783 differas

1117 798 1297 845 diligentius
1323 810 1534 833 commonere.
1572 797 1605 833 Si
1627 809 1700 832 vero
1733 797 1860 833 abbates

1116 848 1395 883 commonitionem
1415 855 1499 882 tuam
1514 847 1643 882 fortasse
1661 855 1861 895 contempse-

1118 897 1194 936 rint,
1226 907 1259 932 tu
1288 897 1370 945 quod
1396 897 1563 933 scribimus
1590 896 1774 932 auctoritate
1803 908 1861 931 no—

1117 954 1190 986 stra,
1217 957 1335 982 remoto
1358 946 1573 994 appellationis
1594 945 1771 985 obstaculo
1793 957 1862 981 exe-

1117 997 1232 1043 quaris.
1255 996 1302 1030 Ad
1332 996 1391 1031 hoc
1417 995 1624 1030 nihilominus
1647 995 1700 1029 tibi
1724 995 1862 1030 auctori·
1888 1004 2057 1025 lamecen-1³¹

1119 1053 1177 1080 tate
1199 1046 1368 1093 apostolica
1397 1045 1614 1091 indulgemus
1643 1052 1676 1078 ut
1703 1044 1727 1079 si
1751 1057 1860 1080 mona·
1875 1035 1944 1087 ξξῗξῖ
1970 1039 2056 1086 ἒῶῗῇῗζ,

1117 1094 1179 1135 chi
1208 1095 1252 1130 iel
1276 1095 1418 1129 canonici
1442 1095 1471 1128 in
1502 1103 1552 1129 tua
1581 1093 1715 1129 dioecesi
1742 1094 1862 1129 consti-
1876 1096 1914 1117 ΕΘ·
1918 1096 2057 1149 ¹⁹⁵¹³¹¹¹¹¹¹hf¹0

1118 1144 1187 1186 tuti
1224 1144 1300 1178 infra
1328 1152 1390 1179 tres
1413 1156 1538 1179 menses
1562 1143 1600 1178 ad
1629 1143 1795 1183 Ecclesias
1830 1143 1859 1178 in
1875 1128 1920 1179 ‘viai‘
1940 1132 2056 1179 {fflicten-

1118 1171 1235 1240 quibus
1263 1193 1324 1228 illis
1345 1193 1552 1240 praesentatio
1578 1193 1746 1239 competit,
1772 1200 1803 1228 et
1822 1193 1859 1227 ad
1875 1195 1919 1240 3¹2¹}
1932 1189 2057 1241 {jejjsjg'lss

1119 1250 1148 1276 te
1167 1242 1321 1277 institutio
1343 1241 1487 1289 pertinet
1513 1254 1575 1276 non
1598 1241 1861 1289 praesentaverint
1875 1251 1952 1271 idoneo
1967 1250 2057 1277 presbi-

1120 1291 1249 1326 idoneos
1261 1291 1450 1340 capellanOS‚
1473 1299 1521 1332 tu
1539 1303 1601 1326 non
1623 1299 1783 1339 expectata
1799 1291 1862 1326 diu·
1876 1284 1985 1333 ssffissfssi'f’
2007 1287 2059 1308 '¹⁰‘

1119 1341 1180 1375 tius
1202 1341 1452 1388 praesentatione
1479 1340 1620 1384 illorum,
1647 1340 1772 1376 easdem
1799 1340 1863 1375 Ec-

1118 1390 1241 1435 clesias,
1263 1390 1470 1438 appellatione
1493 1398 1622 1435 remota,
1644 1390 1794 1425 canonice
1810 1402 1863 1424 or-

1119 1438 1248 1474 dinandi
1287 1439 1414 1474 liberam
1444 1438 1560 1474 habeas
1585 1439 1775 1474 facultatem.
1809 1438 1863 1474 Sic

1119 1495 1234 1533 tamen,
1261 1497 1296 1523 ut
1322 1500 1360 1523 ex
1388 1489 1448 1523 hoc
1470 1488 1532 1523 illis
1553 1488 1585 1523 in
1607 1496 1767 1544 posterum
1790 1487 1863 1523 nul-

1119 1537 1183 1572 lum
1207 1537 1317 1573 debeat
1344 1537 1570 1584 praeiudicium
1593 1538 1747 1584 generari.
1778 1538 1861 1573 Nulli

1119 1599 1193 1634 ergo
1227 1588 1355 1622 omnino
1391 1587 1555 1621 hominum
1583 1587 1674 1622 liceat
1702 1587 1782 1623 hanc
1808 1599 1861 1634 pa-

1119 1638 1222 1682 ginam
1264 1645 1387 1671 nostrae
1420 1635 1633 1671 concessionis
1671 1636 1863 1685 infringere

1121 1685 1165 1720 vel
1193 1687 1219 1720 ei
1247 1698 1324 1721 ausu
1353 1686 1516 1721 tenurario
1538 1686 1702 1721 contraire.
1737 1686 1771 1721 Si
1793 1687 1864 1734 quis

1124 1743 1227 1769 autem
1256 1735 1315 1770 hoc
1336 1743 1486 1769 attentare
1512 1735 1766 1781 praesumpserit,
1788 1736 1863 1770 indi-

1123 1785 1302 1830 gnationem
1330 1784 1554 1830 omnipotentis
1571 1784 1629 1819 Dei
1652 1791 1681 1819 et
1703 1784 1863 1820 beatorum

1120 1834 1202 1869 Petri
1230 1841 1260 1868 et
1287 1833 1374 1868 Pauli
1409 1833 1622 1880 apostolorum
1648 1833 1718 1868 eius
1743 1847 1778 1869 se
1805 1846 1864 1870 no-

1123 1884 1197 1918 verit
1222 1883 1434 1918 incursurum.

1170 1932 1283 1967 Datum
1311 1931 1474 1972 Laterani,
1506 1945 1522 1965 v
1555 1931 1626 1967 idus
1653 1931 1733 1978 iulii,
1761 1932 1865 1980 ponti-

1123 1982 1232 2017 ficatus
1253 1982 1350 2017 nostri
1371 1994 1454 2016 anno
1474 1982 1586 2028 primo.

1191 2036 1251 2065 Dat.
1269 2036 1316 2066 die
1339 2035 1371 2065 11
1399 2035 1463 2064 iulii
1482 2044 1557 2064 anno
1575 2034 1688 2065 Doinini
1706 2035 1798 2073 1188,

1374 2078 1477 2118 pontif.
1495 2087 1571 2108 auno
1590 2088 1609 2110 1.

1890 1595 1968 1617 Solitas
1990 1602 2042 1616 eon-

1910 1628 2024 1649 olusianus.

1471 2184 1521 2219 Vt.

1125 2253 1336 2296 Confirmatio,
1373 2265 1425 2285 seu
1458 2253 1627 2297 desiqnalio
1662 2253 1868 2287 Ecclesiamm

1173 2301 1442 2347 suffraganearum
1478 2302 1751 2347 archiepiscopatus
1792 2303 1868 2335 Bre-

1173 2351 1281 2384 mensis
1303 2352 1365 2392 (A).

1391 2404 1606 2436 SUMMARIUN

1127 2461 1291 2491 Exordium.
1323 2478 1361 2484 --
1392 2462 1541 2492 Ecclesiae
1571 2461 1761 2499 suffraganea:
1784 2463 1866 2493 desi-

1166 2506 1292 2539 gnantur
1320 2507 1435 2532 etcum
1465 2501 1600 2532 omnihus
1625 2503 1867 2541 possessionibus

1161 2558 1201 2592 (t)
1221 2558 1291 2584 Inter
1321 2559 1455 2594 privilegia
1481 2559 1553 2586 arch.
1580 2559 1765 2594 Hammaburg.
1786 2560 1869 2586 edtdtl.

1129 2594 1248 2664 pauliaco.
1270 2595 1339 2629 apud
1360 2595 1548 2629 Lindenbrog.,
1560 2594 1656 2629 Script.
1674 2595 1867 2630 septemflua„
