2129 3223
175 245 222 272 Αη,
241 247 351 274 (71217

417 239 485 271 526

366 312 396 329 nc
411 305 512 330 nuntiis
527 305 581 329 eius
654 305 683 328 de
699 304 806 328 iustitiis
821 305 874 329 siris
886 306 940 330 sinc
957 304 1113 338 difficultate

368 343 567 377 responderent.
587 343 732 370 Laudatum
749 343 933 371 infeudauoms
953 348 1113 371 instrumen-

367 388 424 409 tum
440 382 560 410 subiicio.

508 463 543 495 ln
565 464 684 496 nomine
716 464 849 497 Domini.
875 465 979 497 Amen.

419 547 510 582 Anno
530 560 545 582 a
581 548 738 583 nativitate
771 548 894 582 Domini
924 548 1019 583 nostri
1045 548 1111 582 lesu

367 596 484 632 Christi
518 597 687 632 millesimo
724 597 941 633 ducentesimo
972 598 1113 632 decimo-

367 647 514 694 septimo,
542 647 742 694 pontificatus
764 647 884 681 domini
907 647 1036 681 Honorii
1051 646 1111 681 PP.

367 697 447 730 tertii
480 697 592 744 primo,
629 696 680 730 die
724 696 940 731 decimotertio
968 696 1113 739 intrante,

369 757 478 781 mense
496 746 614 793 apriliS,
643 745 815 780 indictione
835 747 956 793 quinta,
971 746 1001 779 iu
1023 757 1113 792 prae-

367 803 467 830 sentia
500 803 531 830 et
553 803 731 830 testimonio
769 803 947 841 rogatorum
986 803 1112 829 testium

369 844 650 892 infrascriptorum,
672 856 776 879 coram
800 844 1010 879 cardinalibus
1045 845 1114 878 sci-

369 895 441 931 licet
466 893 602 929 dominis
644 893 683 928 G.
724 894 757 927 P.
793 894 975 933 Albanensi,
1012 902 1041 928 et
1076 892 1112 928 C.

368 944 534 979 portuensi
562 944 732 990 episcopis,
756 955 877 978 necnon
910 943 1039 977 domino
1080 944 1112 977 L.

367 993 448 1028 tituli
482 993 616 1028 Sanctae
637 993 749 1028 Crucis
770 993 800 1026 in
823 992 1040 1036 Hierusalem,
1062 994 1115 1027 do-

369 1044 457 1078 mino
478 1042 513 1077 P.
536 1042 670 1078 Sanctae
694 1042 919 1081 Pudentianae,
935 1043 1065 1077 dcmino
1079 1041 1113 1077 S.

368 1092 515 1127 basilicae
543 1092 716 1126 Duodecim
730 1092 970 1138 Apostolorum,
986 1091 1114 1126 domino

368 1142 406 1178 R.
428 1142 476 1177 tit.
499 1141 605 1176 Sancti
633 1141 785 1188 Stephani
810 1142 838 1175 in
861 1141 970 1176 Coelio
997 1141 1114 1185 Monte,

367 1191 496 1227 domino
521 1190 581 1226 Th.
610 1191 689 1225 tituli
719 1190 853 1226 Sanctae
889 1188 1049 1230 Sabinae.
1084 1200 1115 1225 et

368 1241 498 1275 domino
523 1240 547 1275 l.
570 1240 610 1275 de
630 1239 786 1275 Columna
810 1240 888 1274 tituli
911 1240 945 1275 S.
966 1239 1115 1275 Praxedis

369 1290 559 1338 presbyteris
589 1289 810 1332 cardinalibus,
845 1297 873 1323 et
911 1287 1040 1324 domiuo
1074 1289 1113 1324 G.

368 1339 475 1375 Sancti
497 1339 616 1374 Nicolai
640 1339 670 1373 in
693 1338 837 1379 Carcere,
856 1339 987 1373 domino
1008 1339 1113 1374 Sancti

369 1389 538 1444 Theodori,
565 1389 697 1423 domino
718 1389 751 1423 S.
775 1388 881 1423 Sancti
899 1388 1041 1429 Adriani,
1063 1390 1116 1423 do-

369 1439 455 1473 mino
481 1437 519 1472 R.
557 1437 662 1472 Sancti
694 1437 819 1484 Angeli,
852 1438 981 1472 domino
1019 1438 1115 1472 Alde-

370 1488 524 1523 brandino
551 1488 656 1523 Sancti
680 1487 854 1528 Eustachii,
876 1487 1004 1521 domino
1023 1487 1115 1533 AEgi-
1135 1484 1136 1500 ³

958 249 1058 273 noua
1063 249 1094 272 R!
1099 249 1145 272 ΠΜ
1170 247 1334 271 ΕΟΜΑᾺΤΜ

1152 303 1235 350 quod
1265 303 1331 348 ipse
1353 303 1384 337 in
1409 302 1530 350 propria
1555 314 1686 350 persona
1709 301 1822 337 debeat
1851 302 1899 335 vi-

1153 354 1247 387 sitare
1269 352 1396 388 Curiam
1424 352 1611 395 Romanam,
1638 360 1669 387 et
1690 351 1792 386 iurare
1820 349 1898 386 nde-

1154 402 1270 437 litatem
1293 402 1423 437 domino
1450 401 1552 447 Papae
1588 409 1619 436 et
1644 401 1803 436 Ecclesiae
1831 401 1898 436 Ro-

1154 464 1264 486 manae
1287 464 1341 498 pro
1363 452 1446 486 dicta
1468 450 1617 492 Marchia;
1634 459 1666 487 et
1685 451 1763 485 haec
1792 451 1897 485 omnia

1153 501 1314 536 attendere
1340 508 1370 536 et
1395 501 1562 536 ohservare
1587 500 1692 535 dictus
1709 498 1803 535 Oddo
1816 508 1898 534 tacto

1154 550 1232 585 libro
1254 550 1456 597 corporaliter
1477 549 1601 585 iuravit.

1415 623 1510 655 Testes
1530 622 1643 665 rogati.

1202 693 1294 727 Dom.
1331 692 1513 727 Willelmus
1548 693 1686 728 marchio
1722 693 1900 729 Montisfer-

1156 744 1222 777 rati.

1203 792 1296 827 Dom.

1204 842 1297 876 Dom.

1205 891 1297 926 Dom.

1205 940 1296 974 Dom.

1204 989 1297 1024 Dom.

1205 1039 1295 1073 Dom.

1320 791 1519 838 Salinguerra
1541 792 1579 827 de
1601 792 1756 827 Ferraria.

1321 841 1476 876 lohannes
1497 842 1649 888 Capotius
1671 841 1844 877 Romanus.

1323 890 1468 937 Pagauus
1489 891 1528 925 de
1545 891 1679 926 Saviola.

1320 939 1506 976 Suxinellus
1532 941 1571 976 de
1599 940 1753 977 Ferraria.

1326 989 1480 1036 Ugolinus
1507 990 1613 1026 Sancti
1636 991 1794 1026 Iohannis.

1321 1040 1481 1088 presbyter
1502 1040 1540 1078 (le
1563 1040 1735 1076 Placentia.

1205 1088 1295 1123 Dom.
1319 1080 1424 1124 Guido
1446 1090 1575 1125 Nisnelli
1599 1090 1638 1125 de
1665 1090 1774 1137 Regio.

1205 1138 1297 1172 Dom.
1320 1132 1441 1173 ᾸἿίῑίιιε
1461 1139 1500 1173 de
1526 1139 1636 1185 Regio

1204 1187 1316 1222 Petrus
1362 1188 1512 1234 Capotius
1553 1189 1730 1224 Hostiarius
1780 1188 1900 1223 domini

1156 1237 1268 1283 Papae.

1205 1286 1316 1321 Petrus
1341 1286 1491 1322 Nicolaus
1517 1287 1605 1322 Sotio
1626 1300 1693 1322 suo.

1205 1336 1378 1383 Zapulinus
1400 1338 1542 1372 notarius
1562 1337 1601 1372 de
1621 1336 1773 1373 Ferraria.

1205 1388 1318 1421 Actum
1347 1387 1376 1421 in
1400 1386 1519 1421 Palatio
1540 1386 1740 1422 Lateranensi
1764 1390 1796 1422 in
1823 1399 1903 1423 con-

1157 1436 1283 1471 sistorio
1305 1435 1448 1470 feliciter.

1207 1485 1271 1531 Ego
1293 1484 1442 1526 Thomas,
1459 1486 1511 1532 qui
1541 1498 1633 1521 vocor
1645 1486 1822 1528 Aizardus,
1843 1487 1904 1522 do-

370 1537 422 1572 dio
443 1537 631 1572 Sanctorum
653 1536 789 1572 Cosmae
809 1544 839 1570 et
868 1536 1013 1570 Damiani
1049 1537 1116 1571 dia-
1135 1541 1137 1580 Ι
1156 1534 1232 1568 mini
1233 1511 1390 1570 z'Othonis
1418 1535 1614 1590 imperatoris
1641 1536 1790 1580 notarius,
1805 1536 1903 1571 inter-

369 1588 459 1622 conis
499 1586 723 1625 cardinalibus,

372 1636 454 1684 Papa
484 1637 596 1670 tertius
638 1636 677 1670 de
722 1647 877 1670 consensu
913 1642 943 1669 et
983 1636 1115 1670 consilio

370 1685 499 1720 fratrum
513 1698 644 1720 suorum
661 1685 893 1731 praedictorum
908 1684 1111 1719 cardinalium

371 1735 526 1770 investivit
553 1747 607 1782 per
629 1735 774 1769 vexillum
795 1734 874 1768 beati
906 1733 989 1768 Petri
1013 1734 1115 1769 Otho-

371 1796 441 1819 nem
465 1783 625 1819 Ramberti
648 1784 687 1818 de
704 1792 766 1818 tota
780 1783 920 1818 Marchia
947 1783 1115 1818 Guarnerii

371 1834 497 1869 nomine
518 1843 548 1869 et
560 1834 625 1868 vice
648 1833 843 1868 marchionis
858 1833 990 1867 Azzonis
1007 1833 1118 1868 Esten-

370 1884 414 1918 sis
433 1883 635 1931 recipientem
664 1895 719 1930 pro
746 1894 794 1923 eo,
823 1884 1032 1929 procuratoris
1060 1895 1117 1917 no-

373 1934 475 1973 mine,
506 1933 585 1968 sicut
629 1932 762 1967 investiti
799 1932 924 1967 suerunt
961 1940 1049 1979 pater
1087 1941 1117 1967 et

373 1983 465 2017 frater
485 1982 560 2017 dicti
585 1982 720 2016 Azzonis
745 1994 799 2028 per
841 1981 1013 2016 Ecclesiam
1050 1982 1117 2017 Ro-

373 2045 507 2071 manam,
529 2044 600 2066 cum
624 2031 773 2065 omnibus
801 2030 973 2065 rationibus
1012 2038 1042 2065 et
1077 2032 1139 2065 Ιί-4

374 2081 558 2120 bertatibus,
581 2080 704 2115 iuribus
725 2088 756 2115 et
777 2080 950 2115 honoribus
975 2081 1116 2116 eiusdem

374 2131 542 2168 Mai-chiae,
583 2131 701 2165 scilicet
739 2129 776 2164 ad
814 2129 1003 2165 voluntatem
1044 2130 1116 2165 dicti

375 2181 576 2225 marchionis,
597 2189 626 2214 et
659 2181 768 2214 matris
793 2191 869 2214 suae
894 2180 1092 2214 comitissae.

374 2231 413 2264 de
439 2228 655 2285 s-lnnmahbus
675 2229 714 2263 ab
740 2228 848 2263 eadem
878 2228 1015 2263 ”arebla
1047 2241 1119 2275 per*
1158 2264 1288 2292 Honorius
1304 2265 1443 2300 epist-,opus
1459 2271 1554 2293 servus
1572 2270 1711 2294 servorum
1728 2264 1906 2297 Deianora-

374 2281 473 2327 0eptis
499 2279 612 2314 debeat
639 2277 831 2325 respondere
853 2278 981 2312 domino
1016 2277 1118 2325 Papae

375 2338 405 2363 et
426 2328 586 2364 Ecclesiae
607 2327 780 2371 Romanae,
802 2327 841 2361 de
869 2327 1015 2361 omnibus
1046 2340 1118 2361 vero

377 2378 602 2425 temporalibus
624 2377 775 2412 fructibus
795 2377 906 2411 debeat
930 2380 1119 2424 respondere

375 2428 458 2462 dicto
485 2426 656 2462 marchioni
691 2436 721 2461 et
746 2427 834 2460 matri
858 2438 950 2469 suae,
975 2434 1006 2460 et
1035 2426 1118 2473 quod

376 2477 490 2511 dictam
519 2476 688 2511 Marchiam
723 2475 838 2510 tenebit
865 2484 893 2509 et
921 2475 1052 2510 salvabit
1081 2476 1118 2510 ad

379 2526 566 2561 voluntatem
599 2525 673 2560 dicti
714 2524 903 2560 marchionis
945 2534 975 2559 et
1015 2526 1121 2560 matris

378 2586 453 2609 suae
476 2587 531 2622 pro
542 2575 682 2610 Ecclesia
703 2574 856 2609 Romana.
882 2574 920 2608 Et
934 2586 1004 2609 cum
1019 2575 1122 2609 dictus

380 2623 517 2658 marchio
543 2624 581 2658 ad
603 2624 751 2659 maiorem
785 2626 950 2659 accesserit
980 2633 1120 2659 aetatem.

769 1586 919 1620 dominus
956 1585 1116 1620 Honorius
1156 1583 1212 1627 sui,
1239 1583 1344 1618 audivi
1371 1592 1402 1619 et
1423 1584 1545 1631 scripsi.

1489 1745 1575 1780 Xlll.

1160 1822 1359 1867 Confirmatio
1384 1824 1501 1856 iuriam
1528 1825 1676 1862 omnium,
1706 1836 1743 1858 ac
1775 1825 1904 1870 privile-

1205 1874 1328 1916 giorum
1349 1884 1368 1905 a
1396 1873 1544 1906 Romanis
1575 1873 1776 1919 Pontificibus
1803 1875 1904 1909 Alba-

1207 1923 1292 1955 nensi
1318 1922 1471 1956 Ecclesiae
1491 1934 1698 1957 concessorum
1722 1925 1777 1968 (1).

1426 1995 1639 2027 SUMMARIUM

1159 2058 1196 2088 De
1214 2059 1363 2098 episcopis
1382 2058 1516 2089 Pontifici
1538 2058 1767 2090 collateralibus.
1785 2060 1903 2092 -tnra

1198 2103 1338 2133 Albanen.
1358 2103 1508 2133 Ecclesiae
1533 2104 1695 2135 confirmat.
1718 2122 1757 2128 —
1781 2105 1905 2135 Clausu-

1199 2148 1252 2177 lae.
1286 2164 1325 2170 -
1356 2147 1476 2178 Honorii
1507 2146 1561 2178 PP.
1584 2165 1624 2172 -·
1653 2154 1682 2179 et
1706 2149 1734 2179 S.
1764 2148 1796 2179 R.
1827 2148 1903 2180 Eccl.

1198 2193 1275 2221 card.
1299 2192 1541 2232 subscriptiones.

1203 2313 1251 2342 bili
1269 2313 1356 2342 fratri
1364 2313 1470 2350 Pelagio
1490 2313 1632 2344 albanensi
1642 2315 1775 2351 episcopo.
1795 2316 1906 2353 eiusque

1205 2362 1406 2391 successoribus
1424 2364 1548 2392 canonice
1566 2363 1776 2397 substituendis.
1795 2365 1823 2394 in
1845 2373 1904 2402 per·

1202 2412 1326 2447 petuam.

1211 2474 1276 2509 Etsi
1310 2486 1421 2510 omnes
1454 2488 1551 2511 unum
1593 2488 1709 2522 corpus
1733 2489 1846 2512 sumus
1871 2479 1904 2512 in

1161 2523 1297 2564 Christo,
1312 2525 1444 2572 singulis
1456 2533 1560 2561 autem
1574 2526 1652 2560 alter
1666 2525 1795 2562 alterius
1808 2539 1905 2562 mern-

1161 2633 1179 2661 S
1196 2594 1235 2629 (1)
1249 2595 1294 2662 tEi:
1315 2596 1420 2631 Regest.
1438 2594 1538 2623 Nicolai
1553 2594 1587 2622 tv
1606 2595 1687 2623 edidit
1706 2595 1821 2631 Ughell.,
1847 2597 1903 2625 Ital.

1180 2642 1232 2667 ac„
1260 2643 1312 2662 om.
1331 2643 1349 2663 ι.

1914 247 1963 274 An.
1977 246 2006 274 C.
2020 246 2094 274 rtatv
