2129 3223
159 256 207 283 An.
223 255 250 282 C⁴
269 254 337 281 1252

401 243 471 277 694

353 308 476 342 noveris
497 306 828 342 excommunicationis
855 306 967 354 laqueo
995 305 1092 340 inno—

353 357 469 391 datum.

401 406 514 440 Datum
533 405 664 440 Viterbii
682 405 774 441 tertio
792 417 890 440 nonas
909 404 996 443 iunii,
1019 416 1094 451 pon-

353 455 488 490 tificatus
510 455 607 490 nostri
629 467 711 490 anno
739 455 849 502 primo.

412 516 474 546 Dat.
492 517 538 546 die
560 517 578 546 3
596 516 669 546 iunii
686 516 770 551 1252,
793 516 892 554 pontif.
914 517 989 545 anno
1018 524 1035 544 1.

704 595 751 630 Vl.

353 678 550 724 Inquisitores
571 678 737 711 haereticae
758 677 922 723 pravitatis
948 684 973 709 et
994 687 1097 710 eorum

402 733 533 772 notarii,
570 745 589 766 a
621 744 805 777 quocumque
843 732 973 776 officiali
1009 731 1097 764 Sedis

403 787 594 832 Apostolicae
625 787 762 831 deleqato
788 797 849 818 non
891 791 1015 829 possunt
1041 796 1096 817 εω-

402 842 637 878 communicari,
661 841 829 885 suspendi,
864 840 907 872 vel
928 839 1094 886 ‘interdicss

402 896 514 939 ubsque
539 895 669 928 eiusdem
693 895 780 927 Sedis
802 894 923 926 licentia
943 893 1077 937 speciali.

353 978 475 1007 urbanus
493 978 632 1014 opiscopus
654 984 748 1005 servus
761 983 899 1004 servorum
917 976 972 1008 Dei,
991 975 1100 1004 dilectis

398 1027 464 1056 tiliis
486 1026 623 1055 tratribus
641 1026 744 1055 ordinis
772 1025 993 1054 Praedicatorum
1011 1025 1101 1061 inqui-

399 1076 532 1106 sitoribus
549 1076 704 1105 haereticae
729 1075 890 1112 pravitatis,
909 1075 937 1103 in
955 1082 1036 1111 regno
1073 1075 1102 1103 et

400 1126 514 1156 dominio
536 1126 690 1155 charissimi
707 1125 735 1154 in
753 1125 862 1154 Christo
880 1125 932 1153 dlii
960 1125 1049 1154 nostri
1068 1125 1100 1153 il·

402 1175 502 1205 lustris
514 1175 589 1212 regis
603 1175 756 1210 aragonum
781 1174 923 1210 deputatis
935 1181 951 1202 a
961 1175 1025 1203 Sede
1037 1174 1101 1209 Apu·

401 1225 508 1259 statiua,
527 1227 557 1255 et
575 1226 602 1255 in
620 1226 761 1262 posterum
779 1225 951 1260 deputandis,
986 1224 1103 1253 satutem

400 1277 430 1305 et
446 1272 625 1312 apostolicam
642 1275 863 1304 benedictionem.

405 1346 420 1386 g
445 1345 475 1376 t.
497 1342 544 1377 Ne
566 1342 777 1389 inquisitionis
801 1341 961 1388 negotium
997 1350 1103 1377 contra

358 1396 536 1431 damnatam
573 1395 729 1430 haeresim
766 1395 952 1442 prudentiae
988 1403 1104 1431 vestrae

359 1450 563 1485 commissum
586 1449 729 1496 impediri
750 1449 844 1495 (quod
866 1449 958 1493 absit)
981 1458 1105 1496 propter

359 1504 538 1552 aliquorum
566 1503 728 1542 astutiam,
756 1503 802 1537 vel
838 1503 929 1537 etiam
958 1503 1103 1538 retardari

359 1558 535 1604 contingat,
570 1557 660 1592 vobis
690 1557 872 1591 auctoritate
895 1557 1104 1604 praesentium

360 1611 573 1657 indulgemus,
599 1618 633 1645 ut
654 1609 762 1644 nullus
789 1609 881 1645 Sedis
907 1610 1106 1657 Apostolicae

360 1664 522 1710 delegatus
541 1664 587 1698 vel
614 1663 836 1709 subdelegatus
856 1664 895 1698 ab
914 1676 961 1705 eo,
978 1677 1108 1699 conser-

361 1728 447 1753 vator
481 1717 643 1752 autetiam
667 1725 816 1752 executor
836 1730 852 1752 a
874 1717 956 1752 Sede
977 1718 1109 1765 Aposto-

361 1772 418 1807 tica
445 1772 614 1820 deputatus
641 1771 764 1816 eadem,
792 1784 848 1806 seu
884 1772 977 1807 etiam
1004 1772 1108 1820 depu-

362 1826 491 1867 tandus,
527 1827 556 1860 in
595 1838 662 1867 vos,
702 1826 749 1861 vel
788 1833 921 1873 quatuor
959 1828 1108 1871 notarios,

363 1880 428 1915 sive
458 1879 627 1928 scriptores
662 1889 793 1924 vestros,
820 1893 916 1927 super
946 1881 994 1915 liis
1023 1881 1109 1916 vobis

364 1933 496 1968 fideliter
518 1933 742 1981 obsequentes,
764 1934 915 1981 quamdiu
940 1935 969 1968 in
999 1947 1110 1982 prose—

364 1988 493 2023 cutione
527 1987 708 2023 huiusmodi
736 1989 849 2034 negotii
886 2000 941 2023 vos
988 1997 1017 2023 et
1051 1990 1108 2037 ipsi

364 2041 499 2077 fueritis:
540 2042 639 2089 possit
672 2042 1022 2083 excommunicationis,
1062 2043 1109 2077 vel

364 2095 601 2143 suspensionis,
641 2103 693 2130 aut
728 2095 883 2130 interdicti
924 2097 1110 2131 sententiam

367 2149 575 2196 promulgare.
591 2149 710 2197 absque
725 2149 852 2196 speciali
869 2149 1013 2185 mandato
1026 2163 1112 2198 prae-

366 2204 467 2239 dictae
493 2203 598 2245 Sedis,
625 2203 758 2239 faciente
785 2203 907 2250 plenam
931 2212 961 2238 et
982 2215 1113 2252 expres-

367 2269 432 2292 sam
455 2257 494 2292 de
515 2257 575 2292 hac
593 2256 788 2303 indulgentia
812 2257 1014 2292 mentionem.

416 2315 432 2355 ἓ
454 2313 486 2346 ⁶2.
509 2311 723 2346 Decernentes
750 2311 872 2346 irritum
900 2319 929 2346 et
956 2312 1058 2352 inane,
1087 2312 1112 2346 si

369 2376 461 2400 secus
487 2364 581 2400 fuerit
605 2372 801 2400 attentatum.

418 2422 435 2463 ἓ
457 2421 489 2454 5.
516 2419 601 2455 Nulli
624 2431 697 2466 ergo
718 2419 848 2454 omuino
874 2418 1037 2453 hominurn
1060 2426 1113 2453 etc.

421 2473 537 2509 Datum
565 2473 647 2521 apud
676 2472 814 2508 Montem
842 2472 1027 2507 Flasconem
1063 2485 1115 2508 se-

374 2527 477 2562 cundo
503 2539 603 2563 nouas
628 2527 767 2574 augusti,
793 2526 990 2574 pontificatus
1017 2526 1114 2562 nostri

373 2591 455 2615 anno
477 2581 590 2628 primo.

422 2636 481 2667 Da«.
506 2637 551 2667 die
566 2639 584 2668 4
600 2638 717 2676 augusti
734 2638 819 2674 1262,
838 2637 942 2676 pontit.
962 2646 1036 2668 anno
1054 2646 1072 2667 1.

934 251 1031 274 BULLA
1037 251 1118 273 tuum
1139 249 1299 272 ROMANUM

1468 303 1535 338 Vll.

1136 384 1227 424 Quod
1246 385 1438 428 inquisitores
1464 385 1628 418 haereticae
1652 383 1824 428 pravitatis.
1845 389 1872 416 ot

1180 444 1284 467 eorum
1310 435 1384 467 socii
1403 435 1519 468 ordinis
1540 434 1675 478 fratrum
1703 432 1872 466 Praedica-

1183 490 1282 517 torum
1303 491 1406 517 mutuo
1434 495 1463 517 se
1494 485 1610 528 possint
1635 484 1673 517 ab
1698 494 1873 516 excommu—

1182 534 1333 566 nicatione
1380 534 1549 571 absolvere,
1596 532 1873 576 t'rreqularitatibus

1184 583 1368 627 dispensare,
1383 595 1403 616 α
1417 584 1526 627 quibus
1542 593 1597 627 per
1611 583 1728 626 priores
1743 582 1873 615 eiusdem

1183 633 1299 665 ordinis
1320 633 1435 665 absolvi
1457 639 1585 677 possent.

1135 715 1256 744 Urbanus
1274 716 1412 751 episcopus
1423 722 1517 744 servus
1533 721 1671 743 servorum
1683 715 1740 748 Dei,
1768 716 1878 745 dilectis

1180 763 1245 792 filiis
1264 764 1401 794 fratribus
1435 764 1537 794 ordinis
1556 764 1772 793 Praedicator-um
1789 765 1877 801 inqui-

1181 813 1313 842 sitoribus
1343 814 1498 843 haereticae
1516 813 1668 850 pravitatis
1690 814 1719 843 in
1741 816 1823 850 regno
1849 815 1880 843 ot

1181 863 1295 892 dominio
1314 864 1466 893 charissimi
1484 864 1512 892 in
1530 863 1636 892 Christo
1658 861 1709 891 dut
1726 862 1814 893 nostri
1846 861 1880 893 it·

1181 912 1282 940 lustris
1299 913 1374 948 regis
1392 913 1543 949 aragonum
1561 912 1705 949 deputatis
1730 916 1747 941 a
1783 913 1882 942 sancta

1183 962 1246 990 Sede
1265 962 1428 997 Apostolica,
1448 963 1476 991 et
1494 962 1522 990 in
1539 963 1680 998 posterum
1703 958 1879 998 deputandis,

1184 1010 1299 1040 salntem
1317 1012 1347 1040 et
1365 1012 1540 1048 apostolicam
1556 1011 1775 1040 benedictionem.

1189 1083 1204 1122 ξ
1233 1081 1262 1112 ’1.
1287 1078 1327 1113 Ut
1350 1079 1509 1125 negotium
1537 1077 1624 1113 Fidei
1655 1078 1784 1113 valeatis
1805 1077 1883 1112 lihe-

1143 1129 1207 1163 rius
1238 1140 1430 1174 promovere,
1460 1128 1546 1162 vobis
1576 1127 1758 1162 auctoritate
1792 1139 1882 1174 prae—

1142 1178 1277 1212 sentium
1298 1178 1506 1224 indulgemus,
1529 1186 1562 1212 ut
1589 1178 1615 1212 si
1644 1189 1697 1211 vos
1718 1184 1749 1212 et
1774 1176 1885 1212 fratres

1144 1227 1236 1261 vestri
1260 1226 1380 1262 ordinis
1405 1227 1508 1261 socios
1527 1235 1644 1261 vestros
1670 1227 1885 1261 excommuni-

1144 1277 1274 1311 cationis
1300 1277 1485 1311 sententiam
1510 1284 1541 1310 et
1561 1276 1819 1322 irregularitatem
1842 1275 1887 1309 in-

1143 1338 1269 1361 currere
1308 1326 1463 1373 aliquibus
1502 1325 1626 1361 casibus
1668 1337 1706 1360 ex
1749 1322 1885 1360 humana

1145 1376 1308 1422 fragilitate
1335 1376 1507 1422 contingat,
1540 1374 1587 1408 vel
1621 1375 1767 1410 recolatis
1793 1374 1885 1409 etiam

1146 1426 1326 1467 incurrisse,
1348 1427 1420 1480 quia
1449 1432 1576 1472 propter
1598 1424 1771 1459 iniunctum
1799 1423 1888 1458 vobis

1145 1474 1282 1509 officium
1305 1474 1342 1509 ad
1366 1476 1485 1521 priores
1513 1482 1631 1508 vestros
1652 1473 1691 1508 de
1714 1472 1772 1508 levi
1792 1484 1888 1520 super

1147 1524 1205 1557 lioc
1233 1536 1391 1558 recurrere
1426 1535 1489 1558 non
1517 1522 1662 1578 potestis,
1689 1530 1801 1557 mutuo
1833 1534 1889 1557 vos

1146 1585 1241 1627 supet
1259 1573 1308 1607 his
1328 1573 1501 1612 absolvere,
1525 1574 1608 1606 iuxta
1631 1571 1761 1606 formam
1783 1564 1888 1606 Eccle-

1147 1634 1228 1662 siae,
1262 1630 1293 1657 et
1330 1622 1416 1656 iobis
1450 1634 1522 1656 cum
1561 1622 1744 1656 anctoritate
1784 1629 1890 1656 nostra

1147 1672 1328 1717 dispensare
1351 1672 1488 1718 possitis,
1515 1671 1545 1705 in
1568 1671 1694 1706 casibus
1721 1672 1750 1705 in
1772 1669 1890 1718 quibus

1148 1721 1241 1755 dictis
1268 1721 1436 1768 prioribus,
1470 1728 1503 1755 ut
1524 1720 1649 1762 dicitur,
1671 1729 1718 1755 est
1743 1719 1783 1755 ab
1808 1719 1889 1767 Apo-

1148 1771 1256 1805 stolica
1279 1770 1362 1805 Sede
1383 1782 1581 1805 concessum.

1196 1819 1281 1854 Nulli
1308 1831 1382 1866 ergo
1408 1828 1459 1854 etc.
1482 1819 1515 1855 Si
1543 1819 1615 1866 quis
1641 1827 1744 1854 autem
1768 1825 1822 1853 etc.

1198 1870 1312 1904 Datum
1350 1870 1431 1917 apud
1458 1869 1596 1904 Mentem
1624 1868 1809 1904 Flasconem
1837 1879 1891 1902 se-

1150 1919 1255 1954 cundo
1289 1931 1387 1954 nonas
1414 1919 1550 1966 augusti,
1574 1918 1773 1965 pontificatus
1793 1917 1891 1953 nostri

1150 1981 1232 2003 anno
1251 1969 1362 2016 primo.

1196 2025 1256 2055 Dat.
1276 2026 1323 2055 die
1338 2026 1355 2054 li
1374 2035 1428 2063 au·e
1419 2026 1490 2054 usti
1508 2025 1591 2060 1252,
1613 2024 1715 2064 pontif
1737 2033 1812 2054 anuo
1835 2033 1852 2054 ι.

1480 2143 1560 2178 vlit.

1155 2217 1368 2260 Eoeetnptiones
1389 2223 1416 2249 et
1432 2217 1636 2250 immunitates
1653 2215 1894 2260 congregationis

1201 2267 1417 2299 monachorum
1450 2266 1565 2299 Montis
1598 2266 1749 2309 Virqinis,
1778 2264 1896 2298 ordinis

1203 2316 1311 2349 Sancti
1334 2316 1490 2349 Benedicti
1511 2317 1572 2358 (t).

1417 2389 1628 2420 SUMMARIUM

1155 2450 1319 2481 Exordium.
1337 2467 1376 2474 —-
1394 2452 1419 2481 1.
1442 2451 1589 2490 Exemptio
1613 2458 1627 2481 a
1644 2453 1828 2490 quacumque
1848 2453 1898 2480 ca*

1882 245 1932 273 An.
1950 244 1978 272 c,
1994 241 2062 286 taos

1194 2497 1279 2525 nonis
1310 2495 1463 2526 solutione.
1493 2509 1530 2518 —-
1551 2495 1578 2525 2.
1600 2494 1786 2526 Confirmatio
1808 2494 1901 2525 liber*->

1196 2544 1285 2570 tatum
1304 2541 1445 2570 onmium.
1465 2557 1503 2563 —
1524 2540 1550 2570 3.
1567 2539 1729 2570 Clausulae.

1191 2601 1231 2636 (l)
1252 2602 1485 2636 congregationem
1504 2601 1570 2628 hanc
1587 2601 1746 2636 approbavit
1769 2602 1897 2630 Caelesti-

1158 2649 1206 2668 nus
1220 2641 1264 2670 ill.
1285 2641 1392 2668 Constit-
1414 2649 1493 2673 xxiv,
1511 2649 1568 2676 pag.
1589 2642 1645 2668 ¹07.
