2129 3223
374 274 443 305 250

325 351 358 374 sc
380 339 485 373 divino
514 338 628 373 iudicio
657 339 789 374 existere
820 338 858 374 de
893 346 1068 386 perpetrata

324 388 487 435 iniquitate
519 395 699 435 cognoscat,
741 395 772 423 et
805 401 821 423 a
859 387 1069 424 sacratissimo

325 438 466 484 Corpore
501 449 535 472 ac
578 438 739 484 Sanguine
777 438 834 472 Dei
875 446 905 472 et
943 437 1069 472 Domini

326 487 546 532 Redemptor-is
563 488 660 522 nostri
676 487 745 522 lesu
760 487 876 523 Christi
894 487 992 522 aliena
1007 488 1069 529 tiat,

324 544 417 583 atque
442 538 472 570 in
496 545 637 572 extremo
659 538 803 572 examine
831 536 989 572 districtae
1023 536 1070 570 ul-

324 586 400 620 tioni
432 586 599 621 subiaceat.
643 586 773 622 Cunctis
816 594 918 621 antem
967 586 1068 620 eidem

324 636 392 670 loco
414 648 468 671 sua
499 636 564 671 iura
604 636 812 680 servantibus7
847 637 885 670 sit
918 649 974 682 pax
1009 635 1071 669 Do-

325 686 401 720 mini
435 686 532 721 nostri
574 685 645 721 Iesu
684 686 813 727 Christi,
849 694 1003 733 quatenns
1043 693 1072 719 et

130 281 168 307 Αη
195 281 220 306 fl
245 281 310 308 tint.)

325 735 374 770 1110
406 735 540 771 fructum
578 735 676 770 bonae
719 735 850 771 actionis
884 735 1071 790 percipiant,

324 793 353 819 et
375 785 457 832 apud
479 785 655 820 districtum
684 785 820 820 Iudicem
850 785 985 831 praemia
1020 796 1072 819 ae

324 843 429 870 ternae
456 835 544 883 pacis
570 835 739 870 inveniant.
763 835 876 869 Arnen.

372 885 489 920 Datum
518 884 663 919 Laterani
685 897 738 931 per
781 896 908 918 manum
948 883 1073 918 loannis

323 934 457 970 Sanctae
500 934 614 969 Mariae
650 935 680 968 in
727 933 899 969 Cosmedin
947 933 1071 967 diaconi

323 983 509 1028 cardinalis,
537 992 663 1019 sanctae
715 983 876 1018 Romanae
914 983 1073 1017 Ecclesiae

323 1033 514 1075 cancellarii,
546 1033 650 1068 idibus
699 1032 857 1072 februarii,
901 1032 1073 1067 indictione

325 1083 506 1126 undecima,
530 1083 752 1118 incarnationis
774 1082 951 1117 dominicae
990 1094 1072 1117 anno

323 1133 491 1168 millesimo
532 1132 751 1167 ducentesimo
789 1140 908 1170 octavo,
942 1131 1072 1179 pontili-

323 1190 410 1217 catus
433 1195 505 1217 vero
532 1182 650 1217 domini
675 1181 850 1216 Innocentii
871 1181 973 1229 Papae
992 1181 1071 1217 tertii

322 1244 405 1266 anno
426 1232 606 1267 undecimo.

343 1289 403 1320 Dat.
420 1290 467 1321 die
486 1291 521 1321 13
540 1290 679 1321 februarii
700 1289 783 1322 1209,
803 1289 905 1328 pontif,
925 1299 999 1320 anno
1016 1298 1052 1318 11.

639 1450 747 1486 LXVI.

324 1528 459 1561 Bit-ardo
501 1528 604 1561 comiti
644 1528 766 1561 Sorano
808 1535 941 1561 castrum
980 1528 1073 1561 Vallis

372 1577 530 1610 Moncom's
552 1578 725 1621 confirmat,
755 1589 848 1622 eaque
866 1577 982 1616 omnia,
998 1589 1073 1621 quae

373 1627 400 1660 ei
420 1627 559 1660 locarant
585 1627 726 1660 canonici
757 1627 900 1660 basilicae
938 1627 1072 1660 Latera-

373 1676 471 1709 nensis
497 1678 552 1719 (1).

594 1750 806 1780 Stnmanlun

323 1813 458 1844 Castrum
478 1813 568 1843 Vallis
595 1812 679 1842 Mont.
701 1821 767 1842 aere
796 1812 892 1842 alieno
912 1817 1072 1851 gravatum.

362 1875 401 1881 -
425 1857 502 1889 lttud
524 1857 668 1888 Ricardus
691 1856 760 1886 emit
788 1865 850 1891 sua,
876 1861 904 1886 ct
923 1856 1073 1887 Pontificis

363 1903 497 1943 pecunia.
515 1920 555 1926 —-
570 1902 711 1932 Praestito
730 1901 878 1931 fidelitatis
898 1901 1073 1939 iuramento,

362 1966 401 1972 -
422 1947 530 1979 Statuit
555 1951 586 1977 ut
610 1946 756 1977 locatione
786 1946 874 1983 finita,
892 1947 948 1976 alia
977 1948 1073 1976 favore

363 2002 569 2024 successorum
588 1991 704 2022 comitis
722 1990 827 2020 locatio
845 1991 901 2020 fiat.
921 2007 960 2012 -
978 1990 1074 2021 Tcnor

362 2037 550 2069 instrumenti
569 2036 733 2067 locationis.
748 2052 787 2057 —-
804 2035 907 2065 Comes
929 2035 1072 2067 Ricardus

363 2084 397 2113 de
416 2083 486 2113 Sora
510 2081 678 2113 fidelitatem
702 2079 809 2110 inravit
830 2078 882 2108 PP.
903 2078 1072 2111 Innocentio

362 2128 485 2167 suisque
508 2125 751 2161 successoribus,
773 2123 897 2154 testibus
926 2124 1070 2155 adstanti-

362 2172 427 2202 11115.
449 2188 488 2194 -
505 2171 596 2207 Quem
619 2169 752 2200 Pontifex
775 2169 921 2198 investivit
944 2178 995 2208 pet·
1017 2180 1071 2199 ru-

363 2225 428 2256 pam
458 2220 623 2254 argenteam
651 2213 855 2254 praesentibus
883 2214 1069 2252 supradictis

324 2287 493 2316 Innocentius
511 2285 653 2322 opiscopus
672 2292 768 2314 servus
787 2292 927 2315 servornm
946 2285 1001 2319 nei,
1026 2293 1071 2314 no·

363 2335 412 2364 hili
427 2336 486 2364 viro
501 2335 614 2364 aicardo
631 2341 758 2370 germano
777 2336 887 2368 nostro.
908 2336 1007 2364 Sorano
1029 2343 1072 2364 cu-

367 2385 438 2414 miti.

372 2453 452 2488 Cum
501 2461 636 2488 castrum
677 2452 774 2488 Vallis
820 2454 977 2488 ,11011101115
1016 2466 1071 2501 pro

128 2505 309 2559 „ssssf‘ui'irlssna'
326 2503 420 2537 ..mlta
443 2511 474 2538 et
494 2515 606 2550 magna
628 2503 780 2558 pecuniae
813 2503 985 2549 quantitate
1012 2503 1071 2538 sub

127 2568 301 2594 nouom-aium
324 2552 469 2598 gravibus
490 2561 572 2588 esset
610 2553 808 2600 pignoratum
845 2553 962 2594 usuris,
995 2552 1072 2588 itant

324 2601 362 2636 de
383 2602 570 2638 alienatione
597 2602 696 2650 ipsius
737 2601 966 2638 multiformiter
998 2614 1070 2650 age·

359 2675 398 2710 (1)
418 2675 455 2702 Ex
473 2675 571 2709 Batuz„
590 2675 634 2703 lib.
653 2684 702 2709 xn,
718 2675 800 2712 Epist.
818 2676 843 2703 5.

918 281 1015 304 norm
1023 281 1103 303 mua!
1132 279 1291 302 nonAxmr

1876 277 1924 304 An.
1942 277 1969 304 C.
1989 277 2054 304 ¹209

1110 344 1207 375 retur,
1231 347 1288 370 nos
1323 346 1505 382 praecavere
1548 334 1705 377 volentes,
1745 345 1783 369 ne
1823 333 1860 369 ad

1111 385 1180 420 illos
1202 385 1328 420 forsitan
1357 385 1548 431 perveniret,
1591 396 1645 432 per
1677 395 1758 432 quos
1798 391 1860 418 tam

1110 435 1292 482 Apostolica
1308 434 1408 469 Sedes
1435 447 1529 481 quam
1556 434 1778 469 Lateranensis
1806 432 1862 468 Ec-

1111 485 1216 529 clesia,
1239 496 1360 519 necnon
1383 493 1412 519 ct
1436 491 1497 519 tota
1522 484 1634 519 vicinia
1668 482 1787 530 grande
1826 495 1862 517 ac

1111 546 1203 581 grave
1231 534 1403 569 incurreret
1442 533 1679 577 detrimentum,
1710 533 1861 580 cogitavi-

1112 596 1182 618 mus
1204 595 1310 618 emere
1332 583 1415 618 idem
1447 591 1595 618 castrum.
1639 582 1703 617 Sed
1743 595 1861 629 cogno-

1112 641 1245 673 scentes,
1268 632 1352 680 quod
1375 633 1579 668 Laterancnsi
1615 632 1777 667 Ecclesiae
1810 632 1861 666 di-

1113 682 1280 729 spendium
1304 690 1518 729 generaretur,
1541 683 1566 716 si
1590 689 1726 716 castrum
1755 681 1858 730 ipsum

1113 732 1292 767 immediate
1319 732 1355 766 ad
1379 731 1494 766 Setlem
1528 731 1742 787 Apostolicam
1786 744 1860 778 pet-

1114 782 1242 821 veniiffet
1282 781 1362 816 sicut
1394 781 1487 816 etiam
1518 782 1604 828 prior
1651 789 1680 815 et
1716 781 1859 816 canonici

1115 831 1257 867 eiusdem
1281 830 1441 866 Ecclesiae
1463 843 1480 865 a
1501 830 1592 865 nobis
1614 830 1748 865 consulti
1787 839 1860 865 sunt

1115 881 1297 916 multotiens
1317 880 1488 927 protestati,
1515 892 1573 915 nos
1589 879 1693 915 hahita
1708 879 1863 915 delibera-

1115 930 1199 965 tione
1222 929 1381 978 prudenti,
1404 942 1439 965 ex
1462 930 1547 965 omni
1575 937 1662 978 parte
1696 929 1860 978 providere

1115 980 1265 1021 volentes,
1287 988 1424 1015 castrum
1452 980 1555 1026 ipsum
1582 979 1623 1015 de
1651 979 1776 1015 illorum
1815 980 1860 1015 fe-

1114 1031 1216 1064 cimus
1242 1030 1303 1064 emi
1337 1041 1506 1070 consensu,
1542 1029 1654 1076 partim
1693 1029 1732 1064 de
1769 1029 1861 1064 honis

1116 1080 1188 1118 tuis,
1211 1089 1239 1114 et
1263 1079 1374 1126 partim
1398 1079 1436 1114 de
1465 1079 1589 1120 nostris,
1611 1078 1648 1114 ad
1683 1091 1764 1127 opus
1798 1080 1860 1114 uti·

1116 1142 1176 1176 que
1198 1137 1302 1173 tunm,
1324 1129 1384 1164 suh
1406 1129 1533 1163 nomine
1561 1136 1680 1170 nostro,
1704 1141 1745 1165 ue
1785 1140 1861 1164 ven-

1115 1179 1266 1213 ditionem
1292 1178 1390 1225 ipsam
1413 1178 1491 1213 forte
1517 1178 1713 1234 contingeret
1743 1178 1782 1213 ab
1807 1191 1861 1214 ae-

1115 1228 1210 1263 mulis
1247 1228 1414 1275 impediri,
1440 1228 1494 1275 qui
1517 1227 1556 1263 de
1577 1228 1640 1262 tuis
1661 1228 1860 1264 successibus

1116 1286 1188 1326 typo
1221 1277 1354 1312 insidiae
1392 1279 1627 1312 contabescunt.
1669 1277 1750 1333 Quia
1787 1290 1860 1313 vero
1886 1290 1939 1312 11111
1957 1290 2056 1312 amamus

1116 1340 1170 1374 per
1196 1327 1253 1362 Dei
1281 1327 1412 1373 gratiam
1435 1327 1539 1362 omnia
1568 1327 1694 1361 suerunt
1719 1339 1787 1363 stne
1801 1336 1861 1363 tur
1873 1323 2006 1374 ἶςῖζξῶζῗξ·
2017 1323 2057 1378 „5¹

1115 1377 1242 1411 batione
1277 1377 1444 1422 completa
1485 1388 1542 1410 nos
1575 1384 1712 1411 castrum
1757 1377 1935 1424 ipsummia

1115 1437 1187 1460 cum
1227 1425 1374 1460 omnibus
1417 1425 1613 1472 pertiuentiis
1654 1426 1730 1466 suis,
1776 1427 1859 1462 salio

1115 1475 1181 1510 iure
1203 1474 1423 1510 Lateranensis
1440 1474 1611 1519 Ecclesiae,
1638 1475 1693 1510 tibi
1719 1475 1758 1512 ad
1780 1488 1860 1524 opus

1115 1532 1143 1559 et
1172 1524 1337 1559 utilitatem
1361 1532 1443 1558 tuam
1471 1532 1500 1559 et
1534 1524 1705 1560 haeredum
1733 1534 1859 1561 tuorum

1115 1574 1344 1614 concessimus,
1366 1574 1597 1620 assignavimus
1611 1582 1641 1609 et
1662 1574 1860 1616 tradidimus,

1117 1623 1167 1658 tali
1190 1623 1318 1670 quidem
1342 1631 1462 1667 tenore,
1490 1632 1521 1658 ut
1537 1637 1593 1671 pro
1609 1625 1751 1671 pecunia,
1766 1637 1859 1672 quam

1117 1685 1173 1707 nos
1194 1672 1232 1708 ad
1254 1672 1449 1720 emptionem
1472 1673 1572 1729 ipsius
1598 1674 1692 1709 castri
1723 1674 1861 1710 contuli-

1116 1735 1196 1763 mus,
1220 1730 1253 1757 tu
1277 1730 1307 1757 et
1333 1722 1483 1758 haeredes
1505 1723 1549 1758 tui
1572 1723 1610 1758 de
1644 1731 1745 1759 castro
1779 1724 1859 1772 ipso,

1116 1772 1301 1819 interposito
1323 1771 1511 1817 iuramento,
1535 1785 1642 1821 pacem
1665 1782 1696 1809 et
1716 1785 1858 1821 guerram

1115 1821 1153 1857 ad
1176 1821 1357 1857 mandatum
1392 1821 1527 1857 Romani
1559 1822 1719 1858 Pontificis
1752 1832 1860 1859 contra

1116 1871 1275 1927 quoslibet
1303 1871 1446 1907 homines
1484 1872 1611 1907 faciatis.
1642 1873 1690 1909 Tu
1726 1885 1800 1909 vero
1828 1874 1858 1908 in
1886 1882 1990 1905 Praemia
2006 1883 2055 1905 fids-

1115 1921 1290 1968 praesentia
1326 1930 1430 1957 nostra
1468 1930 1497 1956 et
1525 1922 1653 1957 fratrum
1681 1914 1937 1966 1105110111111’““’“ε
1951 1920 2055 1936 ''mm'‘
2084 1925 2097 1943 '³

1114 1983 1210 2018 super
1225 1970 1286 2006 hoc
1305 1972 1514 2006 iuramentum
1538 1972 1739 2020 corporaliter
1769 1985 1861 2019 prae·
2078 1971 2091 2011 ἒ

1114 2021 1230 2056 51111511.
1253 2020 1292 2055 Et
1315 2029 1348 2055 ut
1363 2020 1562 2056 devotionem
1581 2035 1674 2070 quam
1693 2022 1732 2058 ad
1749 2021 1860 2058 Roma·
2079 2035 2082 2040 ·

1115 2082 1184 2105 nam
1199 2070 1474 2106 ltabesEcclcsiam
1487 2072 1858 2129 pleniusdemonstrares‚

1115 2119 1152 2153 dc
1175 2119 1243 2155 aliis
1264 2132 1389 2175 quoqne
1404 2129 1506 2164 terris,
1519 2134 1599 2169 quae
1620 2122 1657 2157 ad
1680 2129 1710 2157 te
1721 2123 1859 2178 proprie-

1116 2169 1191 2203 tario
1215 2170 1280 2204 iure
1304 2170 1470 2215 pertinent,
1485 2171 1651 2206 exhibuisti
1664 2171 1788 2207 simile
1780 2185 1856 2208 tura

2090 1757 2095 1760 ¹
2074 1554 2114 1742 -2-2⁴}⁸⁰{-}¹821.3J25·¹
2083 1476 2106 1540 dass<
2087 1450 2097 1463 Γ
2095 1401 2105 1434 4³—
2090 1355 2101 1386 (Ἣ
2095 1309 2099 1322 „.
2099 1288 2102 1290 .
2087 1221 2108 1254 ,3’
2092 1162 2102 1196 ··›
2094 1142 2097 1147 -
2101 1094 2105 1095 ,

1115 2226 1267 2259 mentum,
1278 2220 1423 2266 sicutpet·
1438 2221 1619 2268 publicum'
1614 2230 1855 2257 instrumentum

1113 2276 1252 2315 apparet,
1268 2269 1350 2316 qnod
1368 2270 1500 2305 loannes
1509 2270 1547 2305 de
1555 2270 1670 2306 Sancto
1685 2271 1855 2306 Laurentio

1113 2327 1328 2353 sacrosanctae
1368 2319 1528 2355 Romanae
1573 2320 1731 2355 Ecclesiae
1775 2322 1855 2356 scri-

1115 2367 1243 2407 niarius,
1265 2368 1303 2403 de
1327 2378 1431 2404 nostro
1452 2382 1488 2404 ac
1515 2369 1642 2404 fratrum
1677 2378 1852 2406 nostrorum

1114 2417 1261 2452 mandato
1282 2418 1480 2466 conscripsit.
1500 2419 1582 2462 Quia
1613 2431 1684 2454 vero
1717 2427 1762 2460 tu,
1800 2422 1853 2468 qui

1113 2478 1280 2512 germanus
1320 2475 1424 2503 noster
1461 2468 1589 2509 existis,
1633 2468 1716 2516 apud
1761 2469 1855 2505 Late-

1113 2527 1276 2551 ranensem
1319 2517 1518 2558 Ecclesiam,
1563 2517 1613 2552 cui
1658 2530 1714 2553 nos
1756 2519 1855 2555 multa

1112 2573 1141 2600 et
1184 2577 1297 2612 magna
1325 2566 1406 2602 bona
1453 2566 1654 2612 contutimus,
1698 2567 1855 2605 inferioris

1112 2614 1302 2651 conditionis
1324 2629 1392 2651 esse
1428 2628 1488 2651 non
1526 2616 1647 2662 debes,
1681 2629 1776 2665 quam
1810 2618 1854 2654 illi

1113 2663 1247 2706 fuerunt,
1275 2665 1390 2713 quibus
1423 2665 1554 2701 diversis
1587 2667 1783 2715 temporibus
1814 2668 1854 2704 de
