2129 3223
179 259 230 286 Αιλ,
249 259 278 286 C.
294 260 361 286 ¹220

192 914 333 935 lui-amentum

426 252 495 284 576

375 317 480 351 SlOHCS
502 315 665 363 pervenll'e
693 328 754 351 non
782 317 914 364 POSSlm,
937 329 1007 351 cun]
1028 317 1119 363 longe

373 366 497 412 gravius
518 366 560 400 sit
580 374 762 408 aeternam
794 379 886 414 quam
915 367 1116 421 temporalem

373 395 531 450 offendere
552 415 756 451 maiestatem.
779 415 841 458 Qui
868 424 971 451 antem
1002 416 1116 450 intenti

371 465 485 500 luerint
510 465 574 500 sola
596 466 773 512 suspicione
796 466 947 501 notabiles
974 466 1043 509 (nisi
1079 465 1115 499 ad

372 514 553 550 mandatum
581 514 742 551 Ecclesiae
775 515 857 550 iuxta
892 515 1116 550 consideratio-

371 576 441 599 nem
465 564 668 612 suspicionis,
695 577 731 600 ac
758 566 936 612 qualitatem
966 576 1115 612 personae

371 613 526 662 propriam
572 615 782 650 innocentiam
826 627 965 661 congrua
999 626 1115 661 purga-

370 663 453 699 tione
479 665 743 710 monstraverint),
766 673 912 712 tanquam
936 663 1067 698 infames
1086 672 1115 698 et

369 713 487 749 banniti
514 714 552 749 ab
574 715 721 749 omnibus
744 714 927 749 habeantur.
950 714 993 748 Ita
1029 714 1112 759 quod

368 763 458 798 sisic
503 776 558 812 per
590 776 707 799 annum
748 764 931 803 manserint,
963 776 999 797 ex
1039 772 1113 798 tunc

367 824 420 847 eos
441 813 521 848 sicut
542 813 715 849 haereticos
742 814 1002 848 condemnamus.

414 862 587 898 Statnimns
596 863 757 898 etiamhoc
770 863 871 898 edicto
884 863 1110 910 inperpetuum

953 263 1139 284 normarum
1168 262 1235 283 ROM
1242 263 1256 283 't
1263 263 1329 284 NUM

1160 316 1196 350 ad
1220 316 1411 357 huiusmodi,
1444 329 1544 364 neque
1582 316 1620 351 ad
1662 315 1901 360 testimonium,

1159 365 1351 401 admittatur.
1379 366 1427 401 Sit
1452 367 1543 402 etiam
1566 365 1770 406 intestabilis,
1791 373 1824 400 ut
1846 378 1902 400 nec

1160 415 1291 450 testandi
1319 416 1446 451 liberam
1475 416 1585 451 habeat
1608 416 1809 460 facultatem,
1845 427 1903 450 nec

1158 465 1194 499 ad
1238 465 1436 501 haereditatis
1482 467 1714 502 successionem
1761 464 1899 500 accedat.

1158 514 1267 550 Nullus
1302 524 1458 563 praeterea
1502 517 1529 551 ei
1567 528 1663 563 super
1701 527 1902 562 quocumque

1157 565 1299 610 negocio,
1322 566 1347 600 is
1369 566 1400 600 id
1423 567 1487 612 ipse
1514 565 1582 600 aliis
1617 565 1809 612 respondere
1845 576 1902 599 co-

1155 615 1367 660 gatur.·Quod
1386 616 1411 650 si
1436 615 1513 650 forte
1540 615 1632 649 iudex
1659 615 1806 659 extiterit,
1832 615 1901 650 eius

1155 665 1307 699 sententia
1330 664 1448 699 nullam
1472 664 1584 699 habeat
1606 664 1784 699 firmitatem
1800 691 1809 709 ,
1842 676 1899 699 nec

1155 726 1266 748 causae
1293 714 1414 761 aliquae
1440 714 1478 749 ad
1507 715 1575 749 eius
1609 713 1799 749 audientiam
1823 726 1900 760 per—

1154 763 1303 798 ferantur.
1327 764 1360 798 Si
1389 764 1481 798 fuerit
1502 764 1682 802 advocatu&
1709 764 1778 798 eius
1801 771 1900 810 patro-

1153 813 1272 847 cinium
1296 813 1474 849 nullatenus
1492 813 1683 848 admittatur.
1702 813 1736 848 Si
1762 812 1898 852 tabellio,

1154 862 1358 898 instrumenta
1395 876 1449 910 per
1486 876 1557 898 eum
1593 862 1732 898 confecta
1783 862 1900 898 nullius

1918 258 1968 285 Au.
1985 258 2013 284 C.
2030 257 2098 284 1220

367 912 507 953 valituro,
532 921 566 947 ut
594 921 774 959 potestates,
797 912 955 957 consules,
979 924 1034 947 sen
1070 924 1112 946 re-

365 970 478 1002 ctores,
504 962 759 1010 quibuscumque
787 962 956 1008 fungantur
988 961 1110 1003 officiis,

343 1020 351 1023 ”
365 1024 420 1056 pro
443 1011 624 1047 defensione
648 1012 719 1047 fidei
743 1020 900 1059 praestent
922 1011 1047 1059 publice
1067 1012 1112 1045 in-

1153 913 1279 958 penitus
1305 913 1367 947 sint
1389 914 1548 948 momenti.
1575 912 1702 959 Navigia
1737 924 1897 959 quocum—
1926 926 2094 961 summanum

1152 974 1213 1008 que
1235 962 1373 997 locorum
1415 963 1622 1010 pervenerint
1663 963 1688 997 si
1728 974 1791 1009 quo
1824 973 1896 996 casu
1912 957 1966 978 ''⁰¹¹‘'
1986 963 2030 978 ⁵³⁴⁸
2056 959 2095 979 ‘¹0-

1912 990 1938 1009 mi
1941 989 1973 1009 nis
1981 990 2095 1011 restituen-

1152 1012 1345 1059 contingenti
1373 1021 1461 1068 rupta
1476 1012 1602 1057 fuerint,
1618 1012 1663 1047 vel
1675 1011 1764 1046 aliter
1784 1011 1821 1046 ad
1834 1018 1898 1046 ter-
1913 1019 1945 1039 da

170 951 232 972 super
248 946 279 965 lits
292 952 351 972 pinio-

170 977 264 996 >tinnitum
284 984 294 996 a
315 983 350 997 re-

169 1007 262 1027 ctoribus
301 1009 340 1028 civi

169 1041 239 1061 tatum.
258 1042 298 1059 etr.

180 1660 263 1681 Poenae
276 1664 350 1680 contra

168 1693 262 1711 donimus
295 1694 350 1711 tem-

168 1723 252 1748 porales
268 1723 284 1742 si
297 1722 349 1742 liae-

168 1754 246 1773 retir-vs
260 1759 299 1773 nun
312 1758 349 1773 ex-

168 1784 266 1811 pulcrius,

187 2344 210 2370 Bt
225 2354 298 2369 contra
316 2355 354 2369 eo-

174 2387 217 2401 rum
232 2385 354 2406 receptato-

175 2416 220 2433 res,
250 2410 352 2432 tantares.

365 1070 552 1106 ramentum,
574 1061 657 1108 quod
685 1061 724 1096 de
746 1062 835 1096 terris
873 1073 948 1096 suae
983 1061 1111 1096 iurisdi-

364 1111 458 1145 ctioni
486 1111 645 1156 subiectis,
668 1112 831 1146 universos
865 1111 1041 1146 haereticos
1072 1111 1110 1146 ab

364 1159 503 1195 Ecclesia
525 1160 701 1205 denotatos,
724 1161 804 1196 bona
828 1161 888 1196 fide
917 1173 972 1208 pro
993 1161 1110 1196 viribus

363 1211 572 1245 exterminare
599 1210 783 1245 studebunt.
806 1210 849 1245 lta
877 1210 1110 1258 quodammodo

363 1259 628 1306 quandocumque
649 1260 741 1295 fuerit
767 1261 837 1307 quis
859 1260 889 1294 iu
913 1268 1109 1307 potestatem,

362 1310 426 1343 sive
447 1318 640 1357 perpetuam,
664 1310 708 1345 vel
738 1309 944 1357 temporalem
984 1322 1110 1345 assum-

364 1367 447 1405 ptuS‚
474 1359 533 1394 hoc
561 1368 702 1394 teneatur
724 1359 894 1406 capitulum
935 1361 1110 1395 iuramento

364 1408 496 1443 firmare.
520 1408 667 1456 Alioquin
704 1421 762 1443 nec
800 1422 855 1455 pro
893 1410 1109 1456 potestatibus,

364 1470 420 1492 nec
448 1470 504 1507 pro
531 1457 715 1493 consulibus
736 1458 922 1503 habeantur,
950 1467 1109 1494 eteorum

363 1508 532 1543 sententias
554 1509 655 1543 irritas
683 1520 718 1542 ex
746 1515 821 1543 tunc
843 1507 1054 1553 decernimus,
1081 1517 1110 1544 et

365 1568 482 1592 manes.

413 1606 446 1641 Si
469 1619 541 1641 vero
553 1606 701 1641 dominus
724 1606 916 1654 temporalis.
943 1608 1111 1654 requisitus

364 1664 393 1690 ct
415 1656 592 1691 admonitus
613 1656 652 1691 ab
686 1656 835 1697 Ecclesia,
873 1664 986 1691 terram
1022 1670 1109 1692 snam

366 1717 498 1752 purgare
519 1706 691 1752 neglexerit
712 1706 751 1740 ab
774 1706 926 1741 haeretica
950 1708 1110 1754 pravitate,

366 1763 434 1802 post
455 1767 572 1790 annum
595 1768 611 1790 a
633 1763 773 1802 tempore
795 1755 1018 1791 admonitionis
1046 1757 1111 1792 ela-

365 1817 469 1852 psum,
492 1813 605 1840 terram
630 1804 715 1840 illius
738 1805 814 1852 ipsis
835 1807 1025 1852 exponimus
1059 1819 1112 1841 ca-

366 1854 489 1889 tholicis
516 1855 745 1902 occupandam,
767 1855 820 1902 qui
857 1867 937 1900 eam,
961 1858 1111 1891 extermi-

365 1903 444 1938 natis
474 1904 650 1946 haereticis,
679 1904 797 1959 absque
840 1905 902 1940 ulla
949 1906 1112 1940 contradi—

363 1953 470 1988 ctione
492 1953 685 2010 possideant,
708 1961 737 1988 et
760 1967 789 1987 in
814 1953 885 1988 fidei
909 1955 1021 2001 pietate
1036 1968 1113 1990 con-

365 2011 499 2037 serv.ent
527 2002 619 2038 Salvo
646 2004 713 2038 iure
751 2003 870 2038 domini
910 2004 1111 2052 principalis,

365 2051 537 2087 dummodo
574 2065 670 2100 super
701 2053 760 2087 hoc
807 2053 928 2088 nullum
977 2063 1114 2100 praestet

366 2101 575 2147 obstaculum,
597 2114 654 2137 nec
682 2102 807 2149 aliquod
847 2102 931 2137 aliud
971 2104 1111 2150 impedi-

368 2159 506 2186 mentum
553 2161 699 2199 apponat.
756 2151 872 2186 Eadem
909 2152 1114 2189 nihilominus

368 2200 435 2247 lege
458 2209 576 2237 servata
611 2209 718 2236 contra
741 2213 806 2246 eos,
834 2202 886 2249 qui
916 2214 976 2236 non
998 2203 1114 2238 hahent

367 2250 512 2285 dominos
536 2251 733 2298 principales.

416 2298 591 2335 Credentes
610 2309 768 2348 praeterea
791 2309 998 2348 receptatores
1013 2329 1022 2346 ,
1056 2302 1115 2337 de·-

368 2349 509 2385 fensores
530 2358 561 2385 et
581 2350 719 2385 fautores
741 2351 968 2385 haereticorum
1004 2351 1116 2386 banni-

370 2411 451 2440 mus,
474 2399 605 2434 firmiter
631 2408 814 2441 statuentes,
838 2407 870 2434 nt
896 2401 920 2435 si
950 2410 1113 2448 postquam

369 2448 502 2495 quilibet
527 2449 634 2484 talium
659 2449 751 2485 suerit
772 2450 810 2484 ab
832 2450 970 2486 Ecclesia
994 2463 1116 2486 excom-

371 2498 582 2534 municatione
605 2507 740 2541 notatus,
762 2499 940 2535 satisfacere
974 2508 1115 2536 contem-

373 2548 469 2592 pserit
490 2547 568 2583 infra
595 2561 789 2590 annum;ex
829 2557 904 2585 tunc
948 2550 1015 2597 ipso
1050 2551 1115 2586 iure

373 2596 411 2628 sit
433 2596 531 2632 factus
557 2597 692 2640 infamis,
716 2610 773 2634 nec
794 2598 831 2633 ad
855 2599 980 2646 publica
1001 2599 1114 2645 officia,

372 2656 428 2678 seu
453 2646 590 2693 consilia,
614 2648 658 2682 vel
693 2648 729 2683 ad
769 2648 951 2694 eligendum
991 2649 1115 2696 aliquos

1152 1074 1215 1096 ram
1246 1062 1453 1109 pervenerint,
1476 1071 1537 1097 tam
1561 1062 1694 1108 navigia,
1716 1073 1810 1108 quam
1843 1073 1898 1096 na-

1151 1112 1321 1157 vigantium
1350 1111 1431 1147 bona
1454 1112 1513 1147 illis
1539 1112 1657 1158 integre
1687 1118 1895 1154 reserventur,

1151 1140 1201 1195 adn
1216 1174 1296 1208 quos
1319 1162 1501 1209 spectabant
1528 1169 1696 1209 antequam
1734 1160 1895 1208 navigium

1152 1210 1227 1245 illud
1252 1211 1425 1259 periculum
1450 1212 1641 1247 incurrisset.
1666 1210 1795 1245 Sublata
1828 1223 1898 1245 om-

1152 1260 1239 1295 nium
1287 1261 1427 1296 locorum
1474 1262 1601 1308 penitus
1637 1259 1897 1304 consuetudine,

1135 1322 1230 1359 ,quae
1252 1310 1324 1345 huic
1346 1311 1525 1346 adversatur
1546 1311 1711 1352 sanctioni;
1740 1310 1798 1344 nisi
1825 1310 1895 1344 talia

1151 1360 1212 1394 sint
1234 1361 1375 1407 navigia,
1411 1373 1489 1408 quae
1524 1361 1691 1408 pyraticam
1733 1367 1896 1395 exerceant

1152 1410 1280 1456 pravita
1274 1423 1347 1451 em,
1369 1420 1421 1445 aut
1447 1411 1509 1446 sint
1531 1410 1622 1446 nobis
1656 1409 1703 1445 vel
1726 1409 1896 1445 christiano

1152 1459 1271 1494 nomini
1300 1460 1436 1495 inimica.

1199 1508 1462 1556 Transgressores
1483 1522 1555 1545 vero
1573 1509 1668 1544 huius
1682 1516 1807 1543 nostrae
1825 1521 1897 1544 con-

1151 1559 1319 1594 stitutionis
1347 1559 1500 1594 bonorum
1528 1571 1657 1594 suorum
1687 1558 1897 1606 publicatione

1151 1610 1352 1644 mulctentur.
1380 1609 1419 1643 Et
1445 1609 1471 1644 si
1509 1621 1558 1644 res
1592 1609 1750 1655 exegerit,
1786 1620 1895 1643 eorum

1151 1659 1280 1694 audacia
1304 1659 1388 1694 iuxta
1411 1658 1593 1694 mandatum
1621 1667 1763 1694 nostrum
1795 1657 1899 1693 modis

1152 1709 1220 1743 aliis
1242 1717 1470 1755 compescatur.

1201 1758 1321 1793 Omnes
1349 1758 1531 1806 peregrini,
1560 1766 1590 1792 et
1615 1757 1765 1802 advenae,
1799 1756 1898 1793 libere

1151 1808 1352 1855 hospitentur
1373 1807 1426 1842 ubi
1448 1807 1554 1847 velint,
1576 1816 1604 1842 et
1627 1807 1785 1854 hospitati,
1807 1807 1832 1841 si
1852 1815 1898 1842 te-

1153 1859 1225 1893 stari
1254 1858 1408 1893 voluerint
1430 1858 1468 1892 de
1496 1857 1589 1892 rebus
1610 1858 1695 1898 suis,
1734 1856 1897 1892 ordinandi

1153 1907 1281 1942 liberam
1309 1907 1443 1942 habeant
1470 1906 1658 1947 facultatem,
1684 1918 1816 1953 quorum
1845 1918 1899 1940 or-

1153 1957 1270 1992 dinatio
1303 1957 1487 1991 inconcussa
1516 1965 1667 1991 servetur.
1695 1956 1728 1990 Si
1747 1956 1801 2003 qui
1825 1967 1899 1991 vero

1155 2007 1289 2041 intestati
1317 2006 1521 2047 decesserint,
1555 2005 1593 2040 ad
1633 2006 1788 2053 hospitem
1824 2005 1898 2039 nihil

1156 2056 1324 2104 perveniar,
1352 2056 1407 2091 sed
1436 2056 1516 2091 bona
1539 2056 1678 2103 ipsorum
1707 2067 1762 2102 per
1789 2067 1899 2089 manus

1154 2109 1293 2157 episcopi
1317 2110 1376 2145 loci
1399 2109 1558 2144 tradantur
1577 2108 1762 2145 haeredibus
1779 2108 1814 2152 (si
1832 2108 1898 2143 fieri

1155 2167 1280 2211 potest),
1304 2163 1349 2199 vel
1373 2164 1402 2198 in
1419 2164 1485 2211 pias
1508 2175 1618 2198 causas
1640 2170 1818 2209 erogentur.
1834 2161 1900 2197 Ho-

1154 2230 1226 2265 spes
1267 2231 1338 2253 vero
1375 2218 1399 2252 si
1432 2218 1550 2265 aliquid
1585 2217 1624 2252 de
1662 2216 1754 2251 bonis
1791 2216 1898 2251 talium

1154 2280 1260 2307 contra
1287 2273 1367 2307 lianc
1393 2273 1648 2308 constitutionem
1671 2280 1809 2306 nostram
1842 2271 1900 2307 ha-

1156 2326 1268 2371 buerit,
1300 2327 1427 2374 triplum
1467 2327 1614 2375 episcopo
1657 2326 1807 2367 restituat,
1849 2327 1898 2360 cui

1156 2380 1254 2414 visum
1274 2380 1366 2415 fuerit
1393 2381 1627 2427 assignandum,
1656 2392 1718 2414 non
1759 2380 1900 2415 obstante

1155 2442 1270 2469 statuto
1316 2435 1432 2482 aliquo,
1475 2447 1529 2469 seu
1565 2433 1804 2478 consuetudine,
1844 2446 1898 2469 seu

1156 2489 1339 2536 privilegiis,
1365 2501 1445 2536 qnae
1468 2489 1617 2524 hactenus
1642 2488 1833 2523 contrarium
1850 2488 1900 2523 in-

1155 2542 1322 2578 ducebant.
1364 2543 1410 2578 Si.
1435 2543 1487 2590 qui
1520 2549 1624 2577 autem
1660 2550 1767 2577 contra
1803 2554 1900 2590 prae-

1155 2598 1357 2644 sumpserint,
1379 2596 1424 2632 eis
1458 2596 1496 2631 de
1538 2595 1632 2631 rebus
1669 2596 1735 2631 suis
1768 2595 1898 2632 testandi

1156 2650 1372 2686 interdicimus
1402 2649 1587 2688 facultatem,
1603 2658 1635 2683 ut
1653 2650 1682 2684 in
1710 2662 1747 2685 eo
1770 2649 1900 2698 punian-

1926 1765 1954 1786 Dc
1975 1766 2092 1792 peregrini·

1913 1800 1934 1817 et
1949 1796 2043 1817 advenis.
