2129 3223
87 267 139 298 ΑΒ.
156 267 186 295 C.
201 268 268 296 ¹257

573 319 731 356 XXXVII.

281 401 403 435 Erectio
420 402 496 434 sedis
521 401 699 445 episcopalis
724 402 755 432 in
782 401 901 434 ciritae?
927 400 1028 443 Aqui-

329 450 376 483 lae
398 452 455 492 (t).

543 526 756 558 SUMMARtUttt

276 592 384 624 Terrae
398 594 522 633 Aquilae
539 594 715 624 encomium.
731 610 770 615 —
785 593 894 623 Causae
910 594 1026 632 episco-

316 637 391 677 palis
423 638 572 676 dignitatis
598 638 624 667 ei
647 638 863 667 concedendae.
891 653 929 660 —
950 637 1023 667 Ter-

315 691 375 712 ram
399 683 531 712 eamdem
560 682 589 712 in
619 682 765 711 civitatem
794 681 894 719 erigit:
918 699 956 704 -
978 682 1025 711 Ei-

314 727 379 756 dem
403 727 564 766 episcopali
583 726 723 764 dignitate
743 735 890 755 concessa.

272 796 423 835 Menander
433 797 575 832 episcopus
587 803 681 825 servus
695 804 834 825 servorum
846 797 902 828 nei,
915 797 1024 826 dilectis

317 846 382 875 filiis
405 846 543 874 communi
561 846 683 882 Aquilan.
715 846 840 874 fidelibus
873 847 978 874 nostris
996 847 1023 874 in

316 896 490 931 perpetuum,
510 895 629 924 salutem
658 897 689 923 et
707 896 886 930 apostoticam
917 896 1022 924 benedi-

316 944 444 973 ctionem.

321 1014 422 1050 Purae
445 1015 517 1050 fidei
561 1015 700 1050 claritate
733 1015 905 1061 conspicua
941 1022 1019 1049 terra

271 1071 395 1104 vestra,
422 1072 453 1099 et
485 1064 601 1099 lucidis
632 1064 662 1098 in
706 1076 740 1099 se
775 1076 810 1098 ac
844 1064 1021 1109 magnificis

271 1113 391 1159 proficit
418 1113 550 1151 actibus,
573 1121 601 1148 et
628 1113 698 1147 aliis
720 1112 898 1148 civitatibus
932 1114 1020 1159 regni

269 1161 407 1203 Siciliae,
438 1162 598 1209 spectabili
651 1162 818 1197 sectandae
856 1162 1020 1208 probitatis

269 1212 426 1259 exemplo,
454 1211 607 1246 libertatis
630 1211 867 1259 amplectendae
908 1212 1019 1258 profe-

269 1269 353 1295 ctum
379 1260 542 1295 manifeste
581 1261 737 1308 propina13
773 1268 901 1307 propter
934 1261 1017 1306 quod

269 1317 367 1345 terrra
382 1310 503 1352 eadem,
518 1322 597 1357 quae
612 1322 627 1344 a
652 1310 812 1345 moenium
836 1309 1019 1345 fundatione

269 1371 397 1393 suorum
423 1367 582 1405 gestorum
606 1359 703 1394 nobili
727 1359 919 1405 ingenuitate
941 1371 1019 1393 con-

268 1408 412 1455 spicitur,
434 1408 480 1443 sic
508 1408 592 1454 apud
626 1409 786 1455 proximos
818 1416 848 1442 et
881 1416 1019 1442 remotos

268 1456 484 1504 multipliciter
499 1457 640 1492 redditur
660 1469 789 1492 suorum
813 1468 1017 1503 processuum

267 1506 452 1541 strenuitate
492 1506 669 1547 laudabilis,
708 1514 738 1540 et
771 1518 851 1553 pene
885 1517 942 1540 nos
989 1515 1019 1540 et

266 1553 481 1602 Apostolicam
509 1555 623 1590 Sedem
648 1554 828 1602 praecipuis
849 1554 1016 1589 attollenda

268 1603 437 1646 favoribus,
460 1612 490 1639 et
503 1605 607 1650 gratiis
627 1605 800 1651 potioribus
823 1604 1017 1648 honoranda,

267 1652 352 1700 quod
379 1665 441 1688 non
471 1655 573 1689 solum
606 1666 660 1701 per
700 1653 841 1699 singulas
875 1653 1016 1688 eiusdem

268 1702 355 1749 regni
378 1702 472 1738 urbes
494 1703 595 1738 clarae
622 1711 746 1738 resonat
779 1715 854 1737 suae
895 1714 1019 1747 praeco-

267 1751 354 1786 nium
377 1751 540 1796 bonitatis,
567 1752 621 1787 sed
650 1759 681 1786 et
706 1751 832 1797 longius
858 1751 931 1784 tulta
969 1751 1018 1784 in-

267 1807 354 1834 tonat
379 1800 480 1835 laudis
501 1802 580 1844 eius,
608 1813 728 1847 suaque
771 1800 921 1834 remotius
952 1809 1017 1834 acta

268 1848 400 1883 volantis
433 1849 532 1884 famae
568 1849 737 1884 diffusione
771 1856 955 1889 notescunt;
989 1857 1019 1883 et

269 1909 338 1937 nos,
365 1897 510 1945 dictaque
538 1897 637 1933 Sedes
664 1898 736 1933 totis
750 1897 914 1933 affectibus
929 1897 1019 1931 duci-

268 1958 351 1991 mur,
374 1955 408 1982 ut
434 1948 582 1993 congruis
609 1959 677 1982 eam
717 1947 925 1981 sublimemus
960 1946 1019 1981 lto-

269 1995 400 2031 noribus
421 2004 452 2030 et
479 1997 646 2042 condignis
687 1996 796 2042 gratiis
830 1995 1015 2030 exaltemus.

72 2046 257 2103 ΡᾚἻὶἕζίῗξῑζ
270 2044 477 2080 Attendentes
492 2046 585 2091 igitur
601 2046 740 2080 sincerae
751 2045 927 2081 devotionis
942 2057 1019 2079 con-

72 2107 94 2128 st
132 2107 256 2129 concerten-
270 2094 428 2138 stantiam,
455 2101 485 2129 et
500 2094 711 2129 indeficientis
729 2094 801 2129 fidei
826 2094 1018 2134 firmitatem,

73 2137 118 2158 ‘¹³⁶'
271 2143 386 2191 quibus
400 2152 480 2179 terra
502 2144 611 2178 eadem
639 2155 710 2190 erga
738 2143 913 2178 Romanam
953 2143 1019 2178 Ec-

271 2192 397 2228 clesiam
421 2192 538 2239 pollere
566 2192 773 2239 dignoscitur,
810 2204 846 2227 ac
879 2193 1019 2228 volentes

271 2253 310 2277 ex
323 2242 382 2278 hoc
397 2241 528 2277 affectus
541 2250 639 2276 nostr-t
657 2241 896 2289 plenitudinem,
924 2254 1017 2289 quem
1038 2238 1042 2249 ⁸

271 2291 425 2327 habemus
448 2292 484 2326 ad
508 2291 591 2326 iliam
612 2291 775 2326 ostendere
793 2303 846 2338 per
859 2290 1018 2325 effectum.
1040 2334 1042 2338 ι

271 2338 445 2376 Pensa-ntes
467 2343 571 2381 etiam,
599 2340 682 2387 quod
705 2352 815 2375 omnes
836 2339 898 2374 fere
936 2339 1021 2374 habi·
1039 2343 1042 2348 ”

272 2396 386 2425 tator-es
425 2389 582 2424 Furconis
616 2397 646 2424 et
678 2388 846 2432 Amiterni,
874 2388 1021 2424 videlicet

272 2439 312 2474 ab
332 2438 420 2475 Urna
446 2438 591 2483 Putrido,
608 2447 637 2473 et
658 2437 747 2480 Beffi,
770 2450 806 2473 ac
823 2438 903 2473 Rivo
927 2437 1021 2473 Gam-

273 2487 394 2524 barario
416 2501 517 2537 usque
544 2487 652 2523 Cornu
669 2495 700 2523 et
716 2487 855 2522 Moutem
872 2487 1018 2534 Rigalem

275 2537 444 2574 incolatum
478 2550 573 2573 suum
608 2537 646 2572 ad
683 2535 871 2584 praedictam
907 2545 1020 2572 terram

86 1063 164 1087 Terrae
190 1064 257 1092 Aqut-

75 1093 107 1114 tae
129 1095 256 1117 encomtum.

892 265 1021 289 ALEXAN
1028 266 1090 288 til-:n
1113 266 1146 287 tv
1170 266 1217 288 ΡΡ.

1699 258 1771 289 647

1071 331 1184 365 super,
1228 319 1311 366 quod
1348 332 1402 354 vos
1436 328 1592 368 tamquam
1627 320 1820 357 orthodoxa(-

1070 372 1208 408 cultores
1230 382 1259 408 ct
1280 382 1434 409 amatores
1460 374 1531 409 fidei
1560 375 1723 411 ecclesiam
1752 389 1818 412 san-

1069 433 1190 461 ctorum
1213 427 1339 462 Maximi
1379 436 1410 462 et
1442 427 1568 476 Georgii
1603 429 1642 465 de
1681 430 1817 478 Aquila,

1069 491 1162 526 quam
1186 480 1225 515 de
1247 493 1327 516 novo
1350 482 1547 523 construitis,
1567 492 1597 529 et
1622 495 1715 530 quam
1744 497 1816 519 cum

1069 533 1214 568 instantia
1238 534 1342 581 petitis
1369 535 1399 569 in
1430 535 1641 571 cathedralem
1677 539 1817 573 auctori-

1068 595 1128 622 tate
1155 588 1322 633 apostolica
1347 589 1437 633 erigi,
1469 588 1559 623 bonis
1600 591 1708 625 vestris
1736 599 1816 626 tem—

1069 640 1237 686 poralibus,
1249 642 1423 676 secuudum
1437 642 1597 677 facultates
1617 652 1743 683 vestras,
1756 645 1814 679 iam

1067 694 1261 730 laudabiliter
1286 695 1393 730 dotare
1421 697 1579 742 coepisits,
1610 710 1708 731 unum
1745 710 1815 732 mo-

1065 747 1229 783 lendinum
1274 756 1305 783 et
1338 748 1518 789 dimidium,
1546 758 1576 784 et
1598 750 1661 785 duo
1683 751 1741 785 alia
1763 763 1815 786 se-

1064 801 1137 836 dilia
1162 814 1217 849 pro
1243 802 1464 837 construendis
1492 802 1616 838 duobus
1651 804 1718 838 aliis
1746 817 1815 839 mo-

1065 855 1200 891 lendinis
1222 856 1392 891 liberaliter
1414 856 1629 901 concedendo,
1658 866 1749 904 prout
1783 859 1812 893 in

1065 909 1271 945 instrumento
1299 910 1425 957 publico
1448 910 1592 945 confecto
1614 911 1728 946 exinde
1753 912 1814 959 ple-

1064 964 1135 997 nius
1154 965 1373 1011 perspeximus
1399 964 1569 1005 contineri;
1593 966 1701 1000 vestris
1736 978 1813 1012 sup-

1064 1017 1284 1063 plicationibus
1299 1018 1455 1059 inclinati,
1482 1017 1674 1064 praedictam
1696 1026 1810 1053 terram

1061 1071 1206 1118 Aquilae,
1234 1084 1327 1119 quam
1350 1072 1410 1106 sub
1437 1071 1517 1107 beati
1541 1071 1625 1106 Petri
1653 1080 1684 1106 et
1706 1081 1809 1107 nostra

1063 1126 1254 1171 protectione
1269 1125 1474 1172 suscipimus,
1490 1125 1529 1161 de
1549 1125 1678 1160 fratrum
1693 1134 1811 1161 nostro·

1061 1190 1130 1212 rum
1153 1180 1335 1222 consilio,et
1351 1179 1548 1226 plenitudine
1571 1181 1731 1226 potestatis
1744 1188 1808 1214 sta-

1061 1232 1179 1266 tuimus
1201 1245 1271 1267 esse
1297 1233 1336 1267 de
1363 1240 1485 1267 caetero
1500 1233 1668 1276 civitatem,
1683 1233 1809 1279 episco-

1062 1285 1161 1331 palem
1185 1285 1366 1331 dignitatem
1395 1286 1604 1322 concedentes
1625 1287 1752 1328 eidem3
1775 1299 1810 1321 ac

1061 1338 1296 1374 Furconensem
1319 1340 1426 1374 sedem
1454 1352 1524 1374 cum
1557 1341 1704 1376 omnibus
1743 1341 1810 1376 suis

1061 1392 1191 1437 iuribus,
1215 1393 1423 1439 dignitatibus
1450 1403 1480 1429 et
1507 1395 1694 1436 honoribus,
1718 1407 1811 1442 prae·

1059 1447 1167 1481 sertim
1190 1459 1262 1481 cum
1289 1447 1328 1482 ad
1352 1447 1383 1481 id
1406 1447 1592 1482 venerabilis
1618 1448 1722 1483 fratris
1751 1461 1811 1484 no-

1059 1500 1113 1534 stri
1137 1499 1264 1534 Berardi
1296 1501 1450 1548 episcopi,
1488 1509 1519 1536 et
1549 1501 1736 1537 dilectorum
1771 1502 1811 1536 fi-

1060 1553 1170 1588 liorum
1194 1554 1333 1601 magistri
1360 1556 1474 1602 Angeli
1503 1556 1677 1603 cappellani
1712 1557 1809 1591 nostri

1059 1607 1333 1655 archipresbyteri,
1357 1617 1386 1643 et
1404 1609 1528 1656 capituli
1552 1609 1712 1656 quondam
1734 1609 1812 1644 Fur·

1059 1673 1171 1695 conen.
1212 1670 1279 1695 vota
1313 1669 1523 1699 concurrant,
1550 1662 1587 1696 ad
1617 1662 1808 1709 praedictam

1060 1714 1223 1749 ecclesiam
1246 1715 1433 1750 Sanctorum
1453 1715 1582 1750 Maximi
1614 1723 1644 1750 et
1681 1715 1809 1762 Georgii

1059 1768 1098 1803 de
1125 1768 1247 1815 Aquila,
1283 1780 1376 1814 quam
1411 1768 1562 1815 deinceps
1598 1768 1808 1804 cathedralem

1060 1834 1129 1856 esse
1162 1822 1376 1866 decernimus,
1413 1821 1646 1863 transferentes,
1687 1823 1809 1857 consti-

1061 1875 1190 1920 tuendo,
1213 1884 1245 1910 ut
1268 1875 1306 1909 de
1334 1883 1456 1910 caetero
1486 1875 1546 1910 loci
1580 1876 1705 1922 praesul
1744 1888 1806 1911 non

1060 1928 1251 1969 Furconen.,
1266 1928 1320 1964 sed
1337 1928 1486 1976 Aquilen.
1515 1929 1682 1976 episcopus
1709 1929 1810 1964 nomi-

1060 1991 1161 2017 netur.

1108 2036 1191 2070 Nulli
1206 2048 1281 2082 ergo
1301 2036 1430 2071 omnino
1446 2036 1609 2072 hominum
1625 2036 1715 2072 liceat
1729 2036 1808 2071 hanc

1061 2090 1207 2136 paginam
1242 2099 1419 2125 nostrarum
1455 2091 1682 2138 protectionis,
1730 2102 1809 2125 con—

1061 2145 1244 2189 stitutionis,
1283 2145 1496 2179 concessionis
1530 2152 1560 2179 et
1596 2143 1809 2178 translationis

1063 2199 1230 2245 infringere
1252 2206 1305 2232 etc.

1109 2253 1222 2287 Datum
1246 2252 1388 2287 Laterani
1415 2264 1470 2299 per
1504 2264 1630 2287 manum
1669 2251 1808 2297 magistri

1062 2305 1196 2340 Rolandi
1220 2314 1345 2341 sanctae
1364 2305 1523 2341 Romanae
1547 2304 1708 2340 Ecclesiae
1742 2305 1809 2340 vice

1062 2358 1239 2394 cancellarii
1263 2358 1388 2393 decimo
1415 2358 1563 2394 kalendas
1590 2358 1704 2398 martii,
1725 2358 1810 2393 indi—

1062 2416 1165 2448 ctione
1187 2412 1430 2458 decimaquinta,
1454 2413 1677 2447 incarnationis
1706 2411 1809 2446 domi-

1063 2467 1151 2502 nicae
1172 2477 1254 2500 anno
1280 2465 1448 2501 millesimo
1471 2465 1688 2501 ducentesimo
1721 2465 1810 2513 quin-

1062 2520 1247 2567 quagesimo
1269 2519 1414 2566 septimo,
1438 2518 1637 2565 pontificatus
1663 2530 1736 2554 vero
1757 2519 1810 2554 do-

275 2589 470 2623 transtulisse
499 2587 668 2623 dicuntur:
691 2585 936 2621 Considerantes
972 2587 1021 2619 in-
1041 2592 1043 2598 ’
1063 2574 1138 2607 mlfll
1158 2572 1326 2607 Alexand*
1355 2572 1457 2619 Papae
1475 2573 1574 2620 quaml
1597 2584 1679 2608 ³⁰⁰0
1706 2572 1808 2607 “³¹⁰⁰-

309 2643 349 2679 (ti
365 2644 405 2672 Ex
420 2645 526 2680 Regest.
545 2645 629 2671 vatic.

1078 2635 1137 2666 Dat.
1155 2637 1201 2665 die
1216 2635 1255 2665 ΞΟ
1271 2634 1411 2666 februarii
1428 2634 1513 2673 1257,
1533 2634 1634 2674 pontis.
1653 2644 1730 2665 anno
1751 2643 1794 2664 111.

1835 268 1885 294 Αη.
1905 267 1934 295 C.
1948 268 2013 296 ¹257

1838 1030 1922 1052 Terram
1950 1037 2009 1052 eum-

1825 1062 1871 1082 dem
1891 1063 1911 1082 tn
1933 1064 2005 1082 civita-

1826 1095 1866 1112 tem
1883 1093 1957 1118 erigit:

1838 1296 1907 1318 Eidem
1926 1299 2007 1324 epis-:02

1825 1327 1865 1354 pali
1907 1328 2007 1354 dignitate

1825 1363 1934 1379 concessa*
