2129 3223
35 247 86 279 Ru.
103 249 132 276 C.
146 249 215 276 ¹253

230 306 259 339 iu
294 303 482 352 quibusdam
511 303 623 338 nostris
656 302 765 338 litteris
786 302 824 338 ad
860 303 975 348 ipsum,

229 353 303 388 licet
333 365 429 399 super
453 352 513 387 alio
541 351 670 386 directis
697 353 839 399 negotio
862 353 905 387 sic
921 364 976 386 ex-

232 404 324 437 titerit
352 402 541 441 nominatus;
572 402 680 456 sicque
707 414 776 436 cum
802 403 862 436 iam
885 402 923 436 sit
945 401 974 434 in

232 452 448 499 possessione,
483 449 530 484 vel
565 451 653 498 quasi
678 451 856 485 huiusmodi
881 449 976 490 tituli,

232 513 293 536 non
310 509 409 548 potest
433 500 472 534 de
493 508 616 535 caetero
638 500 664 534 ei
690 499 758 534 talis
780 500 890 534 titulus
910 499 977 534 sine

231 551 343 584 iniuria
371 549 509 585 detrahi.
537 561 596 584 nec
621 556 667 583 cst
697 549 896 596 aliquatenus
921 548 978 583 de-

232 599 421 640 trahendus,
452 598 632 646 praesertim
661 610 732 632 cum
770 598 911 632 nonnulli
940 610 975 632 ex

232 648 320 683 vobis
341 656 482 694 tempore
496 647 744 694 praedecessoris
759 647 911 687 ciusdem,
929 659 980 681 su-

234 710 288 744 per
311 697 370 732 lioc
397 696 622 731 deliberatione
651 696 845 743 praehabita,
875 697 977 743 ipsum

233 747 335 781 taliter
355 746 595 781 nominaverint.

281 799 296 839 ἓ
318 799 350 830 2.
373 794 568 830 Chat-issimo
586 803 690 829 autem
714 794 744 828 in
767 794 896 829 Christo
915 793 979 828 filio

48 848 220 877 9⁸¹¹M¹t>¹¹⁰¹³⁸⁰
234 853 341 879 nostro
369 845 432 890 regi
460 843 615 879 Castellae
640 843 749 878 illustri
775 856 830 891 pro
852 855 889 879 eo
917 855 978 877 non

37 879 208 907 remotionum
233 893 339 929 deberi
367 894 436 928 talis
462 893 570 928 titulus
598 892 773 934 videbatur,
802 894 872 940 qnia
897 893 978 928 idem

233 955 298 983 rex,
313 955 370 978 nec
386 942 488 990 quoad
517 943 601 977 liunc
623 942 767 982 titulum,
799 955 870 977 cum
898 954 981 976 nun-

232 1005 326 1040 quam
355 1004 410 1039 per
431 991 564 1038 Papales
591 991 712 1026 litteras
736 991 838 1026 taliter
865 992 981 1025 intitu—

233 1042 314 1077 latus
334 1042 481 1081 extiterit,
504 1053 561 1075 nec
583 1040 685 1087 quoad
708 1041 764 1074 alia
792 1040 847 1075 fnit
870 1041 899 1075 in
921 1040 982 1075 ali-

232 1103 295 1138 quo
320 1091 564 1138 possessionem,
599 1090 647 1124 vel
674 1090 762 1136 qnasi
798 1090 884 1136 regni
907 1089 983 1124 Ala-

234 1141 356 1175 maniae
378 1147 560 1185 assequtus,
583 1151 641 1173 nec
663 1138 756 1173 debet
783 1147 882 1173 status
898 1150 982 1185 pen-

234 1189 338 1225 dentis
355 1189 469 1235 negotii
492 1201 562 1223 cum
585 1188 766 1223 alterutrius
782 1189 878 1235 partis
894 1200 982 1235 prae-

235 1238 352 1273 iudicio
375 1238 546 1272 immutari.

284 1291 300 1332 ἓ
327 1289 358 1321 5
386 1286 449 1322 Pro
472 1294 643 1321 memorato
670 1298 742 1321 vero
768 1298 841 1330 iege
863 1284 984 1320 Castel-

52 1341 162 1365 counan-
183 1348 222 1370 1³¹⁰
236 1337 283 1371 lae
311 1336 538 1392 suggerebatur
565 1348 581 1370 e
609 1344 734 1374 contra
769 1335 855 1369 nullo
891 1335 984 1368 modo

39 1375 148 1427 ξ’,ζδζῗό
163 1381 224 1402 “³¹¹
237 1386 342 1421 comiti
381 1394 572 1424 memorato
608 1384 662 1420 sed
698 1385 756 1430 ipsi
795 1384 860 1429 regi
896 1383 982 1429 regui

237 1434 419 1469 Alamaniae
454 1433 577 1468 titulum
616 1433 881 1477 adscribendum,
912 1445 983 1467 cum

237 1484 343 1532 plures
364 1483 403 1518 de
426 1482 622 1530 principibus
640 1482 830 1517 electoribus
845 1490 913 1516 vota
929 1493 984 1516 sua

237 1532 410 1568 direxerint
443 1533 473 1566 in
503 1544 606 1578 regem
641 1532 801 1573 eumdem,
823 1539 853 1565 et
881 1532 984 1578 ipsum

237 1582 275 1617 ad
299 1581 455 1629 praedicta
486 1592 617 1627 regnum
641 1589 669 1615 et
691 1582 861 1628 imperium
884 1580 987 1627 legiti-

238 1643 289 1666 me
323 1630 468 1665 duxerint
502 1630 694 1676 eligendum.
739 1629 881 1665 Praei-ato
914 1641 987 1664 vero

237 1680 356 1719 comiti,
376 1691 437 1723 ¹nec
460 1691 515 1727 per
536 1679 735 1719 electionem,
763 1691 843 1726 qnae
861 1679 900 1713 de
919 1679 987 1725 ipso

238 1728 316 1764 sacta
339 1728 470 1773 dicitur,
497 1740 569 1763 cum
599 1729 683 1763 nulla
711 1728 802 1763 fuerit
830 1728 859 1761 in
892 1739 987 1773 regno

239 1786 270 1813 et
291 1778 422 1825 imperio
441 1778 646 1824 supradictis,
674 1789 732 1812 nec
759 1789 814 1824 per
839 1778 987 1823 superius

241 1826 370 1873 allegata
401 1838 458 1873 pro
486 1827 554 1872 ipso
587 1826 617 1860 in
650 1826 735 1872 regio
764 1825 855 1860 titulo
877 1826 918 1860 sit
940 1825 989 1860 ius

49 1881 226 1904 &nmobiwfl-
241 1875 366 1923 aliquod
389 1875 590 1922 acquisitum.
614 1875 750 1910 Litterae
765 1887 900 1921 namque
913 1874 987 1909 dicti

243 1924 506 1972 praedecessoris,
528 1924 649 1958 nullum
673 1924 731 1958 sibi
749 1924 851 1971 quoad
869 1924 988 1969 regium

242 1974 368 2009 titulum
393 1974 442 2008 ius
476 1973 647 2013 dederunt,
682 1986 752 2008 cum
783 1973 845 2007 sint
871 1973 990 2008 litterae

243 2023 396 2071 placentia
420 2023 586 2070 quaedam,
598 2035 636 2057 ne
652 2022 793 2057 dicamus
807 2022 990 2067 adulatoria,

242 2085 306 2107 non
345 2071 562 2106 diffinitionem
604 2071 739 2119 aliquam
775 2072 990 2116 continentes,

242 2122 326 2169 quod
349 2122 442 2156 etiam
471 2133 508 2155 ex
530 2133 567 2155 eo
593 2130 732 2168 apparet,
755 2121 827 2168 qnia
851 2121 921 2155 licet
936 2134 991 2155 su-

243 2183 299 2218 per
330 2170 391 2205 hoc
423 2182 478 2217 per
511 2171 615 2216 ipsum
658 2170 928 2216 praedecessorem
962 2178 993 2204 et

243 2220 356 2255 fratres
381 2232 458 2254 suos
492 2218 585 2253 suerit
619 2218 775 2253 interdum
809 2219 992 2254 deliberatio

243 2268 361 2312 habita,
385 2280 555 2314 numquam
584 2277 685 2302 tamen
713 2268 771 2302 fuit
796 2268 912 2315 aliquid
939 2268 992 2302 dif-

244 2318 379 2356 finitum,
402 2326 433 2352 et
457 2318 526 2351 ideo
550 2325 673 2351 nonest
695 2317 882 2357 verisimile,
909 2318 992 2364 quod

245 2378 302 2413 per
327 2367 427 2401 dictas
454 2367 570 2401 litteras
596 2365 727 2400 voluerit
760 2378 856 2412 super
882 2367 993 2400 eodem

245 2415 362 2462 aliquid
385 2415 536 2454 dissinire;
565 2414 648 2449 unde
676 2426 731 2461 per
755 2415 882 2450 easdem
908 2415 995 2449 litte-

246 2476 295 2498 ras
328 2464 411 2499 nulla
453 2464 621 2498 necessitas
649 2463 739 2498 nobis
765 2463 916 2498 indicitur
937 2464 996 2498 ob-

245 2513 404 2554 servandi,
429 2513 511 2560 quod
535 2513 714 2548 continetur
741 2512 771 2546 in
793 2512 850 2556 eis,
872 2513 918 2548 vel
946 2513 996 2560 ip-

246 2561 313 2596 sius
340 2562 588 2609 praedecessoris
609 2563 638 2596 in
663 2562 723 2596 hoc
740 2562 998 2608 vestigiisinhae-

247 2610 350 2646 rendi.
380 2611 445 2646 Nec
466 2611 585 2646 litterae
620 2620 744 2646 nostrae
771 2610 796 2646 si
823 2611 928 2657 etiam,
964 2621 997 2648 ut

866 247 1013 272 ultanus
1033 244 1068 270 tv
1087 244 1136 270 PP.

1645 235 1714 269 609

1015 301 1148 342 (licitur,
1173 310 1410 348 processsrunt‚
1431 301 1468 336 ad
1493 302 1523 336 id
1546 300 1662 348 aliquid
1685 313 1758 347 ope-

1017 361 1140 391 rantur,
1167 358 1231 385 tum
1255 364 1325 398 quia
1352 363 1411 385 non
1439 364 1534 398 snper
1557 351 1679 393 imperii
1708 363 1763 385 ne-

1016 401 1111 445 gotio,
1139 400 1192 434 sed
1220 412 1315 445 snper
1338 400 1474 447 quadam
1499 401 1649 446 pecuniae
1670 413 1763 447 quau-

1017 450 1114 492 titate,
1140 462 1220 496 quae
1242 450 1362 494 abipso
1383 451 1497 485 comite
1520 449 1687 484 venerabili
1708 449 1764 485 fra-

1017 499 1054 534 tri
1083 506 1189 534 nostro
1220 498 1370 533 Portuen.
1405 500 1555 545 episcopo
1581 499 1684 533 debita
1713 499 1764 532 di—

1017 547 1155 587 cebatur,
1174 548 1336 582 consertae
1351 548 1511 587 dicuntur,
1534 557 1662 595 propter
1677 549 1761 594 quod

1018 608 1114 642 super
1139 595 1198 632 alio
1236 596 1330 631 fidem
1366 610 1426 631 non
1460 597 1597 637 faciunt,
1626 610 1683 632 ncc
1716 598 1765 632 ius

1018 646 1178 687 tribuunt„
1205 647 1285 681 sicut
1312 658 1368 693 per
1402 647 1645 681 instrumentum
1669 659 1765 694 super

1018 695 1077 729 alio
1103 694 1292 734 confectum,
1320 695 1349 728 in
1377 707 1439 742 quo
1466 696 1512 730 vir
1532 703 1563 730 et
1596 696 1707 731 mulier
1732 709 1766 731 se

1019 744 1170 791 coniuges
1209 745 1391 785 nominant,
1421 745 1665 779 'matrimonium
1704 758 1765 779 nnn

1020 793 1178 840 probatur,
1201 801 1266 828 tum
1290 794 1362 840 qnia
1385 794 1408 827 si
1431 795 1501 829 data
1523 794 1704 829 earumdem
1724 794 1766 829 lit-

1021 851 1174 881 terarum,
1196 843 1220 877 si
1244 842 1346 878 soi-san
1370 852 1552 890 appareant,
1574 844 1766 884 attendatur,

1019 900 1124 937 aperte
1143 893 1286 939 liquebit,
1307 892 1391 939 quod
1414 905 1451 927 eo
1478 902 1618 935 tempore
1641 894 1769 927 transic-

1021 949 1106 982 runt,
1133 942 1260 988 quando
1283 954 1356 983 nos,
1383 941 1435 988 qui
1464 955 1526 976 non
1548 942 1708 977 fueramus·
1731 943 1769 975 de

1021 990 1154 1036 collegio
1189 990 1415 1031 cardinalium,
1455 1003 1551 1037 super
1587 991 1768 1025 huiusmodi

1023 1041 1149 1085 negotio
1172 1052 1233 1074 non
1256 1052 1392 1080 eramus,
1416 1052 1473 1075 nec
1499 1053 1567 1074 esse
1592 1050 1771 1086 poteramus

1023 1089 1180 1123 instructi:
1209 1089 1414 1123 cardinalium
1439 1090 1533 1123 etiam
1561 1090 1769 1136 quorumdam

1022 1138 1154 1183 lint—rae,
1181 1151 1236 1186 per
1270 1150 1350 1184 quas
1376 1138 1433 1182 ipsi
1467 1140 1575 1173 comiti
1604 1139 1662 1173 sul)
1686 1140 1772 1185 regio

1024 1189 1150 1223 nomine
1177 1188 1330 1233 scriptum
1360 1186 1454 1221 fuisse
1481 1188 1613 1227 dicitnr,
1652 1200 1773 1232 nequa-

1023 1250 1116 1284 quam
1144 1238 1175 1271 in
1204 1236 1264 1271 hoc
1288 1235 1452 1279 suffragari
1481 1237 1626 1272 videntur
1652 1238 1773 1280 eidem,

1024 1299 1095 1322 cum
1119 1298 1178 1321 non
1204 1285 1330 1329 fuerint,
1350 1286 1452 1320 habita
1475 1287 1635 1320 communi
1659 1286 1776 1321 delibe-

1026 1337 1156 1376 tatione,
1192 1347 1248 1369 nec
1280 1335 1318 1368 de
1340 1335 1483 1369 omnium
1512 1348 1683 1378 consensu,
1697 1348 1774 1370 con-

1025 1397 1141 1420 cessae.
1170 1384 1262 1425 Quod
1286 1384 1378 1418 etiam
1401 1396 1438 1418 ex
1461 1396 1498 1418 eo
1519 1393 1666 1430 apparet,
1688 1385 1773 1432 quod

1026 1446 1087 1469 non
1112 1434 1252 1468 omnium
1281 1433 1499 1474 cardinalium,
1522 1434 1574 1468 sed
1597 1434 1773 1480 aliquorum

1026 1482 1244 1518 tantummodo
1271 1482 1370 1528 sigilla
1399 1482 1520 1518 eisdem
1547 1483 1657 1518 litteris
1678 1482 1776 1518 fuisse

1026 1533 1175 1568 dicuntur
1196 1544 1346 1579 appensa.

1075 1585 1090 1625 ς
1118 1584 1148 1615 le
1177 1580 1257 1615 Cum
1278 1580 1372 1627 igitur
1390 1593 1428 1615 ex
1455 1581 1623 1627 praedictis
1646 1582 1778 1628 praede-

1027 1630 1161 1666 cessoris
1194 1630 1308 1665 uostris
1346 1631 1393 1664 vel
1433 1629 1640 1665 cardinalium
1669 1631 1777 1666 litteris

1027 1680 1149 1714 nullum
1172 1679 1211 1714 sit
1238 1679 1321 1713 dicto
1344 1680 1450 1714 comiti
1474 1680 1556 1714 circa
1578 1679 1717 1720 titulum,
1739 1680 1777 1714 de

1028 1740 1091 1777 quo
1126 1728 1239 1774 agitur,
1267 1728 1315 1762 ius
1346 1728 1392 1763 vel
1422 1729 1581 1784 possessio
1608 1729 1777 1775 acquisita,

1030 1777 1113 1812 nulla
1147 1777 1209 1812 dici
1247 1785 1351 1823 posset
1386 1777 1516 1818 iniuria,
1553 1778 1597 1813 vel
1626 1777 1778 1813 detractio

1030 1826 1112 1866 fiet-,i
1148 1827 1173 1861 si
1203 1826 1241 1860 de
1267 1834 1391 1861 caetero
1419 1827 1448 1861 in
1472 1827 1585 1862 litteris
1606 1826 1779 1874 diiigendis

1030 1876 1066 1910 ad
1090 1888 1161 1910 eum
1190 1875 1272 1910 idem
1301 1875 1409 1910 titulus
1431 1876 1562 1911 minime
1589 1885 1778 1923 poneretur;

1030 1937 1088 1960 nec
1116 1933 1215 1960 status
1237 1924 1380 1960 instantis
1407 1926 1523 1972 negotii
1553 1926 1674 1961 censeri
1704 1938 1779 1973 pos-

1030 1982 1077 2009 set
1104 1975 1133 2008 in
1146 1975 1257 2029 *ipsius
1279 1975 1403 2009 comitis
1422 1974 1679 2030 praeiudicium
1673 1988 1779 2010 immu-

1031 2023 1102 2062 tari,
1127 2024 1152 2058 si
1182 2023 1341 2070 praedicto
1376 2036 1462 2069 regi,
1484 2024 1551 2072 qui,
1580 2025 1661 2059 sicut
1689 2037 1780 2070 prae-

1031 2072 1145 2107 dicitur
1154 2080 1314 2118 propter
1351 2072 1524 2107 electorum
1572 2074 1779 2118 pluralitatem

1033 2122 1134 2168 potior
1161 2122 1313 2168 allegatur
1341 2122 1371 2156 in
1395 2123 1475 2163 iure,
1502 2122 1670 2157 adderetur
1690 2122 1780 2157 electi

1033 2171 1155 2211 titulus,
1177 2183 1249 2206 cum
1274 2172 1314 2206 rei
1340 2172 1467 2206 veritate
1496 2184 1699 2214 concurrens,
1726 2171 1781 2206 sed

1033 2220 1177 2265 allegatio
1213 2221 1439 2255 immutationis
1467 2220 1646 2255 huiusmodi
1680 2221 1782 2256 eidem

1033 2269 1137 2304 comiti
1167 2269 1272 2316 potius
1298 2269 1464 2304 efficaciter
1490 2270 1612 2304 videtur
1640 2269 1782 2309 obstare.

1034 2330 1091 2365 pro
1114 2329 1169 2362 eo,
1192 2317 1278 2364 quod
1307 2318 1477 2365 adscriptio
1504 2318 1582 2352 tituli
1606 2330 1700 2366 quam
1729 2331 1785 2365 per

1035 2368 1153 2402 litteras
1174 2367 1246 2402 dicti
1272 2367 1523 2412 praedecessoris
1547 2368 1642 2402 nostri
1669 2375 1698 2402 et
1720 2379 1785 2402 car-

1036 2416 1185 2450 dinalium
1230 2415 1288 2450 sibi
1328 2415 1439 2450 factam
1480 2416 1591 2462 allegat
1627 2415 1785 2463 pendente

1038 2465 1163 2511 nogotio
1186 2476 1249 2499 non
1271 2464 1540 2511 cognitionaliter
1568 2478 1625 2500 nec
1643 2465 1785 2514 partibus

1036 2514 1216 2550 constitutis
1238 2516 1383 2548 cominus
1406 2514 1483 2549 lacta
1499 2492 1568 2549 suit.

1086 2566 1101 2607 5
1120 2565 1151 2598 5.
1174 2562 1240 2597 Nos
1263 2563 1366 2610 itaque
1390 2563 1426 2598 iis
1447 2571 1477 2598 et
1498 2563 1579 2607 aliis,
1601 2575 1682 2611 quae
1703 2565 1784 2600 circa
1814 2582 1890 2604 nonu„
1910 2582 1986 2603 ροῃῃ-

1038 2612 1113 2647 haec
1148 2613 1264 2647 moveri
1301 2620 1459 2655 ooterant,
1497 2613 1589 2658 plene
1616 2613 1834 2655 discussis-,¹0³
1875 2616 1987 2640 '¹¹fflffi10'

1779 244 1829 271 An.
1849 243 1878 271 C.
1894 243 1961 272 ¹263
