2129 3223
147 281 207 314 Am,
220 277 248 306 C.
262 277 328 305 ¹253

394 265 463 300 562

341 331 418 379 gerit
440 326 614 364 ministerio
629 323 790 372 subrogari
804 322 987 359 auctoritate
1001 331 1086 368 prae·
1102 331 1107 335 ’

341 384 477 420 sentium
504 381 653 416 duximus
679 376 914 415 committenda.

390 437 504 472 Datum
535 435 679 476 Pei-usli,
712 440 823 480 quarto
857 429 1006 466 kalendas
1040 427 1087 463 fe-

342 491 477 530 binarii,
503 488 702 536 pontificatus
725 486 820 522 nostri
848 496 931 520 anuo
952 482 1085 518 decimo.

381 551 443 583 Dat.
466 552 513 582 die
533 550 572 582 29
589 550 716 582 ianuarii
740 548 826 585 1253,
842 545 944 586 pontis.
960 554 1007 575 an.
1022 552 1048 572 x.

917 264 1105 290 nectamus!

663 754 758 791 XXX.

342 840 583 885 Archi'episcopis
608 846 635 872 et
660 838 822 883 episcopis,
850 842 883 869 ut
916 846 955 868 ex
974 833 1089 866 mulcta

389 895 568 940 pecuniaria
602 893 822 927 haereticorum
857 888 1089 933 inquisitoribus

391 955 526 993 sumptus
552 946 751 992 suppeditent.

342 1032 512 1063 innocentius
524 1031 665 1067 episcopus
681 1036 774 1059 servus
792 1034 931 1057 servornm
942 1026 998 1060 Dei.
1011 1032 1091 1055 vene-

388 1081 519 1111 rabilibus
536 1080 680 1112 fratribus,
706 1076 923 1113 archiepiscopis.
943 1076 973 1105 ot
988 1075 1092 1111 episco-

388 1132 430 1169 pis
445 1137 493 1167 per
522 1129 695 1158 Lombardiae
713 1126 878 1164 provinciam
911 1124 1089 1157 constitutis,

388 1180 548 1217 praesentes
579 1178 691 1208 litteras
723 1175 897 1213 inspecturis.
923 1174 1040 1203 satutem
1063 1173 1092 1202 et

389 1230 567 1266 apostolicam
585 1228 806 1257 benedictionem.

393 1302 474 1338 Cum
504 1313 558 1348 per
585 1308 705 1335 nostras
727 1299 814 1334 vobis
838 1297 1024 1332 mandemus
1042 1296 1092 1329 lit-

346 1366 439 1401 teras,
468 1364 499 1391 ut
528 1355 756 1390 haereticorum
784 1352 961 1395 credentes,
989 1351 1093 1385 fauto-

348 1424 414 1456 reS,
440 1419 649 1459 receptatores
670 1417 700 1444 et
721 1408 914 1447 defensores,
941 1406 993 1453 qui
1023 1414 1090 1453 post

349 1466 528 1514 praestitam
555 1465 747 1507 cautionem,
769 1461 853 1510 quod
873 1461 965 1496 iidem
985 1460 1094 1495 catho-

348 1521 438 1556 licam
461 1519 592 1555 tirmiter
614 1526 752 1555 teneant.
775 1525 805 1552 et
828 1516 960 1551 ulterius
983 1515 1093 1549 liaere—

349 1574 418 1609 licis
440 1574 575 1609 savorem
598 1573 735 1619 aliquem
759 1582 819 1606 non
844 1569 1039 1617 impendant,
1064 1568 1093 1602 in

348 1628 378 1663 id
405 1628 488 1676 quod
521 1627 758 1666 abiuraverant‚
797 1633 872 1659 sunt
907 1623 1037 1670 relapsi,
1066 1630 1096 1657 et

348 1694 426 1730 quos
453 1682 483 1718 in
507 1689 667 1729 posterum
686 1679 781 1715 relabi
805 1678 884 1714 forte
911 1677 1094 1723 contigerit,

348 1736 386 1771 ad
412 1735 594 1771 solvendam
619 1746 752 1782 poenam
775 1732 814 1768 ab
847 1733 925 1780 ipsis
961 1731 1097 1778 promis-

349 1803 430 1831 sam,
453 1790 537 1825 iuxta
559 1788 789 1824 ordinationem
820 1785 1006 1822 venerabilis
1027 1784 1096 1820 sra-

350 1845 408 1879 tris
438 1844 535 1880 nostri
572 1843 764 1878 Albauensis
795 1840 935 1889 episcopi
962 1839 1099 1874 auctori-

351 1906 412 1935 tate
433 1897 602 1946 apostolica
624 1897 748 1937 factam,
775 1908 830 1943 per
851 1906 1017 1930 censuram
1039 1905 1098 1929 ec-

352 1953 558 1988 elesiasticam
580 1951 789 1999 appellatione
814 1949 984 1996 postposita
1010 1959 1099 1983 com-

354 2006 490 2054 pellatis:
523 2005 704 2041 fraternitati
742 2013 862 2040 vestrae
897 2015 954 2051 per
983 2002 1099 2050 scripta

354 2060 523 2109 apostolica
553 2059 757 2099 mandamus,
791 2066 947 2106 quatenus
973 2056 1013 2092 de
1034 2056 1100 2097 his,

354 2128 433 2163 quae
455 2115 556 2151 taliter
576 2115 716 2162 recipere
738 2125 792 2148 vos
818 2113 993 2158 continget,
1020 2109 1101 2145 dile-

356 2170 414 2204 ctis
442 2169 513 2204 filiis
535 2169 631 2216 priori
658 2166 838 2216 provinciali
867 2164 986 2200 ordinis
1004 2163 1102 2198 Prae-

356 2224 550 2268 dicatorum,
582 2232 613 2259 et
651 2220 892 2270 inquisitoribus
927 2218 1102 2254 haereticae

358 2279 517 2326 pravitatis
562 2278 592 2312 in
636 2274 845 2318 Lombardia,
894 2271 1102 2312 Romauiota,

358 2333 496 2368 Marchia
522 2332 716 2367 Anconitana
738 2338 768 2365 et
789 2328 964 2368 Terrisina,
986 2334 1017 2362 et
1031 2326 1104 2361 sub-

359 2387 527 2423 stituendis
553 2386 684 2430 eisdem,
709 2385 739 2420 in
768 2383 919 2431 expensis
942 2380 1104 2429 providere

361 2442 477 2478 curetis
507 2441 545 2477 ad
577 2439 793 2488 inquisitionis
825 2435 1004 2473 huiusmodi
1037 2434 1105 2470 offi-

362 2497 445 2531 cium
469 2495 664 2544 opportunis.

410 2550 524 2586 Datum
537 2549 668 2589 Perusii‚
681 2548 770 2583 tertio
784 2546 931 2582 kalendas
945 2543 1105 2583 februarii,

364 2605 561 2651 pontificatus
582 2603 679 2639 nostri
701 2614 783 2638 anno
804 2601 937 2637 decimo.

406 2664 466 2695 Dat.
488 2666 535 2696 die
553 2665 592 2696 30
609 2665 736 2696 ianuarii
752 2663 836 2701 1253,
855 2667 932 2702 pont.
951 2669 1026 2692 anno
1040 2669 1067 2689 x.

1132 262 1295 286 Romanum

1434 314 1551 351 XXXI.

1128 399 1332 434 canonizatio
1367 398 1448 432 beati
1485 397 1571 431 Petri
1595 396 1741 441 martyris
1778 395 1875 428 Vero-

1176 449 1287 486 nensis,
1305 448 1488 493 professoris
1501 447 1618 480 ordinis
1630 445 1766 490 fratrum
1782 443 1874 476 Prae-

1176 499 1359 535 dicator-um,
1388 504 1414 530 et
1440 498 1589 530 institutio
1613 505 1686 529 suae
1705 492 1875 539 festivitatis

1173 559 1232 592 pro
1254 548 1302 581 die
1322 547 1369 582 29
1400 547 1509 580 mensis
1531 545 1653 590 aprilis.

1396 623 1611 655 SUMMARtUM

1130 691 1297 723 Exordium.
1317 709 1355 714 —
1378 692 1404 721 1.
1422 690 1452 720 B.
1475 690 1551 720 Petri
1570 690 1626 720 vita
1644 689 1874 720 commendatur.

1167 736 1243 767 —2.
1256 736 1311 767 Per
1321 737 1436 775 triginta
1449 744 1541 766 annos
1555 734 1583 765 in
1597 734 1699 764 ordine
1716 733 1874 764 Praedica-

1166 786 1262 811 torum
1284 782 1362 811 vixit.
1382 797 1422 803 —
1440 780 1466 811 3.
1489 779 1586 818 Ipsius
1614 779 1736 809 virtutes
1768 786 1874 808 recen-

1168 831 1281 856 sentur.
1311 843 1350 848 —
1377 826 1406 856 4.
1431 825 1524 861 Quam
1546 823 1682 853 ardenter
1705 822 1872 862 martyrium

1168 871 1328 911 expetierit.
1353 887 1392 893 —
1410 869 1533 900 Ubinam
1554 877 1657 907 passus
1675 868 1721 898 sit.
1736 883 1776 889 —
1793 866 1876 906 Sym-

1168 915 1268 946 bolum
1287 914 1369 945 Fidei
1385 915 1413 945 in
1425 919 1552 944 extremo
1565 913 1672 952 spiritu
1690 912 1877 942 recitavit.—

1169 960 1196 989 5.
1209 959 1288 996 Quae
1301 960 1443 989 viventem
1457 959 1553 997 ipsum
1564 956 1808 987 commendarunt
1824 955 1879 986 rni-

1168 1005 1266 1034 racula
1286 1003 1432 1043 percurrit
1448 1002 1589 1032 Pontifex.
1604 1018 1643 1023 —
1659 1001 1686 1031 6.
1709 1001 1780 1031 Post
1801 1009 1879 1031 mor-

1169 1055 1226 1080 tem
1246 1054 1354 1086 patrata
1378 1052 1523 1079 recenset.
1537 1064 1576 1070 —
1587 1047 1613 1077 7.
1625 1046 1737 1082 Quanta
1749 1045 1879 1076 exultare

1170 1094 1279 1124 laetitia
1299 1093 1404 1124 debeat
1430 1091 1572 1122 Ecclesia.
1599 1108 1638 1114 —
1663 1091 1690 1121 8.
1712 1090 1882 1121 Haeretico-

1170 1148 1235 1169 rum
1253 1138 1387 1169 fallaciae
1400 1147 1434 1168 ex
1444 1138 1498 1168 hoc
1509 1135 1881 1167 omnibusmanifestae.-—

1170 1185 1198 1215 9.
1211 1183 1255 1214 Ss.
1271 1188 1430 1223 martyrum
1448 1182 1553 1212 canoni
1571 1180 1760 1211 adscribitur.
1777 1195 1817 1202 —
1831 1178 1879 1210 10.

1170 1229 1208 1260 29
1230 1228 1331 1267 aprilis
1349 1228 1456 1258 festum
1483 1227 1577 1266 ipsius
1599 1224 1818 1255 celebrandum.
1843 1239 1883 1246 -

1173 1273 1218 1303 Μ.
1236 1272 1421 1311 Indulgentia
1434 1270 1604 1302 conceditur
1617 1268 1804 1299 visitantibus
1816 1267 1882 1297 eius

1172 1317 1372 1358 sepulchrum.

1132 1389 1301 1418 Innocentius
1323 1389 1463 1424 episcopus
1482 1393 1576 1416 servus
1598 1391 1738 1415 servornm
1755 1383 1813 1418 Dei,
1838 1390 1883 1413 ve·

1178 1438 1343 1468 nerabilibns
1361 1437 1499 1467 fratribus
1514 1435 1648 1465 universis
1665 1433 1883 1470 archiepiscopis.

1178 1489 1208 1517 et
1227 1488 1371 1524 episcopis,
1392 1494 1423 1516 ac
1441 1486 1553 1516 dilectis
1567 1485 1634 1514 filiis
1643 1484 1798 1517 abbatibus,
1812 1482 1884 1520 prio·

1177 1537 1264 1570 ribus,
1275 1535 1482 1568 archidiaconis,
1493 1535 1610 1567 decanis,
1630 1531 1884 1569 archipresbyteris,

1178 1588 1209 1616 et
1227 1587 1291 1615 aliis
1308 1586 1489 1615 Ecclesiarum
1503 1584 1647 1620 praelatis,
1667 1583 1701 1612 ad
1720 1588 1786 1619 qnos
1803 1581 1887 1610 litte-

1179 1643 1226 1665 rae
1237 1636 1311 1665 istae
1328 1635 1511 1671 pervenerint.
1531 1633 1650 1662 satutem
1661 1633 1691 1661 et
1707 1631 1886 1668 apostoticam

1179 1685 1406 1715 benedictionem.

1187 1758 1308 1805 Magnis
1334 1765 1365 1792 et
1397 1756 1518 1792 crebris
1544 1755 1696 1790 declarata
1732 1753 1884 1801 prodigiis

1138 1808 1322 1843 christianae
1343 1806 1414 1841 fidei
1442 1805 1612 1849 rectitudo,
1635 1805 1694 1839 iam
1717 1815 1798 1839 novo
1810 1802 1885 1838 San-

1139 1859 1178 1893 cti
1207 1857 1278 1892 novi
1306 1856 1451 1891 decorata
1473 1855 1631 1903 martyrio,
1657 1855 1822 1901 signorum
1835 1863 1888 1887 re-

1139 1907 1278 1942 centium
1300 1905 1420 1952 fulgore
1447 1912 1604 1944 coruscat;
1631 1911 1662 1938 et
1685 1902 1793 1938 multis
1818 1901 1886 1938 ltac-

1141 1965 1231 1991 tenus
1264 1956 1405 1990 roborata
1433 1954 1604 2002 portentis,
1631 1965 1715 1988 nunc
1741 1951 1887 1998 singula-

1142 2007 1221 2041 rium
1232 2005 1457 2040 miraculorum
1470 2003 1790 2050 signisconfirmatur.
1803 2000 1886 2036 Ecce

1141 2055 1180 2091 (le
1209 2056 1336 2090 instanti
1358 2062 1389 2090 et
1411 2054 1561 2089 moderno
1583 2052 1654 2087 fidei
1680 2051 1786 2100 pugile
1807 2062 1887 2086 nova

1141 2104 1253 2152 gaudia
1281 2104 1454 2152 prodeunt,
1485 2101 1686 2150 triumphalia
1714 2102 1802 2147 signa
1828 2111 1887 2135 no-

1143 2162 1279 2193 tescunt,
1312 2166 1372 2189 vox
1394 2153 1455 2188 susi
1481 2152 1645 2198 sanguinis
1679 2152 1810 2189 intonat,
1837 2149 1887 2184 in-

1143 2204 1214 2251 clyti
1242 2203 1387 2252 martyris
1409 2202 1483 2237 tuba
1509 2202 1636 2248 clangit,
1662 2208 1743 2235 terra
1763 2211 1827 2234 non
1849 2198 1886 2234 si-

1144 2254 1183 2288 let
1205 2253 1323 2288 sudans
1343 2252 1525 2300 aspersione
1539 2250 1676 2295 cruoris,
1698 2256 1823 2284 resonat
1843 2259 1890 2283 re-

1144 2304 1196 2350 gio
1219 2302 1316 2338 nobili
1342 2302 1479 2350 praedita
1504 2301 1672 2345 bellatore,
1693 2299 1888 2344 ipsemetque

1145 2352 1266 2400 gladius
1293 2351 1448 2399 parricida
1480 2350 1662 2398 proclamat.
1702 2347 1789 2382 Haec
1815 2354 1888 2382 sunt

1145 2411 1228 2438 certe
1255 2412 1339 2437 certa
1360 2401 1434 2437 fidei
1457 2412 1565 2436 sacrae
1585 2397 1715 2437 indicia,
1742 2397 1819 2432 haec
1841 2396 1889 2443 ip-

1145 2452 1210 2487 sius
1237 2452 1348 2488 idonea
1371 2450 1558 2491 testimonia,
1583 2449 1659 2483 haec
1679 2446 1748 2481 eius
1768 2445 1890 2492 dignis-

1145 2503 1223 2537 sima
1257 2502 1462 2537 munimenta.
1503 2499 1636 2546 Propter
1662 2495 1746 2544 quod
1785 2494 1891 2531 laetati

1146 2559 1220 2586 sunt
1241 2551 1340 2595 coeli,
1375 2559 1404 2586 et
1427 2559 1507 2585 terra
1534 2549 1562 2583 in
1591 2546 1666 2582 tanti
1691 2546 1891 2592 perceptione

1146 2601 1239 2646 gladii
1280 2601 1396 2648 pariter
1434 2597 1590 2635 exultavit.
1632 2595 1769 2631 Grandis
1802 2594 1892 2629 adest

1147 2650 1235 2685 Matri
1257 2649 1417 2686 Ecclesiae
1444 2659 1538 2684 causa
1565 2645 1712 2687 laetitiae;
1743 2643 1840 2679 multa
1860 2642 1891 2678 ei

1885 257 1938 285 An.
1952 255 1983 284 C.
2001 253 2069 282 ¹235

1931 1758 2049 1780 Exordium.
