2129 3223
145 265 194 291 An.
216 266 244 291 c.
261 265 325 292 iem
390 256 459 290 65⁹2
916 268 1105 291 nummum

671 319 753 356 XLI.

1132 268 1295 292 nonnum
1892 272 1944 299 An.
1960 272 1990 300 C.
2007 272 2074 299 ¹257

1130 331 1233 358 torum
1257 323 1339 359 Petri
1359 333 1389 360 et
1409 325 1498 361 Pauli
1521 326 1733 374 apostolorum
1755 327 1824 362 eius
1844 340 1879 363 se

1071 404 1077 410 ,
1130 374 1248 408 noverit
1270 374 1480 410 incursurum.

340 402 500 434 Revocati'o
528 402 713 434 indultorum
736 402 969 448 archiepiscopis
989 410 1015 436 et
1027 414 1087 448 epi-

385 450 482 493 scopis
503 461 706 483 concessorum
728 462 817 495 super
838 463 900 484 non
913 452 1087 486 visitatione

385 499 553 532 Sacrorum
582 500 736 533 Li'mi'num
757 501 800 534 ad
820 506 934 545 tempus
963 502 1022 542 (i).

601 576 815 608 SUMMARIUM

333 644 499 674 Exordium.
529 658 568 666 --
589 644 702 673 Causae
724 644 927 675 revocationis.
960 661 997 667 -
1029 644 1084 674 Re-

374 687 493 717 vocatio.
512 703 550 709 —-
572 686 736 717 Cliiusulae.

375 763 526 792 Alexander
544 763 685 799 episcopus
703 769 798 791 servus
821 769 961 792 sorvorum
980 762 1035 795 Dei,

464 812 499 840 ad
516 812 677 848 perpetuam
707 811 747 840 rei
779 812 946 840 memoriam.
1100 834 1104 937 s

379 884 562 931 Importuna
586 883 757 918 multorum
794 883 951 923 instantia,
986 896 1079 930 quam

278 951 280 953 >
330 933 439 981 nequit
461 932 619 976 interdum
650 931 775 978 repulsa
799 932 960 978 repellere,
980 933 1080 967 felicis
1100 938 1101 954 ³

328 982 556 1018 recordationis
586 980 807 1016 Innocentium
837 980 954 1027 Papam
983 993 1078 1028 prae-

327 1032 525 1066 decessorem
567 1038 709 1064 nostrum
748 1037 776 1064 et
816 1041 874 1064 nos
908 1029 1079 1076 aliquando

327 1080 506 1124 coarctavit,
529 1086 562 1114 ut
580 1090 652 1114 cum
676 1078 756 1113 votis
772 1091 880 1113 eorum
902 1079 1078 1125 benignitas

326 1128 419 1164 Sedis
461 1128 663 1175 Apostolicae
706 1127 941 1175 quodaminodo
984 1136 1077 1163 tracta

325 1185 539 1218 concurreret,
566 1188 628 1212 non
652 1189 689 1211 ex
712 1184 792 1211 voto.
826 1175 910 1211 Sane
933 1177 1077 1211 nonnulli

248 1234 256 1247 ‘
273 1234 284 1246 *
299 1227 537 1262 'Ecclesiarum
562 1225 689 1272 praelati
712 1225 917 1261 obtinuerunt
944 1225 1002 1260 sibi
1023 1238 1078 1272 per

327 1275 441 1311 Sedem
473 1274 688 1322 Apostolicam
717 1274 897 1320 importune
929 1275 1076 1315 concedi,

327 1334 359 1358 iit
382 1336 443 1359 non
478 1332 644 1358 teneantur
668 1322 784 1358 sedem
808 1323 951 1358 eamdem
977 1335 1076 1371 usque

325 1373 363 1408 ad
378 1381 462 1408 certa
488 1381 630 1420 tempora
657 1372 791 1415 visitare,
814 1380 921 1407 contra
944 1372 1074 1407 formam
1096 1374 1097 1412 ξ

326 1422 463 1468 praestiti
488 1421 675 1460 ini-ameiiii·,
710 1433 747 1454 ex
776 1432 839 1467 quo
875 1420 950 1455 illud
973 1414 1097 1464 eveniti

325 1470 561 1510 inconveniens,
583 1469 669 1516 quod
692 1469 893 1515 Apostolicae
915 1469 1007 1504 Sedis
1031 1469 1076 1504 di·

323 1520 427 1566 gnitas
454 1519 553 1554 rarius
576 1519 730 1561 visitatur,
768 1518 797 1551 in
837 1517 1073 1563 derogationem
1095 1526 1096 1557 i

324 1567 531 1611 reverentiae,
553 1580 632 1615 quae
654 1567 692 1601 ab
713 1566 860 1601 omnibus
876 1566 1009 1602 debetur
1025 1567 1074 1602 ei-
1094 1562 1096 1613 i

323 1618 408 1660 dem,
446 1624 556 1664 utpote
589 1628 670 1663 quae
707 1625 805 1650 mater
832 1616 938 1650 existit
964 1616 1095 1667 Eccle—l

323 1666 438 1700 siarum
473 1665 615 1700 omnium
643 1672 672 1698 et
700 1665 857 1710 magistra.
887 1664 952 1698 Nos
980 1664 1095 1710 igitur}

322 1715 462 1749 volentes
488 1725 584 1761 super
612 1713 672 1748 lioc
700 1713 816 1747 salubri
840 1713 978 1747 remedio
1000 1725 1074 1759 pro·
1094 1735 1095 1756 ;

322 1763 451 1806 videre,
477 1774 513 1797 ac
548 1762 723 1797 Romanam
762 1761 953 1805 Ecclesiam,
992 1774 1094 1808 quae,

320 1824 417 1858 super
443 1823 555 1847 omnes
589 1810 666 1845 alias
702 1810 877 1844 ordinariae
911 1812 1073 1857 potestatis

320 1860 442 1896 obtinet
469 1859 695 1908 principatum,
721 1860 871 1904 congruis
897 1859 1073 1894 honoribus

321 1909 524 1956 frequentari,
546 1908 730 1956 praesertim
753 1920 825 1942 cum
844 1909 960 1943 nonsit
983 1907 1073 1943 facile
1092 1930 1094 1944 i

321 1958 533 1993 recedendum
557 1956 596 1992 ab
622 1969 671 1996 eo,
693 1957 776 2004 quod
800 1970 815 1992 a
845 1949 1093 2004 praedecesso-i

321 2007 408 2042 ribus
435 2008 550 2042 nostris
576 2018 670 2053 super
698 2006 757 2040 lioc
778 2006 830 2040 diu
862 2006 1070 2053 excogitatum
1092 2001 1093 2015 ¹

199 2068 274 2083 ww*
320 2056 422 2091 extitit
449 2063 479 2091 et
511 2055 694 2095 obtentum3
721 2054 760 2089 de
790 2055 916 2089 fratrum
941 2063 1093 2097 nostro—⁴

320 2117 388 2140 rum
411 2104 545 2140 consilio
566 2103 778 2149 indulgentias
799 2112 829 2138 et
850 2105 1072 2139 concessiones

320 2153 500 2190 huiusmodi
522 2153 719 2200 patriarchis,
736 2153 994 2199 archiepiscopis,
1010 2154 1073 2200 epi-
1091 2175 1093 2194 i

320 2203 441 2250 scopiS,
477 2201 661 2242 abbatibus,
695 2209 723 2236 et
752 2202 823 2236 aliis
857 2201 1093 2236 Ecclesiarum5

321 2252 465 2297 praelatis
496 2262 674 2294 concessas,
699 2252 880 2285 auctoritate
917 2244 1092 2297 praesen-¹

320 2302 410 2344 tium,
433 2312 627 2336 revocamus.

368 2349 453 2384 Nulli
489 2361 564 2396 ergo
601 2349 731 2384 omnino
773 2348 935 2383 lioininum
983 2349 1071 2383 liceat

157 2403 261 2424 (tunna

321 2456 466 2502 fringere,
489 2456 535 2492 vel
558 2456 586 2490 ei
608 2468 685 2491 ausu
714 2457 879 2491 temerario
906 2455 1068 2491 contraire.

1104 477 1107 492 t

321 2404 399 2438 lianc
439 2403 583 2450 paginam
622 2411 746 2437 nostrae
781 2402 988 2437 revocationis
1023 2402 1093 2446 ἐπι-1

1177 420 1290 457 Datum
1319 422 1460 465 viterbii,
1491 425 1582 460 tertio
1615 437 1713 460 nonas
1739 426 1876 472 augusti,

1129 471 1328 518 pontificatus
1351 473 1447 508 nostri
1474 485 1557 509 anno
1579 474 1679 509 tertio.

1166 531 1228 562 Dat.
1249 532 1296 563 die
1312 532 1330 563 3
1345 535 1460 572 augusti
1478 534 1563 572 1257,
1579 535 1680 575 pontis.
1698 545 1775 567 anno
1794 545 1834 567 ιιι.

1450 674 1547 708 XLll.

1127 748 1218 787 Quod
1238 754 1352 781 statuta
1373 747 1606 781 Communitatis
1623 748 1782 787 Mantuae,
1793 761 1871 793 quo-

1171 808 1231 840 quo
1252 797 1342 830 modo
1355 797 1491 841 officium
1512 804 1633 830 sanctae
1664 797 1870 842 inquisitionis

1170 846 1366 889 impedientia
1385 846 1588 885 moderentur,
1611 846 1658 879 vel
1674 847 1868 891 abrogentur.

1388 914 1604 945 SUMMARIUM

1120 978 1243 1016 Statuta,
1262 981 1308 1019 (de
1333 980 1425 1019 quilius
1447 981 1475 1009 iii
1498 980 1631 1019 rubrica).
1654 998 1693 1004 —
1715 980 1869 1012 Mantuano

1160 1025 1250 1062 episc.
1279 1024 1471 1054 committitur
1492 1033 1524 1055 ea
1548 1025 1708 1059 moderari,
1732 1026 1775 1056 vel
1798 1027 1868 1056 irri-

1160 1068 1212 1097 tari
1232 1072 1322 1098 curet.

1117 1134 1268 1163 Alexander
1285 1134 1425 1170 opiscopus
1443 1141 1537 1164 servus
1564 1142 1701 1164 servorum
1717 1135 1773 1169 Dei.
1789 1143 1869 1165 vene-

1163 1183 1243 1211 rabili
1261 1182 1349 1212 fratri
1360 1183 1485 1219 episcopo
1500 1183 1632 1213 mutinen.
1643 1179 1701 1222 (1).
1714 1185 1870 1213 salutemet

1162 1231 1339 1267 apostolicam
1374 1231 1595 1261 benedictionem.

1167 1301 1338 1349 Implacida
1365 1301 1474 1338 relatio
1506 1315 1606 1351 nuper
1633 1313 1776 1340 nostrum
1802 1313 1868 1340 tur-
1889 1316 2066 1353 suipisaequi-

1118 1350 1202 1384 bavit
1223 1350 1386 1392 auditum,
1418 1352 1502 1399 quod
1529 1352 1674 1388 videlicet
1696 1353 1866 1389 Commnn.
1881 1347 1920 1369 ⁰⁴¹⁸
1934 1354 1955 1369 ¹¹¹
1971 1347 2064 1370 ‘¹¹¹'¹'⁰³'

1117 1399 1277 1434 Mantuan.
1300 1413 1372 1435 cum
1395 1400 1546 1436 deberent
1567 1401 1692 1437 dilectis
1714 1403 1786 1438 filiis
1806 1401 1868 1438 fra-

1116 1448 1217 1483 tribus
1227 1448 1511 1491 praedicatoribus,
1534 1450 1776 1498 inquisitoribus
1797 1463 1868 1497 pra-

1116 1497 1218 1531 vitatis
1239 1498 1427 1539 haereticae,
1450 1499 1480 1533 in
1504 1498 1566 1534 illis
1587 1500 1730 1547 partibus
1751 1513 1767 1535 a
1782 1499 1867 1536 Sede

1115 1545 1298 1592 Apostolica
1321 1546 1489 1593 deputatis,
1513 1548 1593 1583 circa
1623 1549 1865 1595 extirpationem

1116 1594 1273 1641 pravitatis
1299 1595 1480 1630 huiusmodi
1506 1596 1545 1631 de
1572 1597 1639 1632 suis
1661 1597 1867 1640 finibus,toto

1117 1655 1208 1689 posse
1236 1644 1378 1679 assistere
1412 1653 1572 1692 tamquam
1598 1645 1669 1681 fidei
1698 1648 1865 1685 zelatores

1115 1692 1174 1738 ipsi
1207 1699 1335 1738 agentes
1355 1693 1386 1727 in
1410 1694 1616 1739 contrarium,
1643 1704 1758 1730 statuta
1780 1696 1866 1731 dam-

1116 1740 1231 1775 nabilia
1257 1741 1434 1786 ediderunt,
1457 1754 1513 1790 per
1538 1755 1619 1790 quae
1646 1744 1804 1791 negotium
1822 1745 1865 1779 fi-

1114 1789 1185 1833 dei,
1225 1790 1308 1836 quod
1350 1802 1404 1837 per
1437 1790 1547 1826 fratres
1579 1793 1666 1838 ipsos
1699 1793 1866 1829 salubriter

1114 1838 1244 1883 geritur,
1267 1846 1301 1873 ut
1329 1839 1359 1872 in
1383 1851 1420 1874 eo
1447 1840 1576 1887 procedi
1594 1841 1691 1877 libere
1711 1851 1864 1891 nequeat,

1114 1887 1231 1922 directe
1255 1887 1435 1933 impeditur,
1459 1889 1506 1924 vel
1533 1889 1626 1925 etiam
1649 1891 1814 1927 indirecte.

1162 1936 1182 1983 ἓ
1223 1940 1248 1970 Ι.
1284 1937 1439 1979 Quocirca
1466 1938 1648 1975 fraternitati
1685 1949 1774 1982 tuae,
1809 1954 1864 1987 per
1892 1952 2002 1974 usnimi,
2018 1955 2061 1980 ein-

1114 1986 1281 2031 apostolica
1299 1986 1424 2033 scripta,
1448 1988 1508 2022 sub
1528 1985 2061 2035 excommunicationisffffussfflfffi'ssffi‘ssss

1115 2046 1213 2080 poena
1242 2034 1372 2070 firmiter
1406 2037 1629 2085 praecipiendo
1657 2039 2061 2080 mandamus‚r³r⁵2v011n³=³‹¹

1113 2091 1285 2130 quatenus,
1308 2084 1469 2121 associatis
1497 2094 1600 2121 tecum
1627 2087 1788 2136 aliquibus
1812 2088 1862 2123 di-
1877 2077 1944 2128 fumi.

1113 2133 1237 2175 scretis,
1259 2140 1288 2167 ot
1311 2132 1413 2168 Deum
1433 2135 1618 2170 timentibus
1641 2137 1724 2180 viris,
1748 2145 1862 2172 statuta

1114 2181 1318 2223 huiusmodi,
1350 2194 1432 2229 quae
1452 2196 1469 2219 a
1491 2184 1682 2230 Mantuanis,
1718 2185 1765 2220 vel
1788 2186 1858 2232 qui-

1115 2229 1249 2264 buslibet
1272 2230 1339 2265 aliis
1357 2231 1550 2274 hominibus,
1573 2234 1713 2269 ordinata
1736 2243 1766 2270 et
1785 2234 1862 2270 facta

1113 2279 1278 2323 dicuntur,
1312 2279 1458 2316 Mantuae
1484 2294 1519 2317 ac
1548 2283 1578 2317 in
1608 2291 1679 2319 toto
1694 2284 1793 2331 ipsius
1814 2283 1863 2318 di-

1113 2328 1239 2368 strictu,
1268 2340 1324 2375 per
1349 2341 1429 2376 quae
1451 2330 1508 2378 ipsi
1536 2332 1662 2378 negotio
1685 2333 1783 2380 possit
1806 2332 1863 2367 ob-

1113 2376 1267 2412 staculum
1296 2380 1481 2424 provenire,
1504 2380 1669 2428 diligenter
1689 2381 1861 2428 inquirere,

1112 2438 1149 2461 ac
1175 2427 1270 2460 etiam
1291 2427 1442 2463 invenire:
1475 2437 1506 2464 et
1528 2431 1665 2476 quaesita
1688 2439 1717 2464 et
1739 2432 1861 2466 inventa

1113 2474 1150 2510 ad
1175 2474 1235 2509 tale
1261 2475 1424 2518 reducere,
1448 2490 1484 2512 ac
1506 2478 1611 2514 reduci
1635 2479 1736 2514 facere
1760 2480 1861 2516 mode-

319 2508 352 2566 §i
368 2510 437 2568 quis
454 2518 556 2544 autem
570 2510 631 2545 hoc
646 2518 795 2569 attentare
813 2518 1070 2569 praesumpserit,
1113 2535 1220 2558 famen
1244 2536 1412 2571 procures,
1442 2538 1506 2574 quo
1534 2539 1591 2574 pe„
1618 2528 1682 2575 ipsa
1704 2528 1860 2565 dictorum

321 2562 564 2608 indignationem
587 2563 814 2611 omnipotentis
836 2563 913 2603 Det,
937 2576 970 2598 80
990 2563 1071 2598 bea-
1113 2572 1337 2620 inquisitorum
1367 2587 1534 2622 processus
1556 2588 1617 2611 non
1649 2577 1862 2625 impediantur

357 2631 394 2664 (l)
412 2631 448 2657 Ex
467 2632 570 2667 Regest.
590 2632 672 2659 Vatic.

1089 2630 1093 2665 ἶ
1147 2633 1187 2669 (l)
1203 2634 1270 2670 Lege
1285 2635 1371 2662 forsan
1388 2636 1544 2663 Mantuano.
