2129 3223
164 274 211 299 An.
230 271 259 299 c.
280 272 345 298 ¹2¹7
411 259 480 292 528

694 319 777 355 xlv.

363 401 535 435 Publt‘cati'o
581 409 775 444 processuum
815 404 921 430 contra
965 395 1111 428 Fanenses

410 449 623 483 ecclesiasticae
644 448 792 482 libertatis
816 446 1052 491 perturbatores,
1076 455 1111 476 ar

410 499 586 544 episcopalis
617 497 776 542 diyrtt'tatis
801 497 955 529 invasores
981 495 1034 536 (1).

632 578 843 610 SUMMARH‘M

363 648 540 679 Fanensium
574 646 683 685 flagitia
702 661 741 668 —
756 642 1033 682 Forosempronien.
1057 640 1110 669 Ee-

399 693 522 723 clesiam
541 691 714 722 excindunt:
734 707 773 712 —
796 688 939 719 Fanensis
960 685 1109 716 Ecclesiae

400 738 501 768 ledunt
518 737 695 768 libertatem.
716 752 755 758 --
780 734 898 764 Monitio
917 732 951 762 ab
971 731 1109 770 episcopo

401 782 533 822 potestati
563 787 591 812 et
616 780 723 821 populo
753 780 835 815 facta,
855 786 937 807 vana.
968 793 1005 797 —
1034 774 1108 804 Nova

400 828 522 857 scelera.
544 843 584 849 —-
601 825 762 864 Episcopus
784 823 928 853 civitatem
956 819 1109 849 interdicto

400 871 549 911 subponit.
570 887 609 893 --
628 869 762 899 Potestas
785 866 892 905 flagitia
917 864 1035 902 flagitiis
1062 863 1111 892 ail—

399 917 450 946 dit.
467 932 507 938 —
520 914 658 953 Episcopi
671 911 846 943 constantia.
866 927 904 932 —
921 908 1045 947 Legatus
1064 917 1109 946 ap.

399 958 666 990 excommunicatos
677 956 806 986 declarat
815 954 976 984 Fanenses.
988 969 1026 974 —
1039 952 1111 981 Sen—

399 1005 520 1035 tentiam
548 1002 702 1033 coniirmat
724 999 864 1030 Pontifex.
892 1015 930 1020 -
957 996 1110 1036 Episcopis

400 1048 528 1086 mandat,
546 1052 577 1077 ut
595 1047 670 1077 hanc
690 1045 838 1086 publicent
860 1042 1047 1073 sententiam.

359 1130 489 1158 Honorius
507 1129 649 1164 episcopus
667 1134 763 1156 servus
787 1130 926 1154 servorum
944 1123 1001 1155 Dei,
1032 1129 1110 1150 vene·

403 1178 535 1207 rabilibus
562 1176 702 1206 fratribus
732 1174 864 1211 episcopis
897 1179 943 1208 per
967 1171 1111 1200 marchiam

403 1226 596 1263 Anconitauam
612 1224 788 1257 constitutis,
812 1223 930 1252 satutem
949 1223 979 1251 et
1003 1222 1112 1256 aposto-

404 1276 486 1305 licam
502 1274 726 1304 benedictionem.

406 1352 569 1401 Propbani
609 1350 801 1386 Fanensium
843 1357 929 1383 actus
964 1348 1111 1388 innuunt,

177 1414 347 1449 fmensflumua-
363 1404 461 1438 immo
490 1401 655 1437 manifeste
680 1399 841 1435 declarant
876 1398 945 1432 illos
971 1409 1039 1431 esse
1071 1397 1112 1431 ti-

164 1450 213 1471 ‘'“³
363 1464 450 1488 more
487 1463 524 1487 ac
548 1461 654 1486 amore
680 1449 778 1484 divini
807 1447 942 1482 nominis
976 1458 1111 1488 vacuos,

363 1511 394 1537 et
414 1501 500 1549 quod
534 1500 622 1535 inviti
654 1511 690 1534 ac
717 1498 859 1533 dolentes
885 1496 1020 1531 dicimus
1057 1507 1111 1529 re-

364 1551 480 1599 probos
505 1551 586 1585 eirea
609 1548 716 1593 fidem,
743 1559 815 1582 eum
841 1547 870 1581 in
895 1545 1051 1580 Ecclesias
1078 1557 1112 1579 ac

364 1603 394 1636 in
416 1599 647 1636 ecclesiasticos
663 1598 750 1632 'viros
772 1595 915 1631 saevitias
941 1595 1007 1629 illas
1028 1606 1113 1629 exer-

363 1657 454 1685 ceant
475 1661 492 1685 a
518 1648 634 1697 quibus
660 1647 795 1682 abstinet
821 1645 913 1679 etiam
937 1644 1041 1679 feritas
1058 1656 1113 1691 pa-

363 1712 527 1747 ganorum.
550 1697 597 1733 Illi
618 1698 703 1732 enim
720 1696 801 1730 Loca
817 1694 931 1729 Sancta
953 1706 1024 1728 eum
1040 1706 1113 1740 pec-

363 1750 442 1785 catis
469 1747 669 1795 exigentibus
709 1745 873 1781 traduntur
901 1745 930 1778 in
967 1744 1112 1777 manilius

363 1797 560 1838 eorumdem,
576 1797 643 1832 sine
661 1794 833 1831 reverentia
851 1801 968 1832 tenent,
991 1800 1021 1827 et
1036 1792 1113 1827 l'orte

359 1848 482 1883 rituum
505 1859 633 1883 suorum
659 1844 805 1894 polluunt
833 1842 1053 1881 immunditiis,
1083 1842 1111 1875 hi

364 1906 470 1933 autem
492 1909 528 1932 ea
552 1897 678 1944 penitus
699 1894 871 1941 dissipant,
899 1900 930 1926 et
957 1899 1113 1931 evertunt,

365 1948 446 1983 sicut
467 1948 578 1982 ruinae
599 1942 938 1990 Forosemproniensis
953 1940 1114 1975 Ecclesiae

367 2003 591 2045 protestantur.
614 1994 695 2029 Cum
721 2005 792 2027 vero
809 1999 1059 2038 expectaremus
1084 1999 1114 2024 ut

187 1941 339 1968 forosempro—

169 1974 226 1993 nien.
235 1971 352 1994 Ecclesiam

170 2005 282 2025 nii-indunt

367 2047 460 2082 iidem
483 2045 645 2080 Fanenses
678 2048 874 2078 recurrentes
900 2040 938 2074 ad
973 2040 1136 2087 proprias.

367 2096 589 2139 conscientias,
621 2102 650 2128 et
677 2092 826 2128 offensam
862 2090 919 2125 Dei
954 2101 989 2124 ac
1020 2089 1116 2123 Sedis

368 2144 570 2194 Apostolicae
601 2143 775 2190 cogitantes
808 2140 900 2175 saluti
941 2140 1113 2173 animarum

367 2207 495 2231 suarum
533 2193 721 2235 consulere,
763 2200 792 2225 ut
820 2188 1041 2224 satisfaciendo
1077 2189 1116 2221 «lc

367 2245 536 2292 impietatis
552 2241 733 2278 huiusmodi
754 2239 930 2286 sacrilegio,
952 2246 981 2271 et
996 2237 1114 2271 absolvi

368 2295 408 2331 ab
445 2291 780 2330 excommunicationis
814 2287 989 2331 sententia,
1022 2298 1114 2334 quam

371 2353 498 2392 propter
530 2344 589 2378 lioc
615 2350 689 2376 sunt
716 2339 811 2387 ligati,
826 2337 985 2373 humiliter
1008 2344 1117 2384 postu-

370 2394 478 2435 land03
513 2393 570 2441 ipsi
595 2391 682 2439 quasi
705 2398 812 2425 contra
836 2388 952 2431 Deum,
974 2395 1003 2421 et
1031 2386 1117 2420 salu—

372 2452 432 2478 tem
470 2442 625 2491 propriam
653 2440 863 2477 coniurarint,
897 2449 970 2472 ecce
1007 2447 1117 2469 iiix-nus

372 2493 485 2539 impias
506 2499 725 2527 converterunt
758 2491 788 2523 in
813 2489 931 2521 viscera
966 2485 1118 2520 Fanensis

371 2541 532 2578 Ecclesiae
570 2540 679 2575 Matris
705 2551 791 2581 suae,
824 2537 923 2583 primo
959 2534 1117 2570 Ecclesiae

374 2591 472 2637 ipsius
493 2589 675 2625 hominibus
697 2587 872 2623 exactiones
907 2585 1058 2619 indebitas
1088 2591 1117 2616 et

191 2534 291 2554 fanenses
319 2533 359 2554 Ec-

177 2566 256 2585 clesia·
287 2564 359 2585 [edunt

178 2599 295 2616 ubertatem

409 2666 448 2698 (l)
465 2664 502 2690 Ex
519 2663 622 2698 Regest.
637 2663 718 2689 Vatum

943 262 1042 285 BULLA
1049 260 1129 283 nimi
1157 260 1317 282 ttoMANtuvi

1152 315 1292 349 insolitas
1314 314 1475 362 imponere
1498 314 1672 358 molientes,
1698 321 1730 348 et
1749 312 1894 348 eamdem

1151 364 1340 405 Ecclesiam,
1367 376 1446 412 quae
1469 363 1538 398 illos
1561 364 1591 398 in
1613 363 1786 398 libertatem
1815 362 1896 397 filio-

1151 426 1219 448 rum
1232 413 1467 460 Dei,quantum
1491 414 1520 448 in
1545 414 1610 460 ipsa
1625 421 1684 457 est,
1698 412 1818 459 genuit,
1833 419 1894 446 sat-

1150 471 1278 509 agentes
1312 463 1467 498 subiicere
1494 463 1644 498 servituti.
1672 461 1818 509 Cumque
1843 473 1895 496 ve-

1150 512 1301 547 nerabilis
1317 513 1408 548 frater
1427 521 1531 547 noster
1551 511 1706 547 Fanensis
1726 512 1895 559 episcopus

1150 562 1366 609 Albergettum
1390 569 1571 608 potestatem
1588 569 1618 596 et
1640 561 1893 596 communitatem

1151 611 1328 646 Fanensem
1365 619 1488 658 rogaret
1523 623 1559 646 ac
1586 618 1727 646 moneret
1748 610 1894 656 benigne.

1151 669 1183 696 ut
1207 661 1246 696 ab
1279 661 1458 696 huiusmodi
1494 660 1728 707 gravaminibus
1754 659 1895 695 abstine-

1152 719 1230 751 rent,
1254 723 1325 746 cum
1353 710 1493 746 eiusdem
1517 709 1676 746 Ecclesiae
1697 710 1840 745 homines
1857 709 1895 744 ab

1150 773 1258 796 eorum
1297 760 1436 796 collectis
1474 760 1719 807 permansissent
1745 759 1897 794 hactenus

1150 810 1239 845 liberi
1273 818 1304 846 et
1327 811 1500 850 immunes,
1526 817 1556 844 et
1579 810 1644 857 ipse
1671 809 1724 856 qui
1756 808 1897 843 crucesi-

1150 869 1264 905 gnatus
1285 869 1331 895 est
1364 859 1499 906 gaudere
1529 859 1658 894 deberet
1691 858 1897 892 immunitatis

1152 909 1314 956 privilegio
1341 909 1567 956 crucesignatis
1589 907 1721 947 indulto,
1750 907 1896 942 moniti&

1151 959 1243 993 nibus
1270 958 1438 1006 praedictis
1468 958 1636 998 adficiens,
1671 965 1704 991 ut
1730 957 1811 991 iuxta
1834 964 1897 991 sta-

1152 1016 1214 1043 tuta
1242 1008 1397 1055 generalis
1418 1007 1543 1043 concilii
1566 1014 1746 1042 revocarent
1767 1005 1899 1041 sanctio-

1152 1070 1207 1093 nes
1229 1058 1351 1105 iniquas
1377 1065 1596 1105 praesumptas
1622 1064 1727 1091 contra
1756 1055 1898 1090 ecclesia-

1151 1109 1260 1143 sticam
1290 1108 1478 1147 libertatem:
1512 1106 1668 1154 praefatus
1696 1105 1897 1151 Albergettus

1151 1157 1302 1192 obturans
1319 1158 1389 1192 eius
1409 1157 1496 1193 iustis
1518 1164 1547 1190 et
1565 1154 1742 1191 salubribus
1769 1154 1898 1189 monitis

1150 1219 1242 1242 aures
1275 1219 1364 1250 suas,
1399 1219 1435 1241 ae
1463 1214 1544 1241 totos
1571 1217 1685 1240 sensus
1717 1216 1792 1239 suos
1825 1215 1897 1238 exa—

1152 1269 1250 1292 cuens
1276 1257 1305 1291 in
1339 1256 1480 1291 eiusdem
1516 1255 1655 1302 episcopi
1692 1253 1835 1288 iniuriam
1867 1261 1897 1286 et

1150 1318 1331 1354 gravamen,
1354 1305 1524 1353 quemdam
1548 1304 1647 1352 ipsius
1669 1303 1822 1343 baiulum,
1843 1303 1896 1349 qui

1153 1368 1208 1404 pro
1229 1368 1266 1391 eo
1292 1356 1376 1404 quod
1404 1357 1434 1390 in
1461 1355 1628 1390 commissa
1659 1353 1718 1388 sibi
1752 1351 1899 1388 ammini-

1151 1406 1299 1441 stratione
1326 1418 1360 1441 se
1390 1403 1559 1439 infideliter
1579 1411 1735 1450 gesserat,
1757 1401 1794 1437 ad
1822 1401 1898 1436 dan-

1151 1455 1227 1490 dum
1257 1455 1359 1491 eidem
1394 1453 1561 1502 quamdam
1591 1453 1744 1500 pecuniae
1770 1450 1898 1498 quanti—

1152 1513 1244 1539 tatem
1267 1504 1472 1551 semetipsum
1499 1503 1694 1546 astrinxerat,
1721 1500 1802 1536 datis
1829 1499 1900 1534 fide-

1153 1554 1338 1598 iussoribus,
1364 1562 1395 1588 et
1425 1554 1574 1600 praestito
1615 1552 1790 1586 iuramento
1807 1561 1898 1585 -novo

1153 1604 1309 1651 potentiae
1335 1615 1461 1650 genere,
1483 1601 1522 1636 ab
1544 1602 1613 1649 ipso
1642 1601 1815 1635 iuramento
1841 1598 1898 1634 ab-

1152 1654 1263 1697 solvit,
1299 1651 1539 1687 fideiussoribus
1560 1651 1640 1685 datis
1662 1650 1702 1685 ab
1723 1661 1761 1684 eo
1785 1648 1900 1683 nihilo-

1154 1703 1258 1737 minus
1284 1702 1453 1743 absolutis,
1480 1713 1515 1736 ac
1538 1699 1652 1735 deinde
1674 1699 1747 1734 feeit
1774 1710 1829 1746 per
1853 1697 1900 1732 ci-

1154 1754 1278 1787 vitatem
1306 1764 1382 1787 voce
1406 1751 1568 1799 praeconis
1589 1749 1745 1789 interdici,
1768 1760 1808 1782 ne
1828 1747 1899 1795 quis

1154 1802 1211 1849 ipsi
1237 1802 1387 1849 episcopo
1410 1800 1455 1836 vel
1474 1801 1542 1835 eius
1560 1799 1694 1834 familiae
1708 1798 1898 1844 loqueretur,

1154 1860 1206 1886 aut
1232 1852 1279 1886 eis
1305 1851 1474 1898 quidquam
1503 1849 1637 1884 vendere
1664 1854 1846 1889 attentaret,
1869 1854 1900 1881 et

1154 1901 1199 1935 sic
1225 1902 1328 1946 coegit
1355 1899 1501 1935 eumdem
1529 1911 1600 1933 cum
1625 1905 1687 1933 tota
1714 1895 1829 1931 familia
1844 1907 1898 1930 sua

1156 1950 1261 1996 viginti
1284 1950 1408 1984 duobus
1430 1949 1540 1983 diebus
1561 1948 1650 1995 quasi
1672 1947 1837 1981 obsessum
1867 1944 1898 1979 in

1155 2001 1229 2034 solis
1264 2000 1363 2034 vivere
1405 1997 1617 2045 leguminibus
1653 1995 1739 2031 nullo
1764 1994 1900 2030 audente

1155 2061 1292 2096 coquere
1323 2048 1382 2083 sibi
1421 2060 1532 2095 panem
1568 2054 1621 2081 aut
1655 2045 1768 2092 aliquid
1804 2043 1899 2078 mini-

1155 2107 1264 2141 strare,
1287 2099 1427 2146 ipsisque
1449 2109 1510 2132 non
1533 2095 1724 2131 audentibus
1752 2094 1897 2140 palatium

1155 2148 1262 2194 egredi
1286 2155 1369 2182 metu
1394 2147 1512 2182 mortis.
1535 2145 1632 2181 Fama
1655 2145 1752 2191 igitur
1767 2155 1820 2191 per
1835 2154 1900 2189 par-

1158 2206 1203 2232 tes
1242 2198 1359 2233 vicinas
1404 2198 1498 2232 liuius
1537 2195 1705 2241 impietatis
1741 2193 1898 2228 saevitiam

1157 2248 1335 2288 nunciante,
1364 2246 1556 2282 venerabiles
1578 2244 1686 2279 fratres
1713 2242 1808 2277 nostri
1831 2242 1898 2276 An-

1156 2297 1323 2331 conitanus
1355 2304 1385 2331 et
1419 2294 1630 2342 Senogallien.
1670 2291 1827 2340 episcopi,
1865 2302 1900 2326 ac

1159 2347 1243 2394 prior
1264 2345 1377 2381 Fontis
1399 2345 1582 2388 Avellanae,
1608 2342 1724 2389 aliique
1752 2341 1806 2375 viri
1827 2340 1899 2375 reli—

1157 2397 1235 2443 giosi
1257 2395 1331 2430 moti
1358 2395 1587 2443 compassionis
1612 2391 1735 2435 affeetu,
1761 2389 1799 2425 ad
1825 2389 1901 2424 civi-

1158 2454 1250 2480 tatem
1264 2445 1454 2492 praedictam
1473 2441 1676 2491 personaliter
1690 2448 1899 2479 accesserunt,

1159 2497 1189 2529 in
1212 2507 1345 2542 quorum
1369 2504 1479 2529 manns
1500 2501 1531 2528 et
1551 2491 1714 2527 arbitrium
1739 2497 1807 2538 post
1837 2488 1899 2524 lon-

1157 2556 1214 2591 gos
1236 2553 1383 2579 tractatus
1406 2541 1591 2579 concordiae
1624 2539 1706 2575 idem
1734 2541 1900 2586 episeopus

1158 2596 1298 2641 praecise
1326 2605 1441 2641 ponere
1468 2591 1567 2627 noluit
1598 2599 1693 2625 totam
1719 2587 1898 2624 huiusmod:

1157 2644 1385 2686 oiiaestionem,
1406 2641 1460 2676 sed
1482 2641 1585 2675 dictus
1603 2640 1799 2685 Albergettus
1825 2639 1900 2672 haec

1910 255 1958 282 An.
1977 255 2004 281 C.
2024 256 2088 284 tat?

1912 1109 1999 1131 Monitio
2013 1109 2038 1130 ab
2047 1110 2095 1136 epi-

1912 1145 1977 1167 seopo
1994 1139 2094 1166 potentati

1913 1174 1934 1192 et
1949 1169 2025 1198 populo
2038 1169 2096 1190 {scin

1915 1207 1974 1222 vana.

1929 1559 1984 1580 Nun
2007 1558 2090 1580 uesieu
