2129 3223
122 296 169 322 Αη.
188 293 214 321 ε,
235 295 302 322 ¹257
368 283 438 315 648

613 342 784 379 XXXVIII.

368 429 497 462 Litterae
522 427 674 460 cruciatae
700 432 808 458 contra
836 424 1011 457 Boleslaum

407 477 533 509 Calvum
563 476 771 519 Leynicensem
797 475 902 507 ducem
923 475 979 515 (t).

566 548 568 550 ’
585 551 800 583 SUMMARIUM

318 621 480 660 Episcopus
500 618 716 649 Wratislavien.
729 627 744 647 a
760 617 893 647 Boleslao
910 620 1021 654 captus,
1042 620 1068 643 et

357 664 466 695 carceri
487 664 681 702 mancipatus.
699 678 738 684 —
755 661 881 691 Monitus
900 670 913 689 a
938 659 990 689 1³1⁸.
1011 659 1066 688 dux

356 709 392 739 de
407 717 440 739 eo
457 708 585 738 libertati
603 707 796 737 restituendo:
812 722 850 728 -
864 705 968 735 Monita
986 712 1068 742 sper-

357 762 441 790 nens,
464 752 499 782 ab
516 752 646 790 archiep.
664 751 811 781 Gnesnen.
834 748 1068 778 excommunica-

358 803 414 828 tur.
430 796 621 826 —Censuris
640 795 827 834 contemptis,
847 794 944 833 peiora
966 797 1067 830 patrat.

356 858 395 863 -
412 841 503 876 Quam
524 841 559 870 de
578 840 632 869 hac
657 848 687 869 re
707 838 858 877 suscipere
878 836 981 866 debeat
997 836 1066 865 Ale-

358 885 466 915 xander
483 880 565 915 cura.
587 901 627 906 —
644 882 805 913 Monendus
825 881 923 920 itaque
944 881 978 909 de
1002 889 1068 909 cru-

356 929 430 959 ciata
449 932 548 958 contra
567 928 664 966 ipsum
689 926 867 956 inducenda.
896 942 934 947 ——-
963 924 1066 953 Indul-

356 973 470 1010 gentiae
485 971 700 1009 crucesignatis
719 978 891 1000 concessae.

315 1047 466 1076 Alexander
484 1047 626 1082 episcopus
645 1053 740 1074 servus
760 1051 900 1074 servorum
915 1043 971 1076 Dei.
989 1050 1068 1071 vene-

361 1096 492 1124 rabilibus
515 1095 655 1124 fratribus
691 1092 916 1129 magdeburgensi
935 1092 964 1120 et
988 1091 1067 1120 Gnes-

360 1146 435 1175 nonsi
471 1144 689 1180 archiepiscopis.
708 1149 853 1179 eorumque
876 1140 1067 1176 suffraganeis,

360 1195 481 1223 satutem
499 1195 528 1222 et
546 1191 725 1230 apostoticam
744 1191 968 1220 benedictionem.

365 1265 433 1300 Non
462 1265 581 1312 absque
609 1263 706 1298 multa
733 1262 837 1297 cordis
859 1261 1067 1297 amaritudine

120 1316 303 1370 [rjffiwffiwg'ffi
318 1314 500 1349 iamdudum
540 1314 730 1359 accepimus.
773 1310 855 1357 quod
898 1310 1066 1345 venerabili

121 1354 410 1406 iLZ-i'lo'effla’pfiffi‘ssitratre
437 1371 545 1398 nostro
571 1363 720 1409 episcopo
742 1359 1003 1403 wratislaviensi,
1029 1359 1067 1393 ad

121 1411 203 1468 {fifgfi
223 1410 304 1429 ‘mm‘
319 1412 422 1446 villam
445 1411 550 1447 Gorka
581 1423 655 1445 suae
677 1410 844 1449 dioecesis,
873 1408 925 1443 nbi
964 1420 1069 1455 quon-

319 1461 389 1495 dam
419 1461 582 1496 ecclesiam
620 1467 686 1494 erat
719 1465 982 1497 consecraturus,
1025 1457 1070 1490 di-

320 1518 469 1550 vertente,
492 1509 606 1544 nobilis
625 1508 670 1542 vir
685 1507 747 1542 dux
762 1506 894 1547 Slesiae,
909 1506 1069 1541 associatis

320 1559 378 1593 sibi
407 1558 596 1606 quibusdam
621 1556 794 1604 iniquitatis
816 1555 898 1598 filiis,
921 1555 1067 1589 eumdem

320 1609 502 1655 episcopum
520 1635 528 1649 ,
569 1606 781 1654 praepositum
825 1612 856 1639 et
893 1603 1068 1638 Herardum

321 1657 538 1705 presbyterum
565 1655 752 1690 canonicum
780 1653 1068 1692 wratislavienses,

321 1718 433 1754 capere
460 1719 519 1741 usu
541 1704 695 1751 sacrilego
726 1715 788 1737 non
827 1702 962 1749 expavit,
1001 1702 1070 1748 epi-

321 1768 453 1803 scopum
469 1755 572 1802 ipsum
583 1754 621 1788 ad
635 1752 793 1800 quoddam
810 1760 945 1786 castrum
963 1763 1069 1794 suum,

322 1805 492 1840 reverentia
511 1802 680 1851 pontificali
712 1801 896 1848 postposita,
918 1800 982 1834 sere
1018 1812 1071 1833 nu·

321 1854 396 1889 dum
418 1853 591 1896 abducens,
617 1852 855 1898 degustaturum
880 1849 996 1884 ibidem
1020 1861 1073 1882 an-

138 1909 228 1928 '¹⁰¹¹³⁸⁰·
243 1907 304 1947 ⁸⁹5²·
321 1904 440 1949 gustias
467 1901 651 1937 carcerales.
670 1900 802 1947 Propter
819 1899 902 1946 quod
918 1898 955 1932 de
971 1898 1072 1944 ipsius

125 1942 209 1995 ssssssffl‘sse
231 1941 425 1997 e?„{{1ducis,
447 1958 540 1999 prout
561 1951 599 1986 ad
622 1958 762 1984 nostrum
786 1956 906 1995 spectat
920 1947 1071 1987 officium,

126 2004 211 2025 ‘'²0⁰⁶⁰=
322 2001 422 2036 salute
442 1999 578 2041 solliciti,
600 2011 655 2046 per
670 1997 863 2032 venerabiles
880 1997 990 2031 fratres
1022 2008 1073 2030 no-

323 2059 404 2085 stros
425 2049 699 2096 archiepiscopum
722 2046 942 2081 Gnesnensem
958 2072 967 2088 ,
995 2056 1071 2079 nec-

323 2148 491 2195 episcopos
517 2147 636 2182 moneri
659 2157 732 2180 eum
752 2144 978 2179 mandavimus
995 2170 1002 2183 ,
1040 2151 1073 2177 ut

325 2210 442 2244 ipsum,
470 2209 506 2232 ac
527 2197 619 2231 etiam
650 2195 727 2229 alios
761 2206 832 2228 cum
877 2205 913 2227 co
951 2199 1095 2238 (ῖειρῑοε,1

325 2246 444 2294 absque
466 2245 647 2280 difficultate
668 2244 782 2290 aliqua,
807 2242 955 2289 pristinae
980 2241 1074 2276 resti-

324 2305 417 2331 tuens
437 2295 583 2334 libertati,
605 2306 659 2328 eos
686 2292 782 2327 libere
822 2291 909 2326 abire
943 2290 1075 2337 permit-

326 2353 415 2386 teret,
437 2352 467 2379 et
494 2344 533 2379 de
555 2343 666 2378 ablatis
694 2341 786 2376 rebus
808 2348 839 2375 et
861 2340 1004 2385 irrogatis
1026 2339 1075 2373 in-

328 2394 416 2428 iuriis
438 2394 496 2440 ipsi
528 2393 688 2440 episcopo,
722 2399 750 2424 et
787 2389 947 2424 Ecclesiae
986 2388 1077 2422 resti—

327 2443 479 2477 tutionem
507 2451 536 2477 et
562 2441 805 2476 satisfactionem
831 2438 997 2486 plenariam
1027 2437 1097 2471 in-¹

329 2501 493 2537 pensurus.
515 2491 633 2525 Verum
656 2489 768 2524 eodem
791 2489 870 2523 duce
898 2497 958 2521 tam
986 2486 1078 2521 salu-

329 2540 402 2574 taria
437 2539 693 2587 parvipendendo
722 2538 851 2581 monita,
886 2549 920 2571 ac
942 2536 1077 2582 eligente

331 2589 360 2621 in
382 2600 439 2623 suo
460 2589 578 2624 scelere
604 2589 705 2635 perire
738 2587 852 2633 potius,
886 2597 980 2631 quam
1022 2596 1078 2631 pa-

367 2662 406 2696 (ί)
422 2661 461 2688 Ex
477 2662 609 2696 Dugloss„
627 2662 694 2688 Hist.
714 2661 815 2693 Polou„
835 2664 898 2687 tom.
916 2667 935 2691 ι,
953 2659 997 2685 lib.
1016 2659 1041 2685 7.

898 285 1085 310 BULLARtL‘M
1109 285 1198 307 ROMA
1204 284 1270 306 NUM

1872 277 1924 304 An.
1941 276 1971 303 C.
1988 274 2055 302 1957

1112 351 1189 379 rere,
1213 338 1338 385 praefati
1364 337 1620 384 archiepiscopus
1647 343 1676 370 et
1703 333 1856 382 episcopi,
1885 341 1963 364 Munna
1993 347 2057 370 spu-

1111 396 1202 434 prout
1229 399 1245 422 a
1269 386 1361 422 nobis
1387 387 1416 420 iu
1457 386 1612 421 mandatis
1650 391 1856 430 acceperant,
1872 378 1942 431 ἓξξῗρ
1965 372 2056 425 ’ὼρῃζξῖ

1110 437 1212 484 ipsum
1241 444 1270 471 et
1292 448 1401 471 omnes
1429 436 1494 470 eins
1529 436 1557 469 in
1601 435 1658 469 hac
1693 432 1856 480 iniquitate
1871 439 2060 485 ⁰9”·t⁰¹⁰⁰¹¹¹'¹²¹³·

1110 486 1305 520 consiliarios
1338 494 1367 520 et
1401 485 1536 520 fautores
1566 483 1857 518 excommunicatos
1871 470 1961 486 ''¹⁰⁸⁰'‘

1110 535 1260 570 facientes
1287 534 1411 581 publice
1436 533 1590 574 nunciari,
1619 540 1855 580 supposuerunt

1110 592 1222 620 terram
1245 584 1356 632 ipsius,
1379 595 1500 618 necnon
1523 590 1553 617 et
1576 582 1690 622 locum,
1705 581 1744 616 ad
1761 593 1855 629 quem

1110 634 1216 679 ipsum·
1260 633 1421 668 declinare
1451 632 1668 677 contingeret,
1703 630 1854 678 quamdiu

1110 682 1152 717 ibi
1169 691 1262 722 esset,
1276 682 1489 718 ecclesiastico
1511 680 1689 715 interdicto:
1711 691 1767 726 spe
1793 686 1854 714 tam

1109 732 1166 772 eis,
1188 744 1281 778 quam
1307 731 1399 766 nobis
1422 743 1476 778 per
1496 729 1556 764 hoc
1584 729 1737 776 apposita,
1771 727 1856 774 quod

1110 781 1177 828 ipsc
1199 781 1243 816 sic
1265 792 1444 828 percussus,
1466 778 1578 814 dolens
1603 778 1640 813 ad
1676 778 1858 824 percutien-

1111 838 1171 865 tem
1195 842 1228 864 se
1245 842 1317 864 cum
1332 830 1497 864 devotione
1514 834 1699 866 recurreret,
1718 838 1856 872 congrua

1109 880 1220 925 culpae
1242 891 1315 913 suae
1353 878 1540 925 requirendo
1577 875 1727 915 remedia,
1766 887 1858 922 prae-

1109 928 1217 963 sertim
1245 940 1316 962 cum
1345 927 1501 962 salubrem
1531 937 1759 971 nonnunquam
1798 924 1856 958 sibi

1109 977 1226 1011 doloris
1260 977 1455 1011 immensitas
1484 975 1620 1009 inveniat
1653 973 1855 1008 medicinam.

1108 1025 1207 1060 Porro
1235 1025 1318 1060 idem
1342 1025 1406 1060 dux
1433 1023 1580 1059 malleum
1607 1023 1778 1063 Ecclesiae,
1803 1035 1858 1056 ve-
1884 1035 1982 1056 censuris
2001 1040 2057 1055 cou-

1110 1075 1153 1109 lut
1176 1075 1324 1121 stipulam
1348 1082 1511 1121 reputans,
1533 1072 1636 1107 adbuc
1655 1072 1685 1106 in
1709 1084 1764 1106 sua
1784 1083 1857 1118 per-
1871 1066 1963 1123 ffi'ffl'
1981 1065 2055 1091 ”²¹⁰⁸

1109 1132 1230 1159 severat
1251 1124 1435 1158 obfirmatus
1462 1122 1590 1162 malitia,
1613 1121 1743 1156 omnino
1780 1132 1858 1155 con-

1109 1181 1224 1220 tempta
1250 1173 1409 1207 Ecclesiae
1430 1171 1605 1217 disciplina;
1632 1178 1662 1205 et
1697 1169 1780 1217 quod
1819 1169 1856 1204 ad

1109 1223 1272 1257 cumulum
1295 1234 1369 1257 suae
1391 1221 1600 1256 (lanmationis
1618 1220 1717 1265 magis
1727 1218 1858 1262 accedit,

1110 1284 1164 1306 eos
1186 1283 1271 1306 nunc
1294 1271 1505 1311 validioribus,
1527 1281 1620 1316 quam
1645 1269 1744 1316 prius,
1766 1267 1858 1303 afficit

1112 1321 1221 1368 poenis
1247 1328 1277 1355 et
1300 1320 1475 1354 tormentis:
1505 1318 1602 1366 pedes
1639 1318 1723 1353 enim
1759 1317 1859 1362 ipsius

1110 1370 1274 1416 episcopi,
1308 1370 1360 1417 qui
1404 1368 1529 1403 calceati
1561 1379 1630 1403 esse
1668 1366 1786 1401 debent
1828 1366 1858 1401 in

1112 1419 1317 1464 Evangelium
1353 1419 1450 1464 paciS,
1478 1417 1586 1452 ferreis
1621 1416 1755 1451 nexibus
1791 1415 1860 1451 alli-

1110 1476 1235 1514 gantur:
1263 1476 1291 1502 et
1314 1469 1367 1514 qui
1390 1479 1516 1513 gregem
1539 1478 1631 1501 suum
1651 1477 1756 1500 sacrae
1768 1476 1860 1511 prae-

1111 1517 1277 1551 dicationis
1301 1516 1394 1550 ubere
1416 1516 1543 1550 deberet
1566 1516 1695 1550 relicere
1719 1526 1806 1549 nunc
1829 1515 1859 1548 in

1111 1565 1168 1599 diri
1196 1566 1332 1600 carceris
1353 1565 1511 1611 ergastulo
1551 1564 1721 1607 detinetur,
1757 1564 1860 1597 inter-

1111 1614 1194 1649 dicto
1218 1614 1275 1648 sibi
1306 1614 1479 1661 cappellani
1513 1614 1560 1648 sui
1601 1612 1773 1658 suffragio,
1809 1612 1858 1647 cui

1112 1665 1142 1697 in
1166 1663 1363 1698 confessione
1385 1663 1607 1697 conscientiam
1636 1662 1774 1709 pandere
1808 1673 1861 1696 va-

1112 1713 1183 1757 lcat,
1206 1722 1237 1748 et
1259 1725 1331 1747 cum
1354 1724 1416 1759 quo
1438 1711 1537 1758 possit
1560 1711 1717 1745 interdum
1750 1710 1860 1745 saltem

1113 1762 1278 1796 missarum
1302 1760 1401 1796 officia
1424 1760 1592 1795 celebrare.
1615 1760 1771 1807 Equidem
1789 1772 1860 1794 cum

1113 1824 1149 1846 eo
1183 1819 1213 1845 et
1240 1823 1298 1845 nos
1314 1810 1384 1844 talis
1405 1810 1516 1844 iniuria
1545 1809 1698 1847 vulnerat,
1733 1816 1763 1843 et
1799 1821 1860 1844 non

1114 1861 1213 1894 levem
1242 1859 1332 1894 nobis
1359 1860 1549 1905 impressura
1574 1858 1785 1902 moestitiam,
1823 1857 1862 1892 ad

1115 1908 1349 1956 procedendum
1367 1917 1471 1943 contra
1495 1907 1606 1942 ducem
1632 1907 1734 1954 ipsum
1758 1906 1864 1942 acrius

1114 1970 1172 1992 nos
1194 1958 1312 1992 invitat.
1335 1957 1413 1991 Nam
1442 1956 1680 1991 verisimilitudo
1715 1968 1776 1991 non
1815 1963 1864 1990 to-

1114 2007 1202 2047 lerat,
1226 2015 1259 2041 ut
1278 2007 1412 2053 patiente
1431 2014 1514 2041 tanto
1526 2005 1687 2040 Ecclesiae
1709 2004 1863 2045 membro,

323 2112 386 2135 non
422 2098 663 2134 Cracoviensem
713 2104 743 2130 et
780 2089 1093 2130 wratislaviensem*
1115 2064 1209 2102 capnt
1232 2057 1482 2101 nonlangueat⁷
1511 2064 1563 2090 am
1598 2067 1712 2101 expers
1746 2053 1864 2088 (8010888

1115 2107 1235 2139 existat.
1267 2104 1300 2139 Si
1345 2116 1418 2150 ergo
1451 2104 1656 2139 commissum
1690 2111 1737 2137 cst
1765 2103 1864 2146 nobis,

1115 2154 1187 2188 licet
1209 2153 1358 2199 indignis,
1380 2162 1409 2187 et
1431 2165 1537 2188 curam
1567 2154 1673 2199 gregis
1714 2152 1863 2187 dominici

1115 2202 1280 2237 sollicitam
1304 2214 1434 2250 gerere,
1462 2211 1491 2237 et
1531 2202 1685 2236 medelam
1717 2201 1865 2236 sauciatis

1117 2252 1301 2287 vulneribus
1335 2251 1506 2293 adhibere,
1546 2250 1705 2298 quomodo
1749 2250 1863 2285 ducem

1118 2303 1220 2348 ipsum
1244 2313 1298 2348 per
1317 2301 1464 2335 mortales
1482 2312 1621 2347 campos,
1644 2312 1699 2347 per
1720 2299 1776 2334 iter
1786 2311 1868 2333 mor-

1118 2352 1156 2386 tis
1179 2351 1257 2384 ultra
1278 2351 1433 2397 patiemur
1454 2349 1645 2392 discurrere,
1663 2348 1738 2396 quin
1761 2348 1864 2395 ipsum

1117 2400 1154 2434 ad
1196 2411 1309 2447 pascua
1346 2400 1455 2434 salutis
1489 2399 1700 2434 reducamus?
1720 2397 1865 2444 Cumque

1119 2449 1261 2483 infirmus
1283 2449 1427 2483 salutaria
1450 2456 1586 2495 respuat,
1612 2455 1739 2494 quaerat
1761 2448 1866 2489 noxia,

1119 2506 1148 2533 ct
1176 2498 1362 2545 plerumque
1389 2497 1554 2532 desideriis
1569 2496 1733 2531 contrariis
1756 2507 1868 2542 urgea—

1120 2555 1186 2582 tur:
1215 2547 1376 2593 quomodo
1411 2547 1524 2581 ducem
1556 2546 1671 2593 ipsum,
1708 2553 1866 2592 tamquam

1119 2596 1311 2631 laborantem
1341 2596 1468 2637 frenesi,
1504 2595 1616 2640 impiae
1655 2594 1868 2641 relinquemus

1121 2645 1288 2680 voluntatis
1310 2645 1450 2686 arbitrio,
1473 2643 1547 2691 quin
1568 2643 1626 2689 ipsi
1651 2651 1867 2690 quantumque
