2129 3223
144 233 194 258 Αη.
209 230 237 257 C.
259 231 323 258 ¹2th

387 221 458 254 290

154 286 226 338 ¹⁹3⁰*
249 285 469 320 ¹³¹0r³⁰nerabiti
494 284 576 318 fratri
612 284 776 329 episcopo,
810 291 840 316 et
861 281 984 317 dilectis
1011 281 1083 316 filiis

141 324 173 345 qui
191 324 214 338 us
241 318 324 343 delegat

162 351 303 375 cognitionem
338 335 440 370 abbati
467 333 573 368 Sancti
597 332 744 371 Victoris,
771 339 801 366 et
823 331 1009 367 cancellario
1027 331 1083 366 Pa-

140 386 216 401 (8υέὃέ

140 415 228 432 ιιιοιιειςι,
256 410 309 432 Virzi

141 444 233 463 {ascenso
251 446 270 463 et
285 447 308 462 co

140 479 210 494 nutem
246 473 308 493 Nives

139 510 233 525 ltettssem.

269 382 323 400 inter

312 384 459 426 ,risiensi
487 382 619 417 salutem
647 391 676 417 et
710 381 911 429 apostolicam
954 381 1081 416 benedi-

311 435 483 467 -ctionem.
507 432 587 467 Cum
612 444 667 479 pro
693 432 876 478 quaestione
899 443 979 478 quae
1003 432 1084 464 inter

311 482 472 517 ‘nobilem
496 482 596 516 virum
624 480 778 516 Hervetim
802 481 948 515 comitem
972 480 1083 515 Niver-

335 544 463 567 nensem
491 544 529 566 ex
550 538 638 579 parte
670 543 751 574 una,
785 539 813 565 et
841 529 972 565 dilectos
999 529 1082 563 filios

334 581 477 616 abbatem
513 590 542 615 et
582 588 769 615 conventum
797 579 977 615 monasterii
1009 578 1082 612 Vir-

334 631 508 666 ziliacensis
546 629 700 665 dioecesis
732 629 889 664 E‹luensis
923 641 958 662 ex
986 628 1081 663 altera

333 693 430 729 super
450 680 638 728 quibusdam
663 678 934 726 procurationibus
955 678 1080 717 annuis,

333 731 458 766 damnis
484 738 513 765 et
540 730 663 765 iniuriis
684 728 873 768 vertebatur,
900 727 999 774 ipsius
1029 738 1082 762 no-

332 779 417 821 bilis,
450 788 481 815 et
511 780 606 827 partis
642 779 768 813 alterius
795 785 1013 824 procuratores
1042 776 1079 811 ad

334 839 469 865 nostram
498 830 705 876 praesentiam
726 827 985 866 accessissent,et
1001 826 1031 860 in
1045 838 1080 861 ea

333 879 443 916 fuisset
466 878 648 927 aliquandiu
667 889 769 911 coram
787 876 879 911 nobis
911 875 1081 922 prudenter

332 937 362 964 et
390 929 517 977 provide
544 928 752 974 disputatum,
781 926 906 961 tandem
929 938 965 959 ex
995 933 1080 971 parte

332 978 447 1014 nobilis
468 977 614 1012 antedicti
643 977 792 1011 relatione
811 987 939 1010 suorum
964 987 1080 1022 procu-

333 1037 470 1064 ratorum
493 1028 684 1075 accepimus,
706 1025 790 1073 quod
815 1026 880 1072 ipse
897 1025 1006 1059 volens
1024 1037 1080 1071 per

332 1079 436 1112 omnia
457 1078 654 1124 complacere
678 1083 784 1110 nostro
809 1074 1004 1120 beneplacito
1026 1086 1079 1108 vo-

331 1128 476 1165 luntatis,
506 1134 632 1174 paratus
659 1135 722 1159 erat
751 1125 781 1158 in
816 1124 873 1159 bac
899 1136 992 1158 causa
1021 1135 1079 1158 no-

331 1177 403 1212 stris
435 1176 653 1223 obtemperare
681 1173 846 1209 mandatis.
877 1173 942 1207 Nos
974 1181 1077 1207 autem

331 1227 566 1263 communicato
584 1225 715 1260 fratrum
732 1232 910 1258 nostrorum
934 1223 1078 1262 consilio,

330 1277 390 1312 boc
412 1275 562 1311 duximus
584 1274 825 1320 iniungendum,
854 1282 885 1307 ut
912 1284 984 1306 cum
1013 1273 1079 1319 ipse

331 1335 361 1361 et
387 1337 587 1361 successores
624 1324 671 1359 sui
705 1323 835 1358 comites
870 1321 1080 1356 Nivernenses

332 1377 361 1410 iu
390 1375 471 1410 festo
492 1373 637 1409 Pascbali
665 1372 703 1407 ad
726 1372 951 1406 monasterium
979 1383 1079 1405 acces-

331 1425 428 1460 serint
446 1432 666 1462 memoratum,
696 1422 823 1456 nomine
847 1420 1080 1468 procurationis

331 1482 456 1509 centum
487 1473 634 1508 librarum
671 1471 791 1505 usualis
819 1479 973 1511 monetae,
1000 1481 1080 1515 quae

333 1537 389 1570 pro
410 1533 551 1570 tempore
569 1530 684 1562 curret,
707 1521 769 1555 sint
783 1532 904 1554 summa
929 1519 1079 1559 contenti,

332 1573 529 1608 tantumdem
550 1572 581 1606 in
605 1571 684 1606 sesto
710 1570 825 1604 Beatae
852 1569 966 1603 Mariae
992 1568 1080 1614 Mag-

333 1623 462 1658 dalenae
498 1620 728 1669 procurationis
762 1619 891 1654 nomine
923 1617 1080 1664 recepturi

333 1673 356 1706 si
384 1673 423 1707 ad
446 1671 673 1706 monasterium
709 1669 898 1704 accesserint
932 1667 1079 1714 supradi-

333 1731 438 1767 ctum,
465 1721 502 1756 ad
540 1720 765 1768 protectionem
794 1717 936 1752 eiusdem
972 1728 1081 1750 mona-

334 1772 431 1815 sterii,
457 1770 631 1806 secundum
660 1767 744 1816 quod
773 1767 811 1802 de
835 1768 902 1801 iure
925 1773 1081 1805 tenentur,

334 1823 443 1856 ‹tantes
465 1832 592 1867 operam
621 1817 790 1854 efficacem.
822 1815 863 1851 [t
891 1828 965 1861 ergo
987 1827 1082 1862 super

334 1871 395 1906 boc
429 1869 514 1904 nulla
539 1869 636 1917 possit
664 1869 867 1914 imposterum
898 1865 941 1899 via
978 1873 1082 1911 patere

335 1920 530 1959 calumniae,
573 1916 792 1952 mandavimus
832 1923 865 1949 ut
903 1913 1081 1961 praedictus

337 1969 468 2009 nobilis,
496 1976 525 2002 et
553 1979 630 2003 uxor
658 1967 756 2011 ipsius
784 1977 841 2012 per
867 1964 1081 1998 authenticum

339 2022 583 2054 instrumentum
620 2016 722 2050 abbati
755 2023 785 2050 et
812 2013 978 2048 conventui
1015 2024 1084 2047 mo-

338 2068 464 2103 nasterii
481 2067 624 2103 eiusdem
642 2066 835 2113 promittant,
858 2076 891 2097 se
908 2062 937 2097 id
954 2062 1084 2096 firmiter

337 2126 527 2161 servaturos,
555 2128 631 2152 suos
653 2114 860 2149 nibilominus
881 2123 1084 2146 successores

337 2168 374 2202 ad
397 2168 494 2202 huius
521 2166 565 2201 rei
592 2164 819 2200 observantiam
842 2162 1027 2207 obligantes,
1055 2169 1083 2194 et

338 2217 376 2252 ad
419 2217 565 2251 maiorem
607 2214 759 2249 cautelam
799 2212 911 2246 faciant
944 2211 1004 2245 hoc
1031 2222 1085 2257 per

338 2267 556 2301 charissimum
592 2265 622 2299 in
656 2263 783 2298 Christo
817 2261 915 2296 filium
943 2268 1084 2294 nostrum

340 2317 490 2351 illustrem
526 2326 629 2360 regem
671 2312 864 2347 Francorum
903 2309 1086 2345 auctoritate

341 2366 424 2412 regia
448 2364 637 2403 confirmari,
662 2362 797 2408 ideoque
819 2359 1002 2395 discretioni
1032 2370 1087 2393 ve-

341 2423 422 2449 strae
462 2428 516 2462 per
551 2412 720 2460 apostolica
757 2411 871 2457 scripta
901 2408 1088 2444 mandamns

341 2473 496 2510 quatenus
523 2473 686 2510 postquam
709 2460 823 2495 nobilis
846 2467 1038 2494 memoratus
1059 2466 1089 2491 et

345 2525 421 2547 uxor
442 2526 496 2547 sua
524 2513 642 2547 litteras
668 2510 843 2546 secundum
866 2508 996 2544 formam
1012 2519 1089 2542 con-

343 2563 493 2596 cesserint
521 2561 749 2608 supradictam,
781 2558 915 2594 eundem
952 2556 1087 2591 nobilem

345 2612 426 2646 iuxta
459 2611 587 2646 formam
615 2610 776 2645 Ecclesiae
801 2608 839 2643 ab
865 2605 1089 2642 excommuni—

931 228 1029 250 BCLLA
1035 228 1065 250 ΕΙ
1072 228 1115 250 CM
1143 228 1255 249 ROMAN
1261 228 1302 249 [Μ

1886 229 1934 255 Aa,
1950 228 1979 256 C.
1999 230 2065 257 ΒΝ

1125 281 1256 316 cationis
1295 281 1421 316 vinculo
1459 282 1624 318 absolvatis
1657 295 1719 330 quo
1747 292 1872 330 propter
1907 288 2055 318 »anag-nsque

1126 331 1206 365 idem
1234 331 1396 377 negotium
1425 340 1529 366 nostra
1552 341 1599 366 est
1625 333 1810 367 auctoritate
1830 333 1872 367 li·
1885 321 1976 372 Ξῗιζῗζι
1993 325 2069 374 ζῖᾦοῖ

1124 390 1225 426 gatus,
1249 381 1449 427 iniungentes
1464 382 1564 416 eidem
1578 382 1639 417 sub
1661 382 1767 417 debito
1785 394 1870 430 prae·
1885 382 2069 428 '³¹¹¹.⁸¹'.²¹{⁰'¹¹·

1124 431 1186 464 stiti
1215 431 1381 465 iuramenti
1411 439 1443 465 ut
1465 431 1502 465 ad
1531 432 1759 479 impetrandam
1775 444 1871 479 super
1885 416 2034 435 'nummum'

1124 479 1182 514 boc
1216 480 1484 516 confirmationem
1520 482 1634 527 regiam
1664 481 1715 516 det
1741 493 1869 529 operam

1124 529 1205 564 bona
1231 529 1304 564 fide.
1339 529 1494 565 Abbatem
1531 542 1604 565 vero
1629 538 1660 564 et
1680 540 1869 566 conventum

1125 579 1303 625 praedictos
1324 579 1363 614 ab
1398 579 1483 614 omui
1518 578 1715 615 decrevimus
1741 580 1872 628 impeti-

1124 637 1208 663 tione
1228 641 1364 673 cessare,
1387 640 1576 676 omnemque
1596 631 1753 664 remittere
1773 642 1871 676 quae-

1122 679 1273 719 stionem,
1313 691 1393 726 quae
1432 679 1509 725 ipsis
1546 679 1695 713 adversus
1733 678 1868 714 nobilem

1122 728 1335 775 saepedictum
1379 740 1474 775 super
1515 727 1639 762 damnis
1673 737 1703 762 et
1747 728 1870 763 iniuriis

1121 778 1338 824 competebat3
1366 777 1494 813 decimis
1512 777 1550 811 tle
1567 777 1749 812 Dornitiaco
1770 778 1869 812 dum—

1121 835 1206 861 taxat
1226 827 1377 874 exceptis,
1403 839 1499 874 super
1520 827 1637 873 quibus
1659 827 1706 861 eis
1727 827 1868 862 satisfieri

1123 877 1282 921 volumus,
1324 886 1354 911 et
1395 876 1591 911 mandamus.
1626 876 1718 918 Quod
1745 877 1771 911 si
1807 889 1869 912 uon

1122 938 1232 974 omnes
1256 935 1310 961 ecc.

1170 975 1284 1010 Datum
1307 975 1463 1018 Laterani,
1490 975 1630 1010 secundo
1652 975 1726 1010 idus
1749 975 1868 1022 aprilis,

1124 1025 1324 1072 pontificatus
1347 1026 1443 1059 nostri
1468 1037 1548 1060 auno
1576 1024 1802 1060 sextodecimo.

1169 1074 1234 1109 Nos
1260 1083 1376 1115 autem,
1412 1083 1444 1108 ut
1469 1075 1682 1121 promisimus,
1717 1074 1868 1115 volentes,
1895 1081 2064 1102 Comesimtse

1121 1125 1202 1159 sicut
1217 1125 1334 1163 decuit,
1352 1124 1534 1158 mandatum
1550 1124 1756 1171 apostolicum
1771 1124 1870 1158 adim·
1882 1115 2064 1164 „osseess'fssi'ss'ni'mst

1123 1173 1218 1220 plere,
1243 1173 1399 1208 mediante
1421 1173 1588 1208 venerabili
1619 1173 1708 1208 Patre
1729 1173 1869 1208 Roberto
1882 1173 1984 1226 2¹:¹22?
2004 1178 2064 1193 '¹¹⁸²‘

1122 1223 1200 1258 tituli
1236 1223 1342 1258 Sancti
1376 1223 1526 1269 Stephani
1562 1222 1592 1257 in
1620 1222 1729 1257 Coelio
1762 1222 1869 1258 Monte
1954 1221 1958 1225 ⁴

1122 1273 1302 1321 presbytero
1343 1272 1500 1307 cardinale
1537 1272 1739 1320 Apostolicae
1775 1271 1870 1307 Sedis

1122 1323 1238 1368 legato,
1266 1322 1397 1357 solemni
1421 1334 1525 1356 coram
1553 1334 1590 1356 eo
1612 1322 1760 1369 praestito
1792 1333 1868 1356 cor—

1123 1371 1269 1418 poraliter
1301 1381 1496 1406 sacramento
1523 1371 1750 1412 concessimus,
1783 1371 1868 1418 quod

1122 1433 1228 1467 pacem
1257 1422 1478 1468 praescriptam
1503 1433 1575 1456 cum
1598 1421 1732 1456 maxima
1755 1419 1869 1456 delibe-

1121 1471 1240 1505 ratione
1266 1483 1281 1505 a
1310 1471 1439 1505 domino
1476 1470 1560 1517 Papa
1597 1479 1628 1505 et
1658 1469 1870 1505 cardinalibus

1121 1520 1295 1555 ordinatam
1315 1519 1553 1554 observabimus
1575 1519 1655 1554 bona
1678 1520 1750 1564 fide,
1772 1528 1802 1554 et
1823 1519 1870 1555 lit-

1122 1570 1196 1603 teris
1238 1569 1457 1616 praesentibus
1494 1568 1532 1603 ad
1572 1569 1747 1615 praedictae
1784 1569 1869 1616 pacis

1122 1619 1369 1653 observationem
1418 1630 1618 1653 successores
1655 1627 1685 1652 et
1719 1619 1869 1654 haeredes

1123 1677 1246 1703 nostros
1264 1670 1294 1702 in
1316 1676 1502 1714 perpetuum
1522 1667 1711 1714 obligamus,
1730 1669 1869 1703 volentes

1124 1718 1224 1752 modis
1238 1717 1398 1757 omnibus,
1421 1726 1450 1752 et
1472 1717 1640 1752 liberaliter
1658 1717 1870 1753 concedentes

1123 1775 1156 1801 ut
1183 1768 1412 1814 suprascriptae
1439 1767 1526 1814 pacis
1558 1766 1658 1801 forma
1683 1779 1699 1801 a
1727 1767 1818 1802 nobis
1839 1776 1869 1801 et

1122 1816 1362 1851 successoribus
1394 1826 1424 1851 et
1464 1815 1652 1850 haeredibus
1690 1817 1805 1851 nostris
1838 1817 1868 1851 in

1123 1875 1284 1901 aeternum
1305 1865 1435 1900 firmiter
1457 1874 1485 1900 et
1508 1865 1727 1901 inviolabiliter
1744 1865 1870 1913 penitus

1124 1916 1316 1950 observetur.
1344 1914 1384 1949 Ut
1411 1916 1505 1961 igitur
1520 1927 1599 1962 quae
1623 1914 1780 1962 praedicta
1796 1925 1869 1951 sunt

1125 1965 1232 1999 maiori
1255 1964 1410 2011 gaudeant
1436 1964 1594 2005 firmitate,
1619 1965 1674 1998 ista
1697 1964 1800 2000 omnia
1827 1965 1870 1999 fi-

1125 2015 1212 2048 lia....
1232 2024 1336 2049 nostra
1359 2014 1504 2053 laudarit,
1531 2022 1561 2048 et
1582 2026 1640 2048 nos
1657 2026 1692 2048 ea
1716 2015 1869 2061 praesenti

1125 2064 1259 2110 scripto.
1286 2072 1317 2097 et
1339 2064 1513 2108 sigillorum
1536 2071 1714 2098 nostrorum
1735 2064 1870 2110 apposi-

1127 2118 1209 2152 tione
1231 2117 1456 2152 roboravimus.
1486 2118 1600 2152 Actum
1627 2117 1711 2164 apud
1730 2117 1872 2164 Leignia-

1126 2183 1195 2204 cum
1210 2169 1355 2205 Castrum
1367 2183 1448 2206 anno
1461 2172 1579 2217 gratiae
1589 2171 1758 2205 millesimo
1770 2182 1869 2206 ccxiii

1129 2236 1233 2258 mense
1260 2224 1406 2259 octobris.
1434 2225 1512 2259 Inde
1534 2235 1579 2259 cst
1615 2226 1697 2272 quod
1725 2225 1871 2259 sanctita-

1129 2288 1189 2312 tem
1212 2286 1343 2312 vestram
1372 2290 1435 2325 quo
1457 2279 1610 2313 humilius
1631 2290 1800 2325 possumus
1817 2289 1872 2313 ex—

1128 2343 1254 2366 oramus
1280 2340 1435 2378 quatenus
1470 2344 1577 2380 pacem
1610 2332 1701 2367 istam
1724 2343 1779 2380 per
1806 2343 1872 2372 vos,

1128 2395 1157 2420 et
1183 2398 1199 2420 a
1224 2386 1311 2420 vobis
1333 2386 1443 2421 factam
1476 2387 1516 2421 ita
1548 2386 1719 2433 dignemini
1756 2386 1873 2421 confir-

1130 2452 1225 2483 mare,
1254 2440 1336 2486 quod
1370 2440 1458 2476 firma
1480 2448 1510 2475 et
1542 2439 1664 2475 stabilis
1692 2447 1872 2487 permaneat

1130 2495 1159 2529 in
1187 2503 1360 2528 aeternum.
1387 2504 1391 2506 ’

1178 2548 1241 2582 Nos
1261 2548 1356 2594 igitur
1377 2547 1520 2595 precibus
1542 2547 1650 2582 vestris
1667 2545 1803 2582 favorem
1823 2546 1874 2582 be·
1900 2557 2010 2579 confirmat
2032 2547 2079 2578 12ss
2096 2577 2107 2596 .-

1132 2602 1268 2636 nivolum
1293 2602 1520 2649 impendentes,
1543 2600 1572 2635 id
1593 2601 1776 2636 auctoritate
1797 2612 1873 2648 apo·
1887 2590 2006 2611 nocentius.

1876 2269 1937 2288 ,mari
1944 2270 2017 2294 petunt
2023 2265 2066 2286 Vir-

1887 2299 1984 2319 ztttaceu.

1899 2237 1956 2257 flant:
1989 2236 2068 2257 couur-
2120 2243 2122 2245 >
