2129 3223
139 272 185 298 Ᾱι.
203 272 228 298 C.
250 273 316 300 {21³5

149 729 178 749 ps,
189 736 251 750 crssu
276 732 315 751 ta<

135 766 173 787 que
198 766 257 787 supet
283 760 315 782 his

135 791 238 812 sculteto:

380 261 449 295 5t8

333 328 502 370 limbrien.,
535 339 569 361 ac
598 326 811 371 portugallen.
837 326 1018 372 episcopis,
1040 337 1075 359 ac

334 376 426 423 priori
462 376 621 424 praedicto
653 376 875 419 Colimbrien.,
909 375 1074 410 nihilomi—

333 439 391 461 nus
413 437 468 473 per
488 425 565 461 alias
582 425 700 461 litteras
723 426 935 473 iniungentes,
955 432 987 459 ut
1001 437 1072 458 eum

331 476 368 510 ad
394 475 453 510 boc
473 487 511 511 ex
533 483 618 523 parte
640 484 744 511 nostra
763 483 926 511 monentes
947 482 1073 513 attente

330 538 364 560 ac
386 524 554 561 efficaciter
580 524 784 569 inducentes,
814 524 946 572 qualiter
979 535 1074 570 super

332 575 389 610 hoc
404 573 580 610 faciendum
597 574 736 614 duceret,
750 584 779 611 et
795 574 834 609 de
848 575 986 621 ipsorum
1000 585 1073 608 eura

330 637 402 659 eum
436 625 466 659 in
495 624 553 660 hac
581 633 665 672 parte
694 637 841 672 processu
870 636 926 658 nos
954 624 982 657 in
1003 635 1075 657 con-

331 674 402 708 cilio
420 673 590 710 certificare
614 683 770 710 curarent.
792 673 873 709 Cum
895 673 991 719 igitur
1019 684 1074 719 per

331 723 431 758 dictos
452 723 658 759 Colimbrien.
689 733 719 759 et
745 722 959 768 Portugallen.
989 722 1074 756 eius-

331 773 402 808 dem
424 773 548 809 concilii
577 782 716 821 ternpore
742 773 823 821 apud
848 771 961 807 Sedent
986 770 1073 818 Apo-

330 823 470 858 stolicam
498 824 700 867 constitutos,
719 835 754 858 ac
778 823 915 870 ipsorum
939 830 967 856 et
997 821 1070 855 dicti

331 873 442 919 prioris
477 873 610 911 litteras.
645 873 728 920 quod
762 872 931 918 praefatum
970 883 1072 917 regern

329 935 422 969 super
449 923 498 957 his
524 922 690 969 diligenter
725 921 920 960 monuerint,
955 929 983 955 et
1012 928 1072 955 tam

331 985 386 1019 per
407 972 547 1011 eosdem,
574 985 668 1020 quam
692 984 746 1019 per
768 972 845 1006 alios
869 970 929 1005 fide
951 970 1072 1016 dignos,

330 1034 450 1058 necnon
479 1022 649 1057 multorum
678 1023 814 1056 virorum
842 1020 1073 1056 ecclesiastico-

329 1084 410 1113 rum,
434 1072 708 1109 communitatum.
733 1071 896 1109 baronum,
920 1070 1072 1109 militum,

329 1132 364 1156 ac
397 1122 491 1156 etiam
527 1121 679 1156 nobilium
715 1120 916 1155 dominorum
946 1119 1073 1159 litteras

329 1171 412 1218 quod
437 1172 606 1218 praemissa
639 1170 815 1205 nullatenus
845 1168 1073 1208 emendantur,

295 1218 298 1221 ’
328 1220 382 1255 sed
407 1220 512 1268 potius
534 1221 572 1255 de
595 1221 645 1255 die
674 1221 704 1254 in
731 1219 813 1254 diem
836 1218 977 1265 graviora
1008 1229 1076 1265 pro—

154 2416 208 2443 Γεμι
212 2418 216 2437 1
245 2423 321 2444 proce-

141 2453 174 2467 res
201 2448 286 2468 adhorta
290 2451 322 2468 tur

142 2477 284 2502 ¹1n0eent'11u5,
301 2482 322 2498 nt

140 2509 210 2529 comni
261 2507 286 2528 Βυ
290 2509 322 2529 lo-

140 2540 209 2559 ntensi
269 2540 324 2564 regis

140 2570 199 2590 tratri
222 2570 325 2590 obedien-

141 2602 183 2621 tiae
217 2601 323 2620 i-uramen

142 2634 184 2651 tum
209 2635 269 2657 psrae
273 2632 325 2650 tent:

330 1277 396 1316 pter
417 1271 485 1305 eius
514 1270 665 1305 desidiam
687 1276 718 1304 et
745 1268 968 1315 negligentiam
992 1279 1076 1314 prac-

329 1327 508 1354 sumuntur.
525 1319 680 1367 Quodque
692 1319 723 1354 in
740 1318 979 1354 subversionem
989 1329 1074 1364 regni

330 1369 457 1416 praefati
480 1369 601 1403 vassalli
619 1368 761 1404 eiusdem
778 1368 874 1414 regiS,
888 1375 1075 1414 congregata

330 1418 532 1453 multitudine
553 1426 756 1461 armatorum,
772 1425 871 1452 castra
894 1417 994 1464 ipsius
1016 1428 1076 1450 no-

331 1469 407 1503 viter
428 1480 608 1515 expugnare
625 1468 792 1514 omniaque
809 1466 1005 1502 occurrentia
1034 1466 1076 1500 in-

331 1517 453 1562 vadere,
480 1517 653 1561 devastare,
676 1517 833 1565 praedari,
855 1524 885 1551 et
906 1516 964 1550 alia
985 1515 1075 1555 mala,

329 1579 367 1603 eo
388 1567 465 1603 haec
488 1580 525 1603 ex
548 1576 674 1614 torpore
696 1567 796 1602 nimio
818 1566 967 1600 tolerante
989 1577 1076 1600 com-

330 1617 471 1662 mittere,
508 1617 616 1652 divino
655 1617 764 1651 timore
788 1615 984 1662 posthabito,
1013 1626 1074 1648 uon

330 1666 509 1711 formidant,
533 1666 624 1701 nohis
650 1666 725 1701 satis
747 1665 866 1713 liquido
889 1665 1075 1698 innotescat.

329 1715 501 1764 Cupientes
528 1728 660 1762 regnum
693 1716 797 1763 ipsum
826 1722 869 1749 tot
898 1714 1076 1748 tribulatio—

330 1779 403 1800 num
426 1766 610 1801 adrersitate
632 1766 829 1812 depressum,
849 1764 982 1799 maxime
1004 1775 1075 1797 curn

328 1816 368 1851 sit
388 1815 549 1851 Romanae
581 1815 739 1850 Ecclesiae
766 1813 924 1857 censuale,
945 1812 1076 1848 alicuius

330 1865 495 1912 prudentis
525 1875 555 1900 et
589 1864 708 1912 providi
738 1863 900 1920 diligentia
921 1871 951 1898 et
982 1862 1077 1897 indu—

329 1915 404 1950 stria
432 1914 576 1955 relevari,
614 1915 848 1949 univ-eisitatem
876 1920 1009 1948 vestram
1038 1911 1099 1947 de*

331 1965 460 2000 ffalfum
476 1972 655 1999 nostrorum
679 1963 810 1999 COssSlllO
827 1975 1005 2003 monemUS,
1026 1974 1078 1997 1¹0-

329 2026 443 2061 gamus
461 2022 491 2048 et
509 2013 672 2049 hortamur
694 2022 810 2049 attente
828 2025 884 2060 per
906 2011 1077 2059 apostolica
1098 2037 1099 2054 ,

332 2063 419 2098 robis
445 2064 562 2108 scripta
584 2062 725 2098 districte
748 2062 969 2110 praecipiendo
993 2074 1079 2096 man-

332 2114 441 2148 dantes
470 2113 500 2147 in
524 2113 741 2148 remissionem
770 2119 944 2146 vestrorum
970 2123 1079 2157 pecca—

333 2164 453 2198 minum
488 2162 701 2208 iniungendo,
735 2171 891 2209 quatenus
926 2161 1078 2195 dilectum

335 2212 431 2248 filium
461 2211 597 2247 nobilem
621 2212 721 2247 tirum
745 2212 890 2246 comitem
914 2209 1077 2245 Bolonien.

335 2262 461 2310 praefati
486 2262 569 2309 tegis
595 2261 734 2305 fratrem,
759 2261 799 2296 de
820 2260 998 2299 devotione
1013 2272 1081 2306 pto-

336 2312 431 2347 bitate
471 2323 506 2346 ac
554 2311 838 2358 circumspectione
869 2309 1082 2366 multipliciter

335 2360 604 2400 commendatum,
626 2361 679 2408 qui
698 2360 800 2395 eidem
820 2360 898 2406 regi
913 2360 938 2394 si
963 2359 1081 2406 absque

337 2411 476 2457 legitimo
503 2410 668 2445 decederet
696 2410 774 2453 filio,
797 2409 865 2444 iure
894 2420 980 2454 regni
1007 2421 1082 2443 suc-

337 2459 479 2501 cederet,
517 2460 633 2507 quique
671 2472 708 2494 ex
746 2460 870 2494 innatae
908 2458 1083 2493 dilectionis

337 2509 460 2549 affectu,
488 2521 551 2556 quo
573 2522 643 2549 ros,
672 2517 702 2543 et
726 2508 920 2564 pra-edictum
949 2520 1081 2563 regnum

339 2558 553 2605 prosequitur,
595 2558 848 2605 magnanimitate
881 2570 916 2592 ac
945 2557 1082 2604 potentia

339 2607 396 2641 sibi
422 2608 592 2654 plurimum
620 2606 866 2654 suffragantibus
888 2619 1019 2654 regnum
1041 2606 1084 2653 ip-

906 269 1006 292 BULLA
1012 270 1029 290 R
1035 269 1042 290 l
1048 269 1092 291 ΗΜ
1115 268 1276 291 nouatum

1117 332 1212 367 ratur,
1239 324 1419 371 praesertim
1448 335 1519 358 cum
1549 321 1587 357 ad
1613 333 1720 357 curam
1748 330 1778 356 et
1804 323 1856 356 ad-

1116 373 1377 408 ministrationem
1390 372 1565 420 generalem
1580 380 1610 408 et
1623 371 1752 406 liberam
1767 371 1854 418 regni

1115 423 1268 478 eiusdem,
1290 436 1352 458 non
1368 423 1472 458 minus
1495 434 1549 470 pro
1571 420 1738 470 saepedicti
1762 421 1854 467 regis.

1115 485 1207 520 quam
1236 472 1334 520 ipsius
1367 472 1454 519 regni
1489 472 1633 512 utilitate,
1668 472 1692 506 si
1729 470 1856 518 providi

1115 522 1309 563 attendatur,
1336 534 1372 558 ac
1393 522 1430 558 ad
1458 521 1672 557 defensionem
1706 519 1855 556 Ecclesia-

1116 584 1196 616 rum,
1218 572 1492 616 monasteriorum,
1518 571 1716 618 aliorumque
1734 570 1854 617 piorum

1115 621 1255 657 locorum
1291 623 1377 668 regni
1419 620 1557 668 praefati,
1598 628 1628 655 et
1650 631 1854 668 personarunt

1114 670 1396 706 ecclesiasticarum
1419 679 1480 705 tarn
1509 670 1736 717 religiosarum,
1761 681 1854 717 quam

1114 721 1335 761 saecularium,
1358 733 1479 756 necnon
1503 719 1679 764 viduarum,
1705 719 1858 765 orphano-

1116 783 1182 804 rum
1206 779 1235 805 et
1254 778 1447 806 caeterorum
1471 769 1587 804 ibidem
1606 768 1798 815 degentium.
1821 781 1854 803 ar

1115 818 1350 867 deperditorum
1374 820 1446 855 inibi
1477 819 1742 865 recuperationem
1770 818 1857 853 salu-

1115 869 1211 904 briter
1237 870 1267 904 in
1292 870 1427 904 Domino
1453 869 1642 904 confidimus
1670 868 1711 904 sit
1735 880 1857 904 assum-

1117 929 1198 965 ptus,
1228 931 1298 954 cum
1331 919 1368 954 ad
1392 931 1445 954 vos
1472 919 1657 957 accesserit.
1692 917 1857 961 fidelitate,

1115 968 1273 1014 homagio,
1301 969 1493 1008 iuramento,
1524 981 1578 1003 seu
1614 976 1720 1015 pacto,
1747 968 1771 1003 si
1798 969 1858 1004 ali-

1115 1018 1231 1065 quibus
1248 1018 1324 1053 forte
1349 1018 1485 1074 praefato
1508 1019 1582 1064 regi,
1606 1017 1651 1052 vel
1669 1019 1859 1074 cuicumque

1115 1068 1166 1102 alii
1199 1080 1349 1115 personae
1373 1068 1540 1111 tenemini,
1562 1076 1614 1102 aut
1635 1068 1726 1103 etiam
1761 1068 1860 1116 ipsius

1117 1118 1197 1172 regis
1225 1117 1452 1165 prohibitione,
1487 1094 1660 1152 duinmodo
1693 1129 1858 1174 personam

1116 1168 1195 1207 eius,
1217 1176 1247 1202 et
1271 1167 1374 1208 titam,
1402 1167 1579 1213 aclegitimi
1601 1167 1649 1201 sui
1675 1166 1740 1209 filii,
1761 1168 1787 1202 si
1809 1168 1858 1202 ali-

1094 1229 1209 1264 tquem
1242 1217 1343 1264 ipsum
1381 1217 1494 1252 hibere
1516 1216 1693 1261 comiserit,
1728 1216 1860 1252 fideliter

1116 1267 1322 1311 conservetis,
1352 1266 1493 1301 debitum
1520 1266 1565 1301 eis
1586 1265 1770 1301 exhibentes
1796 1267 1860 1301 ho—

1118 1328 1223 1350 norem
1252 1328 1451 1363 nequaquam
1479 1315 1704 1350 obstantibus
1699 1328 1729 1350 tn
1757 1316 1862 1352 civita-

1117 1366 1210 1405 tibus
1227 1367 1350 1409 castris,
1367 1366 1447 1400 villis
1467 1374 1498 1401 et
1520 1365 1750 1400 munitionibus
1771 1367 1859 1414 regni

1119 1414 1263 1461 praedicti
1292 1427 1364 1450 cum
1387 1415 1536 1450 omnibus
1563 1415 1629 1450 suis
1651 1415 1805 1462 recipere
1826 1429 1861 1451 ac

1117 1464 1185 1499 eius
1205 1464 1413 1512 dispositioni,
1440 1464 1627 1500 ordinationi
1654 1472 1685 1500 et
1706 1464 1862 1500 mandatis

1119 1514 1339 1549 universaliter
1365 1515 1480 1561 singuli
1506 1522 1537 1549 et
1571 1514 1772 1561 singulariter
1791 1515 1862 1550 uni-

1118 1564 1196 1598 versi
1221 1576 1276 1610 per
1294 1564 1397 1598 omnia
1419 1572 1449 1598 et
1471 1564 1501 1599 in
1524 1563 1671 1599 omnibus
1687 1563 1861 1608 intendere,

1117 1613 1237 1660 absque
1274 1612 1455 1648 difficultate
1488 1612 1629 1661 qualibet
1663 1614 1862 1661 procuretis,

1119 1662 1338 1710 impendentes
1364 1662 1425 1697 sibi
1447 1671 1552 1698 contra
1580 1663 1738 1710 quoslibet
1766 1676 1863 1712 repu-

1117 1722 1263 1759 gnantes,
1299 1725 1334 1747 ac
1364 1712 1457 1747 etiam
1490 1713 1650 1752 violentes,
1683 1713 1862 1753 consilium

1118 1762 1267 1797 auxilium
1295 1770 1325 1797 et
1354 1761 1488 1796 Γ3ιοιειιι
1510 1761 1550 1797 de
1577 1762 1766 1807 redditibus,
1785 1775 1862 1818 *pro-

1119 1812 1274 1856 tentibus,
1301 1811 1510 1858 omnibusque
1531 1811 1679 1859 saepefati
1707 1813 1792 1859 regni
1813 1814 1863 1848 iu-

1119 1861 1206 1896 ribus
1237 1862 1304 1897 sine
1338 1861 1547 1896 diminutione
1587 1862 1689 1909 aliqua
1728 1862 1864 1910 plenarie

1121 1911 1358 1959 respondendo,
1382 1919 1415 1946 ut
1441 1911 1480 1946 de
1515 1911 1576 1946 illis
1602 1910 1686 1947 dicto
1717 1912 1780 1959 regi
1806 1924 1865 1947 se-

1119 1960 1257 1996 cundum
1285 1961 1368 2009 quod
1400 1973 1488 1996 suam
1521 1961 1612 1996 decet
1637 1961 1864 2002 excellentiam,

1119 2019 1150 2046 et
1172 2011 1244 2056 sibi,
1265 2023 1301 2045 ac
1326 2011 1393 2046 suis
1414 2019 1444 2045 et
1471 2010 1598 2058 praefati
1623 2011 1708 2058 regni
1732 2011 1866 2047 necessi-

1120 2060 1234 2095 tatibus
1271 2073 1327 2107 pro
1369 2069 1564 2108 temporum,
1596 2073 1632 2096 ac
1666 2062 1864 2108 negotiorum

1120 2110 1349 2156 emergentium
1384 2110 1533 2157 qualitate
1561 2110 1657 2146 valeat
1689 2110 1864 2158 providere.

1121 2159 1271 2207 Alioquin
1307 2159 1536 2194 venerabilibus
1570 2159 1716 2195 fratribus
1752 2160 1866 2195 nostris

1121 2209 1310 2244 Bracharen.
1330 2208 1566 2256 archiepiscopo
1588 2218 1618 2244 et
1639 2209 1787 2258 episeopo
1802 2208 1867 2245 Co-

1122 2258 1278 2294 limbrien.
1311 2258 1422 2293 damus
1446 2259 1559 2294 nostris
1586 2259 1695 2294 litteris
1716 2259 1746 2293 iu
1775 2271 1867 2306 prae-

1122 2308 1234 2355 ceptis,
1257 2318 1291 2344 ut
1313 2320 1367 2343 vos
1388 2307 1426 2343 ad
1450 2308 1477 2342 id
1506 2307 1600 2343 modo
1623 2308 1793 2355 praemisso
1812 2321 1867 2356 per

1122 2370 1287 2393 censuram
1316 2357 1572 2398 ecclesiasticam,
1594 2357 1801 2405 appellatione
1823 2371 1868 2392 re-

1124 2415 1226 2448 mota,
1261 2407 1460 2454 compellant.
1485 2406 1545 2442 Per
1571 2407 1632 2442 hoc
1663 2415 1767 2442 autem
1803 2419 1867 2442 non

1124 2456 1316 2491 intendimus
1337 2464 1510 2491 memorato
1532 2456 1608 2503 regi,
1635 2453 1709 2491 vel
1703 2456 1803 2504 ipsius
1825 2457 1868 2492 le-

1123 2506 1232 2552 gitimo
1250 2506 1325 2546 filio,
1340 2507 1364 2541 si
1383 2517 1478 2554 quem
1492 2505 1648 2550 habuerit,
1671 2505 1866 2562 praedictum

1124 2567 1255 2602 regnum
1283 2556 1434 2600 adimere,
1455 2555 1511 2590 sed
1544 2555 1650 2602 potius
1679 2555 1738 2590 sibi
1766 2564 1796 2591 et
1822 2555 1869 2591 ei-

1124 2605 1195 2640 dem
1215 2617 1313 2660 regno
1334 2604 1539 2640 destructioni
1557 2605 1708 2652 exposito,
1729 2617 1766 2641 ac
1780 2605 1868 2641 vobis

339 2668 408 2690 sum
433 2657 667 2695 reformaturus
692 2657 778 2691 firma
802 2656 984 2690 credulitate
1010 2668 1084 2703 spe·
1103 2667 1106 2698 t
1126 2654 1202 2701 ipsis
1230 2668 1259 2689 ιιι
1285 2655 1343 2688 rita
1365 2653 1506 2689 eiusdem
1535 2655 1614 2701 regis
1637 2666 1692 2702 per
1718 2654 1870 2692 sollicitu-

1870 263 1921 290 An.
1932 262 1961 290 C.
1981 264 2048 291 {2ss

1894 2414 1955 2435 Salvo
1970 2414 2063 2434 eina-tem

1881 2445 1950 2471 regis.
1976 2445 2064 2470 eiusque

1881 2475 1921 2497 ssti‘.
1925 2482 1968 2498 ιιιιτι
1984 2477 2037 2497 iure.
