2129 3223
145 242 195 271 At.
211 240 241 269 C.
259 241 328 270 ¹200

165 597 304 621 Frivttegium.

390 232 460 266 674

341 305 479 335 sterum,
517 294 605 330 vobis
642 294 688 328 vel
728 301 866 329 vestrum
897 293 989 329 alicui
1031 305 1085 328 seu

340 345 499 392 aliquibus
525 344 734 388 inmuni-int,
767 355 824 378 seu
863 343 1087 391 quoquomodo

341 392 578 441 praeceperint,
628 392 666 428 ad
715 400 841 440 tempus
888 392 934 427 vel
982 391 1086 439 quoad

339 452 442 478 certos
467 441 626 481 articulos,
648 449 786 477 certasve
806 453 967 489 personas,
990 453 1088 487 nego-

340 491 384 526 tio
405 491 642 538 supersedeatis
668 491 782 525 eidem.

387 540 453 575 Nos
479 539 568 575 vobis
596 540 750 575 universis
764 547 795 574 et
819 539 963 585 singuiis,
985 545 1089 573 aucto-

339 589 428 624 ritate
448 589 630 636 apostolica,
652 589 828 624 districtius
846 588 1036 629 inhibemus,
1049 599 1088 621 ne
1108 627 1109 633 ἵ

338 638 417 684 ipsis
443 638 574 673 obedire
597 638 627 673 in
650 638 709 673 hac
737 646 823 685 parte
844 637 892 671 vel
926 636 1088 671 intendere
1108 659 1109 673 ;

339 687 576 734 quomodolibet
604 688 823 734 praesumatis,
852 699 909 721 nos
931 686 1014 720 enim
1031 685 1088 732 pri-

338 737 450 783 vilegia
466 749 521 771 seu
538 736 751 783 indulgentias
773 735 969 779 huiusmodi,
990 746 1089 782 quan·
1107 757 1109 774 ι

338 793 402 820 tum
414 785 553 821 adhunc
565 786 743 831 articulum,
756 794 863 820 tenore
876 784 1087 832 praesentium

337 844 536 874 revocantes,
581 847 692 870 omnes
732 833 1086 876 excommunicationis,

337 883 496 919 interdicti
529 891 559 918 et
594 884 813 931 suspensionis
846 882 1029 926 sententias,
1062 882 1087 915 si

337 944 417 979 quas
451 933 482 967 in
518 945 591 976 vos,
623 933 670 968 vel
706 940 843 968 vestrum
879 932 1002 979 aliquos
1029 931 1087 965 hac

337 982 504 1017 occasione
526 981 599 1017 ferri
626 982 804 1028 contigerit,
827 982 930 1016 irritas
957 992 1087 1028 prorsus

1108 687 1109 703 l

1107 708 1109 723 t

1107 727 1109 734 A

1107 740 1109 751 i

337 1030 539 1066 decernimus
566 1038 596 1066 et
618 1031 738 1066 inanes.
762 1030 840 1065 Nam
868 1031 926 1066 etsi
953 1024 1109 1077 praedi-s

336 1088 384 1115 cta
418 1079 520 1115 Sedes
553 1080 713 1115 interdum
743 1079 890 1127 praelatis
929 1078 1109 1126 aliquibus,

336 1137 509 1167 vestrorum
540 1129 686 1164 ordinum
723 1141 778 1175 per
809 1141 884 1164 suas
910 1128 969 1163 sub
1004 1136 1087 1163 certa

336 1177 435 1213 forma
457 1178 631 1213 committat
656 1177 789 1219 litteras,
815 1186 848 1213 nt
874 1178 911 1212 ad
935 1189 1087 1212 exercen-

336 1226 412 1262 dum
434 1227 648 1274 inquisitionis
669 1227 806 1262 officium
825 1235 933 1262 contra
956 1226 1088 1262 haereti-

336 1287 404 1310 cam
427 1276 611 1323 pravitatem
634 1275 757 1323 aliquos
786 1288 917 1311 suorum
940 1275 1085 1310 ordinum
1106 1290 1108 1311 ῑ

337 1324 446 1359 fratres
471 1337 632 1360 assumere
666 1325 798 1369 valeant,
832 1325 980 1372 ipsosque
1013 1319 1107 1367 cum}

336 1373 485 1420 expedire
505 1373 652 1414 viderint,
671 1385 827 1417 amovere,
851 1386 886 1409 ac
907 1374 985 1408 alios
1006 1374 1087 1409 sub·
1106 1379 1119 1421 ᾗ

337 1434 462 1468 rogare;
489 1434 551 1457 non
582 1431 687 1457 tamen
714 1434 772 1469 per
797 1422 868 1463 hoc,
897 1423 980 1469 quod
1009 1423 1087 1469 ipsis

337 1482 371 1505 ea
399 1471 561 1505 dumtaxat
579 1471 619 1506 de
644 1483 735 1505 causa
754 1472 785 1505 in
807 1471 865 1505 hac
887 1479 974 1518 parte
997 1483 1087 1506 com-

339 1520 485 1559 mittitur,
512 1521 583 1567 quia
612 1520 651 1555 de
679 1521 809 1554 fratrum
836 1532 966 1554 suorum
993 1520 1088 1555 ordi-

338 1581 414 1603 num
430 1569 600 1603 idoneitate
623 1569 796 1615 pleniorem
813 1568 927 1603 habere
944 1569 1086 1604 notitiam

338 1627 592 1664 praesumantur,
614 1619 716 1665 aliqua
731 1619 777 1653 eis
789 1630 887 1665 super
905 1618 1086 1653 huiusmodi

336 1666 552 1713 inquisitionis
579 1676 721 1713 negotio,
756 1667 841 1701 vobis
868 1667 1048 1702 immediate
1070 1679 1108 1702 a¹

337 1715 495 1760 praedicta
513 1714 597 1750 Sede
614 1715 785 1750 commisso
799 1724 829 1751 et
847 1717 1087 1760 committendo,
1107 1718 1109 1728 ¹

335 1764 467 1799 facultas
513 1766 559 1799 vel
596 1764 770 1800 iurisdictio
816 1764 999 1800 attribuitur
1031 1777 1086 1800 seu
1108 1809 1109 1814 Ἰ

334 1822 485 1860 potestas.

383 1861 500 1896 Datum
518 1861 679 1903 Laterani,
699 1862 789 1897 tertio
804 1862 875 1897 idus
895 1862 1088 1907 decembris,
1108 1904 1109 1907 Ἴ

1107 1909 1109 1917 “
1130 1916 1202 1944 sunt
1224 1909 1340 1944 iudicia
1362 1909 1443 1953 eius,
1469 1911 1507 1943 ‘e't
1546 1908 1778 1955 investigabiles
1812 1909 1881 1945 viae

1107 1975 1109 1986 ι
1130 1959 1216 1994 eius!
1251 1962 1317 2002 (5).

335 1911 539 1959 pontificatus
565 1911 663 1946 nostri
691 1923 775 1947 anno
802 1919 901 1947 sexto.

347 1969 410 2002 Det.
427 1971 473 2001 die
490 1971 523 2002 11
542 1971 709 2002 decembris
726 1971 812 2007 1260,
828 1972 930 2011 pontif.
947 1981 1023 2002 anno
1039 1980 1074 2001 vi.

555 2138 780 2187 URBANUS
824 2138 874 2186 lV

586 2227 839 2274 PAPAssLxxxll

485 2289 579 2321 Anno
609 2287 740 2320 Domini
761 2286 938 2320 MCCLXI.

337 2363 496 2437 Iacobus,
519 2397 646 2431 natione
669 2394 790 2437 Gallus,
822 2396 919 2442 patria
948 2395 1088 2431 Trecen-

338 2446 393 2485 sis,
419 2457 511 2481 antea
542 2445 774 2480 Virodunensis
808 2457 990 2493 episcopus,
1017 2457 1089 2479 mox

340 2494 514 2539 patriarcha
541 2494 860 2542 Hierosoiyvnnanus,
893 2503 925 2529 et
951 2494 982 2528 iu
1017 2505 1088 2541 par-

339 2544 422 2577 tibus
467 2543 766 2589 septentrionalibus
810 2552 840 2578 et
882 2542 1088 2578 orientalibus

337 2590 476 2637 Legatos
496 2593 699 2639 apostolicus.
723 2593 840 2627 eiectus
855 2600 901 2627 cst
923 2591 1086 2627 Romanus

938 240 1125 264 anulinum
1152 239 1315 262 Romnum

1128 292 1274 328 Pontifex
1300 292 1352 327 die
1374 294 1420 328 29
1446 292 1571 340 augusti
1602 294 1707 335 1261,
1729 299 1760 327 et
1780 290 1833 326 die
1855 295 1876 326 4

1128 343 1292 389 sequentis
1319 342 1507 388 septembris
1532 349 1700 377 coronatus
1726 348 1786 381 est,
1812 339 1877 376 Ur-

1129 391 1200 426 bani
1228 391 1271 425 lv
1293 391 1420 426 nomine
1440 399 1577 438 sumpto.
1600 390 1690 426 Sedit
1717 390 1747 425 in
1772 390 1878 438 ponti-

1129 440 1221 475 ficatu
1249 452 1350 476 annos
1366 453 1417 481 ιιι,
1440 452 1580 476 mensem
1604 452 1628 480 1,
1655 440 1722 475 dies
1745 451 1790 480 iv,
1817 439 1878 474 im-

1130 497 1257 535 perante
1293 490 1324 525 in
1351 489 1482 525 Oriente
1517 489 1671 524 Michaele
1710 488 1877 535 Paleologo

1129 539 1327 585 imperatore.
1361 538 1450 574 Obiit
1483 537 1606 573 Perusii
1645 537 1697 572 die
1727 541 1749 572 2
1781 545 1878 573 octo-

1129 587 1194 623 bris
1228 590 1340 632 1264,
1373 595 1403 623 et
1441 587 1586 633 sepultus
1618 594 1666 622 est
1699 586 1815 622 ibidem
1844 587 1876 622 in

1128 637 1261 672 ecclesia
1279 636 1449 672 cathedrali
1477 636 1584 671 Sancti
1606 635 1779 671 Laurentii.
1807 635 1878 671 Va-

1129 687 1209 721 cavit
1235 686 1328 722 sedes
1354 697 1481 721 menses
1503 685 1566 720 fere
1587 696 1608 717 v
1629 687 1684 728 (1).

1410 766 1553 775 .---

1487 852 1512 887 Ι.

1296 924 1479 969 Encyclicae
1503 924 1621 957 Urbani
1641 923 1692 957 W

1251 975 1287 1007 da
1307 985 1365 1008 sua
1389 973 1526 1007 electione
1552 973 1669 1006 litterae
1697 973 1755 1016 (Ξ).

1399 1050 1614 1082 SUMMARIUM

1129 1117 1285 1148 Exordium
1322 1132 1362 1140 -
1383 1117 1406 1146 A
1433 1115 1630 1155 profunditate
1656 1115 1745 1146 divini
1777 1114 1881 1146 iudicii

1168 1163 1301 1201 petitum.
1319 1177 1358 1184 —
1382 1161 1408 1190 1.
1426 1159 1529 1195 Qualis
1549 1161 1587 1190 sit
1607 1160 1704 1190 divina
1724 1160 1755 1190 in
1777 1158 1880 1189 Ponti-

1168 1206 1256 1236 ficum
1276 1205 1419 1235 electione
1437 1205 1600 1244 dispositio.
1618 1221 1657 1227 —
1678 1204 1706 1235 ᾖ.
1729 1203 1795 1235 Dies
1817 1204 1882 1236 obi-

1169 1255 1214 1280 tus
1224 1247 1388 1280 'Alexandri
1404 1248 1460 1279 PP.
1474 1265 1514 1272 —
1525 1249 1629 1280 Actum
1645 1259 1660 1279 a
1679 1248 1883 1280 cardinalibus

1167 1294 1203 1324 de
1222 1302 1399 1324 successore
1422 1293 1571 1332 eligendo.
1597 1309 1635 1316 ·-
1658 1292 1768 1323 Electio
1786 1298 1883 1324 retar-

1168 1339 1244 1368 data.
1266 1354 1306 1360 -
1327 1337 1354 1367 3.
1373 1337 1491 1367 Factam
1514 1341 1614 1367 narrat
1632 1338 1679 1367 sui
1698 1336 1883 1368 electionem:

1167 1399 1205 1405 --
1232 1383 1260 1412 4.
1283 1383 1324 1412 Ac
1347 1391 1379 1412 se
1405 1381 1525 1412 nonnisi
1555 1381 1643 1412 invito
1667 1385 1779 1412 tantum
1807 1390 1883 1412 onus

1168 1426 1350 1465 suscepisse.
1371 1442 1411 1449 —
1435 1426 1462 1455 5.
1481 1424 1590 1455 Omnes
1619 1430 1651 1456 ut
1679 1433 1730 1464 pro
1753 1424 1817 1464 ipso
1845 1424 1882 1455 ad

1167 1469 1258 1500 Deum
1277 1474 1370 1504 orent,
1389 1474 1532 1510 precatur.

1127 1545 1248 1574 urbanus
1264 1545 1405 1581 episcopus
1425 1540 1520 1574 sei-vus
1550 1550 1690 1574 servorum
1713 1543 1769 1578 Dei.
1793 1543 1880 1574 archi·

1173 1595 1297 1630 episcopo
1309 1593 1444 1627 nemausi,
1460 1595 1491 1623 et
1501 1592 1682 1629 suffraganeis
1699 1593 1769 1627 eius.
1788 1599 1820 1623 ao
1835 1593 1880 1623 ab·

1171 1643 1293 1676 batibus,
1313 1643 1459 1679 prioribus,
1479 1642 1656 1679 praepositis.
1681 1642 1801 1676 decanis.
1836 1649 1883 1673 at·-

1173 1691 1338 1721 chidiaconis
1351 1694 1405 1722 etc.
1416 1698 1465 1728 per
1476 1692 1630 1721 nemausam
1641 1691 1808 1728 provinciam
1819 1697 1881 1721 con-

1175 1740 1297 1769 stitutis.

1178 1810 1207 1846 Ο
1241 1811 1371 1846 altitudo
1412 1810 1589 1846 divitiarum
1628 1810 1800 1858 sapientiae
1850 1818 1882 1846 et

1129 1860 1280 1895 scientiae
1311 1859 1387 1894 Dei:
1425 1872 1519 1907 quam
1549 1859 1881 1907 incomprehensibilia

1354 1958 1554 1993 Praecelsum
1575 1958 1703 2005 quidem
1733 1957 1880 1994 thronum

1130 2007 1291 2042 coelorum
1310 2007 1487 2048 continens,
1506 2008 1695 2055 intuensque
1709 2006 1881 2054 profundas

1129 2056 1268 2104 abyssos
1293 2057 1450 2091 montium
1487 2056 1665 2104 ponderans
1696 2056 1880 2102 gravitatem

1130 2114 1160 2139 et
1177 2105 1416 2151 amplitudinem
1434 2113 1532 2140 terrae
1551 2105 1655 2152 palmo
1673 2104 1880 2147 concludens,

1108 2152 1252 2188 2'summa
1280 2166 1334 2188 sua
1362 2155 1512 2201 sapientia
1540 2162 1625 2189 recte
1645 2154 1792 2189 universa
1819 2153 1881 2188 dis-

1108 2239 1109 2243 ,
1130 2203 1229 2250 ponit,
1251 2202 1399 2237 ineffabili
1423 2202 1617 2250 providentia
1656 2201 1880 2238 rationabiliter

1108 2254 1110 2295 ξ
1131 2251 1323 2292 moderatur,
1351 2253 1505 2286 immensa
1527 2252 1642 2287 virtute
1668 2251 1800 2286 firmiter
1820 2259 1880 2286 sta-

1108 2384 1110 2425 l

1130 2299 1209 2344 hilii,
1231 2308 1262 2334 et
1284 2302 1359 2335 mira
1382 2301 1552 2348 prudentia
1578 2300 1745 2335 salubriter
1773 2299 1880 2346 dirigit

1108 2346 1159 2384 {et
1198 2349 1363 2394 gubernat.
1406 2350 1439 2384 ln
1480 2350 1596 2396 quibus
1637 2348 1784 2384 omnibus
1830 2356 1886 2391 est

1132 2398 1270 2444 profecto
1297 2399 1367 2445 plus
1401 2398 1634 2438 admirandum,
1669 2410 1762 2444 quam
1797 2410 1879 2444 peu-

1129 2447 1275 2487 sandum,
1298 2447 1370 2494 plus
1391 2447 1598 2488 laudandum,
1620 2458 1711 2493 quam
1734 2455 1878 2482 scrutan-

1130 2496 1218 2536 dum,
1234 2497 1305 2543 plus
1326 2497 1531 2543 stupendum,
1553 2507 1647 2543 quam
1669 2495 1878 2543 loquendum,

1164 2565 1203 2600 (t)
1219 2565 1253 2592 Ut
1270 2573 1332 2593 cum
1343 2566 1456 2593 Martino
1467 2565 1566 2593 Polono
1575 2565 1741 2592 conveniam.
1782 2564 1822 2600 (Ξ)
1837 2564 1878 2593 Ex

1128 2603 1266 2640 Raynaido
1281 2606 1312 2633 ad
1328 2613 1372 2633 an.
1392 2605 1468 2632 126¹.
1507 2604 1555 2634 (5)
1575 2605 1650 2632 Rom.
1669 2612 1710 2637 xi,
1727 2604 1760 2630 33

1892 238 1942 264 An.
1959 235 1990 264 C.
2002 235 2082 275 1²⁶¹?

1927 1824 2038 1849 Exordiu-

1907 2121 1925 2142 Δ
1934 2119 2077 2148 profunditate

1893 2151 1959 2186 dlvint
2003 2150 2081 2174 tmen

1892 2184 1989 2209 possm.
