2129 3223
0 543 3 547 ,
56 529 138 548 tiorum.

0 561 8 577 μ

60 241 110 268 An.
128 242 158 269 C.
173 241 240 268 1223

254 298 320 332 suis
346 295 494 343 quicquid
529 295 684 330 Dominus
720 295 915 341 inspiraverit
941 295 995 330 eis.

254 347 287 382 Si
309 354 411 381 tamen
434 345 600 380 consilium
630 345 815 391 requiratur,
840 344 994 380 licentiam

254 396 386 431 habeant
408 395 544 429 ministri
584 394 726 429 mittendi
749 405 803 428 eos
826 395 861 428 ad
875 395 996 442 aliquos

254 446 354 481 Deum
378 444 541 483 timentes.
569 456 703 491 quorum
744 444 874 478 consilio
916 445 994 479 bona

57 495 141 518 ‘'stin''
178 500 239 519 W*-
253 507 307 530 sua
331 493 522 542 pauperibus
552 502 728 540 erogentur.
766 492 876 528 Postea
912 507 995 529 cou—

252 544 364 579 cedant
386 543 430 578 eis
457 555 578 590 pannos
601 543 794 590 probationis
810 570 818 585 ,
851 543 996 579 videlicet

251 594 330 628 duas
351 594 472 627 tunicas
494 594 561 627 sine
583 593 726 640 capucio.
758 600 788 626 et
822 592 994 638 cingulum,

250 651 281 678 et
307 643 447 679 brachas.
475 650 504 676 et
526 654 712 689 caparonem
740 654 841 689 usque
868 643 904 676 ad
927 645 994 677 cin-

249 692 371 739 gulum.
400 692 457 726 uisi
481 691 597 727 eisdem
633 692 782 726 ministris
820 691 903 726 alind
945 705 994 727 se-

249 742 388 777 cundum
408 741 505 776 Deum
521 740 688 788 aliquando
712 741 861 775 videatur,
889 741 994 776 Finito

248 805 321 826 vero
367 804 449 826 anno
491 791 693 838 probationis,
732 791 921 837 recipiantur
955 793 992 827 ail

248 841 472 880 obedientiam;
507 840 726 887 promittentes
751 841 842 875 vitam
880 842 992 885 istam,

247 899 278 926 et
300 891 437 938 regulam
464 902 589 937 semper
614 890 788 925 observare.
833 890 873 924 Et
906 891 993 926 nullo

50 940 174 994 '2⁴:532’
197 948 234 994 ἷξο-
247 941 342 975 modo
365 940 469 975 licebit
496 940 541 974 eis
563 939 601 974 (le
631 940 686 974 ista
723 939 870 985 religione
909 941 992 975 exire

0 994 3 1008 ²
50 1007 232 1031 quaqua-„possm
247 998 330 1025 iuxta
348 990 530 1024 mandatum
559 989 676 1023 domini
702 989 811 1035 Papae..
840 989 920 1031 Quia
947 1003 994 1024 se-

5 1546 9 1547 r
61 1533 105 1555 Son

247 1039 386 1075 cundum
408 1047 551 1074 sanctum
573 1039 778 1085 Evangelium
804 1051 895 1073 nemo
919 1041 992 1074 mit-

247 1096 316 1124 tens
350 1101 477 1124 manum
515 1088 551 1122 ad
586 1097 733 1124 aratrum.
773 1096 801 1121 et
835 1089 992 1135 aspiciens

247 1142 331 1174 retro
348 1145 441 1185 aptus
467 1145 513 1172 est
535 1150 631 1184 regno
653 1137 721 1171 Dei.
766 1137 803 1172 Et
843 1139 894 1185 qui
931 1140 990 1173 iam

48 1187 150 1241 ,gffssffi
181 1195 233 1216 Μ·
247 1188 459 1235 promiserunt
480 1187 703 1226 obedientiam,
730 1187 863 1221 habeant
897 1200 990 1222 unam

248 1237 384 1273 tunicam
411 1249 483 1272 cum
510 1237 654 1283 capucio,
676 1245 705 1270 et
731 1237 820 1270 aliam
844 1237 912 1271 sine
945 1250 992 1272 ca-

248 1286 352 1334 pucio,
379 1287 432 1334 qui
455 1286 611 1321 voluerint
635 1286 758 1320 babere.
784 1285 819 1319 Et
847 1287 899 1333 qui
930 1299 991 1321 ne—

247 1336 390 1371 cessitate
411 1344 577 1381 coguntur,
607 1336 725 1381 possint
767 1344 890 1381 portare
927 1336 991 1370 cal-

246 1386 411 1421 ciamenta.
438 1385 478 1419 Et
518 1385 626 1419 fratres
660 1397 770 1419 omnes
799 1385 991 1419 vestimentis

246 1434 360 1470 vilibus
385 1434 566 1478 induantur,
588 1442 618 1468 et
641 1434 759 1479 possint
780 1447 814 1468 ea
838 1436 991 1480 repetiere

245 1484 285 1519 de
299 1484 402 1520 saccis
417 1493 447 1519 et
473 1483 543 1518 aliis
565 1483 655 1531 petiis
675 1496 746 1518 cum
771 1483 990 1519 benedictione

48 1567 118 1586 eun-«u
146 1535 232 1586 ⁶2²,ng
245 1533 315 1569 Dei.
336 1533 426 1577 Quos
448 1545 561 1569 moneo
586 1541 617 1567 et
654 1534 812 1575 exhortor,
854 1546 891 1568 ne
933 1534 990 1569 de-

71 1582 80 1586 *
224 1581 394 1631 ⁸spiciam,
417 1595 520 1630 neque
541 1582 681 1617 iudicent
716 1583 871 1622 homines,
911 1597 990 1631 quos

245 1633 394 1668 mollibus
421 1633 553 1667 viderint
594 1633 787 1667 vestimentis
835 1642 864 1666 et
904 1633 990 1668 colo-

245 1683 319 1720 ratis
338 1682 477 1723 indutos,
501 1683 542 1717 uti
566 1681 644 1717 cibis
686 1690 715 1717 et
756 1682 882 1730 potibus
913 1683 990 1717 deli-

243 1733 332 1774 catis;
358 1733 412 1767 sed
436 1733 534 1777 magis
562 1732 779 1779 unusquisque
818 1732 932 1767 iudicet
960 1741 989 1766 et

245 1782 398 1831 despiciat
425 1782 645 1829 semetipsum.

539 1853 618 1889 Cap,
646 1852 698 1888 III.

294 1924 410 1962 Clerici
450 1924 561 1960 saciant
592 1925 730 1959 divinum
753 1925 900 1960 Officium
940 1939 989 1961 se-

8 1963 15 1971 .
61 1980 176 2003 nomm
191 1976 387 2012 0¹⁵-cundum
409 1975 550 2009 ordinem
573 1974 708 2009 Sanctae
733 1975 893 2010 Romanae
929 1975 991 2010 Ee-

49 2013 90 2038 tio,
105 2015 127 2033 et
144 2013 232 2037 ieiunio,

49 2047 70 2064 ει
80 2044 183 2071 quo-„0⁶0
193 2043 233 2064 ιη.
246 2025 370 2066 etesiae,
396 2031 527 2071 excepto
550 2024 705 2071 psalterio,
727 2037 764 2059 ex
790 2037 852 2072 quo
877 2024 990 2060 habere

4 2103 5 2106 η
49 2075 131 2095 ''m“
142 2074 232 2095 ⁶²¹³⁶³¹¹¹
247 2082 394 2123 poterunt
415 2074 577 2109 breviaria.
599 2073 684 2109 Laici
712 2087 783 2109 vero
813 2075 917 2109 dicant
944 2076 990 2108 vi-

49 2109 86 2131 per
101 2105 206 2126 mundum.
926 2126 932 2130 .

245 2125 458 2173 gintiquatuor
481 2125 572 2157 Pater
601 2131 701 2158 noster
734 2137 788 2171 pro
825 2132 989 2164 matutinO,

246 2187 303 2222 pro
325 2174 469 2210 laudibus
490 2173 643 2220 quinque,
666 2186 721 2220 pro
756 2174 867 2221 prima,
890 2175 989 2218 tertia,

244 2232 344 2268 sexta,
364 2236 459 2263 nona,
483 2235 539 2270 pro
560 2222 698 2269 qualibet
714 2223 841 2258 istarum
857 2232 989 2271 septem,

247 2286 303 2321 pro
331 2274 467 2320 vesperis
489 2280 593 2306 autem
617 2272 803 2313 duodecim,
827 2285 880 2319 pro
907 2285 990 2307 com-

245 2323 519 2370 pletorioseptem
535 2349 543 2364 ,
566 2330 597 2356 et
623 2329 712 2356 orent
733 2335 789 2369 pro
822 2322 988 2357 defunctis.

245 2372 286 2407 Et
305 2373 445 2408 ieiunent
472 2383 489 2406 a
511 2371 588 2406 festo
623 2371 773 2406 Omnium
802 2371 988 2407 Sanctorum

246 2434 346 2470 usqne
371 2421 408 2456 ad
435 2421 633 2456 Nativitatem
669 2419 808 2459 Domini:
851 2429 988 2456 sanctam

246 2483 320 2506 vero
357 2470 652 2518 quadragesimam,
691 2482 771 2518 quae
807 2472 915 2518 incipit
952 2471 990 2505 ab

245 2520 422 2569 Epiphania
450 2519 576 2554 Domini
613 2532 717 2567 usque
751 2519 789 2554 ad
824 2521 991 2556 continuos

247 2570 452 2618 quadraginta
486 2570 577 2610 dies,
611 2581 702 2616 quam
738 2569 892 2604 Dominus
934 2582 991 2604 suo

247 2628 355 2654 sancto
383 2620 499 2654 ieiunio
527 2620 741 2663 consecravit,
779 2619 832 2666 qui
878 2619 990 2654 volun-

875 237 1039 261 noxontt's
1065 238 1102 260 ΙΙΙ
1130 238 1177 260 FP.

1661 230 1730 263 :595

1037 295 1114 330 tarie
1140 307 1208 330 eam
1237 294 1386 341 ieiunant,
1413 298 1567 335 benedicti
1590 300 1653 336 sint
1679 314 1694 336 a
1720 301 1781 337 Do-

1037 344 1135 388 mino,
1156 352 1185 379 et
1206 346 1258 392 qui
1291 347 1410 384 nolunt.
1433 361 1496 383 non
1527 358 1601 385 sunt
1627 351 1778 390 adstricti,

1037 394 1090 428 sed
1118 394 1209 429 aliam
1234 407 1333 442 usque
1359 396 1397 431 ad
1419 398 1693 437 Resurrectionem
1712 403 1780 438 Do—

1036 444 1111 478 mini
1138 444 1288 479 ieiunent.
1329 445 1409 480 Aliis
1443 457 1545 484 autem
1584 452 1779 498 temporibus

1036 505 1098 528 non
1127 501 1292 529 teneantur
1318 494 1426 532 fratres
1448 499 1506 532 nisi
1535 499 1609 535 feria
1632 511 1716 536 sexta
1740 503 1779 536 ie-

1037 543 1311 591 iunare;tempore
1338 557 1409 579 vero
1438 549 1618 584 manifestae
1646 553 1779 587 necessi-

1036 593 1105 628 tatis
1128 605 1189 628 non
1218 601 1382 630 teneantur
1408 597 1516 633 fratres
1554 599 1670 635 ieiunio
1708 613 1778 636 cor-

1037 643 1148 689 porali.
1174 642 1315 679 Consulo
1342 657 1424 684 vero,
1447 659 1559 681 moneo
1581 657 1611 683 et
1629 650 1778 686 exhortor

1036 695 1143 729 fratres
1170 707 1256 729 meos
1292 695 1322 729 in
1364 695 1497 731 Domino
1537 697 1604 732 lesu
1640 699 1777 739 Christo,

1036 754 1068 779 ut
1090 745 1216 792 quando
1243 744 1359 779 vadunt
1382 759 1431 792 per
1458 746 1610 782 mnndum
1627 776 1636 790 ,
1655 762 1717 784 non
1739 750 1778 784 li-

1035 795 1154 841 tigoni,
1194 807 1296 842 neque
1328 796 1517 830 contendant
1556 797 1676 838 verbis,
1721 812 1779 834 nec

1034 845 1110 880 alios
1138 844 1284 879 iudicent.
1308 844 1369 879 Sed
1393 846 1454 880 sint
1478 847 1579 889 mites,
1603 848 1722 894 pacifici
1750 858 1779 883 et

1034 895 1177 933 modesti,
1217 896 1371 929 mansueti
1399 904 1429 929 et
1461 896 1608 940 humiles,
1651 897 1779 933 honeste

1033 945 1197 990 loquentes
1215 944 1362 979 omnibus
1394 945 1476 980 sicut
1508 945 1609 980 decet.
1641 947 1679 982 Et
1717 960 1778 981 non

1033 994 1169 1029 debeant
1194 994 1346 1040 equitare,
1369 995 1428 1029 nisi
1453 995 1612 1030 manifesta
1644 999 1780 1032 necessi-

1033 1052 1093 1078 tate
1130 1044 1174 1078 vel
1204 1044 1381 1078 infirmitate
1407 1053 1569 1089 cogantur.
1597 1044 1630 1079 ln
1667 1059 1779 1093 quam-

1033 1105 1167 1138 cumque
1189 1093 1319 1128 domum
1344 1093 1536 1133 intraverint,
1560 1095 1695 1141 primum
1729 1096 1779 1130 di-

1033 1152 1122 1178 cant:
1140 1142 1201 1176 Pax
1225 1142 1296 1177 huic
1318 1142 1438 1177 domui.
1461 1143 1499 1178 Et
1521 1144 1695 1178 secundum
1712 1158 1780 1179 san-

1032 1200 1115 1227 ctum
1136 1191 1341 1238 Evangelium
1369 1192 1408 1226 de
1434 1193 1582 1228 omnibus
1617 1194 1694 1229 cibis
1724 1196 1777 1242 qui

1033 1250 1232 1287 apponuntur
1259 1242 1304 1276 eis
1331 1242 1419 1276 liceat
1443 1242 1644 1278 manducare.

1326 1313 1405 1348 Can.
1431 1313 1481 1347 1V.

1081 1383 1243 1430 Praecipio
1265 1384 1395 1419 firmiter
1418 1385 1563 1420 fratribus
1603 1386 1975 1445 universis,nffgffimgggg}

1032 1445 1065 1471 ut
1088 1437 1172 1472 nullo
1206 1438 1298 1472 modo
1338 1438 1493 1477 denarios,
1526 1439 1573 1474 vel
1612 1440 1777 1486 pecuniam
1792 1451 1901 1475 pecuniam

1032 1491 1194 1537 recipiant,
1227 1505 1280 1537 per
1318 1505 1352 1526 se
1385 1492 1431 1526 vel
1466 1505 1521 1540 per
1561 1493 1776 1540 interpositam

1033 1558 1207 1590 personam.
1231 1546 1349 1581 Tamen
1375 1560 1428 1594 pro
1455 1548 1696 1583 necessitatibus
1729 1548 1778 1582 in-

1032 1599 1216 1637 firmorum.
1245 1608 1275 1634 et
1311 1600 1378 1634 aliis
1413 1601 1558 1637 fratribus
1590 1601 1778 1643 induendis,

1032 1666 1086 1700 per
1107 1653 1226 1688 amicos
1248 1654 1437 1700 spirituales,
1465 1656 1599 1690 ministri
1631 1664 1752 1691 tantum
1770 1684 1777 1695 ,

1030 1716 1061 1741 et
1082 1707 1231 1741 custodes
1258 1708 1424 1743 sollicitam
1447 1721 1553 1743 curam
1585 1718 1695 1754 gerant
1727 1723 1779 1745 se-

1031 1761 1170 1796 cundum
1194 1762 1271 1802 loca,
1299 1770 1328 1796 et
1349 1770 1503 1808 tempora,
1525 1770 1555 1796 et
1577 1762 1706 1809 frigidas
1733 1776 1779 1799 re-

1030 1816 1152 1861 giones,
1174 1816 1255 1851 sicut
1274 1816 1449 1850 necessitati
1466 1816 1598 1851 viderint
1619 1817 1776 1864 expedire.

1031 1871 1076 1905 Eo
1103 1883 1228 1917 semper
1249 1870 1345 1913 salvo,
1373 1879 1416 1909 ut,
1444 1871 1524 1905 sieut
1557 1870 1678 1906 dictum
1718 1880 1776 1910 est.

1031 1924 1176 1959 denarios
1195 1924 1240 1959 vel
1266 1925 1429 1971 pecuniam
1459 1938 1522 1960 non
1551 1925 1714 1973 recipiant.

1330 2000 1409 2036 CAP.
1440 2001 1477 2035 V.

1079 2077 1202 2112 Fratres
1226 2077 1281 2117 illi,
1305 2078 1417 2125 quibus
1439 2078 1568 2123 gratiam
1597 2078 1681 2112 dedit
1710 2079 1775 2113 Do·
1802 2086 1973 2133 Dedeodohboe

1031 2132 1135 2166 minus
1158 2130 1329 2170 laborandi,
1352 2131 1493 2166 laborent
1521 2131 1656 2166 fideliter
1676 2141 1706 2167 et
1727 2133 1776 2167 de·
1789 2123 1855 2138 '³⁹³'

1033 2193 1113 2229 vote,
1136 2186 1174 2219 ita
1201 2185 1299 2231 quod,
1322 2185 1450 2220 excluso
1474 2187 1544 2220 ocio
1567 2187 1687 2220 animae
1715 2187 1775 2220 ini-

1031 2240 1124 2277 mico,
1152 2246 1275 2273 sanctae
1303 2239 1455 2274 orationis
1478 2249 1508 2274 et
1523 2238 1698 2274 devotionis
1715 2242 1776 2287 spi-

1032 2294 1124 2326 ritum
1148 2304 1210 2327 non
1235 2293 1428 2338 extinguant,
1452 2294 1502 2327 cui
1525 2293 1642 2328 debent
1655 2302 1773 2328 caetera

1032 2346 1211 2392 temporalia
1240 2346 1406 2381 deservire.
1439 2346 1486 2380 De
1526 2346 1670 2381 mercede
1702 2360 1775 2382 vero
1801 2352 1971 2389 Ouidi-rolabw

1031 2399 1145 2434 laboris
1173 2411 1227 2445 pro
1249 2412 1281 2433 se
1303 2410 1333 2434 et
1350 2400 1416 2435 suis
1432 2400 1580 2435 fratribus
1603 2402 1773 2435 necessaria
1788 2385 1962 2410 'erecwaendm

1031 2453 1171 2499 corporis
1193 2453 1356 2500 recipiant,
1379 2462 1501 2500 praeter
1529 2454 1687 2499 denarios,
1727 2457 1772 2489 vel

1032 2507 1209 2554 pecuniam.
1237 2516 1267 2542 et
1295 2508 1354 2542 hoc
1375 2508 1553 2552 humiliter,
1581 2510 1663 2543 sicut
1683 2509 1770 2544 decet

1031 2574 1137 2596 servos
1173 2561 1232 2596 Dei
1273 2571 1301 2596 et
1336 2563 1528 2609 paupertatis
1559 2564 1774 2598 sanctissimae

1032 2625 1209 2651 SGClZlOI'QS.

1796 239 1843 266 Ᾰη.
1862 240 1880 266 C
1910 241 1977 267 ¹225

1804 649 1861 676 Quae
1875 652 1975 670 itineran-

1792 682 1846 701 tibus
1864 682 1966 701 servanda
