2129 3223
835 243 1045 268 tNrtocssn‘rtus
1065 245 1095 267 tv
1117 244 1166 268 ΙΨ.

38 248 92 279 An.
104 247 135 276 C.
154 246 222 278 ¹2⁵³
1654 239 1722 274 5⁷7

1029 299 1228 346 pontificatus
1251 311 1322 336 vero
1349 300 1467 337 domini
1490 301 1662 339 Innocentii
1691 305 1772 342 tertii

1026 360 1108 383 anno
1135 349 1269 384 decimo.

1075 397 1158 433 Nulli
1181 410 1255 445 eigo
1281 407 1334 434 etc.

1788 255 1828 281 An
1856 254 1884 280 C.
1904 255 1970 283 ¹253

530 300 610 336 civ.
636 301 691 335 ta.

287 371 435 408 Visitator
460 379 563 407 vester
588 383 713 418 semper
735 371 773 406 sit
806 371 845 405 de
875 370 986 406 ordine

52 423 120 450 “⁸⁸⁸
145 424 222 445 ’Μᾶ-
236 421 367 457 fratrum
402 420 558 456 Minorum
586 420 760 455 secundnm
795 421 983 455 voluntatem

39 455 92 476 tort·
101 457 121 476 tt
135 454 221 482 rappot-

236 479 265 505 et
304 469 485 506 mandatum
524 471 620 505 nostri
660 469 839 504 cardinalis.
881 469 919 504 Et
947 470 983 504 sit

237 519 315 559 talis,
338 518 377 554 de
399 520 490 555 cuius
506 520 666 555 honestate
692 528 720 552 et
738 519 878 553 moribus
894 519 983 566 plena

236 568 343 603 notitia
367 567 528 604 habeatur.
546 567 648 603 Cuius
669 567 806 602 osticium
822 569 891 612 erit,
920 575 982 602 tam

235 618 266 652 in
293 619 521 665 capite‚quam
560 618 590 652 in
633 617 786 652 membris
827 617 982 664 corrigere

234 678 383 703 excessus
405 669 593 702 commissos
614 675 720 702 contra
752 666 883 701 sormam
911 679 983 712 pro—

234 715 381 752 fessionis
405 724 535 752 vestrae.
563 715 625 758 Qui
659 723 745 751 stans
784 716 814 750 in
855 715 982 762 publico

234 765 314 804 loco,
336 774 369 801 ut
395 765 491 800 videri
515 765 552 800 ab
574 765 642 800 aliis
670 766 778 812 possit,
806 777 878 800 cuni
913 765 983 811 plu-

234 814 321 849 ribus
347 823 376 850 et
403 814 536 861 singulis
566 815 648 861 loqui
688 814 788 854 liceat,
825 826 904 860 quae
945 815 980 848 ad

233 862 369 899 officium
394 864 577 899 visitationis
606 864 773 910 pertinent,
805 863 979 897 secundum

232 911 316 960 quod
356 912 470 948 melius
499 913 656 947 iidebitur
695 911 853 959 expedire.
897 911 982 959 Cap-

232 962 390 1008 pellanum
419 963 512 997 etiam
535 974 607 997 cum
638 973 701 996 uno
740 973 826 996 socio
865 960 981 996 clerico

232 1011 333 1046 bonae
370 1011 483 1051 famae,
512 1011 710 1046 discretionis
749 1010 919 1057 providae3
951 1019 978 1046 et

231 1059 312 1094 duos
337 1059 447 1095 fratres
473 1060 568 1095 laicos
588 1069 714 1095 sanctae
735 1060 982 1094 conversationis

231 1117 262 1144 et
283 1108 458 1145 honestatis
470 1117 637 1153 amatores,
660 1109 689 1143 in
707 1108 882 1143 subsidium
903 1121 980 1155 pau-

232 1159 360 1205 pertatis
395 1167 526 1199 vestrae,
568 1159 648 1193 sicut
687 1158 932 1192 misericorditer
965 1171 979 1191 a

232 1207 393 1254 praedicto
413 1208 525 1243 ordine
551 1207 679 1243 fratrum
707 1206 865 1241 Minorum
902 1219 981 1241 sem-

232 1268 288 1302 per
306 1255 485 1301 habuimus,
511 1265 542 1291 et
570 1257 685 1291 intuitu
712 1257 834 1303 pietatis
872 1255 928 1290 Dei
951 1265 980 1290 et

231 1305 312 1340 beati
331 1304 504 1351 Francisci,
531 1306 570 1340 ab
592 1306 702 1340 eodem
730 1305 840 1340 ordine
861 1305 899 1339 de
915 1317 979 1351 gra-

232 1355 273 1389 tia
309 1356 513 1402 postulamus.
565 1354 630 1390 Nec
668 1354 759 1389 liceat
797 1354 979 1401 cappellano

232 1403 300 1438 sine
326 1404 412 1439 socio
435 1405 658 1439 monasterium
683 1403 818 1450 ingredi.
856 1402 893 1437 Et
930 1404 980 1437 in—

233 1461 349 1488 trantes
370 1453 401 1488 in
424 1453 494 1488 loco
520 1453 583 1488 sint
606 1452 744 1500 publico,
765 1460 797 1486 nt
835 1464 868 1486 se
904 1464 979 1499 pos—

232 1501 295 1536 sint
319 1501 517 1542 alterutrum,
541 1509 571 1537 et
597 1502 635 1536 ab
661 1502 729 1537 aliis
752 1502 876 1536 intueri.
919 1501 979 1535 Pro

232 1550 430 1586 confessione
454 1551 660 1592 infirmarum,
687 1563 767 1598 quae
793 1550 830 1585 ad
858 1551 980 1585 locuto-

235 1600 314 1635 rium
336 1600 380 1635 ire
400 1613 461 1636 non
482 1601 614 1648 possint,
638 1612 692 1646 pro
709 1600 981 1635 communicandis

233 1648 365 1694 eisdem,
391 1657 421 1684 et
444 1662 499 1697 pro
521 1659 659 1685 extrema
683 1650 842 1693 unctione,
874 1658 904 1684 et
927 1662 980 1695 pro

233 1699 355 1734 animae
382 1700 705 1743 recommendatione,
736 1699 828 1733 liceat
862 1699 980 1733 eisdem

234 1748 373 1783 introire.
397 1748 459 1783 Pro
486 1749 627 1796 exequiis
655 1760 738 1792 vero,
761 1756 790 1782 et
814 1749 979 1782 missarum

234 1801 400 1837 solemniis
412 1801 641 1845 defunctarum,
661 1802 706 1835 vel
729 1801 765 1835 ad
789 1801 980 1840 fodiendam,

185 1876 189 1885 .
235 1855 283 1890 vel
317 1855 518 1903 aperiendam
546 1855 754 1902 sepulturam,
789 1866 843 1889 seu
888 1857 980 1890 etiam

235 1909 452 1956 coaptandam,
486 1910 604 1956 possint
636 1907 825 1943 sufficientes
862 1908 983 1943 idoneae

237 1974 389 2010 personae
412 1962 451 1997 de
485 1963 658 1997 abbatissae
696 1961 889 2010 providentia
928 1963 984 1997 in-

236 2017 343 2053 troire.
370 2017 419 2052 Ad
446 2016 523 2052 haec
549 2028 673 2052 sorores
698 2024 862 2052 teneantur
897 2028 983 2051 sem-

238 2082 296 2118 per
317 2070 433 2106 habere
455 2070 542 2104 illum
583 2069 621 2104 de
657 2077 783 2105 sanctae
822 2069 984 2105 Romanae

238 2124 397 2160 Ecclesiae
419 2123 630 2159 cardinalibus
652 2135 707 2171 pro
729 2131 830 2158 vestro
868 2124 984 2171 gnber-

239 2186 358 2223 natore,
381 2185 554 2225 protectore
581 2186 612 2212 et
633 2185 820 2218 correctore,
841 2179 895 2224 qui
924 2177 986 2212 sue-

241 2231 318 2267 rita
345 2231 475 2266 domino
503 2230 585 2277 Papa
623 2229 768 2265 fratribus
811 2230 986 2266 Minoribus

241 2285 431 2333 deputatus,
456 2293 488 2320 ut
510 2296 635 2332 semper
657 2284 812 2325 subditae,
847 2294 875 2320 et
910 2285 987 2320 sub-

242 2339 338 2375 iectae
361 2339 496 2387 pedibus
517 2338 658 2374 eiusdem
686 2337 718 2374 S.
736 2338 774 2373 R.
802 2339 838 2373 E.
863 2338 988 2374 stabiles

243 2394 275 2428 in
302 2392 364 2429 fide
386 2393 547 2433 catholica,
572 2400 785 2439 paupertatem
819 2400 850 2427 et
884 2393 989 2427 humi-

244 2448 361 2484 litatem
400 2447 517 2484 domini
554 2447 650 2482 nostri
691 2446 758 2481 lesu
781 2446 924 2486 Christi,
958 2456 987 2481 et

222 2501 314 2541 eius
339 2502 555 2537 sanctissimae
588 2500 697 2535 matris
738 2500 767 2534 in
804 2509 987 2546 perpetuum

245 2554 457 2591 observemus.

295 2606 410 2643 Datum
433 2609 555 2644 Perusii
581 2609 624 2641 16
660 2607 806 2642 kalendas
841 2608 990 2651 octobris,

368 2665 439 2694 Ruit.
461 2665 540 2694 Rom.
566 2665 619 2694 Vol.
645 2664 695 2695 Ill.
869 2665 904 2695 73

1074 447 1190 482 Datum
1232 449 1342 483 Assisii
1381 450 1492 496 quinto
1533 451 1603 486 idus
1633 453 1772 500 augusti,

1027 497 1228 544 pontificatus
1254 498 1350 533 nostri
1373 510 1455 534 anno
1480 500 1659 537 undecimo.

1064 552 1125 584 Dat.
1141 554 1189 585 die
1203 554 1221 584 9
1239 556 1356 594 augusti
1377 555 1462 594 1253,
1481 557 1581 597 pontif.
1600 567 1677 589 anno
1694 567 1731 589 xi.

1324 722 1472 758 xxxlv.

1026 796 1229 832 Caiiom‘zatio
1261 799 1340 832 beati
1371 800 1524 834 Slaiti'slai
1542 802 1672 847 episcopi
1695 803 1772 836 Cra-

1070 849 1215 881 covienst's
1240 849 1274 882 in
1300 849 1445 887 Polom'a,
1464 851 1585 895 eiusque
1605 853 1771 896 adscriptio

1069 897 1101 929 in
1124 909 1283 931 numerum
1304 899 1501 940 Sanctorum,
1529 912 1597 934 cum
1639 901 1770 934 eiusdem

1069 945 1241 989 festivitatis
1262 948 1450 982 institutione
1467 960 1526 993 pro
1548 950 1595 983 die
1627 950 1650 981 8
1683 951 1769 984 maii.

1288 1021 1502 1052 SUMMARIUM

1020 1082 1208 1115 Prooemium.
1230 1102 1269 1108 -
1285 1086 1310 1115 1.
1333 1086 1362 1115 B.
1379 1086 1544 1118 Stanislaus
1567 1089 1769 1128 episcopatum

1059 1129 1168 1168 optime
1195 1130 1418 1169 administrans;
1445 1149 1484 1155 —
1505 1133 1528 1163 A
1546 1143 1614 1172 rege
1641 1134 1768 1164 incorri—

1060 1173 1159 1211 gibili,
1178 1174 1302 1214 ideoque
1318 1178 1580 1215 excommunicato,
1594 1194 1633 1201 —-·
1647 1178 1675 1209 3.
1693 1177 1768 1208 Cru-

1059 1217 1164 1247 deliter
1185 1220 1311 1256 occisus,
1330 1220 1538 1260 concisusque,
1559 1238 1599 1244 —
1618 1222 1646 1251 4.
1669 1223 1691 1252 A
1712 1222 1769 1252 Deo

1058 1261 1220 1293 illustratus
1248 1264 1422 1295 miraculosa
1446 1268 1668 1296 conservatione
1699 1276 1768 1297 cor-

1060 1306 1156 1345 poris,
1181 1323 1220 1329 —
1242 1308 1270 1337 5.
1299 1307 1514 1348 Frequentibus
1542 1310 1710 1347 miraculis,
1732 1327 1771 1334 —

1059 1350 1086 1380 6.
1112 1350 1286 1381 Sanctorum
1306 1353 1459 1391 cathalogo
1483 1353 1671 1389 adscribitur,
1690 1370 1729 1377 —
1744 1354 1769 1383 7.

1058 1393 1144 1424 Festo
1159 1404 1257 1425 annuo
1276 1396 1474 1426 honorandus.
1490 1413 1528 1420 —
1543 1398 1569 1427 8.
1586 1397 1770 1437 Indulgentia

1058 1440 1123 1469 eius
1143 1440 1333 1478 sepulchrum
1352 1441 1539 1472 visitantibus
1560 1443 1716 1482 proposita.

1018 1508 1188 1538 Innocentius
1206 1511 1350 1546 episcopus
1368 1518 1463 1541 servus
1481 1519 1621 1542 servorum
1648 1512 1704 1547 Dei,
1723 1519 1771 1542 ve-

1064 1558 1228 1587 nerabilibus
1265 1558 1412 1593 fratribus.
1437 1561 1613 1596 patriarchis,
1638 1562 1770 1599 archiepi-

1065 1607 1152 1642 scopis
1180 1609 1210 1636 et
1229 1608 1375 1645 episcopis.
1396 1615 1427 1638 ac
1443 1609 1552 1639 dilectis
1570 1610 1644 1645 filiis,
1665 1611 1771 1641 abbati-

1064 1657 1123 1690 bus,
1147 1657 1293 1693 prioribus.
1318 1659 1574 1694 archipresbyteris,
1595 1660 1772 1694 decanis.ar-

1065 1706 1228 1736 chidiaconis
1247 1709 1278 1736 et
1297 1708 1360 1736 aliis
1378 1707 1559 1738 Ecclesiarum
1573 1709 1718 1746 praetatis.
1739 1711 1774 1740 ad

1067 1763 1134 1792 quos
1160 1756 1275 1786 litterae
1299 1757 1370 1786 istae
1389 1759 1569 1794 pervenerint.
1606 1758 1721 1789 salutem
1744 1761 1773 1788 et

1066 1805 1246 1840 apostolicam
1260 1807 1481 1836 benedictionem.

1073 1871 1157 1907 Olim
1181 1884 1196 1907 a
1235 1873 1400 1918 gentilium
1436 1873 1536 1909 oculis
1571 1874 1769 1910 tenebrarum
1782 1868 1801 1877 ”
1829 1894 1851 1907 r„
1874 1894 1913 1907 mu

1024 1921 1147 1957 detersa
1174 1922 1318 1968 caligine,
1341 1931 1370 1957 et
1399 1923 1438 1958 ab
1477 1935 1585 1958 eorum
1621 1924 1771 1959 cordibus

1026 1970 1214 2006 infidelitatis
1234 1971 1356 2018 gelidae
1378 1971 1488 2020 hyeme
1510 1973 1688 2014 secedente,
1702 1986 1771 2008 ver-

1026 2021 1104 2055 nalis
1125 2033 1161 2054 ex
1187 2033 1225 2056 eo
1244 2022 1397 2056 successit
1420 2022 1592 2057 amoenitas
1626 2022 1772 2057 redolen-

1027 2070 1103 2104 tium
1125 2069 1237 2104 ssorum
1265 2078 1427 2105 venustate
1452 2071 1576 2110 decora,
1604 2071 1688 2118 quod
1717 2071 1772 2107 Ec-

1026 2119 1139 2154 clesiae
1166 2120 1251 2166 prius
1278 2119 1420 2155 desertae
1446 2132 1481 2155 ac
1503 2120 1598 2155 sterili
1622 2120 1675 2154 filii
1716 2120 1773 2155 de-

1027 2168 1150 2203 votione
1186 2169 1358 2216 praecipui,
1398 2169 1541 2216 xalloque
1580 2170 1774 2204 constantiae

1029 2218 1226 2273 praemuniti,
1254 2227 1435 2257 nascuntur,
1461 2219 1514 2265 qui
1538 2225 1571 2253 ut
1595 2219 1686 2252 liores
1709 2218 1774 2265 pri-

1029 2267 1126 2301 maevi
1149 2275 1178 2301 et
1201 2266 1342 2301 diffusam
1365 2267 1484 2314 spirant
1501 2267 1685 2302 suavitatem
1701 2267 1774 2302 odo-

1030 2316 1082 2355 ris,
1101 2324 1130 2350 et
1152 2315 1306 2350 uberioris
1333 2328 1388 2363 per
1409 2316 1466 2350 Dei
1481 2317 1609 2361 gratiam
1638 2315 1771 2351 fructum

1029 2365 1085 2399 sibi
1104 2364 1263 2411 proferunt
1286 2365 1466 2399 honestatis.
1484 2366 1607 2420 Sicque
1637 2365 1772 2401 liliorum

1030 2414 1087 2448 sibi
1124 2413 1323 2448 multitudine
1364 2415 1564 2469 proieniente
1598 2415 1773 2460 innumera,

1031 2465 1144 2509 suique
1167 2464 1234 2498 loco
1261 2475 1277 2498 a
1302 2464 1376 2498 mari
1406 2476 1505 2519 nsque
1527 2464 1563 2499 ad
1588 2475 1673 2499 mare
1705 2473 1774 2499 ten-

1034 2512 1364 2548 toriidilatatioinsra
1359 2514 1456 2560 ipsius
1474 2513 1600 2548 invaluit
1614 2514 1774 2559 terminos,

1034 2574 1093 2597 xox
1115 2564 1246 2598 turturis
1278 2564 1425 2609 gemitus,
1463 2575 1498 2598 ac
1529 2563 1658 2607 doloris,
1697 2563 1774 2599 dum

1034 2624 1122 2648 saeva
1156 2613 1323 2647 mitescens
1353 2621 1552 2660 tyrannorum
1588 2612 1774 2654 crudelitas,
