2129 3223
394 232 464 265 844

434 297 645 328 Armenorum
681 294 717 326 ad
759 294 1023 337 perseverantiam
1062 294 1093 326 in

434 343 492 376 fide
527 343 696 376 christiana
736 347 767 376 et
803 343 968 377 devotione
1006 343 1094 376 Sedis

434 393 648 436 Ispostolicae,
684 392 989 435 subventionemque
1023 393 1094 424 Τυν-

434 454 486 476 rae.
506 443 639 475 Sanctae
660 442 871 481 Hierusalem,
898 441 968 475 166.

346 493 447 525 XXIX.
469 491 662 536 Approbatio
679 491 894 525 coronationis
913 492 1026 524 Leonis
1046 502 1094 524 re-

433 541 479 584 gis
506 541 737 580 Armenorum,
773 551 846 573 cum
874 540 1093 573 adhortatione

434 590 471 622 ad
497 588 774 632 recuperationem
805 589 920 622 Terrae
940 589 1091 626 Sanctae,

435 638 507 672 167.

347 687 435 720 XXX.
454 687 646 720 Deliberatio
662 687 783 720 domini
799 687 902 730 Papae
918 685 1093 719 Innocentii

434 747 530 779 super
564 736 645 769 facto
679 735 804 779 imperii
832 736 869 769 de
896 735 998 768 tribus
1029 736 1093 768 ele-

434 785 502 825 ctis,
525 784 600 818 ¹168.

346 833 449 867 XXXI.
469 833 658 867 Sanctarum
674 833 831 876 virginum
849 833 963 866 canoni
980 833 1094 866 adscri-

432 882 477 915 bit
505 882 537 915 Β.
568 883 800 926 Kunegundem
835 882 1091 926 imperatricem,

438 931 509 965 174.

347 979 463 1013 XXXII.
486 980 602 1014 Othoni
622 980 653 1013 in
674 981 900 1024 imperatorem
928 980 1028 1013 electo
1049 991 1095 1013 re-

433 1039 532 1072 gnum
554 1028 775 1069 confirmatur,
798 1028 871 1062 176.

347 1077 476 1110 XXXIII.
500 1077 652 1121 Sequitur
670 1077 709 1109 ad
731 1077 855 1120 imperii
876 1076 1037 1120 principes
1057 1078 1095 1109 de

434 1126 544 1160 eadem
567 1137 612 1164 re,
636 1125 708 1159 178.

347 1174 476 1208 XXXIV.
500 1174 544 1207 Ad
571 1174 739 1218 episcopos
759 1173 909 1207 Franciae
935 1174 972 1207 de
994 1174 1094 1217 legiti-

435 1222 573 1257 matione
595 1224 693 1267 prolis
712 1235 729 1256 a
750 1222 896 1267 Philippo
921 1223 944 1256 II
965 1234 1038 1267 rege
1059 1235 1095 1257 ex

434 1282 531 1316 super
550 1272 680 1306 inducta
699 1276 878 1316 susceptae,
902 1271 975 1305 18⁹2.

347 1321 462 1356 XXXV.
493 1321 641 1355 Decernit
667 1333 787 1365 regem,
817 1331 1017 1365 regnumque
1038 1322 1094 1355 Ar-

436 1370 560 1403 meniae
580 1370 851 1404 excommunicari
872 1375 926 1403 aut
950 1370 1094 1404 interdici

437 1429 500 1452 non
528 1430 620 1463 posse
647 1419 706 1452 nisi
727 1420 764 1452 de
791 1419 919 1463 speciali
947 1421 1095 1454 mandato

437 1468 551 1512 Papae,
574 1467 648 1502 ¹182.

350 1517 477 1551 XXXVI.
494 1517 638 1550 Declarat
652 1517 875 1550 Cistercienses
894 1518 984 1550 nullo
1002 1518 1095 1551 modo

436 1565 570 1609 obligari
590 1577 700 1610 posse,
724 1570 757 1598 ut
776 1566 922 1608 fugitivos
946 1566 994 1599 sui
1015 1567 1096 1599 ordi-

436 1614 484 1647 nis
504 1614 671 1658 recipiant,
699 1614 766 1648 183.

348 1664 489 1698 XXXVII.
521 1663 664 1708 Speciale
689 1664 889 1708 privilegium
911 1675 967 1708 pro
989 1677 1097 1698 mona-

437 1713 532 1747 sterio
552 1713 583 1747 S.
607 1713 767 1746 Laurentii
788 1713 826 1746 de
846 1713 972 1749 Aversa.
1000 1713 1069 1747 183.

350 1762 503 1796 XXXVIII.
535 1761 658 1795 Creatio
687 1761 889 1795 Coloioannis
924 1762 955 1794 in
990 1774 1095 1805 regem

437 1811 648 1854 Bulgarorum
669 1815 699 1844 et.
717 1811 923 1847 Blachorum,
946 1822 1019 1844 cum
1040 1812 1096 1845 do-

438 1860 565 1894 natione
594 1859 767 1903 insignium
787 1859 956 1903 regalium,
985 1865 1016 1892 et
1044 1872 1097 1904 po-

436 1914 546 1943 testate
566 1909 703 1942 cudcndi
720 1914 890 1942 monetam.
912 1910 947 1942 Et
966 1910 1098 1943 facultas

439 1958 680 2002 archiepiscopo
691 1958 882 1991 Trinovitan.
897 1958 995 2002 ipsius
1015 1960 1099 2003 regis

440 2019 496 2051 pro
517 2012 661 2051 tempore
691 2018 902 2047 successores
925 2009 1098 2052 apostolica

438 2058 625 2091 auctoritate
646 2058 836 2099 coronandi,
865 2058 936 2092 186.

352 2107 482 2140 XXXIX.
502 2107 591 2146 Quod
613 2118 666 2140 rex
689 2108 860 2140 Bohemiae
885 2120 901 2140 a
927 2108 1006 2140 Sede
1019 2109 1098 2151 Apo-

439 2155 549 2190 stolica
561 2168 613 2190 rex
623 2158 660 2190 de
674 2161 799 2191 caetero
810 2157 1006 2196 nominetur,
1021 2157 1093 2191 2189.

351 2207 409 2240 XL.
434 2205 558 2240 Erectio
578 2207 743 2250 hospitalis
763 2207 847 2251 apud
863 2207 892 2240 S.
918 2207 1045 2239 Mariam
1067 2207 1098 2240 in

439 2255 530 2289 Saxia
556 2256 594 2289 de
617 2257 717 2295 Urbe,
745 2257 782 2289 ad
809 2267 925 2299 egenos
955 2256 1099 2290 infirmos

440 2307 640 2351 recipiendos
655 2312 685 2341 et
701 2307 868 2340 curandos.
893 2307 927 2339 Et
945 2306 1098 2339 institutio

441 2357 572 2389 fratrum
603 2356 722 2390 ordinis
748 2357 777 2389 S.
801 2355 954 2399 Spiritus,
978 2357 1099 2399 regula-

440 2416 506 2439 rem
537 2407 628 2439 vitam
659 2406 700 2439 ibi
721 2405 915 2448 degentium.
944 2405 1098 2438 Praefini-

441 2456 547 2499 tioquc
586 2455 728 2489 niuneris
767 2455 908 2499 ipsorum
944 2455 1096 2495 fratrum,

442 2516 476 2537 ac
497 2505 692 2539 auctoritatis
711 2515 823 2537 eorum
845 2503 1002 2546 magistri,
1025 2514 1098 2537 cum

441 2550 677 2593 exemptionum
703 2560 738 2582 ac
764 2549 1001 2592 privilegiorum
1022 2559 1098 2581 con-

443 2594 583 2627 cessione
596 2621 603 2634 ,
629 2594 699 2627 189.

355 2637 426 2670 XLI.
451 2637 655 2672 Confirmatio
676 2638 801 2672 Ordinis
821 2638 914 2672 Vallis
933 2638 1097 2678 Caulium‚

920 240 1021 263 BULLA
1027 241 1057 263 R!
1063 240 1108 263 ΠΜ
1137 239 1298 263 ROMANUM

1223 293 1275 326 cui
1317 294 1470 327 nonnulla
1509 293 1771 338 praescribuntur
1814 304 1879 326 ser-

1223 343 1334 383 vanda,
1357 342 1430 376 192.

1136 392 1221 424 XLII.
1241 391 1336 424 Multa
1356 391 1514 424 disserens
1529 392 1567 425 de
1583 391 1789 425 translatione
1805 391 1883 424 Con-

1223 440 1495 484 stantinopolitani
1528 440 1655 484 imperii
1687 440 1726 473 de
1757 439 1884 474 Graecis

1223 489 1262 522 ad
1282 489 1423 529 Latinos,
1445 489 1676 532 indulgentiam
1702 488 1884 533 impertitur

1224 538 1272 578 iis,
1308 538 1362 582 qui
1391 539 1428 571 ad
1457 538 1562 582 ipsum
1592 538 1764 582 imperium
1791 548 1882 571 acce-

1223 587 1344 627 dentes,
1374 598 1432 631 pro
1449 587 1595 623 subsidio
1615 587 1730 621 Terrae
1751 587 1883 620 Sanctae

1224 636 1447 676 laboraverint,
1470 636 1544 670 193.

1136 685 1234 717 XLIII.
1259 684 1411 728 Sequitur
1439 685 1476 717 dc
1506 683 1701 717 destinandis
1729 683 1884 727 religiosis

1223 734 1296 767 viris
1315 735 1353 767 ad
1371 734 1594 767 instruendum
1615 733 1788 778 imperium
1807 732 1885 767 Con-

1223 783 1561 827 stantinopolitanum,
1598 794 1671 816 cum
1706 781 1885 816 missalibus

1223 837 1253 864 ct
1283 832 1446 865 breviariis
1473 831 1559 865 iuxta
1591 832 1688 865 ritum
1722 831 1883 865 Romanae

1225 881 1405 921 Ecclesiae,
1429 880 1503 914 195.

1137 929 1232 962 XLIV.
1253 930 1374 973 Populo
1390 929 1575 963 Radicosani
1591 929 1739 972 prohibet
1752 939 1792 962 ne
1808 939 1884 962 con-

1224 979 1308 1012 sules
1334 979 1453 1022 absque
1478 977 1607 1021 speciali
1637 977 1726 1011 Sedis
1750 977 1884 1021 Aposto-

1224 1027 1303 1061 licae
1323 1028 1450 1061 licentia
1470 1027 1576 1070 eligat,
1598 1026 1672 1061 1196.

1138 1077 1220 1109 XLV.
1249 1077 1418 1111 Coronatio
1447 1077 1531 1120 regis
1557 1077 1740 1118 Aragonum
1766 1075 1885 1108 Romae

1225 1125 1256 1158 in
1276 1126 1469 1160 monasterio
1490 1124 1596 1159 Sancti
1615 1123 1784 1165 Pancratii,
1811 1134 1884 1156 cum

1224 1174 1397 1218 insignium
1417 1174 1575 1218 regalium
1602 1172 1825 1209 concessione,
1847 1183 1884 1205 ac

1224 1222 1369 1264 licentia,
1400 1223 1486 1267 quod
1516 1222 1585 1256 eius
1617 1231 1818 1255 successores
1847 1221 1886 1253 de

1225 1276 1349 1305 caetero
1379 1283 1437 1316 per
1465 1270 1744 1314 archiepiscopum
1771 1270 1884 1302 Tarra-

1225 1332 1338 1355 conen.
1371 1321 1559 1355 auctoritate
1590 1319 1763 1364 apostolica
1791 1330 1884 1352 coro-

1226 1369 1294 1403 nari
1315 1370 1448 1414 possint,
1471 1370 1545 1403 1197.

1137 1418 1235 1451 XLVI.
1262 1418 1307 1451 Ad
1328 1419 1491 1452 universos
1517 1417 1668 1452 Poloniae
1695 1416 1884 1451 christifide-

1225 1468 1282 1507 les,
1313 1472 1347 1500 ut
1373 1478 1504 1501 censum
1536 1468 1698 1501 Romanae
1727 1466 1886 1500 Ecclesiae

1225 1516 1367 1548 debitum
1387 1517 1579 1560 persolvant,
1602 1515 1675 1548 198.

1138 1564 1248 1597 XLVII.
1289 1564 1450 1598 Monachis
1491 1563 1755 1607 Burguliensibus
1792 1563 1886 1596 datur

1225 1617 1330 1646 certus
1351 1614 1465 1646 modus
1479 1613 1600 1646 vivendi
1621 1617 1652 1645 et
1671 1611 1800 1655 regendi
1821 1621 1885 1644 mo-

1226 1662 1399 1696 nasterium
1425 1663 1511 1696 iuxta
1530 1661 1764 1695 correctionem
1784 1672 1800 1693 a
1829 1661 1884 1694 de-

1227 1711 1336 1754 legatis
1360 1710 1542 1755 apostolicis
1562 1711 1687 1749 factam,
1709 1709 1783 1743 198.

1138 1759 1262 1792 XLVIII.
1286 1760 1492 1793 Confirmatio
1516 1760 1676 1792 bonorum
1704 1762 1734 1791 et
1759 1757 1885 1801 privile-

1225 1808 1350 1851 giorum
1381 1808 1544 1842 concessio
1564 1808 1703 1852 capitulo
1728 1807 1887 1841 Ecclesiae

1226 1857 1332 1890 Sancti
1352 1858 1463 1891 Aniani
1485 1856 1733 1896 Aurelianensis,
1756 1856 1830 1889 ⁹200.

1138 1906 1238 1939 XLIX.
1261 1907 1385 1940 Poenae
1408 1912 1515 1940 contra
1541 1907 1726 1945 Patarenos,
1757 1915 1886 1938 eorum-

1227 1967 1289 1999 que
1313 1957 1452 1990 fautores
1472 1960 1616 1995 statutae,
1634 1955 1716 1988 ⁹20⁹)..-

1139 2006 1171 2038 L.
1199 2006 1345 2039 Rescindi
1365 2007 1452 2049 leges
1477 2016 1588 2039 omnes
1607 2005 1639 2038 in
1658 2005 1887 2039 ecclesiasticos

1227 2060 1337 2088 contra
1359 2066 1498 2088 canones
1513 2065 1531 2088 a
1549 2054 1638 2088 laicis
1657 2055 1747 2094 latas,
1765 2054 1838 2088 ⁶203.

1140 2106 1184 2138 LI.
1215 2104 1398 2138 Viterbiensi
1427 2104 1585 2138 Ecclesiae
1613 2104 1644 2137 in
1671 2104 1886 2137 cathedralem

1228 2158 1351 2187 erectae
1372 2154 1420 2187 ius
1440 2153 1591 2187 asseritur
1615 2164 1712 2196 supra
1734 2153 1884 2185 Centum—

1227 2203 1397 2237 cellensem
1418 2208 1448 2235 et
1463 2203 1690 2236 Bledanensem
1712 2202 1883 2239 dioeceses,

1227 2253 1300 2287 0204.
1687 2246 1694 2253 '

1142 2304 1198 2336 LII.
1223 2302 1304 2335 Petri
1326 2303 1408 2346 regis
1429 2303 1610 2344 Aragonum
1636 2300 1809 2334 cessionem
1828 2310 1884 2343 pro

1227 2353 1371 2386 libertate
1425 2352 1617 2386 electionum
1656 2349 1884 2395 episcopalium

1228 2402 1407 2443 confirmat,
1433 2401 1511 2435 204.

1242 2451 1395 2484 Indicitur
1420 2450 1634 2484 anniversaria
1662 2449 1752 2482 statio
1776 2447 1807 2480 in
1833 2459 1883 2481 ec-

1228 2500 1323 2533 clesia
1347 2500 1453 2533 Sancti
1473 2499 1609 2543 Spiritus
1634 2498 1665 2531 in
1684 2496 1774 2530 Saxia
1811 2506 1884 2530 cum

1229 2544 1497 2588 indulgentiarum
1515 2548 1545 2577 et
1561 2541 1795 2587 privilegiorum
1813 2551 1885 2574 con-

1228 2590 1382 2630 cessione,
1416 2589 1489 2624 ⁵205.

1140 2634 1210 2668 LlV.
1245 2634 1482 2669 Confirmantur
1521 2630 1682 2677 privilegia
1728 2630 1884 2664 Ecclesiae

1142 2452 1211 2485 Llll.
