2129 3223
69 308 120 336 Αιι.
142 307 252 336 01193

82 1398 94 1419 Β
113 1396 250 1419 Bernwnilus

68 1432 188 1451 mim-torum
218 1427 249 1446 nt-

67 1461 93 1481 bo
109 1457 249 1482 adscribitur,

67 1495 88 1511 et
108 1491 154 1510 eins
172 1493 250 1514 corpus

67 1524 122 1542 inter
149 1518 250 1546 reliquias

66 1551 168 1573 collocari
189 1555 250 1570 nnm-

69 1585 135 1604 detur.

869 301 1020 326 COBLESTt
1026 299 1083 323 NUS
1105 300 1142 322 llt
1166 298 1212 321 FP.

265 363 447 410 frequenter
471 367 630 407 appareat,
658 366 688 392 et
713 357 859 404 dignetur
883 368 936 403 per
957 367 1011 392 eos

263 413 334 447 eius
360 422 454 458 opera
487 409 554 444 snis
588 407 736 443 fidelibus
766 405 922 447 revelare;
961 405 1011 440 di-

263 472 360 508 gnum
399 459 549 494 duximus
575 466 605 492 et
640 456 861 503 Omnipotenti
897 456 1012 503 pariter

263 508 485 551 honorificum,
512 519 593 555 quae
627 507 656 541 in
684 506 817 541 celebris
839 509 1009 543 memoriae

262 558 452 595 Bernwardo
499 556 658 604 quondam
702 554 1008 592 Hildenesbeimensi

262 608 414 656 episcopo
445 619 501 655 per
533 617 620 642 snam
658 604 756 640 voluit
787 605 918 651 gratiam
953 607 1010 643 de-

261 665 448 697 monstrare,
474 656 635 703 suscipere
655 653 817 690 humiliter
837 662 868 689 et
889 653 1009 698 audire,

261 719 298 743 ac
330 714 497 755 propterea
527 717 598 740 eum
622 704 653 738 in
675 713 855 739 sanctorum
879 704 1010 751 collegio

261 767 436 792 numerare.
463 754 541 790 Inde
567 762 615 790 est
636 753 721 801 quod
750 753 790 788 de
812 752 931 789 meritis
961 755 1010 801 ip-

261 806 337 845 sius,
359 817 396 840 ac
419 805 481 839 vita
503 803 664 843 laudabili,
691 815 726 838 ac
749 801 909 838 miraculis
934 804 1011 839 mul·

261 854 423 903 tiplicibus
454 865 511 901 per
550 853 698 888 dilectum
726 851 825 887 filium
866 860 1008 889 nostrum

261 903 411 940 Centium
434 903 515 938 tituli
538 902 645 937 Sancti
661 901 820 937 Laurentii
842 901 872 936 in
888 902 1008 938 Lucina

263 952 479 1002 presbyterum
515 951 719 989 cardinalem,
746 959 777 987 et
799 951 1007 987 venerabilem

262 1003 387 1039 fratrem
421 1009 564 1037 nostrum
600 1000 818 1047 Mogontinum
851 1001 1010 1048 archiepi-

262 1064 407 1100 scopum,
435 1051 641 1087 Sabinensem
669 1050 855 1097 episcopum
887 1049 1009 1086 Conra-

262 1102 352 1140 ‹lum,
373 1109 405 1135 et
437 1101 515 1136 alios
541 1101 719 1147 episcopos,
747 1107 777 1134 et
799 1098 949 1134 dilectum
972 1099 1010 1133 fi-

262 1150 340 1186 lium
376 1150 580 1185 ‘l'biderienm
610 1147 761 1183 vabbatem
789 1148 941 1184 ecclesiae
974 1148 1008 1183 S.

262 1199 424 1235 Michaelis
459 1199 489 1233 in
525 1197 776 1234 Hildenesheim,
806 1205 834 1232 et
862 1198 1011 1233 honestas

264 1260 415 1297 personas
449 1261 484 1283 ac
531 1247 695 1294 religiosas
728 1247 797 1281 eius
833 1247 1011 1293 provinciae

263 1297 413 1333 certiores
434 1297 547 1335 effecti,
569 1305 600 1331 ct
621 1296 734 1331 famam
752 1295 837 1331 illius
855 1295 1009 1331 celebrem

264 1355 294 1382 et
320 1346 603 1382 commendandam
627 1344 795 1380 memoriae
817 1345 943 1391 plenius
962 1357 1012 1380 co-

264 1404 470 1443 gnoscentes·,
504 1395 631 1430 fratrum
672 1402 849 1429 nostrornm
890 1393 1012 1429 delibe-

264 1445 385 1481 ratione
415 1445 518 1480 babita
550 1443 705 1490 diligenti,
737 1443 935 1490 praedictum
962 1455 1013 1478 re-

265 1494 525 1530 verendissimum
557 1493 655 1528 virum
686 1492 716 1526 in
746 1499 926 1528 sanctornm
960 1504 1013 1527 ca-

265 1547 389 1594 thalogo
415 1547 563 1582 duximus
587 1545 839 1581 numerandum:
867 1554 897 1582 et
921 1558 1015 1582 vene-

265 1601 394 1636 randum
431 1613 545 1648 corpus
578 1600 647 1635 eins
677 1598 716 1634 de
760 1607 860 1635 terrae
894 1600 1015 1646 gremio

264 1654 448 1701 erigendum
478 1663 508 1689 et
545 1655 624 1688 inter
657 1661 838 1688 sanctornm
868 1653 1016 1701 reliquias

265 1707 499 1744 collocandum:
543 1717 576 1742 nt
615 1707 655 1742 ibi
693 1720 710 1742 a
746 1706 1017 1743 Christilidclibus

264 1761 390 1798 assidua
414 1761 580 1797 devotione
606 1760 746 1796 officium
771 1760 894 1796 debitae
928 1773 1018 1796 vene-

265 1815 394 1850 rationis
406 1815 550 1862 accipiat,
569 1822 600 1849 et
612 1814 672 1860 ipsi
689 1827 743 1861 per
760 1814 1016 1849 intercessionem

265 1869 334 1905 eius
372 1868 494 1904 felicem
534 1876 563 1902 et
600 1867 737 1901 Domino
769 1867 1016 1914 complacentem

267 1934 397 1958 suorum
417 1921 603 1957 delictorum
627 1921 748 1955 veniam
773 1928 1017 1968 consequantur.

267 1975 405 2023 Ideoque
432 1974 624 2010 universitati
660 1984 778 2009 vestrae
811 1986 867 2020 per
893 1982 1020 2021 aposto-

269 2029 327 2065 lica
359 2029 472 2076 scripta
500 2027 704 2071 mandamus,
740 2034 896 2074 quatenus
934 2027 1018 2075 quod

269 2085 308 2120 de
329 2091 438 2120 sancto
453 2084 523 2131 ipso
549 2095 565 2117 a
587 2081 679 2117 nobis
702 2089 764 2117 tam
793 2081 957 2116 celebriter
980 2082 1022 2116 in-

270 2139 413 2174 stitutum
448 2145 511 2181 est,
546 2148 600 2172 vos
636 2135 834 2183 publicantes
873 2134 1019 2171 eumdem

270 2192 421 2228 Sanctum
438 2189 554 2226 debitis
576 2189 737 2236 obsequiis
759 2189 873 2225 amodo
898 2201 1023 2237 praeve-

272 2247 338 2282 nire
359 2244 492 2288 curetis,
531 2252 564 2278 ut
591 2251 710 2278 vestras
744 2243 865 2278 votivas
901 2254 1021 2290 preceS‚

272 2311 350 2347 quas
377 2297 518 2333 omnium
546 2295 688 2331 Creatori
723 2296 937 2343 porrexeritis,
966 2308 1023 2344 per

273 2351 529 2388 intercessionem
560 2350 630 2385 eius
662 2349 845 2397 placabilem
874 2349 1024 2396 dignetur

275 2418 329 2454 per
355 2417 445 2440 suam
473 2401 722 2439 misericordiam
746 2402 902 2438 exaudire.

321 2458 401 2495 Data
426 2457 547 2493 Romae
578 2455 662 2503 apud
697 2455 849 2492 Sanctum
879 2456 1022 2499 Petrum,

274 2520 363 2549 sexto
396 2511 469 2548 idus
501 2510 652 2549 ianuarii*
687 2509 887 2557 pontificatus
926 2509 1021 2544 nostri

274 2578 358 2602 anno
383 2565 535 2602 secundo.

325 2621 385 2653 Dat.
406 2622 453 2653 die
471 2621 488 2652 8
509 2621 637 2652 ianuarii
657 2628 732 2650 anno
751 2618 866 2649 Domini
886 2618 970 2655 1193,

526 2664 631 2705 pontif.
655 2672 730 2695 anno
748 2671 778 2694 ιι.

1707 285 1751 318 87

1391 351 1458 385 Xll.

1051 427 1102 460 Art
1122 427 1276 470 episcopos
1301 425 1433 467 Anytiae
1454 423 1633 456 monitoria:
1653 423 1802 466 populum

1100 474 1312 513 adhortentur„
1342 480 1373 506 ut
1387 473 1497 506 relictis
1510 473 1651 516 peccatis,
1672 471 1803 516 privatis

1100 524 1271 568 compositis
1310 522 1470 556 discordiis
1485 548 1492 560 ,
1527 534 1545 555 α
1588 521 1803 554 torneamentis

1100 580 1187 607 cesset
1213 580 1239 606 et
1262 574 1304 606 ad
1319 572 1486 605 Dominum
1509 577 1722 605 convertatur.-
1745 581 1801 602 ens-

1100 634 1168 668 que,
1192 623 1247 666 qui
1266 632 1348 655 secus
1362 621 1503 664 fecerint,
1526 619 1802 653 excommunicatos

1100 672 1253 705 declarent
1277 673 1340 713 (Ι).

1317 743 1531 774 δὶῗΜΜᾹΒΙῌΜ

1051 813 1135 843 Sedis
1155 811 1340 851 Apostolicae
1360 810 1477 839 assidua
1501 809 1656 839 solicitudo
1683 818 1734 848 pro
1757 819 1802 839 re-

1089 860 1219 896 cuperat.
1231 854 1339 884 Terrae
1357 853 1489 883 Sanctae.
1500 869 1539 875 -
1548 851 1709 883 Postremis
1722 854 1802 884 bisce

1089 899 1272 940 temporibus
1296 907 1354 928 non
1379 901 1551 936 recuperata
1585 902 1701 936 propter
1723 899 1801 928 fidu-

1089 946 1164 975 ciam
1193 944 1428 974 Christianorum
1463 942 1491 971 in
1525 941 1588 971 snis
1619 941 1742 972 viribus
1764 959 1803 965 —

1089 990 1205 1020 Meliora
1239 987 1383 1027 speranda
1416 986 1441 1015 si
1474 986 1509 1016 ad
1545 985 1700 1015 Dominum
1731 996 1802 1026 puro

1089 1034 1176 1064 corde
1192 1033 1345 1063 clametur.
1361 1048 1400 1053 -
1420 1030 1535 1061 Similia
1552 1031 1681 1069 exempla
1700 1031 1730 1060 in
1747 1040 1801 1070 po-

1089 1078 1158 1117 pulo
1181 1076 1355 1111 israelitico,
1373 1091 1412 1096 —
1426 1073 1480 1109 Qui
1500 1082 1566 1103 cum
1585 1073 1636 1102 Dei
1659 1074 1803 1105 mandatis

1090 1122 1227 1157 obedivit,
1246 1120 1280 1150 de
1305 1120 1369 1149 suis
1388 1118 1523 1148 hostibus
1545 1118 1748 1157 triumphavit3
1766 1135 1803 1141 -

1090 1166 1161 1196 Cum
1184 1174 1252 1195 vero
1270 1164 1306 1194 ab
1329 1163 1448 1193 illorum
1471 1162 1674 1192 observatione
1687 1162 1803 1198 defecit,

1090 1210 1125 1241 ab
1148 1210 1193 1240 bis
1216 1209 1310 1239 victus
1334 1211 1363 1237 et
1385 1211 1541 1245 superatus
1565 1210 1617 1235 est.
1639 1222 1678 1228 —
1705 1205 1804 1236 Absti-

1090 1254 1220 1285 nendum
1251 1252 1348 1291 itaque
1371 1261 1385 1280 a
1419 1249 1561 1289 peccatis:
1588 1265 1627 1271 —
1654 1248 1687 1279 Et
1709 1250 1803 1288 primo

1091 1298 1220 1329 offensae
1240 1296 1370 1326 inimicis
1390 1293 1592 1329 remittendae,
1616 1298 1645 1323 ut
1663 1292 1803 1323 Dominus

1092 1347 1189 1381 parcat
1211 1340 1319 1381 populo
1342 1348 1404 1370 suo.
1430 1355 1468 1361 -
1484 1338 1697 1368 Torneamenta
1714 1338 1806 1368 relin-

1092 1386 1218 1426 quenda.
1230 1401 1269 1407 —-
1279 1382 1476 1413 particulares
1490 1381 1673 1411 abiiciendae
1692 1382 1806 1412 discor-

1092 1432 1167 1461 diae.
1198 1446 1237 1453 —-
1265 1427 1320 1464 Qui
1352 1435 1418 1456 vero
1451 1427 1533 1456 hisce
1574 1426 1717 1455 mandatis
1749 1435 1806 1455 non

1093 1471 1367 1512 obtemperaverint,
1387 1468 1671 1500 excommunicandi.

1054 1544 1218 1575 coelestinus
1250 1542 1388 1578 episcopus
1408 1547 1504 1570 servus
1523 1546 1661 1569 servornm
1684 1538 1739 1573 Det.
1759 1547 1805 1570 ve·

1097 1593 1263 1623 norabitibus
1296 1590 1443 1624 fratribus,
1476 1589 1686 1626 archiepiscopis
1703 1591 1733 1618 et
1751 1589 1806 1626 epi·

1099 1643 1187 1679 scopis
1206 1649 1254 1678 per
1270 1641 1393 1676 angliam
1430 1638 1601 1672 constitutis.
1627 1639 1744 1667 satutem
1778 1640 1808 1668 et

1100 1690 1279 1729 apostolicam
1291 1689 1514 1718 benedictionem.

1818 291 1866 316 An.
1885 289 1904 316 C
1934 288 2003 314 1¹93

1105 1757 1188 1792 Cum
1204 1756 1240 1791 ad
1259 1754 1502 1803 propulsandam
1527 1754 1674 1789 iniuriam
1698 1754 1805 1801 populi
1835 1761 1896 1784 Seets
1912 1762 2005 1788 Aposto-

1822 1793 1876 1814 littae

1923 1792 2007 1811 assidua

1057 1806 1220 1843 christiani
1247 1814 1278 1840 et
1310 1804 1490 1839 communis
1516 1811 1621 1838 notam
1649 1802 1721 1838 fidei
1751 1803 1935 1845 ali-,01innudet
1968 1826 2006 1848 pf„

1057 1854 1222 1895 olendam,
1255 1865 1347 1901 qnam
1371 1854 1398 1888 ei
1435 1864 1626 1900 paganorum
1658 1852 1808 1899 spru-cilia
1834 1854 1998 1880 recuperatione

1766 1901 1772 1907 .
1801 1901 1807 1907 .
1822 1884 1900 1906 Terrae
1907 1883 2005 1904 saucias,

1059 1905 1089 1939 in
1109 1904 1253 1951 captione
1272 1902 1406 1938 Sanctae
1426 1901 1556 1942 Terrae,
1578 1913 1658 1948 quae
1681 1900 1808 1936 Domini

1059 1961 1106 1989 cst
1132 1952 1310 1988 haereditas
1345 1958 1537 1999 nuncupata,
1573 1950 1748 1998 perniciose
1773 1962 1809 1985 ac

1061 2003 1212 2038 violenter
1238 2001 1408 2048 impressit,
1443 2008 1474 2035 et
1506 2000 1543 2035 ad
1578 1998 1810 2035 emendandam

1061 2052 1154 2087 etiam
1190 2051 1347 2086 civitatem
1382 2057 1519 2085 sanctam
1548 2056 1578 2084 et
1605 2048 1809 2096 sepulchrum

1060 2100 1262 2136 Dominicum
1296 2098 1335 2134 ab
1367 2098 1596 2134 Saracenorum
1623 2105 1654 2133 et
1679 2096 1810 2132 aliorum

1062 2151 1191 2198 insuper
1213 2148 1438 2196 occupantium
1461 2145 1681 2187 immunditiis,
1703 2158 1719 2181 a
1739 2158 1812 2181 cau-

1061 2198 1222 2235 ferendam
1259 2197 1342 2233 illam
1374 2209 1428 2244 per
1466 2195 1615 2232 auxilium
1657 2206 1811 2241 supernae

1062 2248 1248 2284 clementiae
1271 2259 1286 2281 a
1304 2254 1456 2294 potestate
1473 2245 1599 2280 illorum
1615 2243 1716 2280 Sedes
1729 2244 1813 2291 Apo·

1063 2297 1170 2332 stolica
1198 2308 1291 2331 sunm
1321 2295 1462 2330 debitum
1486 2304 1728 2341 recognoscens,
1756 2304 1812 2340 per

1063 2347 1204 2382 diversas
1235 2345 1344 2380 mundi
1379 2352 1483 2391 partes
1516 2343 1651 2378 nuncios
1680 2353 1774 2389 saepe
1796 2353 1812 2377 a

1063 2407 1120 2431 sno
1142 2395 1253 2432 latete
1281 2405 1317 2428 ac
1343 2392 1598 2428 commonitorias
1623 2390 1742 2425 litteras
1762 2389 1811 2426 der

1063 2444 1234 2480 stinaterit,
1262 2450 1291 2475 et
1319 2442 1349 2475 in
1373 2441 1478 2476 divina
1505 2440 1622 2476 confisa
1647 2439 1812 2475 clementia

1066 2504 1194 2539 magnas
1216 2492 1289 2526 illuc
1313 2489 1517 2525 tendentibus
1540 2489 1730 2536 impenderit
1757 2489 1814 2523 in·-

1065 2541 1258 2588 dulgentias:
1301 2539 1393 2578 licet,
1429 2548 1462 2574 ut
1501 2538 1677 2574 fraternitas
1713 2545 1813 2574 vestra

1066 2598 1167 2638 potest
1193 2588 1405 2636 perpendere,
1439 2587 1476 2622 ad
1504 2587 1582 2623 haec
1610 2586 1732 2635 agenda
1759 2599 1815 2634 per

1100 2664 1140 2699 (ἱ)
1155 2663 1195 2691 Ex
1210 2662 1322 2695 Concil..
1345 2666 1408 2690 tom.
1427 2669 1489 2694 xut,
1508 2661 1558 2690 col.
1575 2660 1636 2689 692.
