2129 3223
136 264 187 291 An.
207 265 322 291 (219212

134 913 231 941 flauaque
250 920 319 934 amnia

134 948 153 966 ei
169 947 286 967 coufirmat

386 255 456 288 402

337 319 441 354 studio
463 317 635 358 charitatis,
658 329 738 364 quae
759 317 797 351 ad
816 316 932 352 Sedem
951 316 977 350 A
983 325 1085 363 posto-

336 368 425 402 licam
444 375 617 401 noscuntur
631 366 798 413 specialius
819 366 983 413 pertinere.
983 331 1086 407 ¹Quo-

149 419 185 440 Ε
185 420 222 440 '¹¹¹
215 427 242 440 ¹¹
247 427 263 440 ¹¹¹
281 420 320 440 ¹¹¹¹·
335 417 429 457 circa,
457 415 675 451 v'enerabitis
669 428 699 450 tn
715 414 843 451 Christo
866 416 959 449 frater
981 414 1085 448 316111-

136 457 190 471 1633
194 454 249 471 a.ten
283 457 292 471 s
310 451 320 470 b

136 487 186 530 :spu
178 482 252 502 tolica

148 512 180 536 ¹'
176 514 197 530 ¹¹
245 515 318 537 P¹⁰¹e
335 522 457 549 menter
472 515 658 552 annuimus
679 523 709 549 et
726 513 865 548 nobilem
882 526 916 548 ac
933 514 1082 547 1311108311]

135 519 192 561 :UOR
182 548 207 561 ΠΕ

282 487 320 502 ε-ιι
335 465 496 512 eplSCOPG,
519 466 582 500 luis
610 465 701 500 lUSllS
728 464 990 512 [1051111311011111115
1019 464 1084 497 Cle-

334 563 606 598 Ravennatensem
640 563 838 607 Ecclesiam,
873 563 923 597 cui
957 571 1084 596 auctore

332 612 400 648 Deo
435 625 568 659 praeesse
602 613 822 659 dignosceris,
857 612 895 646 ad
923 610 1085 657 exemplar

333 662 430 697 felicis
469 662 695 697 recordationis
735 660 848 696 Calixti
867 688 875 704 ,
914 659 1084 705 Gregorii,

330 710 477 755 Honorii,
498 710 615 746 Gelasii
647 710 865 745 Romanorum
895 709 1082 743 Pontificum

332 761 608 807 praedecessorum
633 768 809 794 nostrorum
833 759 894 793 sub
917 758 997 793 beati
1025 758 1084 792 Pe-

332 810 386 854 tri,
409 818 440 844 et
469 818 576 844 nostra
605 809 798 857 protectione
826 808 1018 855 suscipimus
1053 815 1084 841 et

332 859 506 906 praesentis
528 859 637 905 scripti
661 858 823 905 privilegio
837 857 1083 896 communimus3

333 917 520 952 statuentes,
544 916 576 942 ut
598 919 816 954 quascumque
841 907 1059 953 possessiones
1074 933 1083 949 ,

333 970 553 1004 quaecumque
572 957 652 991 bona
669 956 778 991 eadem
792 955 955 990 Ecclesia
951 968 980 989 tn
998 967 1082 1002 prae-

332 1007 504 1041 sentiarum
530 1006 608 1040 iuste
636 1016 662 1039 et
687 1006 838 1040 canonice
863 1005 1015 1052 possidet,
1030 1013 1083 1038 iut

333 1056 362 1090 13
394 1056 535 1091 futurum
559 1055 768 1090 concessione
795 1054 997 1095 Pontificum,
1021 1054 1083 1088 lar-

331 1105 449 1150 gitione
477 1105 714 1151 imperatorum,
739 1116 861 1150 regum,
889 1113 940 1137 aut
964 1103 1083 1158 princi-

332 1167 420 1200 pum,
452 1154 611 1188 oblatione
635 1153 792 1194 fidelium,
821 1165 876 1187 seu
899 1153 969 1187 aliis
992 1153 1082 1187 iustis

332 1204 434 1238 modis
467 1211 593 1249 parante
616 1202 753 1237 Domino
787 1202 899 1249 poterit
926 1202 1080 1248 adipisci,

332 1253 419 1288 firma
443 1253 511 1293 tibi,
534 1253 662 1299 tuisque
689 1251 940 1291 suecessoribus,
968 1260 997 1284 et
1021 1250 1082 1285 illi-

330 1302 401 1337 bata
425 1309 638 1349 permaneant,
658 1302 688 1335 13
712 1301 828 1348 quibus
851 1301 926 1335 11366
946 1300 1082 1347 propriis

331 1351 481 1386 duximus
514 1350 721 1397 exprimenda
757 1350 927 1384 vocabulis.
960 1349 1079 1383 Locum

331 1400 448 1447 ipsum,
476 1401 506 1434 in
529 1412 592 1446 quo
615 1399 750 1446 praefata
773 1399 914 1433 Ecclesia
937 1399 994 1432 sita
1021 1408 1080 1438 est,

331 1462 402 1483 cum
429 1449 579 1484 omnibus
603 1448 801 1494 pertinentiis
816 1449 895 1491 suis,
922 1447 1080 1488 parmen,

332 1498 483 1544 Regien.,
506 1498 679 1538 Mutinen.,
705 1497 902 1537 Bononien.,
925 1496 1056 1531 Imolen.
1072 1524 1080 1537 ‚

332 1547 520 1591 Faventin.,
558 1546 772 1587 Forolivicn.‚
808 1545 1079 1592 Foropopulien.,

331 1597 552 1636 caesenaten„
562 1596 709 1639 Bol›ien.,
725 1595 884 1640 Cervien.,
897 1595 1079 1629 Comaclen.

331 1654 362 1680 et
382 1645 515 1680 Adi-ien.
539 1646 753 1692 episcopatus,
778 1646 1003 1679 monasterium
1023 1644 1082 1678 Ga-

331 1696 462 1735 113163,
495 1695 720 1729 monasterium
753 1693 860 1728 Sancti
888 1693 1081 1740 Apollinaris

331 1745 361 1779 in
389 1743 518 1787 Classe,
546 1743 773 1778 monasterium
807 1743 915 1778 Sancti
953 1742 1080 1787 Severi,

330 1793 556 1828 monasterium
584 1792 691 1827 Sancti
721 1792 881 1827 Laurentii
906 1792 980 1826 foris
1008 1804 1081 1826 mu-

331 1855 420 1883 rum,
449 1843 676 1877 monasterinm
713 1841 846 1876 Sanctae
869 1841 986 1875 Mariae
1009 1841 1080 1876 Ro-

331 1892 471 1935 tunilae⁷
508 1892 733 1926 monasterium
769 1890 903 1925 Sanctae
936 1890 1079 1930 Maniae,

331 1941 554 1975 monasterium
589 1940 694 1975 Sancti
730 1940 946 1986 Appollinaris
978 1939 1079 1981 Novi,

331 1991 557 2025 monasterium
573 1989 679 2024 Sancti
704 1989 828 2023 loannis
850 1988 1080 2034 Evangelistae,

331 2040 559 2074 monasterium
587 2039 721 2073 Sanctae
748 2038 864 2072 Mariae
892 2038 922 2072 in
952 2036 1080 2073 Cosme-

331 2088 396 2129 din,
413 2088 638 2122 monasterium
657 2088 766 2122 Sancti
792 2087 1000 2128 Mercurialis,
1017 2099 1080 2122 mo-

331 2138 500 2172 nasterium
523 2137 631 2171 Sancti
655 2136 776 2180 Vitalis,
799 2144 829 2171 et
852 2137 1078 2171 monasterium

330 2185 438 2221 Sancti
479 2186 614 2221 Anilreae
641 2194 670 2220 et
716 2186 898 2220 canonicam
945 2185 1080 2220 Sanctae

331 2235 445 2270 Mariae
484 2237 513 2270 13
550 2235 670 2277 Portu,
705 2234 787 2269 salva
827 2235 1078 2281 compositione,

331 2297 409 2331 quae
444 2285 473 2318 in
511 2284 685 2330 prat-sentia
721 2293 825 2319 nostra
862 2284 943 2318 inter
980 2292 1008 2318 te
1044 2296 1080 2318 ac

333 2335 431 2380 ipsam
454 2333 628 2368 Ecclesiam
654 2333 840 2377 intercessit,
862 2340 892 2368 et
919 2333 979 2376 1115,
995 2333 1078 2380 quod

333 2383 429 2418 liabes
456 2384 486 2417 in
518 2383 708 2417 monasterio
740 2382 873 2417 Sanctae
900 2381 1016 2416 Mariae
1040 2382 1079 2417 de

333 2430 450 2475 Urano,
477 2441 507 2467 ct
531 2432 560 2465 in
584 2432 733 2466 canonica
759 2431 867 2465 Sancti
893 2431 1079 2473 Clementis,

332 2481 513 2516 canonicam
536 2480 641 2515 Sancti
669 2480 796 2525 Georgii
820 2481 849 2514 in
872 2479 992 2515 Tabula
1016 2492 1078 2515 non

332 2529 424 2573 longe
458 2542 472 2564 a
510 2531 606 2564 muris
638 2529 725 2564 urbis
758 2529 930 2564 Ravennae
963 2531 1079 2575 sitam,

332 2578 494 2613 ecclesiam
527 2578 633 2613 Sancti
660 2578 892 2613 Bartliolomaei
920 2580 960 2614 de
987 2578 1103 2620 Mau-3

1098 2623 1222 2666 {villani
1252 2628 1334 2664 Rulli
1369 2636 1398 2664 et
1428 2628 1544 2676 Caboy,
1580 2638 1609 2663 et
1640 2637 1776 2666 castrum
1804 2629 1866 2665 Ca-

333 2627 431 2671 riano,
455 2627 576 2673 plebem
600 2627 734 2662 Sanctae
761 2627 894 2669 Mariae,
922 2640 1002 2674 quae
1025 2641 1080 2663 vo-

916 264 1103 286 BULLARlUM
1127 263 1288 285 ROMANUM

1126 324 1215 350 catur
1237 316 1267 349 in
1295 314 1404 355 Portu,
1436 314 1559 361 plebem
1587 313 1726 354 Mate-rii,
1749 313 1872 360 plebem

1125 364 1231 399 Sancti
1269 363 1347 407 Viti,
1371 363 1494 411 plebem
1524 363 1630 398 Sancti
1654 362 1799 397 Venantii
1834 362 1874 396 de

1125 413 1234 460 Capite
1274 412 1430 452 Canneti,
1466 413 1590 459 plebem
1614 412 1720 447 Sancti
1750 411 1874 459 Appol-

1126 463 1232 497 linaris
1250 462 1289 496 de
1312 463 1460 497 comitatu
1478 462 1604 508 Roiligii
1627 474 1699 496 cum
1722 460 1874 508 cappellis

1125 512 1203 553 suis,
1227 512 1449 546 monasterium
1472 511 1581 545 Sancti
1604 510 1687 545 Petri
1716 510 1745 545 in
1768 510 1872 545 Maon.

1126 560 1159 594 ln
1198 560 1346 595 comitatu
1388 560 1593 595 pensaurien.
1632 569 1769 594 castrum
1808 558 1874 594 Ga-

1125 610 1222 650 20136,
1245 618 1383 644 castrum
1408 609 1565 655 Ligabizzi
1580 618 1611 644 et
1634 618 1769 644 castrum
1791 607 1873 643 Gra-

1126 658 1250 693 3310136
1289 671 1361 693 cum
1395 658 1556 702 curtibus,
1593 658 1809 693 iurisdictione
1842 666 1872 692 et

1126 708 1324 755 pertinentiis
1351 707 1430 741 suis.
1454 707 1488 741 13
1518 707 1669 742 comitatu
1693 707 1870 742 Ariminen.

1124 766 1260 792 castrum
1296 757 1414 791 Montis
1447 755 1594 791 Columbi
1633 768 1706 791 cum
1744 756 1874 792 iurisdi-

1124 807 1228 841 ctione
1251 806 1413 851 temporali
1433 813 1465 839 et
1483 805 1553 840 aliis
1576 805 1773 852 pertinentiis
1790 806 1869 841 suis.

1124 854 1272 890 Castrum
1306 855 1423 890 Montis
1454 854 1565 889 Crucis
1596 867 1668 889 cum
1706 855 1872 896 curtibus,

1125 905 1342 939 iurisdictione
1362 904 1523 951 temporali
1539 912 1569 938 et
1584 904 1781 950 pertinentiis
1794 904 1872 940 suis.

1125 954 1310 989 Districtum
1334 953 1505 988 Ravennat.
1532 953 1628 997 urbis,
1651 953 1763 1001 Ripam
1788 954 1873 989 inte-

1124 1016 1231 1049 oram,
1270 1011 1448 1046 monetam,
1481 1003 1657 1043 teloneum,
1697 1015 1806 1038 muros
1842 1012 1873 1038 et

1123 1066 1234 1087 omnes
1263 1062 1367 1100 portas
1389 1052 1534 1092 civitatis,
1556 1051 1797 1087 Comaclensem
1819 1064 1873 1087 co-

1124 1103 1268 1137 mitatum
1302 1114 1374 1136 cum
1407 1101 1582 1136 bonoribus
1608 1110 1638 1137 et
1674 1102 1874 1149 pertinentiis

1123 1152 1199 1186 suis.
1227 1151 1261 1186 ln
1294 1151 1416 1186 civitate
1444 1150 1620 1185 Ariminen.
1648 1152 1872 1186 monasterium

1123 1201 1229 1236 Sancti
1252 1200 1394 1235 Thomae
1419 1199 1553 1247 apostoli
1576 1209 1607 1235 et
1634 1199 1770 1235 Sanctae
1798 1200 1874 1235 Eu—

1124 1250 1269 1300 phemiae
1297 1248 1443 1296 virginis,
1467 1257 1604 1283 montem
1629 1248 1731 1284 Castri
1747 1249 1872 1294 Ubaldi‚

1123 1308 1260 1334 montem
1290 1299 1398 1340 Cerni,
1427 1307 1565 1333 castrum
1593 1298 1735 1335 Offaniae
1763 1308 1795 1335 et
1820 1312 1873 1335 ca-

1122 1358 1219 1383 strum
1260 1349 1379 1383 Montis
1414 1347 1516 1382 Boddi
1557 1356 1587 1382 et
1625 1348 1701 1383 alias
1741 1360 1873 1395 posses-

1122 1400 1239 1441 siones,
1256 1410 1334 1445 quas
1352 1397 1491 1432 Ecclesia
1507 1405 1556 1432 tua
1576 1397 1669 1432 habet
1689 1399 1719 1433 in
1736 1398 1871 1434 Marchia

1123 1460 1177 1494 per
1198 1447 1342 1481 diversos
1363 1446 1542 1481 comitatus.
1570 1446 1605 1481 In
1628 1448 1777 1483 comitatu
1803 1447 1872 1482 Ari-

1122 1497 1240 1531 minen.
1269 1504 1407 1531 montem
1436 1494 1627 1541 Genianum,
1660 1496 1871 1542 Marazanum,

1122 1546 1225 1580 villam
1261 1544 1465 1589 Coi-lianam,
1498 1554 1636 1580 castrum
1676 1545 1870 1592 Savignani‚

1122 1603 1258 1629 castrum
1278 1594 1466 1638 Montiliani,
1488 1604 1624 1630 castrum
1649 1595 1767 1630 Montis
1780 1596 1870 1631 Novi.

1122 1643 1155 1678 13
1184 1644 1365 1690 episcopatu
1391 1642 1599 1678 Caesenaten.
1627 1652 1764 1679 castrum
1792 1645 1872 1688 Sub·

1123 1693 1253 1736 rivolae,
1289 1701 1426 1728 castrum
1453 1692 1701 1735 Montiscucchi,
1733 1705 1870 1730 castrum

1121 1742 1263 1785 Salliani,
1278 1750 1414 1776 castrum
1437 1743 1553 1777 montis
1574 1741 1870 1783 Gerar-tli‚castrum

1122 1790 1249 1826 Serzani
1267 1800 1296 1825 61
1311 1791 1470 1827 Flarbani.
1493 1800 1630 1826 castrum
1646 1791 1870 1839 Deuleguardi‚

1122 1849 1152 1875 et
1180 1849 1315 1875 castrum
1351 1840 1532 1875 Casalecchi
1560 1849 1591 1875 61
1624 1840 1808 1886 Rudiliani,
1841 1851 1868 1877 et

1122 1898 1258 1924 castrum
1292 1889 1465 1936 Stagnani,
1495 1889 1597 1925 villam
1625 1890 1725 1926 Rotae
1751 1899 1782 1926 et
1811 1903 1869 1926 ca-

1122 1948 1220 1973 strum
1249 1938 1412 1974 Rivarsani
1428 1966 1436 1980 ,
1458 1946 1595 1974 castrum
1623 1939 1663 1974 de
1689 1940 1812 1982 Monte.
1839 1951 1868 1975 et

1122 1999 1260 2023 castrum
1296 1988 1417 2023 Ronchi
1447 2001 1520 2023 cum
1547 1989 1710 2031 curtibus,
1739 1989 1868 2025 iurisdi-

1121 2039 1224 2072 ctione
1247 2046 1277 2072 et
1300 2037 1495 2085 pettinentiis
1521 2039 1597 2073 suis.
1621 2039 1655 2073 111
1685 2039 1867 2087 episcopatu

1122 2086 1289 2134 Populien.
1315 2097 1452 2122 castrum
1476 2087 1618 2127 Novum,
1650 2096 1785 2123 castrum
1805 2088 1868 2123 Tu-

1122 2135 1246 2179 derani,
1273 2145 1410 2171 castrum
1439 2136 1606 2178 0111111331,
1634 2145 1770 2172 castium
1804 2137 1867 2173 Ba—

1121 2185 1220 2230 gnoli,
1245 2194 1381 2220 castrum
1404 2185 1512 2220 Melini
1536 2185 1658 2222 Veteris
1680 2195 1708 2221 61
1731 2194 1866 2222 castrum

1121 2234 1238 2269 Montis
1277 2235 1400 2269 Bovarii
1443 2248 1514 2269 cum
1547 2235 1706 2280 curtibus,
1732 2236 1867 2271 iurisdi-

1122 2285 1226 2318 ctione
1249 2293 1277 2318 et
1302 2284 1500 2331 pertinentiis
1526 2284 1602 2319 suis.
1630 2283 1663 2318 Iu
1683 2285 1866 2331 episcopatu

1121 2331 1283 2368 Faventin.
1308 2342 1444 2368 castrum
1472 2334 1606 2378 Aurioli,
1627 2343 1764 2369 castrum
1792 2334 1866 2369 Tai-

1121 2381 1193 2416 bani
1217 2391 1248 2416 et
1271 2383 1370 2417 villam
1394 2383 1501 2418 Sancti
1525 2382 1636 2418 Pontii.
1659 2381 1693 2417 In
1716 2384 1866 2418 comitatu

1098 2427 1252 2476 {ln-toleti.
1283 2432 1384 2466 villam
1409 2433 1498 2467 Lucii
1531 2444 1603 2466 cum
1631 2432 1789 2477 curtibus,
1811 2433 1866 2467 iu-

1098 2480 1304 2530 {risdictioue
1335 2490 1366 2516 61
1389 2481 1586 2528 pertinentiis
1613 2481 1691 2515 suis.
1719 2481 1753 2516 In
1782 2483 1868 2518 terri-

1098 2531 1103 2573 }
1123 2537 1200 2564 torto
1222 2530 1390 2565 Ravennae
1411 2529 1642 2570 Roveutlulam,
1661 2530 1764 2565 villam
1784 2531 1867 2566 San-

1121 2581 1161 2613 cti
1183 2579 1339 2614 pancratii
1363 2588 1395 2614 et
1417 2579 1517 2614 villam
1542 2578 1648 2614 Sancti
1663 2580 1865 2627 Archangeli,

1888 258 1939 286 An.
1959 256 1987 284 C.
2002 258 2070 285 ¹22¹·
