2129 3223
37 267 87 295 ΔΙ).
104 266 132 294 C.
149 267 217 295 ¹255

231 323 316 369 pacis
345 323 471 359 intimae
495 323 644 359 zelatores
672 324 838 371 tranquille
863 324 971 372 dispo·

230 373 278 407 siti
297 382 325 408 et
341 373 490 420 disposite
513 373 643 408 ordinati
667 385 721 420 per
740 385 845 420 pacem
866 382 971 421 pecto-

229 423 271 456 ris
292 420 422 457 interius
447 423 630 470 acquisitam
653 423 689 457 ad
719 424 802 470 pacis
828 431 970 458 aeternae

231 471 492 518 pulchritudinem
520 483 592 506 cum
615 471 774 506 obtinendi
797 471 910 506 fiducia
934 472 971 506 si-

47 520 339 556 Sure¹¹⁰·dic⁸=deliter
370 521 490 556 valeant
529 521 657 556 inhiare.
693 520 754 556 Sed
793 520 971 568 frequenter

33 562 165 582 ..m-nm.
227 569 354 605 humani
389 571 514 616 generis
549 571 693 606 inimicus
719 570 829 614 draco,
853 570 903 605 ille
939 571 969 605 in

227 619 343 655 malitia
382 628 563 659 veteranus,
603 621 656 667 qni
697 619 736 654 de
775 620 970 655 firmamento

225 669 302 704 coeli
342 669 461 704 tertiam
505 677 622 717 partem
664 669 822 704 stellarum
862 681 968 704 secum

225 719 356 754 traxisse
375 718 498 765 legitur,
517 718 587 754 illos
608 718 711 753 adhuc
729 718 836 766 ignitis
858 718 970 754 discor-

225 766 296 802 diae
317 767 386 802 telis
406 776 436 803 et
462 768 577 803 limatis
599 767 830 803 dissensionum
854 769 970 803 aculeis

226 817 428 863 versipelliter
452 817 577 864 aggredi
606 829 667 852 non
698 826 831 862 veretur,
857 818 910 864 qui
939 817 968 852 in

224 865 396 913 caliginoso
435 866 578 901 miseriae
610 866 783 914 praesentis
814 866 970 913 ergastulo

223 916 311 962 quasi
345 915 452 950 stellae
487 914 630 951 lucentes
663 915 866 962 resplendent
903 916 970 950 aliis

225 976 280 1011 per
312 964 446 1012 exempli
474 964 586 1000 famam
615 965 813 1004 laudabilem,
848 972 877 999 et
911 964 967 999 sibi

223 1012 431 1049 nihilominus
453 1025 506 1061 per
527 1015 657 1049 nitentis
679 1014 888 1049 eonscientiae
910 1026 969 1060 pu-

223 1063 355 1104 ritatem,
378 1063 458 1098 inter
484 1075 565 1110 quos
590 1063 737 1110 praedicti
766 1063 873 1098 fratres
900 1075 968 1097 me-

222 1112 282 1147 rito
311 1120 517 1148 numerantur
543 1113 773 1160 praefulgentes
803 1112 967 1159 multiplici

221 1161 378 1197 radiorum
407 1161 527 1203 iubare,
549 1162 602 1209 qui
625 1173 699 1197 sitae
721 1162 968 1196 conversationis

221 1210 397 1258 fulgoribus
423 1211 579 1247 illustrant
600 1211 765 1246 efficaciter
783 1211 889 1246 orbem
912 1218 968 1244 ter-

221 1272 282 1295 rae.
305 1259 433 1301 Verum,
455 1261 526 1309 quia
554 1260 628 1296 dicti
659 1260 803 1295 draconis
831 1260 967 1306 nequitia

220 1317 389 1356 operante,
412 1310 491 1346 inter
513 1309 663 1357 praefatos
695 1309 804 1345 fratres
842 1310 968 1344 suborta

220 1358 280 1394 fuit
313 1359 440 1395 materia
465 1359 668 1408 quaestionis,
685 1359 850 1406 praecipue
873 1370 969 1405 super

220 1408 421 1455 processibus
452 1418 483 1444 et
508 1408 704 1444 ordinatione
731 1409 785 1444 >sui
813 1408 968 1454 generalis

220 1457 361 1505 capituli,
382 1457 482 1494 felicis
504 1457 728 1493 recordationis
747 1457 896 1492 dominus
917 1456 969 1491 ln—

219 1507 386 1542 nocentius
417 1507 503 1555 Papa
540 1516 671 1554 quartus
702 1514 790 1541 motu
831 1506 967 1553 proprio,

220 1568 282 1591 non
309 1556 458 1591 instinctu
489 1556 607 1600 alieno,
630 1555 734 1600 nobis,
761 1555 842 1590 fratri
860 1555 967 1590 loanni

220 1606 422 1641 miseratione
448 1606 551 1641 divina
574 1605 655 1641 tituli
680 1605 786 1640 Sancti
808 1604 966 1640 Laurentii

221 1655 251 1689 in
279 1655 397 1691 Lucina
422 1655 602 1703 presbytero
618 1654 787 1695 cardinali,
811 1662 966 1701 tamquam

220 1716 262 1739 ex
285 1704 412 1753 proprio
433 1705 589 1740 commisit
610 1704 712 1739 officio
739 1704 807 1738 sine
835 1703 966 1750 strepitu

220 1753 338 1796 iudicii,
364 1754 504 1802 partibus
530 1766 592 1788 non
615 1754 742 1793 voeatis,
760 1765 807 1793 ea,
825 1764 905 1799 quae
931 1752 967 1786 ad

223 1802 388 1838 utilitatem
417 1804 516 1850 ipsius
548 1803 667 1837 ordinis
699 1811 728 1837 et
761 1814 857 1848 super
887 1809 967 1836 statu

815 270 832 292 Α
839 269 1007 292 [ΕΧΑΝΒΕΒ
1036 268 1067 291 lv
1095 268 1143 291 ΡΙ).

1634 253 1703 287 609

1012 322 1082 363 dae,
1111 334 1172 369 non
1195 334 1209 356 a
1234 322 1406 356 minoribus
1433 321 1469 355 ad
1499 320 1642 359 maiores,
1664 319 1717 354 sed
1736 331 1752 355 a

1013 372 1181 407 maioribus
1211 371 1349 405 derivare
1379 370 1513 405 debeant
1539 369 1577 405 ad
1606 370 1751 404 minores.

1011 421 1215 456 Ordinatione
1242 420 1367 454 tantlent
1397 420 1454 455 hoc
1482 419 1574 454 motlo
1588 419 1753 466 publicata,

1012 483 1067 518 per
1081 471 1196 505 (lictum
1212 470 1374 504 (lominum
1392 470 1606 504 lnnocentiutn
1621 469 1754 504 scienter

1012 521 1203 559 confirmata,
1227 520 1271 554 sic
1300 527 1455 567 acceptata
1487 519 1541 553 fnit
1558 519 1587 553 in
1611 520 1754 566 proximo

1013 570 1153 617 sequenti
1178 569 1326 616 capitulo,
1349 568 1431 615 quod
1457 581 1510 616 per
1538 569 1635 614 ipsam
1658 578 1686 603 et
1708 580 1755 605 se-

1011 618 1149 655 cundum
1179 620 1291 666 ipsam,
1326 618 1376 652 illa
1405 619 1490 662 vice,
1517 617 1701 652 dillinitores
1725 626 1754 652 et

1013 669 1078 716 ipse
1108 669 1192 716 prior
1223 667 1407 702 Cartltusiae
1447 668 1475 702 in
1513 666 1694 702 diffiniendo
1725 676 1755 701 et

1012 718 1177 754 statuendo
1216 717 1351 752 totaliter
1377 725 1406 751 et
1429 717 1564 751 finaliter
1591 728 1755 763 processe-

1013 776 1100 809 runt;
1139 767 1195 802 sed
1229 766 1384 801 celebrato
1420 778 1474 813 pet·
1508 765 1592 800 hunc
1625 765 1753 800 modum

1012 816 1156 864 generale
1178 817 1325 862 capitulo,
1351 815 1459 850 fratres
1481 815 1594 850 domus
1616 813 1755 849 Cartltu·

1011 867 1075 901 siae
1094 878 1149 914 per
1164 875 1300 900 nostram
1320 864 1549 900 ordinationem
1565 876 1596 898 se
1613 872 1755 910 gravatos

1010 923 1195 955 asserentes,
1219 922 1449 961 procuratorem
1468 925 1560 948 suum
1576 913 1612 948 ad
1626 912 1752 948 Curiam

1010 964 1218 1008 destinarunt,
1248 965 1299 1011 qui
1328 976 1398 998 curn
1431 962 1586 998 indefessa
1609 963 1755 997 clamoris

1012 1014 1153 1048 instantia
1176 1022 1204 1048 et
1232 1013 1463 1060 importunitate
1491 1012 1636 1047 diuturna
1658 1024 1754 1058 super

1009 1063 1069 1098 hoc
1092 1064 1179 1110 petiit
1202 1075 1217 1097 a
1239 1062 1372 1097 Summo
1393 1061 1556 1101 Pontifice,
1578 1061 1645 1096 sine
1662 1062 1752 1108 culpa

1010 1125 1065 1148 sua
1092 1114 1226 1159 gravatis
1248 1111 1492 1146 misericorditer
1514 1110 1680 1157 provideri,
1697 1122 1753 1157 pro

1010 1175 1064 1196 sna
1083 1170 1170 1209 parte
1187 1174 1247 1196 non
1265 1160 1466 1208 impudenter
1488 1161 1650 1202 adiiciens,
1668 1159 1752 1206 quod

1009 1224 1080 1246 cnm
1108 1212 1165 1258 ipsi
1189 1211 1303 1246 fuerint
1321 1212 1350 1244 in
1377 1210 1574 1257 possessione
1599 1209 1644 1244 vel
1663 1209 1753 1255 quasi

1011 1262 1159 1308 ponendi,
1187 1261 1233 1295 vel
1262 1259 1396 1294 habendi
1425 1268 1558 1306 quatuor
1583 1258 1753 1293 monachos

1008 1322 1080 1345 cum
1096 1318 1230 1357 quatuor
1248 1309 1414 1357 prioribus,
1437 1308 1489 1355 qui
1513 1308 1684 1351 diffiniunt,
1703 1307 1752 1342 illa

1010 1360 1207 1407 possessione
1252 1370 1306 1406 per
1345 1366 1479 1393 nostram
1524 1357 1750 1392 ordinationem

1009 1410 1177 1443 extiterunt
1199 1407 1336 1443 indebite
1354 1407 1485 1453 spoliati.
1507 1406 1658 1442 Summus
1680 1418 1752 1441 vero

1010 1458 1170 1502 Pontifex,
1209 1457 1352 1492 videlicet
1390 1456 1537 1491 dominus
1576 1455 1753 1490 Alexander

1009 1515 1148 1554 quartus,
1169 1516 1265 1542 totum
1282 1506 1439 1540 commisit
1457 1505 1614 1552 negotium
1629 1513 1752 1540 nostrae

1011 1556 1222 1603 providentiae
1257 1568 1331 1603 pace
1359 1555 1403 1589 vel
1436 1555 1552 1589 indicio
1580 1555 1753 1590 terminan-

1010 1607 1096 1641 dum.
1130 1606 1194 1641 Nos
1226 1617 1308 1642 vero,
1332 1606 1449 1639 voratis
1483 1603 1637 1649 partibus,
1673 1615 1753 1650 quae

1011 1655 1137 1690 fuerunt
1169 1655 1344 1690 evocandae
1378 1662 1408 1688 et
1439 1653 1552 1688 auditis
1583 1653 1622 1688 de
1650 1653 1751 1699 plano,

1010 1717 1088 1751 quae
1111 1705 1235 1739 fuerunt
1259 1704 1331 1738 hinc
1355 1703 1426 1737 inde
1444 1715 1546 1737 coram
1570 1702 1662 1737 nobis
1685 1714 1752 1749 pro-

1011 1755 1121 1801 posita,
1136 1754 1317 1789 festinanter
1333 1761 1362 1787 et
1378 1752 1492 1787 utiliter
1514 1751 1752 1787 intendebamus

1011 1811 1104 1838 totam
1140 1802 1381 1838 controversiam
1415 1801 1588 1836 secundum
1622 1800 1751 1847 allegata

221 1852 349 1900 capituli
383 1852 538 1898 generalis
567 1851 747 1897 corrigenda
786 1858 886 1889 erant,
922 1850 967 1885 vel
988 1846 991 1892 l
1010 1860 1039 1887 et
1063 1853 1217 1900 proposita
1241 1852 1418 1889 terminare,
1440 1850 1495 1885 sed
1516 1859 1664 1897 utraeque
1687 1863 1753 1897 par-

223 1901 317 1936 etiam
339 1901 548 1936 reformanda.
572 1900 667 1935 Dedit
688 1901 816 1947 insuper
837 1907 969 1947 potesta·
988 1895 991 1955 ι
1011 1910 1056 1936 tes
1077 1910 1237 1948 comperto
1265 1913 1319 1948 per
1340 1901 1533 1935 coniecturas
1555 1909 1679 1934 nostrae
1705 1912 1751 1933 vo-

223 1959 285 1985 lem
303 1958 335 1986 θῑ
360 1950 554 1991 mandalum,
577 1958 610 1985 ut
636 1949 674 1984 ad
695 1960 731 1984 ea
753 1948 918 1984 statuenda
940 1956 969 1984 et
988 1960 991 1970 ·
1010 1951 1137 1986 luntatis
1151 1951 1321 1998 proposito,
1337 1957 1478 1985 verentes
1492 1949 1670 1997 praestolari
1685 1960 1753 1984 sen-

224 1999 408 2039 ordinanda,
442 2011 522 2047 quae
556 1999 652 2034 decus
677 1998 794 2033 ordinis
815 2007 846 2033 et
873 1998 970 2033 deco·
1009 2001 1123 2036 tentiae
1145 2000 1311 2039 calculum,
1328 2007 1492 2046 antequam
1514 1998 1752 2045 aggrederemur

226 2061 290 2085 rem
313 2049 541 2097 prospicerent,
562 2056 666 2083 nostra
691 2047 871 2083 sollicitudo
895 2059 969 2095 pru·
1010 2050 1246 2098 pronunciantis
1267 2048 1415 2089 officium,
1432 2050 1461 2082 in
1480 2048 1686 2094 subscriptam
1703 2060 1751 2094 pa-

226 2098 336 2134 denter
371 2098 547 2133 intenderet
582 2106 613 2133 et
651 2098 781 2132 intentio
816 2097 968 2144 vigilaret.
1011 2101 1055 2134 cis
1079 2099 1243 2134 formulam
1276 2098 1462 2133 unanimiter
1489 2106 1519 2131 et
1545 2097 1752 2144 equanimiter

39 2149 213 2172 ‘'¹⁸¹¹“·¹²·¹¹⁰¹²
227 2147 386 2192 Nosvero,
405 2148 488 2183 sicut
508 2147 696 2194 simplicitati
720 2146 878 2193 religionis
899 2158 970 2181 con·
1010 2149 1248 2192 concordarunt,
1271 2148 1426 2183 videlicet:
1450 2146 1532 2193 quod
1556 2146 1687 2192 singulis
1701 2158 1752 2180 an-

26 2183 153 2203 ‘seminanti
167 2187 214 2204 eum

26 2211 136 2239 -pnoftbns
145 2213 215 2233 aare·
227 2209 339 2244 gruere
350 2197 522 2237 videbatur,
540 2197 618 2231 iuris
629 2196 739 2231 ordine
749 2205 879 2236 servato,
902 2207 971 2230 sen·
988 2215 991 2251 5
1012 2199 1069 2234 nis,
1091 2199 1223 2234 collecto
1239 2197 1374 2244 capitulo
1401 2196 1536 2242 generali
1565 2195 1646 2242 apud
1674 2194 1751 2229 Car-

31 2241 144 2264 inte-du
148 2258 151 2263 .

227 2295 274 2332 les
308 2308 370 2331 non
405 2295 519 2332 debere
555 2295 673 2330 admitti
705 2306 777 2329 cum
813 2294 969 2343 prioribus

227 2345 349 2381 ordinis
375 2345 413 2381 ad
441 2344 667 2385 diffiniendum,
685 2344 812 2379 sedente
833 2343 969 2391 generali

227 2394 375 2443 capitulo,
397 2406 456 2430 nec
476 2395 513 2430 ad
536 2394 653 2441 aliquid
675 2405 746 2428 cuin
768 2393 883 2428 eisdem
907 2402 970 2428 sta-

228 2444 392 2490 tuendum,
405 2457 476 2480 eum
497 2444 574 2479 tales
594 2443 714 2491 priores
734 2441 871 2489 obligent
896 2443 970 2477 uni-

228 2505 346 2540 versos,
367 2506 427 2529 nec
448 2494 492 2529 fas
510 2494 549 2529 sit
570 2493 653 2528 iuxta
669 2491 823 2539 legitimas
840 2492 972 2528 sanctio-

229 2554 298 2588 nes,
322 2551 356 2578 ut
381 2542 554 2578 dominium
585 2542 696 2577 habeat
724 2553 778 2588 par
798 2542 827 2576 in
850 2553 969 2589 parem,

230 2599 260 2627 et
281 2592 380 2628 multo
406 2593 510 2628 minus
531 2592 680 2627 minimus
706 2591 736 2625 in
764 2591 926 2634 maiorem,
941 2599 970 2625 et

231 2640 410 2677 huiusmodi
433 2642 672 2678 constitutiones
690 2640 790 2676 editae
811 2640 856 2675 vel
874 2640 971 2676 eden-

307 2697 382 2728 Ball.
402 2697 480 2728 Rom.
502 2699 558 2729 Vol.
579 2698 629 2728 III.
819 2697 852 2726 '⁷7

228 2247 395 2282 tentialiter
411 2246 623 2281 ordinavimus
640 2245 810 2280 monacltos
826 2245 970 2280 claustra-
988 2254 991 2278 t
1011 2248 1158 2289 thusiam,
1186 2247 1306 2294 primus
1333 2246 1415 2293 prior
1442 2244 1624 2280 Cat-thusiae
1654 2256 1749 2278 ttnunt

1011 2297 1179 2332 discretum
1202 2304 1231 2330 et
1258 2296 1404 2329 idoneum
1427 2294 1624 2328 diffinitorent
1649 2294 1751 2328 nomi·

1011 2355 1063 2381 net
1090 2346 1255 2381 electorem
1289 2357 1395 2385 snum,
1430 2356 1523 2391 quem
1558 2343 1686 2378 voluerit
1713 2342 1751 2377 de

1012 2395 1173 2430 monachis
1195 2393 1388 2433 Cartltusiae,
1412 2393 1458 2427 vel
1478 2392 1516 2427 de
1544 2391 1699 2438 prioribus
1721 2392 1750 2425 in

1011 2445 1120 2481 eodem
1143 2444 1278 2491 capitulo
1297 2442 1501 2489 congregatis.
1521 2440 1641 2475 Deinde
1656 2441 1752 2488 quin-

1012 2507 1071 2542 qtte
1083 2494 1201 2541 priores
1214 2494 1380 2539 primarum
1393 2492 1555 2526 domorum
1569 2491 1665 2538 ipsius
1675 2490 1753 2525 ordi-

1012 2545 1060 2579 nis
1072 2543 1268 2589 singulariter
1280 2540 1392 2587 singuli
1402 2539 1601 2575 ‹liffinitorum
1613 2539 1752 2586 singulos

1013 2593 1090 2628 alios
1117 2592 1278 2627 nominent
1300 2591 1461 2629 electores,
1490 2590 1553 2624 sire
1575 2589 1614 2624 de
1640 2590 1752 2636 priori-

1013 2643 1081 2683 bus,
1104 2642 1168 2677 sive
1190 2640 1228 2675 de
1251 2640 1433 2676 carthusiae
1457 2639 1616 2675 monachis
1641 2639 1672 2673 in
1697 2651 1752 2674 eoa

1769 263 1819 289 An.
1835 262 1863 289 C.
1882 262 1948 289 ¹233

1780 425 1836 447 Mera
1871 424 1950 445 conflr—

1768 461 1843 478 mntutn
1865 456 1890 476 ab
1913 455 1949 477 ln-

1767 489 1867 509 nocentio

1782 821 1864 844 Putre·
1900 821 1951 841 Cir-

1769 853 1850 874 thnsin
1865 853 1904 873 hor
1916 854 1950 872 tie·

1769 887 1826 905 creto
1872 888 1949 910 gravati

1768 914 1842 935 Sedent
1858 915 1951 941 Aposto-

1769 946 1829 966 licsm
1845 945 1951 971 interpel-

1768 976 1811 996 lant

1779 1459 1877 1481 ludi-*ium
1923 1460 1947 1479 de

1766 1491 1804 1512 hac
1814 1496 1835 1510 re
1847 1491 1946 1511 tantumn

1766 1526 1905 1543 tunt-inituram¹

1769 2195 1945 2223 composta-anem

1766 2229 1838 2248 ineunt
1857 2225 1947 2246 carthu-

1766 2259 1824 2280 sttsial>

1791 2494 1907 2517 Consentia
