2129 3223
42 270 93 298 An.
102 270 137 305 β.
157 269 219 296 ¹954

38 521 166 550 induigentia
173 526 218 544 oin«

37 554 169 581 sepulchrum
185 557 217 576 ri-

37 584 147 606 uitantibus
164 591 216 607 con-

37 619 104 635 ιοιιι.

52 2157 167 2179 Exordium.

844 266 1028 289 Gneeontcs
1049 267 1082 288 ΙΧ
1106 266 1152 288 Pr.

236 324 332 365 Deus,
354 336 446 371 quem
471 324 576 357 vivens
597 321 706 366 coluit,
733 330 889 365 exoratus,
912 334 974 368 gra-

237 373 308 408 tiam
337 374 365 408 in
390 372 544 420 praesenti
566 371 691 406 sacculo
718 379 747 405 et
769 370 898 418 gloriam
924 383 976 405 no-

236 422 282 457 bis
303 422 416 457 tribuat
442 422 472 456 in
496 422 611 457 futuro.

281 471 302 519 g
323 475 355 507 6.
378 471 443 506 Nos
469 483 542 506 vero
566 470 638 506 tanti
661 468 857 504 confessoris
881 483 973 505 vene-

235 521 360 556 rabilem
398 520 603 567 sepulturam,
638 531 717 566 quac
751 519 970 554 miraculorum

233 569 403 617 fulgoribus
429 569 605 616 generalem
633 568 765 603 illustrat
787 567 970 609 Ecclesiam,

231 619 395 667 cupientes
434 619 538 666 dignis
575 618 761 653 christianae
799 617 971 652 devotionis

231 668 402 704 honoribus
419 669 622 717 frequentari:
646 679 716 702 vere
739 667 970 714 poenitentibus

229 726 258 752 ct
285 717 447 755 confessis,
479 718 562 753 illam
585 717 615 752 in
645 717 808 751 festivitate
836 717 968 764 praefata

228 768 318 803 annis
345 767 480 814 singulis
511 779 582 802 cum
622 766 785 801 devotione
816 778 852 801 ac
879 779 968 802 reve-

228 816 326 851 rentia
341 816 444 852 debita
471 816 677 855 visitantibus,
693 816 732 851 de
744 816 968 861 omnipotentis

226 865 284 900 Dei
307 866 544 903 misericordia.
581 873 610 899 et
643 865 802 901 beatorum
826 865 910 900 Petri
938 874 967 901 et

226 915 314 950 Pauli
343 916 556 962 apostolorum
584 916 650 949 eius
685 915 867 950 auctoritate
891 927 967 950 con-

226 964 285 1006 fisi,
307 976 403 999 unum
430 977 549 1000 annum
567 963 605 998 de
640 964 775 1000 iniuncta
810 964 867 999 sibi
893 977 966 1011 poe—

225 1013 352 1049 nitentia
374 1013 620 1049 misericorditer
647 1014 827 1049 relaxamus.

271 1061 386 1099 Datum
399 1062 497 1099 Reate
518 1064 629 1111 quinto
656 1076 754 1099 nonas
781 1063 861 1101 iulii,
892 1076 966 1110 pon-

221 1112 356 1148 tificatus
377 1113 474 1149 nostri
497 1125 579 1148 anno
601 1120 718 1148 octavo.

280 1173 340 1205 Dat.
358 1174 406 1205 die
437 1175 455 1205 3
476 1175 539 1206 iulii
560 1174 642 1210 1234,
665 1175 764 1213 pontif.
783 1185 828 1204 au,
848 1184 904 1204 vui⁴

551 1299 629 1333 xtJ.

223 1372 314 1411 Quod
330 1383 432 1405 omnes
456 1373 502 1405 uti
524 1373 649 1406 debeant
669 1372 866 1405 decretalibus
885 1372 962 1405 Gre-

267 1421 352 1465 ςονιϊ
370 1422 454 1455 iussu
475 1433 494 1455 α
515 1428 620 1455 sancto
643 1421 826 1465 Roymundo
847 1421 963 1465 compi-

266 1470 350 1508 latis,
388 1481 439 1503 nec
471 1471 537 1503 aliu
566 1471 602 1504 de
631 1477 748 1518 faelem
773 1471 842 1514 fieri
868 1472 962 1513 possit

265 1519 390 1553 illarum
415 1520 592 1564 compilatio
619 1525 632 1562 (
638 1521 681 1561 l).

480 1596 693 1627 SUttMARtUM

213 1659 378 1693 Exordium.
400 1680 438 1686 -
460 1663 531 1692 Mala
551 1672 585 1692 ex
605 1662 753 1692 dubietate.
787 1667 813 1692 et
843 1663 959 1702 disper-

254 1705 337 1736 sione
355 1706 545 1737 decretalium
560 1710 632 1736 orta.
656 1706 725 1736 —A
745 1705 772 1736 S.
790 1706 960 1746 Raymundo

254 1750 283 1780 in
316 1750 451 1781 volumen
487 1750 660 1789 rediguntur
682 1751 765 1780 iussu
798 1751 901 1791 Papae:
923 1768 961 1774 -—

254 1794 308 1830 Qui
327 1794 413 1825 aliam
436 1794 572 1834 prohibet
597 1795 658 1824 lieri
676 1794 920 1833 compilationem.

214 1869 359 1907 Gregorius
370 1869 511 1905 episcopus
521 1876 616 1898 servus
629 1875 767 1898 servorum
779 1869 835 1902 Dei.
852 1869 962 1898 dilectis

257 1918 323 1948 tuiis
341 1918 507 1951 doctoribus.
527 1918 557 1946 et
576 1917 744 1946 scholaribus
759 1918 902 1951 universis.
914 1918 958 1946 Pa·

258 1967 335 1998 rtsiis
349 1967 584 1999 commorantibus.
602 1967 720 1995 salutem
738 1968 960 2007 adapostolicam

257 2016 480 2046 benedictionem.

263 2088 331 2124 Rex
355 2088 504 2136 pacificus
520 2088 566 2134 pia
585 2087 785 2122 miseratione
804 2088 959 2135 disposuit

216 2138 276 2173 sibi
307 2137 449 2173 subditos
477 2138 541 2172 fore
573 2137 713 2184 pudicos,
749 2138 895 2183 pacificos
928 2146 957 2172 et

216 2187 390 2228 modest0s;
424 2187 478 2222 sed
513 2187 678 2221 effraenata
716 2186 871 2234 cupiditas
908 2187 956 2221 sui

218 2236 359 2284 prodiga,
381 2237 467 2284 pacis
490 2236 622 2280 aemula,
637 2243 736 2270 mater
754 2236 866 2277 litium,
890 2249 957 2271 ma-

215 2286 292 2321 teria
318 2286 503 2333 iurgiorum,
526 2293 569 2320 tot
596 2284 735 2332 quotidie
758 2297 834 2321 nova
861 2286 956 2332 litigia

215 2344 354 2382 generat,
378 2343 411 2370 ut
437 2336 495 2370 nisi
522 2334 636 2370 iustitia
659 2342 789 2369 conatus
816 2335 882 2369 eius
900 2348 956 2370 sua

216 2385 327 2421 virtute
361 2385 556 2432 reprimeret,
582 2391 611 2419 et
637 2384 837 2431 quaestiones
859 2385 956 2432 ipsius

216 2433 381 2482 implicitas
401 2434 580 2481 explicaret,
603 2433 652 2468 ius
676 2433 804 2468 humani
823 2433 957 2469 foederis

216 2482 383 2530 litigiorum
423 2484 540 2518 abusus
574 2483 782 2529 extingueret,
820 2491 850 2518 et
885 2484 956 2518 dato

216 2531 324 2567 libello
358 2532 493 2581 repudii,
529 2531 694 2567 toncordia
730 2539 812 2566 extra
848 2533 956 2568 mundi

218 2581 366 2617 terminos
392 2582 540 2617 exularet.
563 2581 701 2629 Ideoque
727 2581 777 2616 lex
805 2581 956 2629 proditur,

253 2651 292 2686 (i)
309 2652 348 2678 Ex
366 2652 467 2687 aegest.
486 2652 568 2679 Vatic.

1643 257 1711 289 1¹85

1017 329 1049 355 ut
1071 321 1229 368 appetitus
1248 322 1360 356 noxius
1381 321 1440 356 sub
1460 322 1534 357 iuris
1550 322 1654 370 regula
1673 322 1757 357 limi-

1018 377 1109 410 tetur,
1132 382 1187 418 per
1208 383 1299 418 quam
1327 383 1426 417 genus
1453 371 1628 413 hominum,
1651 379 1683 407 ut
1704 371 1756 408 ho-

1016 428 1103 454 neste
1123 420 1212 459 vivat,
1227 420 1357 455 alterum
1378 433 1438 456 non
1461 421 1573 462 laedat,
1593 421 1641 457 ius
1662 434 1753 457 suum

1014 470 1127 516 cuique
1149 469 1274 510 tribuat,
1296 469 1489 505 informatur.
1512 470 1595 506 Sane
1615 470 1755 507 diversas
1782 480 1833 501 ’lala
1861 488 1885 502 ex
1910 482 1950 516 dru-

1014 518 1255 554 constitutiones
1270 527 1300 554 et
1319 519 1489 555 decretales
1503 520 1650 567 epistolas
1670 533 1752 569 prae·
1768 511 1949 570 Ξζῖζῖζζξὲοξξζ.

1013 568 1211 604 decessorum
1232 576 1408 604 nostrorum
1427 569 1456 603 in
1476 569 1596 604 diversa
1612 569 1752 617 dispersa
1768 574 1839 595 ¹³''¹¹“¹
1855 577 1907 594 ⁰¹¹⁸·

1013 618 1180 658 volumina,
1195 630 1326 666 quarum
1346 619 1466 666 aliquae
1486 627 1611 666 propter
1626 619 1751 655 nimiam

1011 667 1263 712 similitudinem,
1289 677 1316 703 et
1340 667 1490 715 quaedam
1519 676 1643 715 propter
1668 681 1750 704 con-

1011 717 1208 759 trarietatem,
1231 717 1399 752 nonnullae
1427 717 1519 752 etiam
1551 726 1677 765 propter
1702 720 1749 754 sui

1011 766 1216 812 prolixitatem
1245 767 1462 802 confusionem
1485 766 1633 802 inducere
1663 768 1750 804 vide·
1779 780 1946 807 ASRaJmundo

1009 815 1139 856 hantur;
1175 816 1296 864 aliquae
1331 829 1402 852 vero
1439 816 1628 864 vagabantur
1666 826 1748 853 extra
1765 813 1945 871 ἧῗεζξζζῗθξῃζζ

1009 865 1164 900 volumina
1187 866 1376 913 supradicta,
1403 878 1483 913 quae
1509 874 1667 913 tamquam
1695 867 1749 902 in-
1764 875 1845 902 Papae:

1008 923 1108 950 certae
1131 915 1308 965 frequenter
1342 916 1371 950 in
1405 916 1527 950 iudiciis
1556 916 1749 959 vacillabant,

1007 963 1043 998 ad
1089 977 1289 1000 communem
1325 973 1354 1000 et
1388 965 1522 1000 maxime
1555 965 1748 1001 studentium

1007 1013 1183 1056 utilitatem,
1223 1027 1277 1063 per
1309 1014 1456 1049 dilectum
1491 1014 1587 1049 filium
1624 1016 1747 1051 fratrem

1006 1063 1226 1110 Raymundum
1263 1063 1479 1112 cappellanum
1518 1073 1547 1100 et
1582 1067 1748 1112 poeniten-

1007 1113 1131 1147 tiarium
1153 1122 1295 1149 nostrum
1314 1113 1344 1148 in
1369 1126 1466 1148 unum
1486 1114 1645 1156 volumen,
1663 1127 1748 1151 rese—

1005 1162 1083 1197 catis
1111 1163 1289 1210 superssuis,
1322 1163 1517 1210 providimus
1548 1163 1746 1211 redigendas.

1006 1211 1196 1247 Adlicientes
1214 1212 1453 1248 constitutiones
1474 1220 1608 1258 nostras,
1634 1223 1665 1249 et
1690 1214 1748 1249 de-

1005 1261 1134 1296 cretales
1167 1262 1330 1309 epistolas,
1369 1275 1424 1309 per
1462 1274 1541 1310 quas
1579 1263 1746 1303 nonnulla.

1005 1322 1085 1356 quae
1107 1312 1136 1345 in
1165 1311 1325 1358 prioribus
1349 1321 1435 1346 erant
1456 1311 1562 1352 dubia,
1585 1312 1746 1348 declaran-

1776 268 1824 293 An.
1843 266 1861 293 C
1889 267 1954 293 ¹25⁵

1006 1367 1064 1394 tur.
1087 1359 1235 1395 Volentes
1259 1361 1362 1408 igitur,
1389 1369 1421 1395 ut
1444 1361 1501 1395 hac
1522 1368 1641 1396 tantum
1664 1374 1748 1397 corn-
1760 1342 1943 1408 „3333ssss

1005 1409 1150 1454 pilatione
1179 1410 1314 1445 universi
1344 1417 1470 1445 utantur
1498 1411 1530 1445 in
1556 1410 1690 1456 iudiciis,
1717 1419 1747 1446 et
1760 1403 1890 1430 ''¹¹³¹'⁰⁰⁶¹¹’‘

1004 1459 1035 1492 in
1081 1459 1215 1504 scholis,
1249 1459 1420 1495 districtius
1455 1459 1674 1507 prohibemus,
1708 1473 1747 1496 ne

1003 1508 1074 1554 quis
1092 1517 1270 1556 praesumat
1287 1509 1378 1544 aliam
1393 1509 1496 1545 facere
1512 1509 1629 1557 absque
1642 1518 1747 1546 aucto-

1003 1558 1092 1593 ritate
1119 1558 1209 1593 Sedis
1230 1558 1430 1606 Apostolicae
1458 1559 1598 1607 speciali.

1050 1606 1165 1642 Datum
1185 1607 1307 1656 Spoleti
1330 1609 1421 1644 nonis
1444 1609 1645 1656 septembris,
1664 1622 1745 1656 pon-

1003 1656 1134 1692 tificatus
1156 1658 1250 1693 nostri
1273 1670 1354 1693 anno
1380 1666 1499 1694 octavo.

1020 1713 1081 1743 Dat.
1101 1715 1145 1745 die
1165 1715 1182 1744 5
1198 1716 1371 1754 septembris
1384 1716 1470 1753 1234,
1488 1717 1589 1756 pontif.
1605 1728 1650 1749 an.
1665 1727 1723 1750 vni.

1324 1843 1418 1878 XLll.

1004 1915 1118 1950 Ordi'm'
1142 1917 1277 1960 fratrum
1300 1918 1416 1951 Benene
1442 1917 1566 1952 Mariae
1592 1920 1628 1952 do
1661 1920 1742 1953 Mer-

1048 1967 1123 2005 cede,
1140 1966 1362 2011 Redemptiom's
1380 1967 1589 2012 Captivorum,
1610 1969 1743 2003 concedi-

1048 2022 1108 2053 tur,
1132 2023 1163 2049 ut
1191 2017 1294 2049 vivant
1311 2017 1365 2050 sub
1382 2018 1486 2062 requio
1505 2018 1539 2051 S.
1564 2019 1740 2063 Augustini.

998 2090 1142 2126 Gregorius
1159 2091 1299 2127 episcopus
1309 2098 1405 2120 servus
1416 2098 1555 2122 servorum
1568 2093 1623 2126 Del.
1633 2093 1743 2123 dilectis

1042 2135 1106 2164 tiliis
1120 2136 1263 2171 magistro,
1280 2137 1310 2165 ot
1320 2136 1458 2166 fratribus
1474 2138 1566 2167 domus
1580 2139 1605 2167 8.
1622 2138 1742 2168 Eulaliae

1041 2180 1242 2213 Bai-chinonem.
1262 2181 1379 2210 satutem
1397 2183 1428 2210 et
1463 2183 1640 2218 apostoticam
1663 2183 1739 2212 bono·

1039 2225 1193 2254 dictionem.

1047 2288 1226 2323 Devotionis
1255 2296 1370 2324 restrae
1404 2290 1548 2337 precibus
1581 2291 1736 2331 inclinati,

999 2338 1209 2385 praesentium
1224 2338 1311 2372 vobis
1325 2339 1508 2375 auctoritate
1522 2340 1737 2380 concedimus,

999 2395 1030 2421 ut
1062 2399 1132 2421 cum
1167 2387 1304 2422 nondum
1339 2389 1441 2435 aliqua
1473 2389 1512 2423 sit
1542 2401 1557 2424 a
1588 2389 1676 2425 vobis
1701 2403 1737 2425 ex

999 2435 1202 2482 religionibus
1229 2436 1408 2484 approbatis
1440 2446 1597 2486 assumpta
1623 2440 1738 2486 regula,

998 2485 1034 2520 B.
1055 2485 1222 2531 Augustini
1247 2487 1372 2531 possitis
1399 2487 1542 2522 ordinem
1565 2488 1713 2535 profiteri.

1046 2535 1115 2570 Dat.
1149 2535 1283 2574 Perusii.
1321 2535 1444 2571 decimo
1475 2545 1563 2572 sexto
1593 2538 1653 2573 kal.
1686 2539 1740 2574 fe-

998 2584 1125 2625 bruarii,
1154 2584 1350 2631 pontificatus
1384 2587 1479 2622 nostri
1510 2599 1592 2622 anno
1619 2596 1736 2628 octavo.

1017 2645 1077 2676 Dat.
1100 2646 1145 2676 die
1164 2646 1197 2675 17
1220 2646 1345 2677 ianuarii
1365 2647 1450 2683 1235,
1468 2648 1569 2687 pontit.
1590 2658 1636 2679 an.
1659 2658 1718 2681 vin.
