2129 3223
94 248 141 272 An.
159 246 186 273 C.
210 245 278 272 ¹232

127 785 247 806 Decretum.

110 1164 195 1184 Poenxe
205 1163 281 1183 inobe-

101 1196 207 1216 treunam.

341 212 410 266 {62
872 236 1060 260 thJuxntt'xl
1088 235 1250 257 ROMAMM
1850 234 1900 260 ,xn-
1918 233 1946 260 (ζ,
1965 234 2030 260 ίρξῇ

293 300 429 334 dationis
441 308 556 343 genere
578 295 746 330 adinvento
763 305 816 329 eas
838 300 1043 341 praesumunt

293 353 402 388 alienis
428 350 544 385 debitis
570 360 724 384 onerare:
757 347 858 394 sigilla
887 359 954 387 sua,
986 358 1042 381 seu

293 407 411 440 litteras
437 403 588 450 sigillatas
614 402 653 438 de
674 401 892 437 contrahendo
932 408 1043 435 mutuo

292 458 480 506 quibusdam
507 457 618 492 amicis
645 456 714 491 suis
740 455 862 491 clericis
889 463 919 490 et
954 453 1042 488 laicis

292 511 507 555 concedendo,
526 523 660 558 quarum
681 509 848 545 occasione
865 507 1042 556 praedictae

294 566 453 601 Ecclesiae
482 566 512 600 in
550 573 633 600 tanta
673 564 853 611 obligarunt
890 562 1043 610 pecuniae

293 620 478 667 quantitate,
509 619 546 653 ad
581 619 674 653 cuius
707 618 897 653 solutionem
938 623 1045 663 postea

293 673 540 721 compelluntur,
567 673 652 720 quod
676 672 736 714 vix,
755 679 810 707 aut
824 681 996 717 numquam
1012 669 1047 702 li-

295 729 394 763 berari
417 735 553 775 possunt
577 727 617 762 al)
644 738 740 762 onere
767 725 958 760 debitorum.
987 722 1048 758 Vo-

294 783 393 817 leutes
423 782 517 828 igitur
540 777 754 817 Ecclesiarum
787 778 1045 814 indemnitatibus

294 844 424 883 paterna
449 834 666 870 sollicitudine
689 833 867 882 providere,
896 844 1047 880 praesen—

295 890 372 924 tium
399 889 584 924 auctoritate
612 888 742 923 firmiter
773 886 967 925 inhibemus,
1010 898 1048 919 ne

293 944 365 990 quis
392 951 573 991 praesumat
590 943 628 978 de
648 950 775 978 caetero
797 940 973 976 Ecclesiam
989 939 1048 975 sibi

294 999 496 1033 commissam
513 1025 524 1036 ,
570 1004 603 1031 ut
645 995 855 1043 praemissum
899 1001 957 1034 est,
993 1005 1049 1040 pro

293 1052 404 1087 alienis
425 1063 554 1097 gravare
577 1050 702 1091 debitis,
725 1058 778 1085 aut
797 1050 916 1084 litteras
944 1047 1050 1087 alicui,

294 1117 349 1140 seu
377 1105 478 1151 sigilla
492 1103 682 1148 concedere,
704 1103 819 1150 quibus
844 1102 963 1150 possint
990 1101 1051 1136 Ec-

295 1159 410 1194 clesiae
442 1158 585 1206 obligari.
622 1158 839 1193 Decernentes
876 1156 902 1191 si
940 1168 1051 1197 secus,

297 1212 382 1261 quod
409 1225 472 1248 non
509 1212 680 1255 credimus,
710 1211 802 1246 fuerit
841 1219 1052 1252 attentatum;

297 1266 336 1302 ad
358 1266 548 1301 solutionem
564 1266 675 1301 talium
698 1264 875 1299 debitorum
894 1264 1054 1300 Ecclesias

298 1333 363 1356 non
392 1321 504 1356 teneri.
531 1320 566 1355 Si
589 1319 661 1367 quis
675 1320 815 1362 enim(l)
831 1326 938 1354 contra
956 1331 1054 1366 prae-

299 1375 396 1410 missa
424 1375 463 1410 de
491 1381 614 1410 caetero
651 1374 757 1408 venire
797 1373 1054 1420 praesumpserit,

300 1428 338 1463 ab
365 1427 635 1463 administratione
661 1427 874 1474 spiritualium
909 1435 940 1462 et
972 1435 1055 1461 tem-

302 1482 457 1529 poralium
477 1481 596 1517 noverit
623 1493 657 1515 se
678 1493 884 1529 suspensum.
898 1473 921 1494 ⁶

350 1535 467 1571 Datum
503 1535 616 1579 Reate,
658 1534 751 1570 tertio
785 1534 856 1569 idus
895 1533 1056 1577 februarii,

304 1589 506 1637 pontificatus
526 1589 624 1625 nostri
646 1600 729 1624 anno
751 1589 877 1636 quinto.

323 1650 384 1681 Dat.
408 1651 454 1681 die
478 1652 511 1681 11
545 1650 688 1681 februarii
713 1650 799 1687 1232,
822 1649 922 1689 pontis.
946 1659 991 1679 an.
1012 1658 1037 1679 v.

623 1772 739 1808 XXXI.

308 1851 512 1886 Canonizatio
534 1850 646 1884 Sancti
660 1850 791 1884 Antonii
803 1850 839 1882 de
860 1849 974 1883 Padua
986 1860 1063 1882 nun-

356 1905 472 1950 cupati,
497 1905 681 1949 professoris
703 1904 821 1940 ordinis
841 1903 977 1947 fratrum
996 1903 1060 1936 Mi-

357 1969 469 1991 norum
488 1958 732 1991 conventualium
752 1957 862 1990 Sancti
895 1956 1062 1994 Francisci,

359 2130 417 2164 pro
439 2120 488 2153 die
513 2119 556 2153 13
567 2111 686 2152 'iriensis
707 2119 798 2152 iunii.

582 2187 798 2218 SUMMARtUM

314 2250 482 2280 Exordium.
500 2266 539 2272 -
556 2250 582 2279 1.
602 2249 632 2279 B.
656 2250 801 2279 Antonius
813 2249 848 2280 de
862 2248 959 2278 Padua
978 2248 1068 2278 vir‘tu-

358 2295 436 2325 tibus
461 2299 489 2325 et
511 2294 664 2324 miraculis
697 2293 806 2323 clarus.
824 2310 862 2315 —-—
884 2293 913 2322 2.
938 2292 1068 2322 I'aduani

357 2339 469 2369 instant
486 2338 620 2369 Pontifici
637 2347 688 2377 pro
708 2338 772 2368 eius
785 2337 1016 2367 canonizatione.
1032 2353 1070 2358 —

358 2384 385 2413 3.
402 2383 472 2413 Data
490 2383 663 2413 commissio
680 2392 731 2422 pro
747 2382 880 2412 examine
895 2382 1071 2412 testium.—

358 2428 562 2468 4.Cathalogo
591 2432 760 2458 sanctorum
785 2427 977 2457 adscribitur.
995 2427 1071 2455 —5.

360 2472 431 2502 Eius
454 2473 597 2503 festivitas
619 2473 666 2503 die
683 2472 720 2502 13
738 2471 813 2501 iunii
835 2470 1073 2501 celebranda.—

361 2516 390 2547 6.
419 2517 604 2555 Indulgentia
623 2516 687 2546 eius
712 2516 904 2555 sepulchrum
932 2515 1074 2544 visitanti-

363 2561 419 2590 bus
432 2571 583 2591 concessa.

359 2618 398 2652 (¹)
418 2619 567 2653 Legenduni
588 2619 697 2645 forsitan
713 2622 813 2644 autem.

1085 293 1229 329 Gregorius
1252 292 1395 328 episcopus
1417 299 1514 321 servus
1527 299 1667 322 servorum
1685 292 1739 326 Dei,
1757 300 1837 322 vene-

1129 342 1265 370 rabilibus
1273 340 1408 370 fratribus
1419 341 1599 377 patriarchis.
1615 341 1836 377 archiepiscopis.

1130 392 1160 419 et
1184 391 1329 426 episcopis,
1354 397 1385 418 ac
1404 390 1516 418 dilectis
1541 389 1608 420 filiis
1634 390 1789 423 abbatibus,
1809 392 1837 418 et

1130 439 1194 467 aliis
1212 439 1392 467 aeclesiarum
1409 439 1556 474 praelatis.
1569 441 1740 475 praesentem
1758 439 1838 475 pagi-

1130 496 1194 517 nam
1211 489 1389 524 inspecturis,
1409 489 1528 516 satutem
1547 489 1576 517 et
1599 489 1776 524 apostolicam
1792 489 1839 516 be-

1131 538 1323 567 nedictionem.

1136 607 1219 643 Cum
1247 608 1328 644 dicat
1350 608 1508 643 Dominus
1536 620 1591 655 per
1627 608 1836 655 Prophetam:
1886 620 2005 642 efflatum.

1088 657 1178 692 Dabo
1221 670 1275 692 vos
1324 659 1449 692 cunctis
1487 657 1611 704 populis
1642 658 1673 691 in
1713 658 1837 693 laudem

1089 715 1119 742 ct
1135 707 1267 753 gloriam
1290 714 1321 742 et
1343 707 1515 747 honorem3
1534 716 1564 741 et
1592 718 1646 753 per
1675 718 1709 741 se
1747 707 1839 754 polli-

1089 765 1206 800 ceamr,
1228 756 1313 803 quod
1336 756 1407 790 iusti
1431 757 1512 791 sicut
1538 755 1584 790 sol
1608 756 1637 790 in
1665 764 1837 802 conspectu

1089 804 1148 839 Dei
1177 805 1354 851 fulgebunt,
1375 806 1460 852 pium
1491 814 1522 840 et
1557 805 1674 839 iustum
1706 813 1771 845 est,
1808 814 1840 839 ut

1090 866 1170 901 quos
1184 854 1341 889 Dominus
1350 856 1461 889 merito
1472 854 1646 890 sanctitatis
1656 862 1795 897 coronat,
1810 862 1842 888 et

1091 903 1225 938 honorat
1246 903 1276 937 in
1299 904 1408 948 coelis,
1432 915 1489 939 nos
1509 903 1721 938 venerationis
1737 903 1841 938 officio

1092 952 1257 987 laudemus
1279 962 1310 987 et
1333 952 1546 1000 glorificemus
1568 953 1599 986 in
1622 952 1736 992 terris3
1768 964 1840 987 cum

1093 1002 1159 1048 ipse
1192 1001 1295 1048 potius
1328 1002 1474 1037 laudetur
1506 1011 1538 1038 et
1575 1001 1768 1047 glorificetur
1810 1002 1840 1036 in

1093 1051 1166 1095 illis,
1188 1052 1242 1098 qui
1264 1060 1311 1086 est
1350 1051 1515 1086 laudabilis
1548 1059 1577 1085 et
1614 1050 1772 1097 gloriosus
1809 1051 1841 1085 in

1093 1100 1229 1145 saecula,
1251 1108 1282 1135 et
1304 1101 1334 1135 in
1361 1101 1490 1136 sanctis.
1510 1100 1551 1135 Ut
1572 1112 1644 1135 cum
1664 1111 1748 1139 suae
1780 1101 1843 1134 vir—

1095 1151 1168 1184 tutis
1202 1150 1372 1197 potentiam
1416 1149 1600 1184 mirabiliter
1640 1148 1842 1193 manifestet,

1094 1206 1125 1233 et
1147 1208 1271 1234 nostiae
1299 1199 1407 1234 salutis
1439 1212 1566 1234 causam
1599 1198 1844 1233 misericorditer

1094 1257 1255 1296 operetur,
1283 1248 1391 1283 fideles
1411 1261 1497 1289 suos,
1524 1260 1605 1296 quos
1630 1259 1764 1293 semper
1788 1259 1844 1283 co-

1096 1307 1184 1333 ronat
1207 1298 1236 1332 in
1264 1298 1363 1339 coelo,
1390 1297 1570 1345 frequenter
1596 1305 1627 1331 et
1649 1296 1782 1332 honorat
1813 1298 1842 1331 in

1096 1347 1234 1390 saeculo⁷
1257 1347 1294 1381 ad
1314 1359 1422 1382 eorum
1441 1347 1609 1382 memorias
1624 1346 1713 1392 signa
1728 1347 1845 1381 faciens

1097 1405 1127 1432 et
1155 1396 1296 1444 prodigia
1313 1424 1321 1437 ,
1345 1409 1401 1443 per
1427 1409 1509 1443 quac
1536 1395 1670 1443 pravitas
1704 1395 1846 1431 confun-

1097 1446 1189 1480 datur
1216 1446 1383 1490 haeretica,
1405 1454 1436 1481 et
1468 1446 1546 1481 fides
1577 1444 1729 1481 catholica
1766 1457 1845 1480 con-

1098 1495 1251 1535 firmetur,
1274 1495 1396 1537 fideles,
1417 1496 1532 1530 mentis
1550 1503 1676 1542 torpore
1689 1495 1846 1538 discusso,

1098 1544 1135 1579 ad
1159 1544 1232 1578 boni
1255 1544 1362 1591 operis
1383 1545 1558 1579 excitentur
1574 1545 1763 1585 instantiam;
1779 1544 1850 1578 hae-

1101 1593 1200 1637 retici,
1222 1593 1352 1641 depulsa
1374 1594 1404 1628 in
1427 1606 1487 1640 qua
1506 1594 1608 1629 iacent
1622 1594 1778 1630 caecitatis
1795 1605 1849 1628 ca-

1100 1643 1209 1689 ligine,
1231 1643 1269 1678 ab
1292 1643 1374 1677 invio
1397 1643 1586 1678 reducantur
1606 1643 1644 1679 ad
1679 1644 1759 1678 viam
1774 1671 1782 1684 ‚
1819 1650 1850 1677 et

1102 1693 1203 1727 iudaei
1231 1700 1324 1738 atque
1340 1692 1463 1739 pagani,
1487 1704 1558 1727 vero
1574 1693 1694 1728 lumine
1711 1692 1849 1739 cognito,

1102 1750 1229 1777 currant
1254 1742 1291 1776 ad
1319 1741 1495 1782 Christum,
1519 1741 1633 1787 lucem⁷
1670 1743 1764 1784 viam,
1795 1753 1852 1776 ve-

1103 1799 1225 1826 ritatem
1247 1798 1278 1825 et
1300 1799 1405 1825 Vitam.

1151 1840 1172 1886 S
1200 1842 1231 1874 1.
1257 1839 1350 1874 Unde
1381 1852 1450 1883 nos,
1487 1840 1674 1881 charissimi,
1707 1840 1765 1875 etsi
1789 1852 1850 1874 non
1879 1850 2047 1884 amnoniusae
2086 1846 2094 1859 ³

1103 1897 1235 1936 quantas
1261 1889 1426 1933 debemus,
1452 1898 1584 1936 quantas
1613 1899 1716 1925 tamen
1745 1901 1855 1936 possu-
1866 1883 1936 1904 ¹³·¹‘¹¹¹“
1962 1882 2050 1902 'dmm‘

1866 1916 1904 1936 hus
1919 1917 1940 1934 et
1958 1913 2050 1932 miracu-

1105 1951 1176 1973 mus
1204 1938 1319 1985 gratias
1353 1939 1478 1984 agimus
1514 1939 1683 1985 gratiarum
1711 1939 1986 1974 omniumuseurus.

357 2012 480 2056 eiusque
499 2012 610 2045 relatio
623 2012 657 2044 in
676 2022 836 2044 numerum
870 2012 920 2044 Ss.
945 2011 1064 2054 conses-
1083 2004 1085 2034 ἶ
1105 1988 1269 2033 Lasgnom'
1291 1987 1375 2034 qu⁰d
1398 1987 1511 2023 d¹ebu⁵
1532 1989 1646 2023 nosu'ls
1666 1988 1703 2023 ad
1737 1989 1856 2023 confir-

359 2077 475 2104 ⁸⁰mm’
497 2077 564 2099 cum
580 2071 769 2098 mmmmm
795 2076 859 2098 ems
891 2065 1065 2108 sesumam
1085 2089 1086 2112 i
1107 2087 1229 2120 sionem
1257 2086 1433 2121 haereticae
1455 2086 1615 2134 pravitatis
1640 2087 1856 2121 evidenter-in-

1107 2037 1275 2072 mationem
1298 2036 1471 2072 catholicae
1493 2037 1577 2078 fidei,
1604 2046 1634 2072 et
1669 2038 1707 2072 ad
1741 2037 1855 2072 consu—

1108 2144 1203 2170 novat
1225 2137 1324 2181 signa,
1358 2145 1388 2170 et
1424 2135 1575 2170 mirabilia
1613 2143 1754 2182 potenter
1790 2135 1856 2169 im—

1110 2193 1220 2225 mutat,
1248 2184 1364 2219 faciens
1391 2185 1460 2219 illos
1486 2197 1652 2220 coruscare
1685 2185 1857 2227 miraculis,

1109 2235 1161 2281 qui
1191 2233 1285 2268 fidem
1308 2234 1492 2269 catholicam
1517 2243 1578 2269 tam
1609 2233 1726 2274 corde,
1763 2245 1856 2281 quam

1110 2295 1176 2326 ore,
1210 2295 1333 2318 necnon
1373 2291 1402 2317 et
1439 2295 1536 2330 opere
1570 2283 1766 2318 roborarunt.
1807 2282 1857 2316 De

1111 2345 1245 2379 quorum
1268 2344 1400 2372 numero
1413 2341 1536 2367 sanctae
1558 2332 1726 2366 memoriae
1749 2332 1859 2366 beatus

1112 2386 1270 2420 Antonius
1297 2386 1335 2420 de
1376 2385 1486 2421 ordine
1515 2386 1642 2420 fratrum
1675 2385 1859 2426 Minoi-um,

1114 2440 1166 2486 qui
1185 2440 1259 2474 olim
1281 2439 1401 2485 degens
1423 2440 1454 2474 in
1481 2439 1618 2483 saeculo,
1645 2439 1768 2485 magnis
1791 2439 1862 2486 pol-

1115 2494 1198 2528 lebat
1225 2495 1357 2534 meritis,
1381 2506 1468 2529 nunc
1488 2494 1595 2528 vivens
1623 2494 1653 2527 in
1670 2493 1758 2529 coelo
1780 2494 1862 2528 mul-

1116 2547 1156 2581 tis
1179 2555 1323 2582 coruscat
1345 2547 1515 2586 miraculis,
1539 2555 1570 2580 ut
1609 2547 1680 2582 eius
1714 2548 1864 2582 sanctitas

1116 2602 1209 2635 certis
1232 2602 1356 2635 iudiciis
1377 2600 1611 2649 comprobetur.
