2129 3223
67 278 117 309 An.
138 279 166 307 C.
182 278 249 308 1210

77 1371 152 1393 ”ilites
172 1377 244 1393 omnes

26 1430 32 1431 ἶ
64 1403 98 1424 uni
145 1404 244 1430 magistro

22 1433 26 1438 ⁴
63 1433 154 1455 subiicit:

66 2549 245 2604 „Psszgffissssbssg
259 2564 385 2609 fuerint,
411 2572 443 2600 et
468 2564 595 2600 relictae
627 2566 768 2611 ipsorum
807 2577 887 2611 quae
919 2567 1003 2602 ord-

65 2611 170 2635 cultatem:

861 281 1071 305 INNOCENTIUS
1091 281 1128 304 ιιι
1153 281 1198 303 ΡΡ.

262 347 341 384 quae
379 337 457 372 ultra
504 335 687 372 memoriam
735 335 900 371 hominum
947 334 1007 371 sub

262 388 487 425 Saracenorum
522 385 646 421 detenta
683 392 757 420 sunt
781 392 945 432 potestate,
976 392 1006 420 et

261 437 300 473 de
330 434 556 472 munificientia
592 434 784 482 principum,
813 447 868 470 seu
902 441 1006 469 vestro

261 486 365 522 studio
384 493 415 519 et
440 484 556 526 labore,
577 492 629 519 aut
659 484 718 518 iam
756 483 882 519 obtenta
920 491 1005 527 sunt,

260 543 314 572 aut
339 535 369 569 in
393 534 532 570 futurum
556 533 724 569 auxiliante
746 533 883 569 Domino
915 541 1006 580 pote-

261 586 327 621 ritis
348 584 501 620 obtinere.
529 583 609 618 Cum
633 584 717 618 enim
736 583 828 618 unica
856 584 897 618 sit
919 582 1006 617 vobis

260 634 402 679 intentio,
428 642 458 669 et
479 633 647 678 singularis
674 645 745 668 cura
775 645 899 678 semper
939 632 1006 666 im-

260 685 387 725 mineat,
410 696 465 731 pro
481 682 663 718 defensione
685 682 845 717 christiani
868 682 1006 716 nominis

259 734 430 776 decertare„
450 746 507 768 nec
522 733 624 768 solum
647 744 707 776 res,
729 731 783 766 sed
807 739 837 767 et
855 743 1006 779 personas

259 785 343 831 ipsas
371 795 426 829 pro
460 783 601 817 tuitione·
622 782 750 816 fratrum
789 781 1006 817 incunctanter

259 844 430 881 exponere:
460 832 631 879 plurimum
667 838 772 876 posset
818 831 878 866 boc
919 830 1005 885 pium

259 895 339 929 opus
360 891 390 918 et
412 881 566 918 laud-thile
602 880 740 916 studium
780 880 942 937 impediri,
980 893 1004 914 si

261 932 382 968 labores
407 941 437 968 et
459 931 613 977 stipendia
637 939 748 971 vestra,
771 943 852 978 quae
875 930 904 964 in
925 942 1003 965 com-

261 995 355 1018 mune
378 982 559 1026 proliciunt,
582 980 838 1027 praeriperentur
870 980 909 1014 ab
924 979 1004 1014 aliis:

259 1039 290 1067 et
309 1031 400 1067 otiosi
423 1043 458 1066 ac
485 1030 623 1068 desides.
646 1038 740 1074 atque
773 1030 802 1064 in
844 1028 1004 1064 laboribus

258 1081 324 1117 suis
345 1093 408 1117 non
443 1093 522 1128 quae
561 1079 630 1115 Iesu
671 1078 800 1121 Christi„
835 1079 888 1114 sed
924 1090 1003 1127 quae

258 1143 312 1166 sua
350 1138 423 1165 sunt
456 1130 661 1178 requirentes
697 1129 908 1164 emolumenta
954 1129 1003 1163 illa

259 1180 469 1228 perciperent
496 1191 576 1227 quae
615 1191 671 1226 pro
709 1180 804 1214 tantis
842 1178 1003 1214 laboribus

260 1229 348 1265 vobis
379 1238 410 1264 et
439 1241 611 1276 pauperum
641 1228 757 1263 Christi
789 1227 898 1262 usibus
932 1237 1004 1262 sunt

261 1279 393 1321 provisa
415 1278 539 1314 dicente
567 1277 730 1323 Apostolo:
764 1277 825 1319 Qui
862 1290 923 1312 non
960 1278 1004 1312 la·

260 1329 348 1364 borat
368 1340 430 1363 non
458 1329 627 1362 manducet
650 1331 704 1371 (1).
733 1327 817 1362 Inter
843 1339 876 1361 oa
918 1339 1002 1367 sane,

259 1377 343 1425 quod
371 1378 402 1413 in
426 1377 632 1425 professionis
653 1384 773 1412 vestrae
799 1376 910 1411 ordine
941 1385 1004 1412 sta-

260 1435 363 1463 tutum
403 1436 449 1462 est
480 1427 650 1463 observari.
689 1426 825 1473 primum
860 1434 929 1464 est,
973 1435 1004 1460 ut

259 1477 318 1512 sub
345 1476 439 1511 unius
465 1476 606 1522 magistri
629 1474 818 1518 obedientia7
847 1475 877 1509 iu
918 1476 1002 1510 omni

259 1526 432 1562 bumilitate
459 1534 552 1572 atque
572 1525 739 1560 concordia
774 1525 842 1560 sine
877 1525 1003 1572 proprio

259 1577 363 1611 vivere
383 1575 533 1610 debeatis:
563 1575 685 1609 illorum
726 1574 864 1609 fidelium
904 1587 1002 1610 exem-

260 1626 346 1672 plum
373 1624 535 1668 habentes,
569 1624 623 1672 qui
659 1624 695 1658 ad
735 1624 827 1659 iidem
859 1624 1004 1659 christia-

260 1687 330 1710 nam
349 1674 562 1720 apostolorum
586 1673 816 1722 praedicatione
849 1675 1002 1715 conversi,

260 1723 436 1760 vendebant
458 1724 575 1764 omnia,
608 1731 639 1758 et
675 1722 832 1770 ponebant
867 1724 1001 1770 pretinm

258 1774 296 1810 ad
315 1773 410 1821 pedes
432 1773 570 1814 illorum,
592 1772 849 1819 dividebaturque
869 1774 1003 1820 singulis

258 1831 351 1871 prout
368 1823 482 1870 cuique
508 1835 588 1869 opus
609 1830 685 1866 erat
711 1834 768 1856 nec
800 1822 914 1869 aliquis
948 1836 1003 1858 eo-

259 1886 328 1908 rum
368 1885 448 1920 quae
485 1871 665 1919 possederat
700 1871 866 1927 quicquan]
907 1885 1000 1907 suum

258 1935 328 1958 esse
349 1921 483 1961 dicebat
510 1921 564 1956 sed
587 1928 675 1956 erant
697 1921 743 1955 eis
770 1921 874 1956 omnia
915 1934 1002 1957 com-

259 1971 375 2007 munia.
401 1970 449 2006 Ad
473 1970 707 2011 suscipiendam
728 1982 855 2017 quoque
883 1972 1001 2018 prolem

258 2033 338 2068 quae
359 2021 389 2055 in
413 2020 525 2055 timore
551 2019 677 2055 Domini
699 2020 864 2060 nutriatur,
886 2029 917 2055 et
954 2022 1002 2056 in-

258 2069 411 2106 firmitatis
431 2069 587 2104 humanae
607 2069 795 2113 remedium,
819 2070 900 2105 iuxta
918 2071 1003 2107 insti-

258 2120 408 2156 tutionem
430 2118 570 2157 Domini,
601 2126 631 2153 et
661 2118 885 2166 indulgentiam
920 2120 1003 2167 Apo-

257 2168 428 2217 stoli„qui
449 2168 502 2203 ait:
536 2168 663 2203 Bonum
702 2176 750 2204 est
781 2168 901 2204 homini
936 2183 1003 2206 mu-

257 2219 364 2255 lierem
387 2230 449 2254 non
465 2226 605 2264 tangere;
620 2225 747 2265 propter
760 2217 999 2255 fornicationem

257 2275 362 2304 autem
401 2268 621 2315 unusquisque
663 2279 792 2303 uxorem
826 2280 914 2303 suam
951 2270 1002 2305 ha-

257 2317 350 2359 beat,
383 2324 414 2353 et
451 2317 597 2352 similiter
634 2316 734 2351 virum
764 2316 1000 2360 muliersuum;

257 2367 310 2413 qui
332 2366 496 2403 continere
517 2365 691 2413 nequiverit
719 2366 903 2413 coniugium
932 2380 1002 2403 sor-

259 2417 364 2461 tiatur,
389 2423 422 2452 et
446 2423 549 2452 servet
575 2414 753 2450 inviolatam
780 2416 873 2452 fidem
898 2421 1001 2463 uxori

259 2473 289 2501 et
310 2478 390 2501 uxor
416 2466 492 2506 viro,
515 2477 575 2501 nec
595 2464 678 2500 thori
705 2464 877 2513 coniugalis
904 2469 1001 2502 conti-

260 2515 362 2551 nentia
380 2514 526 2550 violetur.
549 2514 583 2550 Si
606 2524 710 2550 autem
732 2515 788 2549 viri
809 2520 1000 2572 praemortui

259 2625 335 2650 nem
352 2622 560 2661 susceperunt
586 2612 705 2650 nubere
735 2613 913 2657 voluerint,
943 2615 1023 2651 de—

293 2673 370 2709 (112‘11
385 2674 475 2702 Thess.
494 2682 533 2706 ιιι,
553 2675 594 2702 10.

1674 267 1745 301 245

1047 334 1210 369 nuntietur
1232 334 1291 368 boc
1320 334 1468 378 magistro
1495 332 1560 368 sive
1588 330 1795 368 commenda-

1046 384 1118 425 tori,
1142 391 1175 418 ut
1196 395 1268 418 cum
1291 382 1375 418 illius
1396 382 1587 418 conscientia
1609 381 1659 416 cui
1682 380 1795 417 mulier

1046 434 1113 480 ipsa
1140 432 1206 467 vult
1229 431 1335 472 nubat,
1363 432 1538 467 secundum
1562 430 1689 466 verbum
1722 443 1794 478 apo-

1046 484 1117 520 stoli
1144 482 1232 517 Pauli
1260 481 1406 517 dicentis:
1438 481 1562 516 Mortuo
1593 481 1659 516 viro
1692 480 1791 516 soluta

1046 542 1093 569 est
1114 532 1228 569 mulier
1255 543 1269 565 a
1310 531 1379 578 lege
1413 531 1482 571 viri,
1517 531 1566 566 cui
1594 530 1660 565 vult
1697 529 1793 566 nubat

1047 590 1168 619 tantum
1191 581 1222 616 in
1246 580 1404 621 Domino;
1431 580 1515 626 quod
1543 580 1635 615 etiam
1657 579 1696 615 de
1718 581 1791 617 vitis

1047 633 1231 678 intelligitur
1274 630 1516 666 observandum.
1564 629 1635 665 Una
1675 630 1790 666 etenim

1047 683 1171 729 utrique
1192 681 1261 727 lege
1276 687 1433 714 tenentur.
1457 679 1631 715 Statuirnus
1653 691 1790 727 quoque,
1805 680 1988 732 ῠῄξθζὲἓίῃῐῇᾜῗ

1047 739 1080 767 ut
1102 732 1206 767 nullus
1235 730 1363 765 fratrum
1392 730 1458 764 sive
1483 740 1626 764 sororum
1650 738 1720 775 post
1742 742 1792 765 su·
1805 747 1845 766 ne
1848 745 1874 762 ι.
1964 727 1973 732 “

1046 782 1239 828 sceptionem
1267 779 1385 814 ordinis
1407 779 1513 821 vestri,
1543 786 1573 813 et
1604 780 1790 822 promissam

1046 831 1204 866 obedien
1197 843 1257 866 tam
1282 829 1327 863 vel
1343 828 1445 863 redire
1459 827 1496 863 ad
1511 827 1684 867 saeculum,
1699 829 1790 865 velal

1046 880 1142 916 alium
1166 880 1310 916 ordinem
1333 879 1403 914 sine
1427 877 1565 924 magistri
1591 877 1712 914 licebtia
1739 892 1794 914 au-

1046 930 1117 966 deat
1140 943 1174 966 se
1195 929 1375 966 transferre:
1398 940 1469 963 cum
1478 907 1592 963 Dsintin
1614 928 1724 963 ordine
1745 941 1792 964 ve·

1046 989 1110 1016 stro
1125 980 1192 1016 loca
1214 987 1326 1014 statuta
1361 978 1412 1013 ubi
1449 978 1582 1024 quisque
1619 978 1792 1013 districtius

1045 1030 1145 1065 valeat
1167 1029 1355 1064 conversari.
1380 1027 1604 1063 Discedentem
1633 1041 1706 1062 vero
1727 1029 1793 1063 nul-

1045 1079 1095 1114 lus
1137 1079 1249 1115 audeat
1284 1077 1430 1117 retinere,
1471 1076 1524 1111 sed
1572 1077 1609 1111 ad
1648 1078 1791 1113 ordinem

1045 1141 1137 1164 snum
1162 1141 1216 1174 per
1241 1139 1405 1164 censuram
1437 1126 1680 1162 ecclesiasticam
1698 1155 1706 1167 ,
1738 1128 1790 1175 qui

1045 1178 1224 1213 discesserit
1248 1177 1349 1213 redire
1370 1185 1512 1222 cogatur.
1544 1175 1584 1211 Ut
1621 1185 1724 1212 autem
1758 1178 1788 1211 in

1044 1228 1155 1263 ordine
1179 1235 1282 1263 vestro
1309 1239 1382 1262 cum
1405 1226 1513 1261 maiori
1541 1227 1645 1261 omnia
1667 1226 1790 1261 delibe-
1803 1228 1988 1280 „21⁹¹lumu'31n‘2}

1045 1278 1165 1313 ratione
1204 1284 1398 1315 tractentur
1435 1283 1586 1310 statutum
1624 1283 1670 1310 est
1708 1276 1858 1311 intermino
1891 1264 1986 1315 ‘lengen-

1046 1339 1110 1367 vos,
1139 1335 1174 1362 ut
1196 1327 1285 1362 locus
1306 1325 1419 1372 aliquis
1454 1325 1627 1364 ordinetur,
1666 1325 1695 1359 in
1726 1322 1850 1371 quodum
1869 1321 1973 1342 dmm

1046 1388 1100 1421 per
1120 1376 1264 1419 singulos
1289 1387 1388 1410 annos
1426 1374 1456 1409 in
1485 1374 1682 1410 solemnitate
1709 1374 1791 1410 Om-

1046 1425 1131 1460 nium
1153 1426 1340 1461 Sanctorum
1367 1424 1512 1471 generale
1539 1424 1711 1471 capitulum
1737 1433 1791 1461 te·-

1045 1483 1165 1510 neatur:
1189 1483 1220 1511 et
1241 1476 1281 1510 sit
1311 1474 1351 1509 ibi
1393 1473 1579 1509 clericorum
1617 1482 1791 1511 conventus

1045 1533 1074 1558 et
1101 1526 1198 1571 prior,
1221 1525 1274 1572 qui
1309 1537 1418 1560 eorum
1452 1531 1484 1559 et
1526 1524 1660 1559 aliorum
1696 1524 1791 1559 cleri-

1044 1586 1152 1609 corum
1175 1575 1228 1622 qui
1253 1574 1292 1609 dc
1314 1574 1422 1609 ordine
1449 1581 1551 1608 vestro
1573 1573 1706 1617 suerint,
1733 1586 1789 1609 cu-

1045 1636 1112 1658 ram
1134 1624 1233 1670 possit
1259 1623 1388 1666 habere,
1414 1635 1451 1658 ac
1472 1622 1616 1663 fratrum,
1643 1635 1715 1658 cum
1740 1637 1791 1659 ne-

1044 1686 1132 1709 cesse
1166 1674 1273 1713 fuerit,
1308 1672 1468 1719 provideat
1507 1673 1684 1708 animabus.
1720 1673 1789 1709 Sint

1044 1731 1146 1758 autem
1174 1732 1203 1759 et
1225 1723 1376 1758 tredecim
1400 1724 1430 1757 in
1458 1722 1568 1757 ordine
1587 1722 1708 1766 fraires,
1733 1724 1787 1771 qui

1044 1773 1193 1819 magistro
1210 1786 1282 1808 cum
1306 1785 1386 1818 opus
1409 1773 1532 1807 fuerit
1524 1786 1554 1807 in
1590 1773 1721 1808 consilio
1758 1782 1788 1808 et

1044 1822 1253 1879 dispositione
1279 1823 1393 1857 domus
1419 1822 1577 1866 assistant,
1599 1830 1630 1857 et
1649 1822 1786 1867 eligendi

1044 1872 1183 1916 magistri
1220 1885 1326 1908 curam
1369 1871 1504 1907 habeant
1540 1881 1786 1920 competentem

1043 1921 1133 1956 Prior
1153 1922 1309 1969 siquidem
1332 1921 1530 1963 clericorum,
1544 1934 1615 1957 cum
1640 1921 1874 1974 magistercffr‘ff:
1903 1922 1984 1974 οξὲξζιῑίζ

1043 1970 1082 2006 de
1126 1972 1184 2007 ltac
1216 1972 1286 2007 luce
1322 1971 1514 2017 migraverit
1554 1972 1593 2008 de
1629 1972 1724 2007 domo
1757 1981 1787 2008 et
1801 1989 1888 2011 praeses
1908 1984 1984 2005 detun-

1043 2019 1154 2056 ordine
1193 2021 1437 2056 sollicitudinem
1474 2031 1571 2067 gerat
1610 2022 1659 2057 cui
1703 2019 1834 2057 5ιι·ιιῑ0ιο
1849 2021 1880 2035 ¹¹¹
1884 2016 1955 2041 ²¹⁵“0

1042 2070 1191 2117 magistro
1212 2083 1323 2106 omnes
1341 2071 1528 2107 obedientes
1554 2071 1699 2112 existent,
1725 2072 1787 2107 do-

1043 2132 1102 2155 nec
1129 2132 1184 2167 per
1218 2121 1444 2165 providentiam
1477 2120 1626 2155 tredecim
1666 2122 1786 2167 praedi-

1042 2178 1164 2205 ctorum
1187 2170 1316 2205 fratrum
1339 2170 1478 2217 magistri
1502 2170 1617 2206 electio
1642 2170 1785 2207 celebre—

1042 2227 1103 2253 tur.
1126 2219 1155 2254 Is
1176 2231 1248 2255 curn
1271 2221 1420 2255 transitus
1440 2220 1579 2262 magistri
1607 2219 1701 2254 fuerit
1732 2233 1785 2255 au-

1041 2268 1126 2303 ditus
1158 2277 1189 2304 et
1210 2270 1368 2315 cognitus,
1397 2269 1543 2304 tredecim
1572 2269 1641 2304 illos
1676 2269 1784 2305 fratres

1042 2318 1110 2353 sine
1133 2318 1281 2353 dilatione
1307 2319 1408 2363 aliqua
1444 2317 1651 2353 convocabit:
1693 2327 1723 2353 et
1756 2321 1781 2355 si

1041 2367 1206 2414 quisquam
1234 2380 1341 2402 eorum
1364 2368 1555 2406 infirmitate,
1583 2366 1629 2401 vel
1651 2367 1709 2402 alia
1744 2381 1782 2404 ex

1042 2428 1134 2451 causa
1178 2416 1256 2451 infra
1302 2416 1529 2463 quinquaginta
1570 2415 1638 2451 dies
1670 2417 1782 2454 adesse

1020 2463 1230 2516 inequiverit‚
1271 2477 1343 2500 cum
1387 2465 1519 2500 aliorum
1558 2465 1691 2501 consilio
1728 2470 1781 2516 qui

1020 2522 1226 2572 ipraeseutes
1253 2514 1369 2550 fuerint
1402 2514 1500 2550 alium
1537 2514 1676 2551 absentis
1713 2516 1783 2553 loco

1020 2564 1227 2609 §constituet
1267 2572 1300 2599 ut
1339 2566 1478 2610 magistri
1511 2563 1624 2599 electio
1660 2576 1698 2600 ex
1731 2568 1782 2603 ali-

1041 2626 1176 2661 quorum
1202 2613 1341 2649 absentia
1364 2616 1494 2649 minime
1516 2613 1685 2650 differatur.
1735 2617 1782 2653 ΙΙΙὶ

1020 2665 1116 2701 {vero
1142 2663 1293 2699 tredecim
1329 2663 1451 2706 fratres,
1490 2664 1515 2699 si
1550 2666 1696 2712 magister
1728 2669 1782 2716 qui

1811 272 1904 302 Atre.
1921 273 1990 302 1-210
