2129 3223
151 259 199 286 An.
215 261 233 287 C
265 261 330 287 1199

174 2347 281 2369 Exordium

398 254 462 286 15⁸ss

926 267 1004 289 BUL
1012 267 1111 289 ᾸΚΙΥΜ
1139 267 1298 289 noxium!

345 320 440 364 partis
481 320 649 365 diligenter
692 321 817 362 auditis,
859 330 887 356 et
940 323 1086 377 cognitis,
1128 334 1240 369 corpus
1267 329 1311 356 cst
1355 322 1502 377 positum,
1536 321 1735 370 Apostolicae
1778 320 1870 356 Sedis

344 369 592 404 attestationibus
635 382 760 418 quoque
793 383 828 406 ac
869 372 1086 407 instrumentis
1128 371 1290 417 privilegio
1317 371 1562 412 communimus,
1589 379 1618 406 et
1639 370 1680 406 ob
1718 370 1818 418 ipsius
1853 383 1868 405 a

346 418 428 462 visis,
450 426 479 453 et
516 418 703 456 intellectis
734 420 839 456 habito
872 421 998 456 fratrum
1035 434 1086 456 no-

343 476 477 503 strorum
506 468 650 507 consilio,
681 470 719 505 de
753 471 912 505 communi
935 471 1087 506 delibera-

344 517 427 552 tione
450 517 662 559 decernimus
690 527 718 554 et
745 520 971 556 sententialiter
998 521 1086 555 deffi-

342 566 458 606 nimus
482 575 514 602 nt
536 567 701 604 Bracaren.
729 570 998 617 archiepiscopus
1040 570 1084 605 vel

341 615 483 651 Ecclesia
535 617 700 653 Bracaren.
737 619 919 655 nullatenus
953 629 999 664 te,
1036 620 1083 654 vel

341 665 513 701 Ecclesiam
537 666 781 714 Compostellan.
826 670 986 717 impediat,
1024 682 1085 717 qno

341 715 445 750 minus
467 716 498 751 in
521 716 687 762 praedictis
701 718 824 753 duobus
851 719 1085 766 episcopatibus

342 764 432 810 plene
458 777 493 800 ac
519 765 615 801 libere
639 766 886 803 iurisdictionem
920 778 1084 816 metropo-

341 813 454 849 liticam
478 814 580 851 valeas
617 828 772 852 exercere.
806 818 889 852 Nulli
928 831 1003 866 ergo
1031 827 1083 853 etc.

342 863 551 900 Deffinitionis
573 873 626 900 etc.

390 912 504 949 Datum
527 914 671 950 Lateran
694 924 781 951 sexto
804 929 901 952 nonas
924 917 1000 952 iulii.

381 970 482 1002 Datum
505 971 553 1002 die
578 972 588 1002 1
610 972 674 1003 iulii
695 972 780 1010 1199,
799 975 899 1013 pontis.
918 985 994 1005 anno
1014 985 1043 1006 ιι.

660 1126 774 1161 xxiv.

436 1201 676 1247 compostellana
705 1204 837 1239 Ecclesia
860 1207 987 1252 erigitur

515 1252 548 1284 in
569 1254 837 1298 metropolitanam
859 1258 915 1298 (l).

608 1326 820 1358 SUMMARIUM

339 1390 503 1422 Exordium.
535 1409 572 1414 -
610 1392 754 1423 Emeritae
786 1395 810 1424 si
846 1396 879 1424 ad
912 1402 1083 1435 potestatem

378 1436 606 1466 christianorum
625 1437 744 1467 redierit
759 1439 914 1478 episcopus
930 1442 1085 1472 restituen-

378 1480 442 1510 dus.
462 1497 499 1502 —
521 1480 711 1520 Episcopatus
729 1481 961 1521 Compostellano
980 1487 1086 1516 sutl'ra-

379 1525 472 1563 ganei.
489 1542 524 1548 —
537 1524 614 1555 Bona
631 1527 657 1556 ei
675 1527 887 1558 confirmantur
899 1534 926 1559 et
941 1530 1083 1560 redditus.

378 1586 417 1592 —
434 1569 580 1600 Bonorum
600 1571 790 1600 enumeratio.
809 1588 847 1594 --
862 1571 939 1602 Inter
957 1574 1023 1609 alia,
1039 1584 1084 1604 re-

379 1614 453 1652 galis
477 1614 637 1653 capellania
671 1620 698 1645 et
725 1616 898 1646 cancellaria
922 1628 1007 1657 quam
1031 1620 1082 1648 ΑΙ-

379 1659 510 1697 phonsus
532 1659 690 1699 hispaniae
707 1669 755 1690 rex
773 1662 919 1692 concessit
936 1663 1083 1694 Ecclesiae

379 1702 630 1742 Compostellanae
657 1710 681 1734 et
714 1714 766 1734 suo
794 1707 901 1745 scripto
930 1708 1082 1739 roboravit.

377 1765 416 1771 --
433 1748 639 1779 Monasterium
665 1750 692 1779 S.
713 1749 860 1780 Laurentii
880 1752 915 1781 de
936 1752 1083 1783 Carbona-

379 1793 422 1822 rio
438 1793 532 1823 eidem
559 1793 706 1823 Ecclesiae
722 1795 966 1834 iurispatronatus
978 1799 1083 1827 confir-

379 1842 483 1867 matur:
502 1854 540 1859 —
558 1837 615 1867 Nec
633 1847 690 1868 non
703 1844 805 1873 terrae,
828 1840 921 1877 villae,
939 1842 1082 1873 ecclesiae

379 1891 446 1912 cum
468 1882 583 1912 iuribus
606 1887 633 1912 et
665 1884 848 1922 pertinentiis
871 1885 899 1914 in
932 1887 1082 1917 nonnullis

378 1928 537 1967 episcopat.
561 1927 608 1958 hic
637 1927 827 1966 designantur
849 1934 877 1959 et
898 1930 991 1960 eidem
1015 1941 1083 1961 con-

379 1971 545 2009 firmantur;
562 1989 600 1994 —
617 1973 722 2002 Addito
741 1973 826 2003 etiam
851 1974 913 2004 iure
930 1976 1029 2013 regali.
1044 1994 1083 1999 —

377 2015 530 2047 Clausulae
553 2021 719 2048 consuetae.

338 2083 509 2114 Innocentius
526 2086 666 2121 episcopus
684 2091 779 2115 servus
798 2093 937 2116 servornm
955 2087 1014 2119 Dei,
1038 2088 1081 2116 Pe·

382 2135 428 2164 tro
442 2134 660 2171 compostellano
679 2135 876 2171 archiepiscopo
897 2137 1007 2172 eiusque
1023 2144 1080 2165 suc-

382 2184 534 2214 cessei-ibus
552 2185 676 2213 canonice
707 2185 908 2214 substituendis
937 2187 964 2214 in
987 2193 1079 2222 perpo-

383 2236 471 2264 tunm.

386 2297 419 2332 ln
443 2297 594 2333 eminenti
615 2297 812 2345 Apostolicae
836 2298 926 2334 Sedis
955 2299 1080 2346 specula

338 2347 523 2394 disponente
545 2347 682 2382 Domino
702 2348 876 2393 constituti,
897 2357 968 2387 etc,
990 2362 1081 2395 usque

338 2400 380 2431 nd
399 2400 520 2432 verbum
546 2398 658 2432 Assen.
693 2397 729 2432 ad
768 2398 926 2444 exemplar
949 2400 1081 2445 praede-

338 2459 513 2482 cesssorum
542 2455 720 2482 nostrorum
735 2447 834 2482 felicis
860 2448 978 2483 record.
1018 2447 1080 2484 Ca-

340 2496 417 2540 lixti,
440 2497 609 2536 Anastasii,
632 2496 801 2531 Alexandri
824 2504 854 2532 et
877 2497 964 2532 Lucii
987 2497 1077 2533 Rom.

339 2544 429 2579 Pont.
458 2545 704 2592 Compostellan.
728 2545 812 2581 Beati
840 2545 941 2581 Iacobi
970 2547 1079 2582 Eccle-

338 2595 427 2633 siam,
479 2596 567 2630 cuius
615 2595 643 2629 in
690 2607 727 2630 eo
779 2595 1078 2632 venerandissimum

373 2662 412 2693 (t)
429 2660 465 2686 Ex
487 2659 584 2691 Baiuz„
602 2660 685 2696 Epist.
707 2661 763 2688 ¹50.

1127 421 1193 455 Deo
1234 421 1325 456 electi
1359 420 1499 468 Apostoli
1536 420 1738 456 reverentiam
1773 419 1872 455 archi-

1127 471 1314 518 episcopalis
1351 470 1514 505 cathedrae
1544 470 1740 517 dignitatem,
1775 481 1867 517 quam

1126 520 1364 575 opulentissima
1405 520 1575 567 quondam,
1609 528 1638 555 et
1672 519 1780 554 famosi
1817 531 1869 553 no-

1128 582 1221 605 minis
1256 569 1433 604 Emeritana
1480 569 1600 613 civitas,
1647 569 1734 616 prius
1774 581 1866 617 qnam

1128 620 1261 666 peccatis
1301 619 1496 665 exigentibus
1530 618 1568 652 ab
1607 618 1700 666 impia
1743 618 1870 654 Sarace-

1128 681 1239 704 norum
1265 668 1426 716 tyrannide
1460 668 1683 723 possideretur,
1723 667 1870 703 habuisse

1127 719 1332 766 dignoscitur
1362 718 1533 765 praesentis
1555 717 1660 764 scripti
1689 717 1798 764 pagina
1839 717 1867 751 in

1128 776 1313 816 perpetuum
1341 768 1575 802 confirmamus
1602 766 1793 811 Statuentes,
1837 775 1869 800 nt

1127 817 1235 853 eadem
1277 817 1455 852 Emeritana
1490 817 1610 856 civitas
1645 816 1669 850 si
1706 816 1744 851 ad
1786 823 1871 863 pote-

1126 875 1235 903 statem
1268 867 1509 902 christianorum
1557 865 1694 901 Domino
1734 865 1869 900 donante

1126 917 1262 957 redierit
1285 918 1471 964 episcopum
1499 915 1619 950 habeat:
1649 915 1701 963 qui
1735 914 1872 962 Compo-

1126 967 1256 1002 stellano
1278 966 1514 1012 archiepiscopo
1536 966 1617 1000 sicut
1630 964 1919 1012 metropolitanodus

1127 1028 1185 1051 suo
1219 1015 1330 1051 debeat
1361 1024 1510 1062 perpetuo
1536 1015 1709 1050 subiacere.
1728 1013 1868 1049 Omnem

1126 1077 1251 1113 qnoque
1284 1065 1470 1120 pontificalis
1508 1064 1599 1099 officii
1628 1063 1868 1118 plenitudinem,

1126 1127 1221 1162 quam
1245 1115 1347 1162 ipsius
1367 1114 1568 1150 Emeritanae
1585 1113 1746 1149 Ecclesiae
1784 1113 1869 1148 anti-

1126 1165 1213 1199 stites
1246 1164 1419 1211 antiquitus
1458 1163 1633 1199 habuerunt
1666 1162 1869 1210 Compostel-

1127 1214 1215 1248 lanus
1242 1213 1365 1261 praesul
1392 1213 1554 1248 Ecclesiae
1587 1213 1704 1259 integre
1744 1224 1869 1260 semper

1128 1263 1276 1302 obtineat
1298 1271 1327 1297 et
1350 1264 1464 1310 quiete.
1488 1263 1681 1309 Suffraganei
1707 1274 1778 1297 vero
1804 1274 1868 1309 epi-

1127 1313 1214 1360 scopi
1261 1312 1431 1348 Emeritan.
1480 1291 1665 1360 metrop⁰oti
1707 1311 1761 1360 qui
1813 1324 1870 1359 per

1128 1362 1319 1397 Lusitaniam
1343 1361 1547 1408 provinciam,
1572 1361 1619 1396 vel
1648 1361 1742 1396 niodo
1777 1361 1868 1396 sedes

1128 1412 1266 1458 proprias
1293 1411 1446 1451 obtinent
1486 1411 1530 1446 vel
1570 1411 1601 1445 in
1633 1411 1771 1446 futurum
1813 1423 1868 1457 per

1126 1461 1251 1496 Domini
1274 1460 1520 1496 misericordiam
1554 1460 1771 1502 obtinuerint,
1807 1460 1868 1495 Sa-

1127 1511 1238 1545 laman.
1263 1510 1415 1554 videlicet,
1437 1510 1584 1551 Abulen
1608 1509 1766 1551 Caurien.,
1784 1508 1868 1544 Civi-

1127 1568 1234 1599 taten.,
1261 1559 1447 1599 Placentia,
1468 1559 1596 1603 Pacem,
1618 1559 1819 1598 Oxonoben,
1837 1567 1867 1594 et

1127 1617 1284 1656 praeterea
1302 1609 1469 1644 Lamecen.
1483 1617 1511 1644 et
1532 1608 1721 1655 Egitanien.,
1743 1621 1864 1643 necnon

1127 1658 1313 1693 Ulixbonen.
1338 1668 1368 1694 et
1389 1658 1550 1701 Elboren,
1583 1659 1664 1693 sicut
1699 1660 1729 1692 in
1752 1659 1867 1693 nostris

1125 1708 1290 1743 sententiis
1310 1708 1509 1743 continetur:
1533 1707 1790 1754 Compostellano
1815 1719 1866 1743 ar-

1124 1758 1343 1805 chiepiscopo,
1369 1758 1458 1792 cuius
1483 1758 1678 1792 consecratio
1708 1757 1746 1792 ad
1773 1757 1865 1792 Rom.

1125 1816 1247 1842 tantum
1274 1807 1446 1842 Ecclesiam
1488 1815 1617 1854 spectat,
1655 1806 1865 1842 obedientiam

1124 1865 1154 1892 et
1177 1857 1378 1892 reverentiam
1407 1865 1554 1903 tanquam
1594 1856 1721 1903 proprio
1754 1863 1867 1892 metro-

1125 1906 1262 1953 politano
1289 1918 1417 1954 prorsus
1441 1906 1618 1942 exhibeant.
1651 1906 1723 1953 Ipse
1759 1915 1864 1941 autem

1125 1956 1192 1990 illos
1213 1956 1429 1996 consecrandi,
1456 1955 1492 1991 ad
1524 1968 1579 1990 sua
1613 1955 1746 1991 concilia
1787 1968 1865 1992 con-

1125 2006 1265 2045 vocandi,
1298 2018 1369 2041 cum
1409 2006 1484 2052 ipsis
1508 2027 1509 2030 =
1530 2005 1621 2040 etiam
1653 2005 1863 2041 ecclesiastica

1124 2056 1253 2101 negocia
1277 2055 1475 2096 terminandi,
1504 2062 1535 2089 et
1560 2067 1668 2090 eorum
1707 2055 1864 2091 Ecclesias

1123 2105 1321 2151 disponendi,
1342 2105 1522 2140 auctoritate
1545 2104 1636 2140 Sedis
1665 2104 1864 2152 Apostolicae

1124 2154 1250 2189 liberam
1273 2155 1401 2189 omnino
1422 2154 1533 2190 habeat
1558 2154 1747 2190 facultatem.
1785 2154 1863 2189 Pro-

1124 2203 1269 2239 hibemns
1294 2211 1410 2242 autem,
1451 2213 1486 2239 ut
1522 2205 1598 2240 nulli
1638 2205 1860 2241 canonicorum

1122 2253 1264 2288 ciusdem
1287 2253 1443 2289 Ecclesiae
1465 2254 1550 2289 Beati
1585 2254 1699 2300 Iacchi,
1734 2256 1786 2302 qui
1822 2256 1859 2291 ad

1121 2302 1250 2337 aliarum
1274 2302 1483 2339 Ecclesiarum
1504 2305 1725 2352 praelationem
1743 2317 1862 2341 assum-

1123 2352 1163 2398 pti
1193 2360 1277 2392 sunt,
1311 2354 1355 2387 iel
1389 2354 1419 2388 in
1453 2362 1610 2401 posterum
1649 2363 1859 2410 assumentur,

1122 2402 1272 2436 honorem
1309 2402 1353 2437 iel
1386 2404 1606 2449 praebendam
1640 2415 1694 2438 seu
1735 2406 1860 2440 canoni

1121 2459 1222 2486 catum
1262 2451 1291 2485 in
1321 2452 1385 2499 ipsa
1422 2452 1559 2489 Ecclesia
1598 2454 1684 2489 liceat
1714 2456 1858 2499 retinere,

1121 2500 1173 2535 sed
1201 2501 1259 2535 alia
1282 2501 1390 2537 idonea
1420 2515 1550 2549 persona
1585 2503 1614 2538 in
1650 2504 1719 2539 loco
1759 2505 1858 2552 ipsius

1120 2550 1315 2596 subrogetur,
1338 2563 1417 2598 quae
1439 2553 1496 2599 ipsi
1517 2552 1676 2589 Ecclesiae
1690 2553 1856 2594 deserviat.

1120 2608 1150 2634 et
1173 2599 1313 2635 eiusdem
1353 2601 1538 2637 beneficium
1577 2602 1732 2638 sortiatur.
1765 2603 1855 2640 lllum

1119 2650 1212 2684 etiam
1235 2661 1377 2696 censum,
1399 2652 1452 2698 qui
1484 2659 1550 2687 vota
1586 2652 1722 2697 dicitur,
1761 2665 1854 2701 quem

1885 263 2063 292 ‚tiresum

1903 828 2006 850 Eunai-itae
2044 829 2061 850 si

1882 861 1906 881 ad
1934 863 2062 887 potestatem

1889 891 2051 913 christianornm

1882 923 1969 944 redierit
1980 924 2063 949 episco-

1882 960 1920 981 pus
1947 955 2064 975 restituen-

1902 1276 2039 1305 Episcopatus

1889 1308 2058 1335 Compostetlano

1908 1346 1923 1360 si
1925 1340 2041 1365 iffraganei.
