2129 3223
34 291 83 320 An.
99 290 126 316 c.
148 289 212 316 1198
827 287 1032 310 mocstwrit’s
1055 288 1089 309 m
1114 288 1151 309 ee
1633 277 1701 310 155

48 346 108 374 Σφὼ
123 347 150 366 ¹¹¹¹
171 352 212 366 ¹¹⁰¹·
228 346 331 381 beant.
362 343 499 379 Cervical
534 354 605 376 vero
637 341 674 376 ad
710 343 965 376 sustentationem
986 352 989 376 t
1009 341 1040 375 lu
1063 342 1252 386 civitatibus,
1283 343 1311 376 iu
1335 343 1426 383 villis,
1453 343 1517 378 sive
1538 342 1684 386 castellis,
1719 343 1750 376 in

1767 287 1815 312 ΛΠ.
1829 286 1857 311 C.
1878 286 1946 311 ttu's

1934 334 1943 349 t

56 738 84 760 l).
102 739 193 759 tetanus.

37 1379 39 1381 ¹
48 1386 76 1410 De
97 1388 160 1411 victu,

29 1420 157 1447 munerum
177 1424 215 1439 usu

28 1449 110 1470 =mlffi

34 377 116 399 amm.
227 394 338 442 capitis
374 391 590 439 permittantur
626 391 753 426 habere.
792 391 825 425 ln
861 392 968 439 cappis

227 445 353 479 fratrum
388 442 588 488 imponantur
621 441 719 487 signa.
763 439 869 487 Equos
906 453 969 474 non

226 491 412 534 ascendant,
440 502 498 525 nec
529 491 620 525 etiam
649 490 800 528 babeant,
827 490 881 524 sed
904 491 969 524 asi-

226 555 289 578 nos
309 549 428 576 tantum
456 540 546 575 liceat
567 540 757 579 ascendere,
780 539 885 576 datos.
922 540 966 573 vel

226 590 463 634 accomodatos,
491 589 537 624 vel
569 589 608 624 de
639 590 772 636 propriis
807 589 968 623 nutrituris

226 648 400 688 susceptos.
989 641 990 649 ¹

274 691 295 738 g
329 694 361 725 5.
396 689 510 724 Vinum
547 688 735 723 sumendum
767 701 783 723 a
824 659 991 722 l'ratriliusl

226 740 329 776 taliter
354 746 556 786 temperetur,
579 746 611 773 ut
632 737 735 772 sobrie
757 738 836 772 sumi
861 738 967 772 valeat.

227 789 370 826 leinnent
395 789 434 823 ab
461 788 564 824 idibus
594 787 792 834 septembris,
819 787 969 825 secunda,

226 846 347 887 quarta,
373 846 403 872 et
435 846 521 873 sexta
557 838 645 877 feria,
674 846 703 871 et
730 837 875 876 sabbato,
913 837 969 870 nisi

226 887 379 924 solemnis
399 887 550 923 festivitas
566 887 785 927 intervenerit,
810 898 910 934 usque
931 885 969 920 ad

227 937 362 977 Pascha;
392 937 438 972 sic
458 946 562 972 tamen
586 944 618 971 ut
640 937 678 971 ab
700 936 843 970 Adventu
873 947 971 983 usque

227 987 267 1023 ad
286 985 482 1022 Nativitatem
505 986 716 1025 Dominicam,
738 995 767 1020 et
781 998 796 1020 3
812 986 973 1032 Quinqua-

225 1037 342 1084 gesima
365 1048 463 1084 usque
486 1036 522 1070 ad
545 1036 678 1072 Pascha,
709 1036 847 1082 exeeptis
869 1035 972 1069 domi-

227 1086 305 1122 nicis
325 1085 457 1124 diebus,
489 1086 518 1120 in
546 1085 616 1120 cibo
638 1084 899 1132 quadragesimali
928 1086 973 1118 ie-

228 1137 348 1178 iunent,
369 1146 399 1170 et
421 1135 478 1170 alia
492 1135 634 1170 similiter
657 1135 782 1173 ieiunia,
801 1146 879 1181 quae
896 1146 973 1168 con-

226 1186 328 1221 suevit
358 1184 500 1220 Ecclesia
527 1184 695 1219 celebrare.
729 1183 837 1218 Potest
869 1192 971 1218 tamen

226 1234 417 1283 quandoque
439 1234 581 1269 minister
595 1234 745 1268 ieiunium
769 1245 840 1268 cum
861 1233 974 1267 discre-

227 1285 313 1320 tione
334 1286 471 1320 relaxare
493 1291 619 1331 propter
640 1291 784 1320 aetatem,
812 1283 857 1317 vel
881 1283 973 1325 viam,

227 1342 259 1369 et
282 1333 374 1369 aliam
398 1334 510 1368 iustam
527 1344 672 1371 causam,
696 1332 740 1366 vel
766 1331 912 1367 facultate
930 1331 975 1365 in-

191 1393 213 1407 st
229 1391 334 1430 specta
360 1383 452 1418 etiam
477 1389 688 1429 augmentare.
716 1380 873 1416 Carnibus
894 1380 974 1415 datis
994 1421 995 1434 ἵ

229 1433 267 1468 ab
284 1432 333 1468 his
348 1433 401 1479 qui
421 1432 497 1466 foris
517 1439 601 1470 sunt,
625 1432 669 1465 vel
693 1431 827 1478 sumptis
848 1430 886 1464 de
907 1442 975 1477 pro·
993 1435 995 1464 i

229 1483 307 1529 priis
333 1481 510 1522 nutrituris,
552 1481 631 1515 vesci
670 1480 761 1514 liceat
795 1487 912 1514 tantum
943 1468 996 1523 inl

228 1531 396 1567 dominicis
417 1531 528 1566 diebus
546 1543 562 1564 a
581 1530 699 1565 Pascha
723 1541 822 1576 usque
850 1528 888 1563 ad
907 1528 974 1563 Ad-

228 1589 355 1616 ventum
390 1580 529 1619 Domini,
562 1588 630 1614 eta
664 1579 765 1614 Natali
801 1591 900 1625 usque
935 1578 972 1613 ad

228 1630 515 1678 septuagesimam,
539 1636 570 1665 et
601 1629 630 1663 in
653 1628 817 1663 Nativitate
845 1635 877 1662 et
897 1627 975 1674 Epi-

229 1679 342 1727 phania
361 1678 500 1717 Domini,
519 1686 548 1714 et
570 1679 598 1713 iu
622 1679 817 1713 Ascensione
834 1676 974 1718 Domini,

228 1738 256 1764 et
284 1729 510 1776 Assumptione
543 1736 574 1762 et
604 1727 826 1763 purificatione
860 1726 975 1761 Beatae

229 1779 356 1817 Mariae,
379 1787 409 1813 et
432 1778 463 1812 in
487 1777 651 1812 festivitate
672 1776 824 1812 Omnium
842 1776 976 1811 Sancto-

230 1841 310 1864 rum.
338 1828 421 1862 Nibil
444 1835 549 1862 emant
570 1826 609 1862 ad
632 1827 760 1869 victum,
783 1834 906 1873 praeter
922 1838 975 1872 pa·

231 1890 315 1919 nem,
336 1886 365 1912 et
382 1876 589 1924 pulmentum,
607 1875 725 1910 scilicet
743 1875 841 1919 fabas,
860 1883 888 1910 et
908 1876 973 1921 pisa

231 1937 261 1962 et
287 1926 467 1962 huiusmodi
504 1927 680 1972 legumina,
715 1925 818 1963 olera;
851 1925 975 1969 oleum,

231 1988 300 2020 ova,
330 1976 387 2020 lac,
417 1987 542 2019 caseos,
565 1984 595 2010 et
620 1975 752 2010 fructus.
783 1974 846 2010 Sed
873 1986 975 2021 neque

230 2037 358 2065 carnes,
387 2037 490 2073 neque
518 2026 636 2071 pisces,
664 2025 729 2059 sive
758 2025 863 2059 vinum
885 2024 974 2058 liceat

230 2087 350 2114 emere,
377 2075 435 2110 nisi
457 2074 495 2109 ad
519 2074 736 2109 necessitatem
760 2074 974 2114 infirmorum,

231 2125 278 2160 vel
305 2125 514 2167 minutorum,
549 2125 596 2159 vel
633 2136 818 2171 pauperum,
854 2132 907 2159 aut
944 2123 974 2158 in

1008 390 1124 437 quibus
1159 392 1300 438 proprias
1334 391 1445 427 domos
1468 392 1645 430 habuerint.
1671 391 1750 426 nihil

1008 441 1137 475 omnino
1158 449 1241 475 extra
1270 441 1380 475 «tomos
1408 441 1485 480 illas,
1522 442 1578 476 nisi
1612 441 1690 476 sorte
1720 442 1750 475 in

1009 489 1102 524 domo
1125 489 1298 534 religionis,
1321 491 1440 524 etiamsi
1468 503 1483 525 3
1506 491 1616 538 quovis
1640 503 1752 537 rogen-

1010 549 1070 583 tur,
1084 541 1264 583 comedant,
1280 540 1326 573 vel
1343 539 1460 580 bibant,
1474 541 1532 574 nisi
1545 541 1620 575 forte
1629 553 1753 587 aquam,

988 634 990 637 Ι
1010 590 1039 623 in
1054 588 1204 623 domibus
1219 589 1375 629 honestis,
1398 601 1455 624 nec
1471 597 1654 636 pernoctare
1668 601 1753 635 prae-

1009 646 1135 673 sumant
1168 647 1252 674 extra
1290 639 1469 674 huiusmodi
1507 640 1628 674 domos.
1663 638 1754 673 Nun-

1010 701 1102 736 quam
1132 689 1162 723 in
1185 688 1323 724 tabernis
1346 689 1389 723 vel
1414 690 1443 723 in
1468 688 1648 723 huiusmodi
1678 688 1755 723 locis

1011 738 1184 773 inhonestis
1200 738 1350 779 habitent,
1373 738 1551 777 comedant,
1569 738 1616 772 vel
1634 737 1752 772 bibant.

1011 788 1072 830 Qui
1095 796 1199 822 autem
1225 789 1283 823 hoc
1306 788 1564 835 praesumpserit,
1593 788 1677 822 iuxta
1699 799 1756 822 ar-

1012 838 1138 872 bitrium
1163 838 1295 872 ministri
1311 839 1394 883 gravi
1413 837 1566 872 vindictae
1588 836 1755 872 subiaceat.

1060 888 1133 934 gli.
1171 886 1256 921 Talis
1295 889 1334 922 sit
1373 888 1485 922 caritas
1515 887 1597 922 inter
1630 886 1904 953 smne&·.„.}'1..l‘1¹2,³.‘.'ss''

1012 938 1142 972 clericos
1155 943 1183 970 et
1200 936 1307 973 laicos.
1331 946 1362 972 ut
1377 937 1488 972 eodem
1512 937 1609 980 victu,
1632 936 1757 976 vestitu,

1013 986 1214 1024 dormitorio,
1255 987 1419 1021 refectorio
1451 996 1481 1021 et
1514 986 1621 1021 eadem
1651 997 1758 1021 mensa

1013 1045 1149 1071 utantur.
1190 1035 1309 1071 Infirmi
1345 1048 1486 1071 seorsum
1519 1036 1695 1075 dormiant,
1729 1044 1756 1069 et

1014 1087 1194 1121 comedant:
1224 1086 1262 1121 ad
1290 1098 1425 1133 quorum
1453 1098 1559 1120 curam
1582 1084 1758 1119 habendam

1013 1148 1184 1170 conversus
1210 1136 1338 1182 aliquis,
1374 1136 1482 1175 laicus,
1515 1135 1579 1170 sive
1613 1134 1759 1175 clericus,

1014 1185 1195 1232 deputetur,
1229 1186 1281 1232 qui
1313 1197 1346 1219 ea
1370 1196 1450 1230 quae
1482 1183 1656 1219 necessaria
1689 1183 1761 1218 fue-

1016 1235 1088 1275 rint,
1111 1235 1247 1282 inquirat
1264 1243 1295 1268 et
1309 1234 1463 1269 ministret
1484 1234 1564 1268 sicut
1586 1233 1675 1268 fuerit
1699 1234 1760 1268 mi-

1015 1285 1222 1320 nistrandum.
1250 1284 1438 1319 Moneantur
1460 1291 1564 1318 tamen
1582 1282 1708 1323 infirmi,
1728 1293 1761 1318 ut

1015 1335 1095 1370 lauta
1119 1335 1183 1369 sive
1205 1334 1338 1368 nimium
1361 1341 1545 1380 sumptuosa
1567 1331 1680 1367 cibaria
1697 1345 1758 1368 non

1017 1385 1191 1430 requirant,
1231 1382 1395 1418 commoda
1434 1383 1540 1429 potius
1577 1389 1607 1416 et
1643 1382 1759 1417 salubri

1017 1434 1231 1469 moderatione
1258 1433 1406 1467 contenti.
1430 1432 1514 1468 Cura
1541 1432 1701 1478 hospitum
1730 1441 1761 1467 et

1016 1495 1208 1532 pauperum,
1235 1490 1266 1518 et
1289 1482 1430 1517 omnium
1453 1482 1595 1517 euntium
1618 1490 1648 1516 et
1670 1481 1762 1516 rede-

1017 1535 1138 1568 untium
1162 1532 1215 1567 uni
1238 1532 1276 1566 de
1298 1531 1537 1567 discretioribus
1551 1541 1581 1567 et
1600 1531 1762 1578 benignio-

1016 1584 1101 1618 ribus
1124 1581 1271 1617 fratribus
1286 1582 1480 1628 iniungatur,
1501 1582 1553 1629 qui
1576 1581 1760 1621 audiateos,

1016 1642 1047 1667 et
1068 1642 1101 1667 ut
1126 1632 1274 1679 expedire
1307 1631 1426 1671 viderit,
1453 1632 1589 1666 caritatis
1616 1631 1759 1666 solatium

1016 1682 1224 1717 administret.
1251 1680 1402 1727 Requirat
1425 1689 1526 1715 tamen
1550 1681 1664 1716 abillis
1682 1693 1762 1728 quos

1016 1732 1181 1766 crediderit
1203 1730 1424 1770 admittendos,
1451 1731 1476 1765 si
1499 1731 1544 1766 eis
1565 1742 1643 1778 quae
1665 1729 1762 1764 fratri-

1016 1781 1076 1816 bus
1102 1788 1305 1828 apponuntur
1326 1780 1422 1814 velint
1448 1792 1516 1815 esse
1537 1780 1689 1815 contenti.
1711 1779 1761 1814 Ad

1017 1831 1098 1866 lauta
1132 1830 1258 1877 quidem
1281 1837 1309 1864 et
1337 1837 1520 1876 sumptuosa
1548 1829 1662 1864 cibaria
1698 1841 1760 1864 non

1017 1888 1138 1927 oportet
1160 1891 1349 1926 quemquam
1384 1879 1517 1914 admitti.
1545 1879 1762 1925 Quaecunque

995 1938 1119 1968 ,tamen
1159 1927 1342 1976 praestanda
1377 1935 1468 1972 sunt,
1501 1941 1574 1964 curn
1608 1928 1761 1963 hilaritate

1017 1987 1224 2026 praestentur,
1251 1986 1281 2013 et
1303 1977 1377 2012 nulli
1406 1978 1606 2014 maledictum
1631 1989 1686 2024 pro
1701 1989 1762 2012 ma-

1018 2029 1132 2064 ledicto
1153 2027 1311 2063 reddatur.
1339 2027 1372 2061 Si
1395 2027 1478 2074 quis,
1505 2036 1535 2063 et
1556 2028 1691 2063 maxime
1710 2039 1760 2061 re-

1018 2078 1160 2123 ligiosus,
1190 2077 1227 2112 ad
1250 2077 1472 2123 hospitandum
1500 2077 1673 2120 advenerit,
1704 2076 1761 2111 be—

1017 2128 1112 2174 nigne
1133 2127 1332 2173 suscipiatur,
1355 2135 1386 2160 et
1399 2127 1557 2162 caritative
1572 2127 1653 2161 iuxta
1671 2138 1761 2173 posse

231 2174 352 2221 magnis
372 2173 634 2210 solemnitatibus.
661 2172 765 2208 Liceat
788 2181 892 2209 tamen
914 2187 976 2210 nu·
1016 2176 1130 2212 (lomus
1152 2176 1194 2210 illi
1221 2175 1486 2211 subministretur.
1518 2177 1622 2211 Avena
1656 2184 1759 2210 tamen

231 2224 358 2259 trituras
393 2235 511 2266 emere,
551 2231 582 2257 et
618 2224 746 2258 nutrire.
787 2223 867 2257 Cum
902 2236 975 2260 vero
994 2223 997 2237 ¹
1019 2226 1064 2261 vel
1096 2226 1179 2260 aliud
1213 2226 1242 2260 in
1265 2225 1334 2260 loco
1356 2237 1470 2260 avenae
1502 2224 1678 2272 hospitibus
1698 2236 1759 2258 non

233 2274 264 2307 in
286 2273 404 2308 itenere
426 2274 491 2307 sive
515 2273 766 2318 peregrinatione
788 2273 915 2316 suerint,
942 2274 977 2308 li·
994 2307 998 2322 f
1017 2275 1120 2312 detur.
1148 2276 1172 2310 si
1195 2275 1311 2310 fuerint
1333 2275 1363 2308 in
1391 2275 1524 2315 civitate,
1553 2275 1598 2309 vel
1627 2273 1759 2321 oppido,

232 2330 300 2358 ceat
319 2322 378 2368 eis,
401 2323 455 2358 sed
480 2334 582 2370 parce,
617 2322 722 2356 vinum
745 2335 849 2357 emere
875 2331 906 2357 et
928 2324 976 2371 pi·
994 2332 998 2371 ξ
1017 2325 1063 2359 vel
1086 2325 1138 2359 ubi
1155 2324 1272 2360 venalis
1295 2324 1485 2363 inveniatur,
1512 2324 1569 2358 nisi
1592 2323 1671 2358 sorte
1687 2321 1760 2357 reli-

233 2383 302 2407 sces
322 2372 356 2407 in
382 2371 644 2418 Quadragesima,
666 2372 692 2405 si
721 2383 848 2407 necesse
873 2373 975 2414 t'uerit,
994 2376 997 2421 ξ
1017 2375 1094 2420 giosi
1123 2374 1185 2409 sint
1211 2374 1365 2419 hospites,
1390 2373 1435 2407 vel
1459 2373 1545 2411 tales,
1567 2373 1619 2420 qui
1638 2372 1675 2407 ad
1694 2384 1761 2407 ma-

233 2430 262 2456 rt
287 2421 407 2468 siquid
433 2422 479 2456 eis
500 2421 605 2455 datum
629 2419 740 2460 fuerit,
767 2421 838 2456 iude
856 2418 975 2461 viva'nt,
995 2426 997 2449 ἒ
1017 2436 1092 2458 num
1116 2435 1177 2457 non
1202 2423 1345 2462 habeant,
1367 2421 1398 2455 et
1419 2435 1481 2456 non
1501 2433 1604 2457 emere
1627 2421 1758 2468 possint.

234 2478 265 2504 et
286 2470 450 2506 residuum
477 2471 506 2505 in
534 2479 596 2506 tres
617 2478 720 2517 partes
741 2470 890 2506 dividant.
914 2471 975 2506 Ta·
994 2463 997 2516 Ῑ
1016 2472 1049 2507 Si
1082 2480 1185 2507 autem
1212 2471 1354 2519 hospites
1379 2472 1517 2507 venalem
1545 2483 1607 2506 nou
1630 2471 1760 2506 invene-

235 2531 307 2555 mcu
334 2520 359 2555 si
391 2520 504 2555 suerint
535 2520 565 2555 in
595 2521 641 2554 via
669 2518 797 2567 profecti
825 2520 862 2555 ad
890 2521 976 2555 redi-
995 2517 997 2537 ¹
1018 2523 1094 2559 rint,
1134 2529 1164 2556 et
1198 2521 1226 2556 in
1269 2522 1363 2556 domo
1389 2534 1447 2568 qua
1481 2521 1617 2568 suscepti
1644 2520 1760 2556 suerint

236 2569 383 2604 mendum
411 2570 568 2617 captivos,
608 2568 760 2617 quicquid
794 2570 839 2604 eis
870 2570 974 2605 datum
994 2560 997 2597 l
1018 2571 1210 2615 inveniatur,
1246 2579 1455 2617 congruenter
1483 2571 1528 2605 eis
1563 2570 1777 2618 praebemus,

236 2617 341 2659 tuerit,
370 2626 471 2654 totum
497 2618 611 2654 debent
645 2629 761 2665 ponere
794 2619 825 2653 in
852 2600 1128 2663 redem-lNullus
1149 2622 1244 2655 frater
1273 2620 1371 2655 laicus
1410 2619 1455 2654 vel
1488 2620 1620 2656 clericus
1641 2621 1697 2661 sit,
1731 2621 1756 2655 si

237 2675 374 2714 ptionem
416 2668 609 2715 captivorum
653 2676 775 2715 praeter
811 2680 974 2716 expensas.
992 2667 999 2718 j
1017 2669 1081 2704 lieri
1107 2677 1218 2716 potest,
1246 2671 1313 2705 sine
1335 2670 1463 2717 proprio
1482 2669 1606 2710 officim
1642 2670 1666 2704 si
1685 2670 1758 2717 quis

57 2520 113 2546 qua!
122 2520 146 2540 alu
154 2521 179 2540 iis
189 2529 221 2541 εἰ·

48 2552 111 2571 vend·
125 2553 172 2572 sint.
