2129 3223
149 249 198 275 An.
213 249 241 275 C>
263 249 328 275 ttaa

399 239 463 272 150

344 303 462 338 Turon¹
487 302 650 337 Ecclesiae
679 313 710 335 m
738 300 850 335 Dolen.
882 300 932 335 ius
973 308 1091 335 metro-

345 353 481 400 policum
531 351 720 386 reservavit:
771 349 923 385 mandans
977 349 1089 385 Dolen.

345 401 494 450 capitulo,
522 409 554 435 ut
581 401 606 435 si
634 401 736 436 forsan
765 400 796 435 in
827 412 993 447 personam
1030 399 1093 434 ido-

346 464 435 487 neam
459 452 669 491 convenisset,
691 462 759 485 eam
786 449 905 485 Turon.
944 449 1091 495 archiepi

345 513 440 549 scopo
472 500 730 540 confirmandam,
767 507 798 534 et
835 499 1092 539 consecrandam,

345 552 370 586 si
394 550 582 586 electionem
611 550 720 585 factam
745 548 899 584 inveniret
929 549 1092 589 canonice,

347 607 575 648 praesentaret,
615 608 647 634 et
688 606 931 634 consecraturus
975 598 1002 633 ei
1042 597 1095 631 de-

347 651 442 686 bitam
465 649 678 685 obedientiam
701 657 732 683 ct
753 649 962 684 reverentiam
985 660 1095 682 secun-

346 700 421 735 dum
444 699 605 734 Ecclesiae
623 698 888 734 consuetudinem
917 697 1092 732 exhiberet,

347 750 523 794 Adliciens,
557 749 640 796 quod
677 748 702 783 si
745 761 799 795 per
840 748 960 794 legatos
1001 746 1096 782 Sedis

348 799 548 847 Apostolicae
577 811 687 834 eorum
722 805 806 833 esset
847 797 960 832 electio
987 796 1097 831 confir-

348 858 441 894 mata,
463 848 636 884 etelectus
674 848 768 883 etiam
803 854 1019 891 consecratus,
1053 845 1098 880 ni-

348 899 524 935 hilominus
563 898 600 933 ad
642 898 778 933 eundem
822 896 1095 944 archiepiscopum

349 956 489 989 vocatus,
524 947 701 986 accederet,
736 956 766 982 et
805 947 833 980 ei
883 945 1097 980 obedientiam

350 998 528 1034 exhiberet.
544 997 637 1039 Quod
660 998 684 1032 si
708 997 813 1032 forsan
836 995 875 1031 ab
897 1008 934 1030 eo
967 1002 1098 1030 vocatus

350 1049 387 1084 ad
411 1049 623 1095 praesentiam
647 1047 717 1081 eins
755 1046 833 1081 infra
870 1053 935 1079 tres
970 1056 1100 1079 menses

350 1097 503 1133 accedere
547 1109 609 1132 non
644 1103 792 1140 curaret,
824 1107 862 1129 ex
901 1102 978 1129 tunc
1016 1093 1099 1129 idem

351 1146 530 1183 Alexander
577 1147 681 1193 ipsum
734 1145 772 1180 ab
826 1143 1100 1179 administratione

352 1197 586 1245 temporalium,
608 1204 639 1231 et
660 1195 847 1231 executione
875 1193 982 1234 officii,
1016 1193 1100 1240 quod

354 1256 424 1295 post
445 1247 638 1281 electionem
662 1251 859 1292 susceperat,
874 1242 1101 1291 suspendebat,

353 1298 435 1332 sicut
458 1308 512 1344 per
526 1296 595 1331 eins
607 1294 787 1330 authentica
803 1293 902 1341 patuit
925 1292 1099 1327 manifeste.

353 1347 420 1382 Nec
442 1346 564 1390 nocuit,
586 1357 646 1380 nec
667 1356 784 1380 nocere
814 1344 914 1390 potuit
942 1341 1101 1377 Ecclesiae

354 1397 475 1432 Turon.
502 1394 587 1443 quod
611 1394 693 1429 idem
721 1393 812 1428 Alex.
844 1393 920 1427 forte
954 1392 985 1426 in
1024 1392 1103 1426 favo=

356 1459 422 1482 rem
450 1444 565 1480 Dolen.
591 1444 684 1479 electi
711 1443 817 1478 citavit
849 1450 966 1489 partes,
1008 1448 1104 1475 testes

357 1495 490 1543 recepit,
514 1504 544 1530 et
583 1494 653 1529 aliis
695 1492 894 1540 recipiendos
932 1491 1101 1526 commisit:

358 1558 430 1580 cum
463 1557 525 1579 non
575 1543 603 1578 in
647 1541 879 1590 praeiudicium
922 1540 1104 1576 alterutrius

359 1595 493 1644 partium
522 1594 550 1628 id
574 1592 769 1639 intelligatur
795 1591 922 1638 egisse,
961 1602 1105 1637 praeser-

359 1646 413 1680 tim
435 1656 507 1679 cum
544 1642 596 1677 tibi
632 1643 725 1677 etiam
768 1641 806 1676 ad
839 1641 958 1675 Turon.
996 1648 1104 1674 metro-

356 1691 455 1742 'polim
471 1701 611 1733 evocato,
632 1691 745 1727 Dolen.
782 1690 941 1726 dioecesis
976 1690 1005 1723 in
1041 1689 1107 1736 pnl-

359 1744 480 1780 satione
502 1754 740 1790 campanarum,
767 1748 798 1774 et
820 1749 986 1775 cansarum
1027 1738 1104 1773 dela-

361 1795 446 1829 tione
468 1791 629 1832 detulerit,
657 1799 686 1826 et
726 1789 822 1825 abbas
857 1789 963 1824 Sancti
997 1788 1106 1828 lacuti‚

361 1843 414 1892 qui
434 1850 482 1877 est
515 1842 554 1877 de
581 1840 694 1876 Dolen.
724 1840 839 1880 dioec„
872 1839 909 1874 ad
937 1838 1106 1873 concilium

360 1901 452 1928 tuum
474 1899 602 1927 vocatus
634 1890 816 1934 accesserit,
855 1897 886 1923 et
920 1887 975 1922 tibi
1016 1888 1107 1923 etiam

362 1941 522 1979 curaverit
559 1940 774 1976 obedientiam
821 1938 984 1973 exhibere.
1045 1937 1109 1972 Nos

362 2005 436 2039 ergo
458 1990 628 2038 diligenter
649 1989 773 2028 auditis,
799 2001 880 2035 quae
895 1988 1018 2022 fuerant
1036 1987 1110 2022 binc

364 2042 439 2078 inde
463 2040 635 2089 proposita,
658 2046 689 2073 et
717 2037 903 2077 rationibus,
936 2045 967 2070 et
1000 2036 1111 2083 allega-

365 2091 505 2127 tionibus
539 2090 673 2138 partium
711 2101 782 2123 cum
826 2086 1045 2122 instrumentis
1080 2093 1110 2120 et

926 245 1112 269 BULLARIUM
1140 244 1301 267 ROMANUM

1133 298 1280 334 fratribus
1302 297 1417 333 nostris
1438 297 1672 345 quaesivimus,
1706 295 1731 330 si
1764 294 1876 330 Dolen-

1133 348 1276 384 Ecclesia
1300 348 1359 382 iam
1382 347 1555 395 probasset,
1575 346 1620 381 vel
1644 344 1749 380 adhuc
1775 352 1878 392 posset

1133 398 1268 446 probare
1309 398 1434 436 dolum,
1484 408 1580 444 quem
1634 395 1793 442 praefatus
1838 392 1877 428 G.

1135 449 1246 483 Dolen.
1275 447 1457 495 archiepisc.
1481 447 1584 481 dictus
1606 453 1654 480 est
1668 444 1879 482 commisisse,

1136 510 1191 544 per
1217 510 1312 545 quem
1341 509 1411 544 pars
1438 496 1549 531 Dolen.
1572 494 1736 530 Ecclesiae
1763 506 1868 529 reman

1135 548 1214 582 sisse
1238 546 1397 594 proposita
1419 546 1519 581 fuerat
1541 545 1714 580 indefensa.
1744 543 1807 586 Qui
1834 555 1881 578 re-

1136 597 1273 643 spondit,
1295 596 1378 643 quod
1419 595 1511 630 dolus
1552 594 1602 630 ille
1641 607 1698 630 nec
1733 594 1880 641 probatus

1137 648 1248 686 fuerat,
1285 659 1341 681 nec
1390 653 1510 692 poterat
1553 644 1774 691 comprobari:
1807 656 1879 679 cum

1137 708 1230 743 saepe
1255 695 1359 731 dictus
1380 695 1434 733 G.,
1457 702 1486 729 et
1509 695 1651 742 quicum
1672 706 1709 729 eo
1732 701 1879 729 venerant

1138 748 1167 780 in
1194 745 1342 793 Apuliam
1361 753 1572 785 transeuntes,
1591 756 1752 791 nunquam
1776 750 1881 790 postea

1139 795 1316 830 remearint.
1345 795 1384 829 Et
1411 794 1554 841 quamvis
1580 807 1675 829 causa
1698 806 1760 828 non
1787 805 1884 841 super

1140 844 1340 893 proprietate,
1367 857 1463 891 super
1489 856 1551 891 qua
1567 856 1661 891 saepe
1687 843 1787 879 fuerat
1814 855 1884 878 sen-

1139 894 1304 930 tentialiter
1326 894 1508 937 diffinitum,
1529 893 1583 929 sed
1628 906 1725 941 super
1765 905 1882 939 posses·

1140 945 1228 979 sione
1272 952 1392 979 tantum
1428 943 1635 979 subiectionis
1668 951 1699 978 et
1733 943 1886 978 libertatis

1140 994 1308 1029 commissa
1331 994 1390 1028 sub
1425 1001 1508 1028 certa
1548 992 1647 1029 forma
1685 993 1808 1034 fuisset;
1847 991 1885 1027 ad

1140 1055 1265 1079 omnem
1310 1050 1414 1079 tamen
1454 1042 1653 1079 occasionem
1701 1041 1886 1086 tollendam,

1141 1093 1271 1128 liberam
1300 1093 1346 1127 eis
1373 1092 1592 1136 concessimus
1624 1092 1817 1136 facultatem,
1853 1099 1888 1126 ut

1142 1156 1180 1177 ex
1208 1143 1268 1187 liis,
1290 1155 1369 1190 quae
1392 1151 1458 1178 acta
1498 1142 1631 1183 fuerant,
1671 1142 1775 1177 adhuc
1805 1153 1886 1176 sum*

1143 1193 1248 1228 matim
1272 1192 1311 1227 de
1334 1192 1524 1239 proprietate
1539 1200 1737 1239 proponeret,
1759 1191 1887 1239 siquod

1144 1250 1248 1289 posset
1286 1241 1511 1277 rationabiliter
1542 1241 1685 1288 allegare.
1719 1240 1889 1277 Audientia

1143 1304 1218 1338 ergo
1244 1290 1302 1326 sibi
1327 1299 1454 1338 propter
1489 1291 1550 1326 hoc
1579 1290 1702 1338 publica
1728 1291 1758 1325 in
1790 1291 1888 1326 cousi·

1143 1342 1240 1376 storio
1263 1340 1311 1375 bis
1333 1340 1467 1385 indulta,
1482 1340 1555 1388 quia
1573 1349 1695 1388 praeter
1718 1342 1890 1388 praemissa

1145 1391 1221 1425 nibil
1240 1390 1278 1424 ad
1312 1390 1515 1426 commodum
1550 1391 1648 1437 partis
1685 1402 1761 1426 suae
1790 1391 1891 1438 potuit

1144 1439 1281 1487 allegari:
1309 1452 1382 1475 cum
1413 1442 1503 1487 quasi
1537 1448 1770 1487 praenosceret,
1804 1441 1890 1488 quod

1145 1489 1237 1524 debet
1274 1489 1304 1523 in
1351 1502 1444 1525 causa
1481 1489 1702 1530 succumbere,
1744 1489 1889 1526 electioni

1147 1539 1332 1573 renunciare
1357 1540 1454 1574 voluit
1475 1539 1506 1574 in
1528 1538 1675 1574 manibus
1700 1540 1826 1581 nostris,
1861 1547 1893 1575 et

1146 1601 1162 1623 a
1185 1590 1354 1623 commissa
1380 1589 1437 1624 sibi
1461 1596 1491 1624 et
1513 1589 1608 1624 sociis
1629 1590 1695 1624 suis
1726 1601 1742 1624 a
1776 1589 1891 1625 Dolen.

1147 1637 1286 1685 capitulo
1325 1650 1422 1685 super
1458 1637 1568 1674 eadem
1606 1650 1699 1674 causa
1741 1651 1894 1686 procura-

1148 1688 1232 1722 tione
1254 1699 1388 1722 cessare.
1420 1688 1485 1723 Nos
1509 1696 1612 1723 autem
1655 1688 1799 1724 nolentes
1828 1688 1894 1724 ho·-

1149 1738 1270 1772 minum
1293 1737 1419 1772 malitiis
1441 1738 1616 1785 indulgere,
1643 1750 1700 1773 nec
1733 1739 1895 1774 renuncia-

1149 1788 1266 1822 tionem
1294 1788 1483 1834 recepimus,
1507 1800 1567 1823 nec
1591 1789 1674 1834 passi
1696 1787 1825 1830 suimus,
1861 1796 1895 1823 ut

1149 1850 1165 1872 a
1181 1837 1352 1872 commisso
1374 1837 1443 1878 sibi,
1467 1845 1496 1872 et
1528 1839 1625 1873 sociis
1655 1839 1721 1873 suis
1745 1850 1760 1873 a
1778 1837 1894 1873 Dolen.

1150 1886 1291 1921 Ecclesia
1313 1899 1408 1933 super
1429 1887 1539 1922 eadem
1567 1900 1661 1923 causa
1684 1888 1897 1936 procuratoris

1150 1936 1253 1971 officio
1276 1936 1426 1971 resileret.
1450 1936 1522 1984 Ipso
1565 1938 1659 1984 igitur
1694 1937 1771 1973 nihil
1809 1937 1895 1985 quod

1150 1986 1188 2021 ad
1227 1998 1353 2020 causam
1400 1998 1489 2021 suam
1532 1987 1646 2023 faceret
1694 1987 1895 2035 postmodum

1152 2042 1360 2082 proponente,
1393 2048 1465 2070 cum
1500 2036 1603 2083 ipsum
1642 2038 1809 2084 negocium
1843 2037 1895 2072 diu

1152 2085 1279 2132 quidem
1303 2097 1374 2119 cum
1420 2085 1516 2120 multa
1553 2086 1715 2133 diligentia
1759 2099 1828 2127 nos,
1867 2095 1898 2122 et

365 2140 617 2177 attestationibus
652 2138 844 2173 sufficienter
877 2137 1037 2184 inspectis,
1072 2135 1110 2170 de
1131 2162 1133 2183 k
1154 2135 1262 2169 fratres
1278 2135 1374 2169 nostri
1394 2135 1660 2172 sufficientissime
1674 2137 1898 2181 discussimus,

366 2192 494 2227 fratrum
522 2197 713 2227 nostrorum,
738 2195 767 2222 et
804 2194 864 2221 tam
897 2186 1111 2233 archiepisco·
1131 2186 1133 2232 l
1155 2184 1336 2231 praemissis
1358 2192 1388 2218 et
1414 2185 1482 2220 aliis
1510 2185 1619 2221 multis
1641 2186 1813 2222 rationibus
1842 2198 1897 2234 per

369 2253 491 2288 porum,
519 2252 612 2287 quam
647 2238 869 2285 episcoporum
897 2236 1112 2278 existentium,
1132 2252 1135 2310 ἱ
1155 2234 1285 2268 idoneos
1303 2234 1483 2280 advocatos,
1498 2235 1536 2270 ab
1558 2243 1690 2283 utraque
1713 2244 1798 2284 parte
1827 2248 1900 2283 pru-

368 2291 451 2338 apud
479 2289 690 2336 Apostolicam
713 2287 830 2322 Sedem
870 2286 1014 2328 consilio,
1056 2283 1264 2331 pe—‚denter
1286 2283 1442 2319 inductis:
1483 2297 1562 2333 quas
1604 2294 1731 2333 propter
1769 2285 1900 2332 prolixi-

370 2341 512 2375 titionem
554 2338 668 2373 Dolen.
718 2336 878 2371 Ecclesiae
936 2334 1112 2370 interlocuti
1133 2333 1135 2342 '
1156 2340 1248 2368 tatem
1275 2335 1467 2381 superfluam
1488 2336 1517 2369 in
1537 2334 1595 2370 hac
1618 2336 1727 2382 pagina
1765 2343 1901 2381 praeter-

370 2401 482 2425 aumus
510 2401 572 2423 non
607 2400 679 2422 esse
713 2387 911 2434 aliquatenus
951 2384 1114 2419 admitten-
1133 2356 1135 2410 l
1157 2383 1304 2417 misimus
1321 2392 1481 2419 annotare:
1504 2384 1543 2419 de
1578 2384 1737 2419 communi
1769 2384 1899 2420 fratrum

371 2440 452 2474 dam:
485 2450 558 2473 cnm
599 2437 747 2484 probatus
781 2447 842 2470 non
878 2442 962 2470 esset
998 2413 1335 2492 Doleii.lriostroru1n
1357 2434 1502 2479 consilio,
1523 2433 1705 2469 auctoritate
1731 2433 1790 2468 Dei
1828 2434 1901 2469 Om-

374 2487 546 2523 tier-tesiam
575 2487 606 2521 in
629 2485 779 2521 libertatis
815 2485 1025 2532 possessione,
1059 2482 1114 2517 sed
1157 2482 1338 2529 nipotentis,
1353 2492 1383 2519 et
1395 2483 1556 2519 beatorum
1580 2484 1791 2530 apostolorum
1816 2483 1901 2519 Petri

373 2538 532 2572 ‘l'nronerr
569 2537 676 2584 potius
716 2535 745 2569 in
782 2534 989 2569 subiectionis
1016 2534 1116 2581 ipsius
1158 2540 1187 2566 et
1213 2531 1313 2573 Pauli,
1335 2541 1366 2567 et
1387 2541 1490 2568 nostra
1529 2540 1660 2579 utraque
1698 2542 1784 2580 parte
1818 2546 1902 2581 prae-

375 2586 573 2633 possessione
596 2598 736 2621 manere.
771 2584 819 2619 Ad
852 2583 1256 2642 abundantiorem‘sente
1305 2583 1479 2629 praedictas
1522 2582 1802 2630 praedecessorum
1851 2596 1900 2619 no-

372 2644 478 2676 autem
502 2635 654 2670 cautelam
678 2635 717 2670 ab
739 2634 849 2670 eodem
878 2632 979 2668 electo
1012 2644 1116 2668 coram
1135 2647 1139 2672 ¹.
1158 2642 1293 2667 stroruni
1335 2633 1504 2668 sententias
1539 2632 1769 2674 confirmantes,
1797 2634 1903 2668 decer-

1893 238 1943 266 An.
1961 236 1989 265 C.
2004 236 2072 264 1¹99
