2129 3223
47 237 96 266 ΑΒ.
114 238 144 265 C.
160 239 227 265 129⁴

37 933 122 959 mnium
135 942 218 964 quoquc

37 968 209 995 achiepiscope.

31 2069 33 2071 ’
54 2072 77 2095 Bt
87 2075 172 2101 antiqua
181 2073 224 2100 pri-

40 2104 124 2131 vllem·-

874 236 1038 261 HONORIUS
1059 237 1096 260 nl
1122 237 1169 263 Pr,

242 299 400 328 scmurate
427 305 498 328 cum
527 293 685 336 curtibus,
717 292 935 327 iurisdictione
957 300 986 327 et

242 341 438 388 pertinentiis
458 342 535 385 suis,
562 350 592 377 et
613 342 795 376 comitatum
818 342 987 388 Argentae,

241 390 321 426 idest
342 390 441 438 ipsam
469 391 638 438 Argentam
666 404 738 426 cum
768 390 866 429 Pado,
899 391 986 438 ripis,

241 439 410 487 paludibus
436 448 468 476 et
494 441 636 487 piscariis
664 441 746 479 suis,
774 441 896 484 stratis,
918 440 986 484 viis,

241 489 377 536 pascuis,
395 489 502 537 sylvis.
526 497 558 524 et
584 489 768 537 publicariis
783 489 935 523 universis
956 498 987 524 ct

239 550 310 573 cum
333 537 455 585 integro
476 539 626 574 comitatu
650 538 817 585 Argentae,
841 538 987 573 videlicet

240 587 341 622 villam
364 587 478 622 Portus
500 595 531 623 et
557 595 657 623 totum
683 588 883 634 plebanatum
903 587 984 627 eius,

237 636 356 671 scilicet
371 636 475 682 Caput
497 636 653 674 Sandalis.
677 636 853 673 Grasalum,
870 635 983 683 Ripam

238 685 372 724 Persici,
400 686 658 733 Vergundinum,
692 686 820 721 Portum
848 685 985 720 Vetera-

237 735 311 774 riae,
332 734 524 775 Sandalum,
550 735 730 779 Materium,
756 734 919 770 Cavallum
955 743 985 770 et

235 792 355 819 curtem
382 785 422 821 de
443 784 544 820 Podio
571 797 641 819 cum
667 785 790 831 placito,
818 784 983 824 districtu,

235 842 266 869 et
293 834 379 868 omni
410 834 627 869 iurisdictione
660 847 674 868 a
698 834 853 881 principio
884 834 984 868 comi-

235 890 316 918 tatus
348 883 506 930 Argentae
535 897 636 930 usque
664 883 857 918 Ravennam.
883 882 981 918 Usum

233 944 360 980 quoque
378 933 483 980 pallei,
501 933 729 979 plenitudinem
746 933 889 967 videlicet
905 944 981 979 pon-

233 981 356 1016 tificalis
371 981 463 1017 officii
485 989 556 1017 tuae
579 981 763 1017 fraternitati
783 982 983 1028 Apostolicae

231 1030 325 1066 Sedis
347 1030 531 1066 liberalitate
550 1032 711 1078 largimur,
733 1043 796 1077 quo
820 1031 898 1065 infra
920 1030 983 1065 Ec-

231 1079 360 1115 clesiam
388 1088 472 1115 tuam
505 1081 605 1115 utaris
626 1080 740 1115 diebus
766 1079 898 1114 inferius
925 1092 982 1114 an-

232 1129 365 1172 notatis,
399 1130 546 1164 videlicet
573 1130 603 1164 in
634 1128 798 1164 Nativitate
827 1129 981 1167 Domini,

232 1177 397 1214 festivitate
428 1178 689 1226 prothomartyris
715 1177 887 1225 Stephani,
910 1176 982 1212 Cir-

230 1228 426 1263 cumcisione
439 1228 582 1270 Domini,
600 1227 799 1275 Epyphania,
813 1226 980 1274 Ypapanti,

231 1275 388 1312 dominica
424 1278 453 1311 in
488 1277 598 1312 Ramis
634 1276 836 1315 palmarum,
872 1276 980 1311 Coena

230 1325 373 1370 Domini,
399 1325 559 1361 Sabbatho
581 1325 709 1366 Sancto,
738 1325 815 1360 seria
843 1325 980 1360 secunda

232 1383 301 1421 post
333 1375 471 1415 Pascha,
500 1376 712 1415 Ascensione,
745 1374 954 1410 Pentecosten
973 1402 980 1411 ,

231 1424 332 1460 tribus
353 1424 575 1460 festivitatibus
596 1424 707 1459 Beatae
727 1423 852 1461 Mariae,
879 1423 979 1458 Natali

231 1473 324 1509 Beati
354 1473 481 1509 Ioannis
513 1473 693 1521 Baptistae,
730 1472 981 1507 solemnitatibus

230 1523 372 1558 omnium
407 1523 646 1570 apostolorum,
681 1522 981 1557 commemoratione

231 1572 373 1608 omnium
407 1571 609 1613 Sanctorum,
638 1571 892 1607 dedicationibus
918 1570 982 1605 Ec-

231 1621 422 1666 clesiarum,
462 1622 675 1657 anniversario
710 1629 780 1656 tuae
814 1632 981 1656 consecra-

231 1671 327 1706 tionis
351 1671 420 1711 die,
453 1671 616 1706 Ecclesiae
649 1680 722 1706 tuae
756 1669 983 1717 principalibus

232 1720 468 1760 festivitatibus,
495 1719 787 1756 consecrationibus
808 1720 982 1766 episcopo-

233 1781 304 1805 rum
339 1778 370 1805 et
404 1769 658 1805 ordinationibus
694 1769 894 1804 clericorum.
933 1768 981 1802 Ad

233 1819 311 1855 haec
344 1818 528 1854 adiicientes
561 1819 676 1854 arctius
711 1817 909 1860 inhibemus,
945 1829 982 1852 ne

233 1868 306 1916 quis
334 1868 489 1903 cimiteria
519 1868 734 1903 Ecclesiarum
769 1876 799 1902 et
832 1867 984 1902 ecclesia-

234 1918 310 1953 stica
325 1916 477 1952 beneficia
498 1917 709 1952 haereditario
728 1917 794 1952 iure
814 1916 983 1964 possideat,

235 1966 319 2015 quod
342 1967 368 2001 si
394 1966 469 2013 quis
490 1967 592 2001 facere
612 1966 691 2002 forte
720 1966 982 2014 praesumpserit,

235 2028 370 2053 censura
393 2016 543 2051 canoniea
565 2025 794 2063 compescatur.
819 2015 983 2050 Praeterea

236 2065 322 2114 quod
350 2066 510 2102 communi
533 2077 661 2100 assensu
689 2064 816 2112 capituli
844 2065 908 2104 tui,
936 2065 983 2098 vel

239 2115 335 2163 partis
369 2114 492 2150 consilii
526 2115 660 2149 sanioris
695 2115 724 2148 in
758 2122 809 2148 tua
845 2113 983 2148 dioecesi

237 2177 293 2212 per
314 2173 356 2205 te,
384 2164 430 2198 vel
452 2175 653 2199 successores
679 2171 751 2198 tuos
779 2163 872 2197 fuerit
893 2175 985 2197 cano·

238 2214 308 2250 uice
337 2214 533 2252 institutum,
562 2221 663 2248 ratum
690 2221 720 2247 et
748 2213 872 2247 lirinum
897 2212 985 2247 volu-

237 2276 310 2300 mus
331 2274 526 2311 permanere.
554 2261 764 2297 prohibemus
786 2262 926 2308 insuper,
947 2273 985 2295 ue

237 2313 545 2350 excommunicatos,
568 2311 615 2346 vel
649 2311 829 2345 interdictos
856 2319 926 2345 tuos
948 2310 985 2344 ad

239 2361 396 2401 officium,
424 2360 473 2396 vel
500 2361 756 2396 communionem
785 2360 986 2395 ecclesiasti—

240 2423 308 2448 cam
341 2411 410 2446 sine
443 2409 635 2446 couscientia
667 2416 695 2443 et
727 2421 882 2444 consensu
933 2417 987 2442 tuo

241 2461 408 2510 quisquam
426 2459 580 2499 admittat,
599 2467 654 2493 aut
675 2466 781 2492 contra
797 2457 987 2493 sententiam

241 2518 328 2546 tuam
358 2509 509 2545 canonice
531 2507 759 2556 promulgatam
791 2507 907 2554 aliquis
933 2519 988 2542 vc-

1658 223 1728 257 405

1029 299 1114 326 tuam
1147 291 1262 326 habere
1284 291 1498 337 nequiverint,
1526 301 1580 336 per
1606 287 1702 323 alium
1724 298 1776 322 se·-

1028 341 1167 376 cundum
1202 340 1332 375 formam
1370 339 1540 381 Ecclesiae,
1565 336 1776 373 satisfactione

1031 391 1212 437 praemissa,
1235 396 1376 435 oporteat
1403 388 1534 435 ligatum
1556 387 1687 422 absolvi.
1713 385 1776 421 Sa-

1027 452 1152 475 crorum
1195 449 1324 486 quoque
1358 449 1515 472 canonum
1556 435 1774 471 auctoritatem

1027 496 1209 536 sequentes,
1230 488 1408 530 statuimus,
1436 494 1468 521 ut
1491 486 1597 521 nullus
1619 484 1775 532 archiepi-

1027 550 1144 585 scopus
1179 537 1227 572 vel
1259 537 1430 584 episcopus
1466 535 1585 583 absque
1618 542 1690 574 tuo,
1726 533 1773 568 vel

1026 599 1246 623 successorum
1276 593 1402 620 tuorum
1436 596 1565 620 assensu
1600 591 1775 618 conventus

1026 636 1195 676 celebrare,
1223 647 1333 670 causas
1359 635 1469 677 etiam,
1492 633 1538 668 vel
1565 632 1773 667 ecclesiastica

1027 687 1152 733 negotia
1192 685 1221 719 in
1258 683 1476 718 Ravennaten.
1515 681 1675 724 dioecesi,
1713 680 1772 715 nisi

1026 747 1081 781 per
1110 734 1288 770 Romanum
1316 732 1526 772 Pontificem,
1553 730 1601 765 vel
1628 731 1696 766 eius
1722 729 1774 764 le-

1024 792 1132 831 gatum
1164 784 1260 818 suerit
1286 782 1388 817 eidem
1418 782 1615 823 iniunctum,
1643 787 1773 814 tractare

1026 841 1213 879 praesumat.
1241 832 1328 867 Illam
1356 842 1485 878 quoquc
1506 830 1667 864 abusivam
1695 840 1773 863 con-

1024 883 1247 921 suetudinem,
1288 880 1335 916 vel
1368 883 1472 926 potius
1506 877 1772 914 abhominabilem

1023 933 1250 979 corruptelam,
1272 943 1334 977 qua
1361 930 1445 964 cives
1473 928 1692 970 Ravennates,
1720 938 1774 961 ar-

1023 981 1227 1027 chiepiscopo
1248 979 1437 1022 decedente,
1460 978 1542 1013 bona
1565 975 1694 1012 mobilia
1715 988 1774 1011 ar-

1023 1030 1281 1077 chiepiscopatus
1303 1037 1463 1075 tamquam
1481 1027 1519 1062 ad
1542 1039 1597 1062 eos
1621 1029 1688 1060 iure
1706 1037 1773 1060 suc-

1022 1081 1173 1114 cessionis
1196 1079 1385 1126 pertineant,
1402 1078 1526 1122 rapiunt
1547 1084 1578 1110 et
1600 1082 1773 1121 asportant,

1023 1128 1203 1163 inhibentes
1236 1129 1336 1162 electo
1369 1138 1407 1161 ne
1437 1125 1632 1171 ingrediatur
1663 1123 1774 1158 archi-

1022 1178 1202 1224 episcopale
1234 1176 1401 1223 palatium,
1429 1175 1485 1209 nisi
1515 1175 1602 1220 prius
1628 1173 1710 1207 iuret
1739 1184 1773 1207 se

1023 1227 1147 1261 illorum
1174 1225 1424 1261 consuetudines
1453 1233 1663 1265 servaturum,
1689 1222 1774 1269 peni-

1023 1284 1073 1310 tus
1094 1275 1258 1310 abolemus
1284 1274 1345 1308 sub
1367 1274 1619 1308 interminatione
1641 1270 1774 1306 anathe-

1024 1325 1114 1359 matis
1151 1323 1356 1371 prohibentes
1394 1334 1434 1356 ne
1469 1322 1541 1356 talia
1575 1323 1615 1356 de
1649 1327 1773 1355 caetero

1023 1382 1223 1409 attententur.
1246 1373 1345 1407 Porro
1371 1371 1655 1409 consuetudinem,
1677 1381 1772 1417 quam

1024 1424 1054 1457 in
1085 1422 1235 1470 portanda
1271 1433 1364 1456 cruce
1398 1428 1428 1455 et
1453 1419 1665 1454 tintinnabulo
1700 1430 1772 1452 cum

1024 1470 1321 1520 praedecessoribus
1345 1470 1406 1505 tuis
1426 1482 1526 1517 usque
1544 1469 1581 1504 ad
1602 1469 1679 1503 haec
1697 1476 1775 1503 tein-

1024 1534 1097 1568 pora
1126 1521 1305 1564 servavisti,
1334 1519 1479 1554 videlicet
1507 1528 1539 1554 ut
1573 1529 1774 1565 quocumque

1023 1572 1153 1610 iveritis,
1181 1577 1308 1616 excepta
1332 1568 1422 1611 urbe,
1448 1576 1479 1603 et
1503 1568 1602 1602 tribus
1624 1566 1776 1601 milliariis

1025 1632 1147 1668 prope,
1175 1628 1204 1654 et
1239 1618 1340 1653 tribus
1376 1617 1530 1652 milliariis
1563 1629 1580 1651 a
1615 1616 1685 1651 loco
1719 1615 1773 1650 ubi

1024 1670 1119 1704 suerit
1140 1668 1307 1704 Romanus
1333 1666 1489 1709 Pontifex,
1512 1678 1639 1701 crucem
1664 1672 1695 1700 et
1717 1665 1775 1699 tin-

1025 1718 1223 1753 tinnabulum
1261 1718 1328 1752 sine
1357 1716 1605 1751 contradictione
1636 1714 1773 1761 qualibet

1024 1768 1063 1803 de
1085 1768 1178 1803 Sedis
1201 1765 1401 1814 Apostolicae
1424 1765 1548 1800 licentia
1570 1763 1728 1801 deseratis,
1744 1772 1775 1798 et

1024 1818 1164 1864 signare,
1199 1828 1234 1851 ac
1263 1814 1417 1862 signando
1453 1813 1660 1852 benedicere,
1696 1813 1775 1847 ubi-

1024 1878 1161 1913 cumque
1195 1877 1268 1900 cum
1298 1863 1465 1911 praedictis
1498 1862 1678 1910 insignibus
1705 1862 1777 1897 sue-

1026 1917 1108 1958 ritiS,
1137 1916 1205 1949 siue
1235 1913 1502 1962 praesumptionis
1524 1921 1595 1947 nota
1630 1924 1704 1959 poss
1721 1913 1776 1952 its.

1024 1966 1207 2000 auctoritate
1229 1963 1399 2011 apostolica
1422 1962 1665 2001 confirmamus;
1692 1960 1776 1996 salva

1024 2023 1128 2049 tamen
1158 2014 1374 2049 moderatione
1396 2011 1521 2047 concilii
1545 2010 1711 2057 generalis.
1729 2010 1778 2045 Li·

1026 2064 1160 2099 bertates
1195 2074 1339 2110 quoque,
1369 2070 1399 2096 et
1425 2061 1626 2096 rationabiles
1659 2072 1695 2095 ac
1721 2070 1778 2106 ap-

1026 2113 1174 2160 probatas
1195 2111 1449 2147 consuetudines
1473 2110 1630 2145 Ecclesiae
1652 2116 1724 2143 tuae
1746 2109 1776 2142 in

1026 2163 1175 2205 civitate,
1212 2162 1375 2198 dioecesi,
1413 2159 1459 2194 vel
1504 2158 1668 2205 metropoli
1707 2159 1777 2192 eius

1028 2220 1088 2246 tam
1120 2211 1203 2246 circa
1229 2209 1421 2256 spiritualia,
1443 2220 1538 2254 quam
1571 2206 1752 2252 temporalia
1769 2235 1776 2245 ,

1028 2261 1111 2295 sicut
1138 2271 1190 2294 eas
1212 2259 1293 2293 iuste
1321 2271 1357 2292 ac
1381 2257 1509 2304 pacifice
1536 2255 1671 2295 obtinet,
1699 2267 1779 2290 con-

1028 2310 1200 2344 firmamus.
1223 2308 1271 2342 Ad
1296 2307 1370 2341 haec
1392 2305 1564 2340 districtius
1584 2304 1778 2347 inhibemus,

1029 2371 1067 2393 ne
1101 2358 1171 2404 quis
1200 2364 1298 2391 terras
1324 2364 1377 2390 aut
1403 2354 1550 2389 homines
1584 2354 1684 2401 ipsius
1709 2352 1778 2388 Ec-

1028 2407 1143 2442 clesiae
1170 2405 1364 2452 ubicumque
1406 2404 1595 2442 consistant,
1631 2402 1779 2437 indebitis

1029 2464 1059 2490 et
1083 2455 1217 2490 insolitis
1244 2455 1378 2489 servitiis
1408 2452 1457 2486 vel
1483 2451 1701 2487 exactionibus
1727 2464 1778 2497 ag-

1029 2516 1157 2552 gravare
1191 2510 1381 2551 praesumat.
1416 2501 1582 2536 Praeterea
1614 2501 1691 2548 quia
1716 2500 1778 2536 Ec-

1793 230 1845 258 An.
1857 229 1886 258 C.
1907 228 1973 256 ηπ

1799 833 1878 856 Prsvas
1902 834 1973 856 anatot

1787 866 1963 887 consuetudines:

1802 1376 1869 1397 Bonas
1896 1376 1970 1397 firmat.

1793 2508 1918 2529 Contractus
1932 2509 1978 2528 sino

1735 2550 1741 2556 ·
1793 2538 1883 2559 testibus
1911 2538 1977 2558 lactu·

243 2559 311 2594 nire
352 2567 553 2606 praesumat;
590 2557 649 2592 nisi
692 2557 770 2591 sorte
811 2556 987 2604 periculum
1031 2554 1123 2590 clesia
1156 2561 1208 2588 tua
1241 2553 1346 2599 gravia
1380 2551 1562 2598 frequenter
1593 2549 1708 2586 dicitur
1735 2563 1903 2590 tn·1„„.,1ffl,1,

243 2609 354 2644 mortis
392 2609 570 2647 immineat,
604 2605 753 2641 auidum
783 2606 987 2651 praesentiam
1031 2603 1167 2640 currisse
1202 2602 1387 2649 dispendia,
1414 2611 1453 2636 ex
1480 2612 1534 2640 eo,
1569 2599 1653 2647 quod
1685 2611 1780 2648 prae-
