2129 3223
866 220 968 244 INDEX
991 220 1205 245 nunmcanuni

349 274 445 307 moda
477 273 620 307 eiusdem
654 273 770 317 prioris
802 273 834 307 in
860 285 1013 318 personas

348 323 451 356 dictae
467 322 734 365 congregationis,
745 333 781 356 ac
797 322 1012 366 plurimarum

348 371 524 415 gratiarum
545 371 725 411 concessio,
748 371 822 405 657.

261 419 345 454 XLV.
359 419 590 453 Testimonium
606 420 776 453 Alexandri
791 420 848 453 ΡΙ).
867 420 1012 454 Castrum

347 469 441 501 Acuti
461 469 556 512 pleno
576 468 646 502 iure
671 469 710 501 ad
734 468 933 511 Anagninam
953 469 1013 502 Ec-

348 517 478 550 clesiam
499 517 672 561 pertinere,
695 516 770 550 669..

261 567 360 600 XLVI.
388 566 564 600 Declaratio
597 566 812 610 quorumdam
839 566 1013 600 dubiorum

348 615 615 649 concernentium
644 625 773 648 causam
801 615 877 648 fidei
903 616 1013 648 catho-

349 665 441 704 licae,
472 669 503 697 et
527 674 646 708 poenas
672 663 928 704 haereticorum,
959 675 1014 697 eo-

348 724 488 756 rumque
499 713 695 757 complicum
707 718 738 745 et
748 713 923 754 fautorum,
936 713 1010 747 663.

261 761 373 795 XLVII.
396 761 536 802 Infirmi,
567 762 623 805 qui
647 772 742 794 sanae
766 761 881 794 mentis
900 763 1014 795 haere-

347 810 487 843 ticorum
504 811 783 843 consolamentum
804 815 928 854 petunt,
950 821 1015 844 non

349 865 544 892 excusantur
567 870 604 892 eo
625 859 724 902 quod,
750 864 896 903 tempore
924 870 1014 893 rece-

348 912 421 951 ptae
441 907 679 948 consolationis,
701 918 796 940 sanae
816 907 931 941 mentis
950 919 1015 941 non

349 962 464 996 essent,
500 967 680 999 eorumque
713 956 886 989 familiares
918 967 1016 1000 super

349 1005 411 1038 hoc
431 1006 463 1038 in
482 1010 578 1039 testes
597 1016 662 1038 non
683 1005 886 1045 admittendi,
908 1005 982 1039 666.

260 1053 386 1088 XLVIII.
408 1054 452 1088 De
472 1054 621 1087 cautione
639 1053 824 1097 recipienda
848 1053 886 1086 ab
905 1054 1016 1086 haere.-

347 1102 418 1136 ticis
438 1103 599 1136 conversis
628 1108 659 1135 et
679 1113 792 1135 eorum
821 1102 1011 1135 fautoribus.

348 1150 505 1186 Statuitur
525 1152 670 1194 insuper,
693 1156 728 1183 ut
752 1162 789 1184 ex
813 1150 951 1194 pecunia
979 1161 1016 1183 ex

349 1201 478 1234 mulctis
504 1199 704 1244 provenienti
724 1210 880 1243 expensae
905 1200 1015 1243 Inqui-

350 1248 501 1282 sitoribus
519 1249 743 1282 ministrentur
757 1259 816 1292 per
833 1248 1013 1292 episcopos,

352 1296 427 1331 666.

395 1346 549 1389 Sequitur
564 1346 625 1379 alia
636 1345 819 1379 constitutio
835 1356 933 1390 super
943 1356 1018 1389 poe-

352 1405 469 1427 narum
489 1395 665 1435 exactione,
692 1394 766 1428 667.

264 1443 366 1477 XLIX.
389 1443 480 1482 Quod
505 1444 638 1487 praelati
662 1443 884 1483 ecclesiastici,
911 1448 1016 1476 recto-

354 1503 405 1525 res
438 1493 630 1532 saeculares,
667 1497 697 1525 et
721 1492 791 1532 alii,
817 1493 940 1524 faveant
967 1492 1017 1524 in-

352 1540 562 1583 quisitoribus
591 1541 771 1573 haereticae
799 1540 960 1584 pravitatis
984 1541 1017 1574 in

353 1589 480 1631 negotio
500 1589 575 1622 fidei
595 1589 795 1632 exequendo,
817 1589 891 1623 667.

264 1637 297 1670 L.
318 1636 539 1680 Indulgentiae
559 1648 617 1680 pro
637 1637 882 1680 inquisitoribus
903 1638 1017 1671 haere-

352 1685 433 1718 ticae
458 1686 631 1729 pravitatis,
661 1696 841 1728 eorumque
864 1686 1016 1727 notariis,

353 1733 448 1766 sociis
467 1739 497 1766 et
516 1734 707 1774 fautoribus,
730 1745 766 1766 ac
786 1745 844 1777 pro
869 1734 1019 1767 omnibus

354 1781 387 1814 in
414 1783 641 1826 prosecutione
667 1782 787 1825 negotii
815 1782 891 1816 fidei
923 1783 1018 1816 dece-

352 1830 514 1872 dentibus,
537 1831 611 1865 668.

264 1878 311 1912 LI.
333 1879 565 1922 Inquisitorum
585 1880 767 1913 haereticae
791 1879 953 1923 pravitatis
977 1881 1020 1913 fa-

353 1929 455 1962 cultas
488 1929 623 1972 cogendi
656 1939 879 1972 quoscumque
917 1929 1018 1972 magi-

353 1981 470 2010 stratus
496 1983 527 2011 et
551 1977 703 2011 officiales
729 1978 768 2010 ad
794 1977 1018 2021 exequendum

354 2037 467 2059 eorum
487 2027 672 2067 sententias,
694 2027 770 2060 669.

267 2074 328 2108 LII.
345 2074 575 2117 Inquisitorum
591 2075 771 2108 haereticae
790 2074 952 2118 pravitatis
965 2086 1020 2109 au-

356 2123 485 2156 ctoritas
501 2124 717 2167 compellendi
736 2134 960 2167 quoscumque
979 2123 1019 2156 ad

355 2171 414 2204 sibi
433 2172 650 2205 exhibendum
665 2172 840 2216 scripturas
860 2177 890 2205 et
904 2171 1020 2205 instru-

355 2225 462 2252 menta
481 2221 655 2263 spectantia
675 2221 713 2253 ad
729 2220 871 2253 officium
892 2225 1019 2253 sanctae

355 2268 581 2311 inquisitionis,
610 2276 641 2302 et
672 2269 869 2303 convocandi
896 2270 1018 2302 clerum

357 2323 387 2351 et
419 2319 576 2362 populum
601 2319 750 2352 adversus
775 2318 953 2353 haereticos
989 2324 1020 2352 et

357 2377 470 2400 eorum
494 2367 650 2407 fautores,
673 2367 748 2401 669.

363 2414 510 2453 Praelati,
541 2415 746 2448 ecclesiastici
772 2420 803 2448 et
826 2415 881 2448 alii
907 2425 1020 2448 omnes

357 2464 465 2498 clerici
484 2464 726 2506 quomodolibet
743 2463 893 2507 exempti,
914 2463 1019 2496 statim

357 2508 518 2552 requisiti,
547 2508 733 2551 provideant
762 2507 1017 2552 inquisitoribuS,

357 2562 537 2630 {cibumque
552 2552 657 2593 sociis,
679 2553 718 2586 de
737 2553 821 2586 salvo
842 2552 1016 2591 conductu,

349 2649 423 2680 BulL
444 2649 522 2680 Rom.
546 2649 601 2679 Vol.
624 2649 674 2680 111.

267 2415 341 2448 LIII.

845 2649 901 2680 108

1680 214 1750 248 857

1055 275 1125 308 LlV.
1148 276 1323 311 Declaratio
1344 277 1485 319 illorum,
1508 288 1591 321 quae
1610 288 1628 311 a
1647 278 1733 313 clero
1749 280 1805 313 Ur-

1142 324 1190 357 bis
1222 327 1339 359 servari
1368 327 1485 360 dehent
1516 327 1549 360 in
1576 328 1801 371 processione,

1142 384 1225 416 quae
1255 375 1289 408 fit
1321 376 1359 409 ad
1389 376 1552 410 basilicam
1585 377 1692 411 Sancti
1722 378 1804 412 Petri

1142 422 1192 455 die
1212 423 1290 456 festo
1311 424 1417 458 Sancti
1436 425 1548 465 Marci,
1571 424 1646 459 671.

1141 470 1231 509 Quod
1256 471 1460 515 inquisitores
1493 474 1673 508 haereticae
1707 475 1805 519 pravi-

1142 519 1214 552 tatis
1254 520 1338 554 bona
1365 521 1602 555 haereticorum
1633 523 1804 556 confiscata

1143 568 1331 610 distrahant,
1354 575 1385 603 et
1404 571 1543 614 pretium
1568 571 1606 604 ad
1627 582 1707 615 opus
1733 583 1805 606 san-

1143 622 1212 651 ctae
1232 618 1394 652 Romanae
1421 619 1582 652 Ecclesiae
1602 626 1804 661 conservent,

1144 664 1219 699 672.

1149 714 1240 753 Quod
1266 715 1471 759 inquisitores
1496 716 1674 750 haereticae
1702 718 1804 761 pravi-

1143 763 1215 796 tatis
1234 764 1411 807 procedere
1434 765 1557 808 possint
1575 765 1608 797 in
1632 766 1736 799 causis
1754 766 1805 799 Fi-

1141 812 1193 845 dei
1227 818 1338 846 contra
1368 825 1591 857 quoscumque
1624 815 1718 848 etiam
1752 826 1804 849 ex-

1143 866 1285 905 emptos,
1321 862 1504 906 eligereque
1537 863 1677 896 notarios
1710 864 1802 897 etiam

1142 910 1327 952 regulares,
1367 911 1423 954 qui
1460 910 1493 943 in
1525 912 1652 944 saeculo
1690 913 1805 946 notarii

1143 958 1286 999 fuerunt,
1313 959 1388 993 672.

1056 1007 1140 1040 LVII.
1159 1007 1367 1050 Inquisitores
1386 1008 1566 1041 haereticae
1586 1009 1745 1052 pravitatis
1760 1021 1808 1043 or-

1144 1056 1226 1089 dinis
1240 1057 1380 1089 fratrum
1404 1057 1665 1090 Praedicatorum
1683 1059 1731 1091 vel
1750 1059 1805 1091 Mi-

1054 470 1111 504 LV.

1055 714 1126 748 LVI.

1143 1115 1261 1137 norum
1290 1116 1355 1138 non
1380 1110 1532 1139 tenentur
1557 1106 1687 1139 obedire
1713 1118 1805 1150 prae-

1142 1153 1214 1186 latis
1232 1164 1367 1187 suorum
1387 1155 1539 1188 ordinum
1560 1155 1594 1188 in
1614 1165 1806 1189 concernen-

1144 1201 1228 1235 tibus
1257 1203 1399 1236 officium
1425 1208 1554 1237 sanctae
1573 1203 1803 1248 inquisitionis,

1146 1250 1220 1284 673.

1263 1359 1269 1364 -
1307 1340 1486 1375 URBANUS
1506 1341 1554 1374 IV.

1057 1431 1080 1465 Ι.
1102 1431 1289 1474 Encyclicae
1308 1432 1428 1465 Urbani
1447 1433 1484 1466 IV
1504 1433 1543 1467 de
1569 1444 1627 1466 sua
1654 1434 1809 1468 electione

1145 1479 1281 1521 litterae,
1303 1481 1378 1514 674.

1057 1530 1094 1563 11.
1116 1530 1312 1574 Approbatio
1332 1532 1453 1565 ordinis
1472 1533 1599 1566 Militiae
1618 1533 1732 1566 Beatae
1751 1533 1810 1566 Ma-

1145 1579 1212 1612 riae
1244 1579 1380 1623 Virginis
1408 1581 1566 1623 gloriosae
1590 1581 1649 1614 sub
1668 1582 1809 1624 regulari

1146 1627 1346 1662 observantia
1364 1629 1449 1662 beati
1467 1630 1655 1672 Augustini,
1678 1630 1752 1663 676.

1058 1675 1108 1710 ΠΙ.
1131 1676 1333 1711 Canonizatio
1358 1677 1465 1711 Sancti
1490 1678 1641 1711 Richardi
1668 1678 1809 1722 episcopi

1147 1725 1320 1759 Cicestren.
1343 1727 1377 1759 in
1395 1726 1518 1770 Anglia,
1541 1727 1674 1770 eiusque
1697 1727 1809 1760 relatio

1147 1773 1181 1807 in
1191 1785 1365 1808 numerum
1380 1780 1565 1808 sanctorum
1576 1776 1807 1815 confessorum,

1147 1833 1222 1858 cum
1250 1823 1448 1857 institutione
1474 1824 1647 1857 festivitatis
1671 1834 1728 1867 pro
1758 1824 1808 1856 die

1145 1871 1240 1904 tertia
1258 1873 1377 1905 mensis
1396 1872 1518 1916 aprilis,
1545 1872 1619 1906 682.

1058 1919 1106 1953 IV.
1128 1919 1357 1963 Inquisitorum
1378 1921 1557 1954 haereticae
1577 1920 1736 1964 pravitatis
1755 1931 1809 1952 au-

1147 1969 1276 2002 ctoritas
1300 1969 1385 2003 circa
1404 1980 1591 2013 processum
1620 1974 1651 2002 et
1676 1979 1808 2001 examen

1146 2018 1288 2059 testium,
1307 2018 1604 2061 observantiamque
1623 2018 1730 2060 legum
1745 2017 1809 2049 edi-

1146 2071 1253 2102 tarum
1278 2072 1389 2099 contra
1411 2066 1589 2099 haereticos
1613 2070 1644 2098 et
1667 2065 1807 2109 punitio-

1147 2125 1222 2147 nem
1241 2115 1503 2148 Praedicatorum
1523 2119 1554 2147 et
1576 2113 1713 2146 aliorum
1733 2113 1808 2156 ipsis

1147 2163 1391 2207 inquisitoribus
1410 2162 1675 2202 inobedientium,
1693 2161 1767 2195 687.

1060 2212 1093 2245 V.
1111 2212 1278 2245 Mandatur
1297 2212 1538 2255 archiepiscopo
1558 2210 1755 2253 Moguntino,
1774 2215 1807 2242 ut

1147 2261 1336 2294 sententiam
1369 2258 1706 2293 excommunicationis
1745 2269 1807 2301 pu-

1147 2309 1259 2342 blicari
1274 2308 1368 2342 faciat
1383 2313 1493 2341 contra
1508 2308 1673 2347 electores,
1690 2307 1716 2339 si
1729 2306 1808 2340 Con-

1149 2358 1262 2391 radum
1278 2357 1425 2397 Conradi‚
1447 2356 1599 2389 Frideriei
1619 2355 1695 2388 olim
1711 2355 1809 2398 inipe-

1147 2407 1262 2440 ratoris
1286 2406 1362 2446 filii,
1390 2410 1501 2438 natum
1521 2405 1554 2438 in
1580 2404 1806 2448 imperatorem

1148 2455 1277 2497 eligant,
1298 2455 1373 2488 690.

1060 2505 1107 2538 Vl.
1139 2503 1345 2547 Inquisitores
1378 2502 1556 2536 haereticae
1584 2502 1744 2546 pravitatis
1777 2507 1806 2535 et

1148 2563 1261 2585 eorum
1276 2551 1407 2591 notarii,
1426 2562 1444 2584 a
1459 2561 1663 2595 quocumque
1679 2551 1804 2584 officiali

1148 2596 1237 2630 Sedis
1256 2595 1454 2640 Apostolicae
1481 2596 1624 2639 delegato
1648 2605 1713 2628 non
1737 2606 1806 2638 pos-
