2129 3223
289 1081 307 1090 2
323 1070 360 1104 Et
386 1068 516 1116 quidem
540 1068 571 1101 in
599 1067 660 1101 boc
686 1064 835 1111 hospitali
859 1071 1016 1110 tamquam
1043 1062 1073 1096 iu

259 1886 313 1925 “¹³54
328 1874 437 1909 sitatis.
466 1873 546 1915 Quia
582 1884 654 1907 vero
689 1871 777 1905 Iesus
805 1881 876 1904 cum
905 1867 1079 1915 Discipulis

272 1916 311 1929 mh
328 1930 395 1964 suis
417 1928 454 1962 ad
479 1928 534 1962 lias
567 1926 692 1973 nuptias
727 1925 756 1958 in
785 1923 893 1958 Cliana
917 1921 1077 1962 Galileae,

374 251 442 285 588

323 317 520 353 celebrantur
555 312 635 346 inter
661 310 809 358 spiritum
837 303 1004 345 bominis,
1040 314 1071 341 et

323 371 452 417 gratiam
471 366 667 408 Conditoris,
688 376 726 399 ex
752 363 868 410 quibus
888 361 1020 397 affectus
1041 368 1071 395 et

322 424 461 459 actiones
494 429 654 467 tamquam
677 417 731 452 filii
753 429 790 452 ac
811 416 894 451 filiae
915 427 1071 462 generan-

900 254 1001 277 BELLA
1007 253 1088 275 tttt‘M

224 481 252 526 J·
288 487 388 517 rtur,
424 475 582 510 dominica
610 474 710 521 prima
733 480 803 519 post
829 478 969 505 octavam
994 468 1071 515 Epi-

202 552 205 563 ι
239 524 306 562 *ma*
324 532 466 578 phaniae,
489 528 615 576 quando
628 526 704 561 illud
718 525 834 571 legitur
851 523 1071 569 Evangelium,

322 586 406 632 qnod
425 585 514 618 Iesus
528 594 600 617 cum
623 579 799 626 Discipulis
825 577 893 612 suis
916 577 945 610 in
962 576 1071 610 Chaua

322 639 474 682 Galileae,
496 636 548 672 ubi
575 635 674 670 Mater
696 633 794 680 ipsius
821 640 897 674 erat,
922 631 1073 665 invitatus

321 694 358 728 ad
399 692 525 739 nuptias
557 701 671 737 aquam
705 686 858 721 convertit
890 686 919 719 in
947 684 1072 723 vinum,

321 749 496 783 solemnem
518 744 601 792 apud
629 741 786 789 hospitale
813 747 952 775 vestrum
982 739 1074 773 insti-

322 803 444 837 tuimus
465 800 653 837 Stationem,
670 797 701 831 in
724 807 787 842 quo
811 807 865 829 vos
886 806 925 828 ex
949 793 1074 828 institu-

323 857 406 890 tione
428 862 533 889 nostra
564 852 671 886 divino
697 850 773 885 estis
800 848 954 895 obsequio
983 860 1074 882 man-

322 910 433 955 cipati,
468 919 503 942 ea
526 905 727 954 potissimum
751 902 892 946 ratione,
927 901 1011 948 quod
1043 900 1073 935 in

321 963 385 998 illis
411 960 531 1009 nuptiis
564 971 618 993 sex
652 956 783 1005 hydriae
810 954 984 990 secundum
1009 967 1074 1000 pu-

324 1016 528 1051 rificationem
556 1012 740 1047 iudaeorum
767 1009 864 1044 fuisse
897 1016 1072 1043 narrantur.

323 1122 431 1158 Chana
459 1121 610 1159 Galileae,
642 1120 712 1154 loco
734 1117 883 1152 videlicet
911 1116 963 1151 ubi
988 1115 1075 1150 zelus

324 1185 370 1211 est
405 1173 646 1221 transmigrandi
684 1172 723 1207 de
756 1171 839 1205 vitiis
860 1170 897 1205 ad
927 1170 1075 1213 virtutes,

326 1231 441 1278 positae
463 1237 537 1264 sunt
558 1240 613 1262 sex
636 1227 786 1275 hydriae,
810 1225 890 1260 idest
905 1237 959 1258 sex
979 1236 1075 1271 opera

325 1282 559 1319 misericordiae
580 1282 734 1321 instituta,
760 1291 840 1327 quae
858 1286 932 1314 sunt
948 1290 1076 1325 pascere

325 1338 534 1379 esurientem,
575 1343 682 1382 potare
719 1333 893 1371 sitientem,
929 1331 1076 1377 colligere

325 1390 502 1438 hospitem,
538 1389 649 1424 vestire
672 1387 811 1431 nudum,
837 1386 962 1420 visitare
985 1384 1076 1419 infir—

325 1457 424 1484 mum,
459 1452 489 1478 et
514 1444 741 1478 incarceratum
769 1439 864 1475 adire.
893 1438 941 1472 Ad
965 1438 1077 1485 purifi-

325 1499 482 1534 cationem
518 1497 625 1544 utique
653 1495 853 1537 iudaeorum,
889 1500 923 1526 ut
948 1504 1003 1539 per
1025 1491 1076 1526 illa

325 1552 472 1587 videlicet
499 1550 685 1586 confitentes
724 1560 740 1583 a
776 1547 858 1581 vitiis
898 1545 1073 1592 expiemur.

325 1606 405 1641 Istae
428 1617 501 1640 vero
535 1617 591 1638 sex
627 1602 756 1651 hydriae
795 1612 894 1647 usque
924 1598 962 1633 ad
986 1611 1077 1632 sum—

327 1672 411 1694 mum
441 1659 624 1706 implentur,
661 1655 787 1703 quando
815 1654 866 1688 illa
901 1665 954 1688 sex
983 1664 1076 1699 opera

326 1712 562 1748 misericordiae
593 1710 631 1745 ad
672 1708 843 1757 perfectum
884 1718 985 1753 usque
1021 1718 1078 1751 ge-

328 1775 449 1806 runtur,
477 1773 570 1800 etex
597 1775 675 1811 aqua
707 1762 740 1796 fit
770 1762 899 1804 vinum,
933 1772 1004 1794 cum
1041 1771 1077 1793 ex

327 1820 438 1855 merito
465 1820 686 1866 eleemosynae
717 1816 764 1850 ius
791 1814 977 1850 accenditur
1004 1814 1077 1848 cha-

331 1982 381 2018 ubi
404 1981 504 2017 Mater
525 1982 592 2016 eius
614 1987 691 2020 erat,
715 1978 829 2025 legitur
851 1977 1011 2019 invitatus,
1036 1977 1080 2011 id-

329 2037 414 2072 circo
437 2034 661 2070 rationabiliter
678 2032 884 2071 instituimus,
908 2038 943 2065 ut
961 2030 1080 2077 effigies
1099 2046 1101 2060 ι

329 2091 399 2126 Iesu
435 2089 553 2124 Christi
589 2101 604 2123 a
632 2087 721 2122 Beati
750 2085 835 2120 Petri
862 2084 990 2119 basilica
1027 2096 1101 2130 peri

330 2145 470 2181 eiusdem
493 2143 664 2179 canonicos
689 2140 727 2175 ad
757 2140 876 2175 dictum
906 2137 1079 2185 hospitale,

330 2200 383 2235 ubi
408 2198 560 2233 memoria
588 2195 785 2231 beatissimae
808 2192 916 2227 Matris
937 2192 1004 2226 eius
1037 2204 1081 2226 re-

331 2252 457 2292 colitur,
481 2252 558 2286 intra
583 2261 707 2296 capsam
726 2261 763 2283 ex
782 2259 858 2282 auro
885 2253 916 2282 et
939 2253 1080 2292 argento,

332 2316 362 2343 et
384 2306 540 2353 lapidibus
568 2304 713 2351 pretiosis
748 2302 787 2337 ad
814 2301 875 2336 hoc
904 2299 1082 2346 specialiter

333 2361 531 2396 fabrefactam
560 2357 782 2393 venerabiliter
805 2355 1008 2401 deportetur,
1042 2352 1080 2387 fi-

333 2415 456 2450 delibus
484 2413 626 2461 populis,
654 2412 707 2459 qui
736 2410 773 2446 ad
797 2410 853 2445 has
882 2408 1008 2456 nuptias
1029 2419 1081 2442 ce-

334 2469 499 2504 lebrandas
526 2468 635 2502 devote
662 2464 885 2504 convenerint,
917 2462 1082 2498 desidera-

336 2523 439 2557 biliter
474 2521 679 2557 ostendenda.
713 2519 752 2555 Ut
778 2526 883 2554 autem
921 2530 993 2558 nos,
1028 2516 1080 2565 qui

335 2576 471 2610 Domino
495 2576 652 2611 revelante
680 2572 892 2609 venerandum
915 2572 983 2607 aliis
1006 2583 1083 2619 ape-

336 2630 457 2664 ruimus
475 2629 725 2670 Sacramentum,
745 2639 782 2664 eo
797 2635 888 2663 etiam
912 2627 1083 2674 inspirante
1100 2627 1105 2660 l

1115 251 1278 274 Romamn

1112 304 1300 340 imitandum
1327 304 1396 340 aliis
1430 303 1636 352 praebeamus
1663 302 1861 350 exemplum;

1878 247 1928 274 An.
1949 245 1978 273 G.
1992 245 2060 273 1225

1112 358 1331 403 concedimus,
1358 359 1538 402 statuimus,
1570 365 1602 393 et
1636 356 1800 400 iubemus,
1827 363 1863 391 ut
1887 363 2003 386 Concessio
2039 365 2060 385 ei

1874 395 1930 416 tacta
1943 395 1968 416 ab
1985 392 2060 416 Eone-

1113 425 1169 460 pro
1191 412 1276 447 mille
1306 412 1499 459 pauperibus
1526 412 1723 447 extrinsecus
1744 409 1862 445 adven·
1875 428 1907 448 rio
1921 426 1986 453 ΡΨ,

1114 466 1263 509 tantibus,
1296 475 1328 501 et
1354 466 1505 501 trecentis
1528 465 1672 513 personis
1692 465 1779 499 intus
1805 463 1862 499 de-

1113 520 1260 567 gentibus
1286 521 1395 556 decem
1424 529 1453 554 et
1480 527 1600 567 septem
1624 519 1722 554 librae
1744 517 1864 553 usualis

1115 583 1270 618 monetae,
1298 582 1331 609 ut
1353 573 1469 620 singuli
1492 573 1648 620 accipiant
1674 580 1738 608 tres
1759 572 1865 607 dena—

1115 628 1193 669 rios,
1219 641 1316 663 unum
1341 640 1397 675 pro
1421 639 1512 674 pane,
1535 626 1666 661 alterum
1695 638 1751 674 pro
1778 627 1864 667 vino,

1114 682 1275 729 aliumque
1305 695 1359 728 pro
1397 693 1515 724 carne,
1552 680 1592 715 ab
1618 680 1865 728 eleemosynario

1115 737 1240 771 Summi
1271 735 1435 770 pontificis
1457 735 1618 770 annuatim
1641 734 1730 769 vobis
1750 735 1780 769 in
1801 748 1866 782 per-

1117 797 1247 838 petuum
1277 789 1466 833 tribuantur,
1493 796 1523 823 et
1558 789 1720 824 canonicis
1753 801 1867 836 supra-

1115 844 1229 884 dictis,
1257 843 1308 890 qui
1345 843 1569 891 praescriptam
1594 843 1729 890 effigiem
1756 842 1867 878 Salva-

1116 898 1192 933 toris
1207 897 1480 945 processionaliter
1494 896 1718 945 deportabunt,
1733 896 1868 944 singulis

1116 952 1284 987 duodecim
1321 952 1461 993 nummi,
1495 960 1523 987 et
1550 964 1661 988 cereus
1701 952 1795 987 unius
1829 952 1868 986 li-

1117 1006 1206 1043 brae,
1235 1007 1289 1053 qui
1317 1006 1475 1041 deferatur
1496 1018 1659 1049 accensus,
1674 1005 1714 1040 de
1735 1005 1868 1040 oblatio-

1118 1060 1212 1095 nibus
1235 1061 1315 1095 beati
1344 1060 1427 1095 Petri
1457 1067 1665 1106 praestentur.
1693 1059 1776 1102 Quia
1793 1071 1868 1095 vero

1117 1126 1178 1149 non
1213 1115 1241 1148 in
1277 1114 1346 1149 solo
1373 1126 1452 1161 pane
1486 1114 1557 1148 vivit
1592 1114 1703 1157 homo,
1740 1113 1795 1148 sed
1836 1114 1867 1148 in

1117 1169 1202 1204 omni
1232 1168 1346 1213 verbo,
1367 1169 1452 1216 quod
1482 1167 1625 1215 procedit
1647 1180 1684 1203 ex
1706 1179 1761 1203 ore
1790 1167 1868 1208 Dei;

1118 1223 1211 1258 debet
1245 1222 1319 1257 huic
1355 1222 1489 1257 Stationi
1527 1221 1690 1257 Romanus
1722 1221 1868 1256 Pontifex

1118 1290 1190 1312 cum
1214 1277 1284 1311 suis
1318 1275 1529 1311 cardinalibus
1562 1276 1737 1316 interesse,
1773 1283 1805 1310 ut
1838 1283 1870 1310 et

1119 1331 1285 1366 missarum
1313 1330 1467 1365 solemnia
1502 1330 1543 1364 ibi
1571 1329 1720 1373 celebret,
1747 1337 1777 1365 et
1811 1341 1870 1364 ex-

1120 1385 1325 1420 hortatorium
1350 1384 1441 1418 faciat
1463 1383 1501 1417 de
1525 1383 1584 1418 hac
1606 1383 1787 1418 celebritate
1801 1395 1869 1418 ser-

1119 1451 1256 1473 monem.
1293 1438 1378 1473 Neve
1415 1437 1519 1472 fidelis
1548 1436 1684 1484 populus
1707 1436 1870 1472 famelicus

1118 1493 1157 1527 ab
1184 1493 1222 1527 iis
1257 1492 1375 1539 nuptiis
1401 1497 1593 1531 revertatur,
1622 1499 1743 1537 praeter
1770 1499 1870 1527 mate-

1118 1546 1226 1581 rialem
1243 1553 1273 1581 et
1288 1545 1508 1585 doctrinalem,
1532 1544 1727 1592 spiritualem
1743 1557 1870 1594 quoque

1118 1600 1179 1635 sibi
1202 1599 1309 1635 cibum
1329 1599 1510 1647 impendat,
1532 1599 1752 1634 remissionem
1776 1600 1871 1634 nnius

1118 1654 1192 1689 anni
1219 1653 1259 1689 de
1281 1653 1430 1688 iniunctis
1456 1653 1513 1688 sibi
1539 1653 1743 1701 poenitentiis
1770 1653 1871 1689 indul-

1119 1708 1234 1756 gendo.
1278 1707 1446 1742 Monemus
1474 1707 1584 1753 igitur,
1611 1716 1642 1742 et
1668 1706 1871 1742 obsecramus

1119 1774 1319 1798 successores
1345 1769 1468 1796 nostros
1491 1773 1546 1808 per
1566 1760 1672 1796 lesum
1694 1759 1869 1806 Christum,

1119 1818 1173 1864 qui
1197 1824 1350 1851 venturus
1377 1823 1424 1850 est
1448 1815 1589 1850 iudicare
1617 1815 1704 1850 vivos
1725 1823 1756 1850 et
1779 1828 1870 1850 mor—

1121 1880 1206 1911 tuos,
1242 1878 1276 1905 ut
1305 1870 1386 1905 hanc
1412 1869 1663 1910 institutionem,
1698 1881 1778 1916 quae
1800 1870 1870 1917 ipso

1122 1933 1199 1961 teste
1231 1924 1270 1959 de
1299 1923 1421 1971 pietatis
1442 1922 1527 1958 fonte
1557 1923 1728 1971 processit,
1756 1924 1872 1960 saciant

1122 1983 1343 2020 inviolabiliter
1378 1981 1556 2022 observari,
1583 1980 1871 2018 sub'obtestatione

1121 2043 1217 2078 divini
1243 2041 1349 2076 iudicii
1377 2039 1599 2088 prohibentes,
1639 2047 1672 2075 ut
1693 2039 1771 2075 nulli
1794 2052 1871 2076 om-

1122 2101 1195 2136 nino
1231 2100 1398 2135 homiuum
1437 2099 1528 2134 liceat
1562 2098 1707 2146 paginam
1728 2096 1870 2134 'nostrae

1121 2159 1352 2199 concessionis,
1378 2157 1616 2194 constitutionis
1653 2164 1684 2191 et
1718 2157 1870 2192 iussionis

1123 2218 1304 2265 infringere,
1344 2217 1391 2253 vel
1426 2217 1454 2252 ei
1485 2228 1563 2251 ausu
1592 2215 1757 2251 temerario
1794 2228 1871 2251 con-

1124 2278 1225 2311 traire.
1254 2275 1288 2311 Si
1312 2276 1384 2323 quis
1405 2283 1511 2311 autem
1534 2274 1595 2310 hoc
1620 2281 1771 2309 attentare
1787 2286 1870 2322 prae«

1122 2334 1316 2382 sumpserit,
1358 2334 1608 2381 indignationem
1643 2332 1871 2380 omnipotentis

1123 2394 1192 2438 Dei,
1220 2405 1255 2429 ac
1277 2393 1441 2429 beatorum
1469 2391 1552 2428 Petri
1580 2400 1610 2427 et
1632 2391 1719 2426 Pauli
1742 2399 1872 2438 aposto-

1123 2453 1224 2487 lorum
1247 2452 1315 2487 eius
1341 2464 1375 2487 se
1403 2451 1524 2487 noverit
1557 2450 1769 2485 incursurum.

1174 2510 1287 2546 Datum
1307 2509 1445 2557 Signiae,
1467 2508 1558 2545 tertio
1572 2520 1673 2543 nonas
1694 2507 1774 2553 iulii,
1798 2521 1873 2556 pon=

1125 2569 1260 2604 tificatus
1283 2569 1379 2605 nostri
1402 2564 1485 2604 anno
1511 2566 1659 2614 septimo.

1184 2631 1242 2661 Dat.
1266 2631 1311 2661 die
1335 2631 1353 2660 5
1369 2630 1432 2661 iulii
1451 2629 1533 2665 1223,
1564 2633 1641 2668 pont.
1665 2638 1741 2658 anno
1762 2636 1812 2659 vtt.

1898 1715 1926 1736 Do
1932 1714 2067 1735 observantis

1884 1746 1945 1767 huius
1959 1745 2040 1766 'tatuti-
