2129 3223
156 282 201 308 An.
221 280 250 307 C.
268 282 335 309 {256

159 1129 249 1147 omme
260 1126 284 1146 ab
295 1125 333 1146 hat·

151 1156 196 1181 lege
213 1157 311 1183 exempti.

165 1913 193 1930 ue
207 1910 336 1930 infeudatio—

151 1941 212 1960 ml.us
225 1939 333 1961 laicorum.

400 272 469 303 632

350 335 521 378 credibile,
555 334 581 367 si
618 341 692 367 tunc
726 332 766 366 de
792 333 885 380 plena
919 342 949 367 et
982 334 1100 379 integra
1143 333 1186 366 ris
1211 340 1243 366 et
1269 332 1524 379 possessionibus
1545 332 1709 380 acquisitis
1730 331 1892 375 hactenus,
1921 336 2019 360 ⁰001¹¹¹ue
2054 343 2091 364 ρει

351 383 550 430 perceptione
584 391 721 416 veterum
764 382 871 417 fnisset
905 394 1100 430 expressum

350 433 433 478 quod
452 432 634 479 Apostolit‘a
653 431 754 466 Sedes
774 433 889 479 pariter
907 440 935 466 et
958 432 1101 466 similiter

350 481 507 515 novalium
530 480 671 516 decimas
696 482 725 515 in
749 491 810 516 tam
834 493 926 528 grave
943 481 1099 528 parocbia-

350 532 424 564 lium
444 529 657 565 Ecclesiarum
681 530 882 577 dispendium
907 531 1100 574 indulsisset,

348 579 497 635 quodque
526 580 644 614 ratione
672 580 742 614 talis
765 579 878 614 indulti
902 580 966 613 sive
994 580 1101 625 irnpe-

349 629 421 663 trari
450 630 522 668 iam,
544 629 608 663 sive
637 630 825 676 impetrandi
852 629 1015 675 deinceps
1039 641 1099 663 non

350 678 449 724 possit
476 678 608 713 ulterius
635 680 665 713 in
689 678 865 718 novalibus,
887 690 966 732 quae
987 678 1101 713 amodo

351 728 436 771 tient,
458 726 627 771 vendicari,
649 729 781 774 acquiri,
809 728 854 762 vel
877 728 994 782 percipi
1019 727 1102 773 plus-

350 789 444 832 quam
477 776 629 812 medietas
655 778 849 811 det-imarum
878 778 1030 823 ipsorum,
1053 786 1101 811 et-

351 826 441 861 iamsi
481 826 620 881 amplius
660 826 690 860 in
735 826 894 861 v·eteiibus
931 825 1099 860 habeatur:

349 888 422 910 eum
441 887 503 910 non
519 876 559 909 sit
576 875 745 910 dicendum
762 888 923 921 asper,um
943 874 996 908 sed
1015 876 1099 921 pium

351 925 464 971 potius,
488 933 515 958 et
540 924 712 971 benignum
740 925 764 958 si
786 937 883 972 super
902 923 1035 958 decimis
1058 924 1102 958 fu-

349 984 490 1009 tutorum
515 973 686 1012 novalium
709 975 772 1008 imo
800 973 1029 1020 parochialium
1054 986 1100 1008 ec-

348 1023 514 1058 clesiarum
541 1023 726 1068 gravamini,
745 1023 829 1070 quod
849 1035 886 1057 ex
906 1022 1101 1058 distensione

349 1072 461 1107 indulti
491 1072 671 1106 huiusmodi
698 1081 803 1119 posset
825 1072 978 1112 accidere,
1001 1072 1101 1107 taliter

349 1121 511 1156 obvietur:
536 1121 703 1168 religiosos
725 1129 828 1156 tamen
856 1120 1042 1155 Cistercien.
1071 1130 1101 1156 et

349 1170 550 1205 Carthusien.
582 1170 728 1205 ordinum
757 1178 875 1204 statuto
905 1178 933 1203 et
965 1170 1101 1205 declara-

347 1221 431 1254 tione
453 1219 648 1261 huiusmodi,
675 1228 828 1266 quantum
859 1219 898 1254 ad
936 1220 992 1253 hos
1020 1219 1101 1254 duos

347 1270 507 1308 articulos,
532 1268 676 1304 videlicet
709 1268 748 1303 de
771 1268 937 1304 medietate
959 1269 1101 1303 decima-

348 1331 418 1353 rum
442 1318 600 1353 novalium
628 1317 855 1365 comprehendi
880 1318 1027 1352 nolumus
1054 1319 1099 1353 vel

348 1368 496 1413 astringi:
517 1367 571 1402 ubi
599 1376 705 1402 autem
734 1379 789 1414 per
811 1367 995 1401 huiusmodi
1018 1368 1101 1402 deci-

349 1428 471 1451 marum
487 1417 708 1452 concessiones
728 1415 922 1463 parochiales
940 1416 1101 1451 Ecclesias

348 1466 426 1500 adeo
448 1466 567 1512 gravari
587 1465 752 1511 contingit,
774 1465 858 1512 quod
877 1477 984 1500 earum
1005 1474 1101 1500 recto-

350 1527 398 1548 res
421 1515 460 1549 de
482 1514 621 1561 ipsarum
650 1514 828 1549 redditibus
850 1526 990 1560 congrue
1017 1515 1094 1549 sub-

349 1564 495 1609 stentari,
529 1572 559 1599 et
597 1563 764 1598 commode
806 1564 871 1598 iura
911 1564 1099 1611 episcopalia

349 1613 499 1648 exhibere
526 1625 589 1647 non
612 1621 757 1660 possunt,
780 1612 981 1659 provideatur
1002 1620 1033 1647 et
1054 1625 1101 1648 or-

349 1662 476 1697 dinetur
508 1662 620 1703 taliter,
654 1661 738 1708 quod
773 1662 890 1696 eisdem
927 1662 1101 1697 rectoribus

348 1719 470 1747 tantum
486 1711 525 1746 de
540 1711 661 1746 illarum
677 1711 871 1758 relinquatur
886 1711 1100 1757 proventibus,

348 1760 432 1808 quod
467 1760 580 1796 exinde
611 1768 842 1807 competentem
878 1760 1102 1795 substentatio-

350 1823 421 1846 nem
450 1809 578 1850 habere,
604 1821 641 1844 ac
666 1809 854 1856 episcopalia
883 1809 949 1844 iura
981 1810 1102 1844 solvere

349 1860 483 1903 valeant,
510 1859 632 1906 aliaque
654 1858 758 1893 debita
786 1870 881 1893 onera
903 1867 1100 1905 supportare.

349 1909 433 1944 Sane
451 1909 595 1955 quamvis
617 1908 696 1943 forte
717 1920 734 1942 a
758 1908 911 1954 religiosis
946 1910 1102 1955 exemptis

350 1967 381 1993 et
399 1958 468 1992 aliis
490 1957 566 1992 fiant
588 1957 817 1993 infeudationes
836 1957 875 1992 de
894 1957 1025 1992 decimis
1047 1958 1103 1992 de-

351 2008 445 2042 tentis
467 2019 483 2041 a
514 2006 613 2047 laicis,
646 2015 676 2041 et
704 2006 796 2041 iidem
817 2006 899 2050 laici,
927 2006 1011 2053 quod
1035 2006 1103 2041 illas

350 2056 390 2091 ab
426 2056 502 2103 ipsis
539 2056 692 2102 religiosis
731 2056 760 2089 in
797 2055 925 2090 feudum
964 2063 1102 2096 teneant,

351 2114 596 2152 recognoscant,
627 2117 688 2140 non
717 2113 821 2138 tamen
851 2105 922 2139 licet
950 2103 1104 2149 religiosis

351 2154 470 2190 eisdem
500 2161 569 2201 post
595 2154 688 2189 talem
717 2153 963 2188 infeudationem
988 2153 1035 2188 vel
1060 2165 1105 2188 re-

352 2203 563 2250 cognitionem
596 2203 641 2238 sic
668 2203 706 2237 de
741 2202 822 2237 facto
858 2210 1104 2249 praesumptam,

353 2252 534 2288 huiusmodi
570 2252 710 2287 decimas
750 2252 789 2286 de
824 2263 919 2286 manu
953 2252 1103 2286 laicorum

353 2303 495 2349 ipsorum
525 2302 699 2348 acquirere,
727 2301 772 2335 vel
801 2301 954 2348 recipere,
985 2300 1105 2347 absque

353 2351 613 2387 dioecesanorum
641 2352 862 2397 episcoporum
891 2362 1033 2385 assensu.
1062 2349 1106 2384 ll·

354 2402 397 2435 las
423 2409 526 2435 autem
549 2400 687 2435 decimas
713 2399 920 2446 intelligimus
943 2411 1034 2446 posse
1058 2407 1105 2433 ta-

354 2451 424 2485 liter
441 2462 457 2485 a
480 2450 637 2505 religiosis
658 2449 697 2484 de
719 2461 816 2483 manu
814 2426 984 2483 §laicorum
1007 2448 1104 2495 recipi

355 2498 401 2533 vel
428 2499 558 2554 acquiri,
580 2510 660 2545 quae
691 2507 762 2533 ante
791 2497 1001 2534 Lateranense
1028 2509 1106 2532 con-

355 2548 461 2582 cilium
495 2548 572 2594 ipsis
606 2547 693 2582 laicis
729 2548 759 2581 in
794 2547 924 2582 seudum
954 2554 1106 2594 perpetuo

356 2596 442 2630 tuere
464 2608 643 2632 concessae.
664 2595 832 2631 Caeterum
857 2596 951 2630 iidem
968 2595 1105 2642 religiosi

357 2653 416 2678 tam
440 2646 589 2692 exempti,
611 2657 704 2691 quarn
728 2657 790 2680 non
813 2646 962 2691 exempti,
985 2644 1023 2679 de
1042 2652 1106 2678 ter-

935 280 993 302 Bttt
996 280 1013 301 Ῐ
1018 279 1094 300 tuit
1099 279 1122 301 Μ
1145 278 1307 301 ROMANUM

1142 390 1172 416 et
1211 381 1325 416 amodo
1360 381 1561 428 acquirendis
1595 382 1733 417 decimas
1773 382 1892 427 integre

1144 430 1322 486 persolvant
1352 430 1413 465 illis
1445 430 1610 472 Ecclesiis,
1641 431 1755 478 quibus
1775 430 1892 465 eaedem

1143 481 1364 535 possessiones
1384 488 1415 515 et
1442 488 1541 515 terrae
1569 482 1657 528 prius
1680 480 1802 515 fuerant
1835 479 1894 514 de-

1143 530 1282 574 cimales,
1307 530 1364 564 nisi
1392 541 1488 577 super
1509 530 1570 564 hoc
1597 529 1726 577 speciali
1751 530 1818 564 iure
1846 528 1893 564 vel

1144 578 1307 625 privilegio
1333 579 1394 613 sint
1418 579 1541 618 muniti,
1570 591 1629 614 nec
1660 591 1716 626 pro
1744 590 1782 613 eo
1807 577 1892 625 quod

1143 627 1221 663 sorte
1250 629 1279 663 in
1313 628 1470 675 aliquibus
1497 628 1654 675 parochiis
1688 640 1799 663 omnes
1826 640 1894 662 ma—

1143 677 1223 712 iores
1245 678 1395 721 decimas,
1417 689 1472 712 seu
1498 685 1615 724 partem
1643 677 1765 712 illarum
1787 677 1894 724 acqui-

1144 735 1215 761 runt
1241 728 1279 762 de
1313 726 1456 761 manibus
1478 726 1641 770 laicorum,
1676 734 1811 773 possunt
1838 738 1893 774 pro

1142 777 1263 817 eadem,
1300 776 1346 810 vel
1373 776 1469 811 simili
1508 777 1663 823 portione,
1691 776 1716 810 si
1744 775 1784 810 de
1812 787 1893 811 novo

1144 825 1345 872 postmodum
1369 825 1444 860 fiant
1466 825 1585 860 novalia
1614 826 1645 859 in
1667 824 1802 869 eisdem,
1831 836 1893 872 pe·—

1143 882 1218 916 tere,
1242 875 1286 909 vel
1316 875 1476 922 percipere
1499 874 1654 909 novalium
1678 874 1816 909 decimas
1839 886 1894 908 eo-

1143 923 1299 963 rumdem,
1322 924 1380 958 nisi
1408 923 1467 958 alia
1491 923 1695 967 rationabilis,
1717 935 1774 970 per
1799 935 1893 970 quam

1142 972 1202 1008 hoc
1228 973 1331 1007 facere
1353 972 1485 1014 valeant,
1512 985 1607 1008 causa
1633 972 1745 1008 subsit.

1191 1021 1273 1056 Nulli
1289 1034 1365 1069 ergo
1379 1022 1509 1057 omnino
1525 1021 1689 1057 hominum
1704 1022 1796 1057 liceat
1814 1021 1894 1056 hanc

1143 1071 1286 1117 paginam
1314 1079 1492 1106 nostrarum
1528 1071 1804 1112 constitutionum,
1826 1083 1895 1118 pro·

1141 1120 1306 1155 bibitionis
1327 1128 1357 1155 et
1384 1121 1607 1156 declarationis
1629 1120 1813 1168 infringere,
1847 1120 1894 1155 vel

1141 1171 1168 1204 ei
1196 1183 1275 1204 ausu
1298 1171 1465 1205 temerario
1485 1171 1650 1205 contraire.
1675 1169 1708 1205 Si
1731 1170 1803 1217 quis
1835 1182 1895 1204 au-

1141 1227 1204 1255 tem
1232 1219 1292 1254 hoc
1306 1227 1458 1255 attentare
1481 1220 1739 1267 praesumpserit,
1754 1219 1896 1266 indigna·

1142 1269 1258 1303 tionem
1293 1269 1521 1315 omnipotentis
1557 1268 1613 1304 Dei
1650 1281 1686 1304 ac
1730 1269 1894 1304 beatorum

1141 1317 1226 1352 Petri
1254 1326 1284 1353 et
1306 1317 1395 1353 Pauli
1424 1318 1641 1365 apostolorum
1663 1319 1733 1354 eius
1759 1330 1794 1354 se
1831 1329 1895 1353 no—

1143 1367 1221 1403 verit
1244 1367 1462 1402 incursurum.

1191 1416 1304 1451 Datum
1328 1417 1475 1452 Laterani
1498 1417 1623 1453 decimo
1646 1415 1797 1452 kalendas
1815 1416 1897 1464 apri-

1143 1466 1190 1509 lis,
1215 1466 1414 1512 pontificatus
1440 1466 1536 1502 nostri
1559 1478 1642 1502 anno
1668 1465 1820 1501 secundo.

1182 1526 1240 1556 Dat.
1265 1527 1312 1556 die
1330 1526 1368 1556 23
1385 1529 1482 1558 martii
1501 1528 1587 1565 1256,
1607 1527 1708 1567 pontif.
1731 1537 1807 1557 auno
1825 1535 1856 1557 Π.

1453 1680 1584 1715 xxvlt.

1145 1753 1280 1792 Οιιίηανη
1320 1760 1542 1786 conservatores
1585 1753 1658 1796 eliqi'
1695 1753 1833 1790 debeant,
1869 1759 1897 1785 et

1192 1814 1269 1846 quae
1290 1803 1328 1835 ab
1355 1803 1429 1846 ipsis
1455 1803 1488 1834 in
1514 1813 1617 1835 eonem
1648 1802 1746 1846 officii
1786 1802 1898 1835 admi-

1193 1852 1372 1885 nistratione
1392 1852 1542 1884 servanda
1568 1852 1627 1884 sint
1644 1853 1699 1894 (l).

1414 1919 1629 1951 SUMMARIUM

1145 1982 1312 2012 Exordium.
1341 1999 1379 2005 ———
1407 1982 1533 2017 Quinam
1557 1982 1586 2012 in
1605 1987 1827 2011 conservatores
1845 1981 1899 2024 eli—

1184 2027 1282 2065 gendi.
1304 2043 1343 2048 —
1361 2026 1512 2061 Quaenam
1535 2035 1637 2056 eorum
1657 2026 1768 2056 munia.
1785 2041 1824 2048 —-
1842 2024 1898 2061 Qui

1186 2080 1252 2100 vero
1283 2070 1392 2100 habere
1425 2069 1552 2100 debeant
1579 2075 1826 2100 conservatorem.
1859 2085 1898 2092 -

1184 2114 1350 2144 Clausulae.

1190 2180 1339 2209 Alexander
1359 2181 1501 2216 episcopus
1520 2187 1615 2209 servus
1640 2186 1780 2209 servornm
1797 2179 1852 2213 Dei,

1292 2230 1326 2257 ad
1344 2231 1505 2265 pei-petuam
1534 2229 1575 2258 rei
1596 2227 1762 2257 memoriam.

1194 2292 1276 2334 Quia
1300 2292 1338 2326 de
1375 2291 1662 2333 conservatoribus,
1702 2303 1784 2337 quos
1825 2290 1898 2337 ple—

1148 2353 1281 2388 tumque
1318 2341 1496 2389 Apostolica
1539 2341 1639 2376 Sedes
1674 2353 1712 2375 ex
1747 2347 1899 2375 consueta

1147 2390 1338 2436 benignitate
1359 2391 1516 2435 concedit,
1550 2399 1579 2425 et
1619 2391 1758 2436 ipsorum
1802 2396 1898 2435 pote-

1147 2448 1224 2474 state
1252 2452 1287 2474 a<
1323 2441 1520 2487 processibus
1556 2440 1688 2487 plurima
1718 2437 1899 2474 referuntur

1147 2490 1294 2536 aequitati
1322 2497 1352 2524 et
1375 2489 1548 2525 modestiae
1574 2501 1636 2523 non
1660 2488 1780 2527 amica
1816 2488 1898 2522 circa

1147 2550 1227 2585 quae
1251 2539 1398 2573 festinum
1443 2537 1643 2586 Apostolicae
1683 2536 1899 2584 providentiae

1147 2588 1315 2623 consilium
1344 2588 1491 2623 convenit
1513 2586 1668 2630 adhiberi,
1690 2586 1822 2633 dignum
1843 2585 1900 2620 du-

1183 2656 1222 2692 (1)
1242 2658 1280 2684 Ex
1303 2659 1406 2693 Regest.
1428 2657 1511 2685 Vatic-

1909 275 1957 303 An
1977 275 2011 302 C.
2025 274 2093 303 ¹255

1907 373 1930 390 re
1933 368 2020 395 Ιίςῐοεοι
2048 368 2095 389 sot-

1907 399 1995 420 vendua

1939 1031 2050 1054 clausulae

1944 2297 2065 2322 Exordium}
