2129 3223
44 275 94 303 An.
113 275 141 302 C.
159 275 225 302 ¹¹93

52 818 164 840 Decretum
186 819 222 840 fir-

40 850 118 870 intutis
132 855 170 877 pro
186 856 222 871 au-

40 879 147 906 pudicus,

49 1258 89 1280 Sub
101 1265 221 1281 excommu-

36 1290 148 1313 nic-ttoni·
165 1296 220 1318 poe-

37 1326 63 1341 ne
83 1327 120 1348 pro
142 1321 219 1343 tuobe-

37 1352 153 1375 utentibusz

51 1847 217 1869 Obici-vantibus

35 1883 86 1900 vero
114 1883 167 1906 paee
195 1882 217 1899 et
246 1892 252 1898 .

53 1909 202 1931 benedictione

71 1944 173 1961 concessa

50 2096 163 2118 Coei-suni
177 2095 210 2117 PP

37 2190 59 2209 ot
78 2187 98 2209 S.
119 2186 142 2208 R.
162 2187 212 2209 Eccl

57 2214 194 2236 cardinalium

38 2244 211 2272 subscriptione·-

848 272 1060 296 COELESTtNus
1083 273 1117 295 ΙΙΙ
1140 273 1191 295 Pt‘.

244 329 323 364 licita
351 336 380 364 et
398 328 502 363 illicita
522 339 622 374 usque
644 327 681 362 ad
698 326 812 373 legem
840 335 869 361 et
892 327 992 361 taliter

1685 266 1731 298 95

1080 326 1149 372 Ego
1171 326 1335 363 Romanus
1363 329 1407 364 tit.
1436 328 1468 364 S.
1492 329 1676 365 Anastasiae
1692 342 1782 377 pres-

242 390 300 412 nos
325 378 378 425 qui
400 389 492 423 supra
520 376 726 412 Guimundus
749 376 787 410 de
809 375 913 411 Rocca
930 375 991 410 Ro·
1033 375 1121 412 bvter
1143 376 1228 410 card.

242 438 332 462 mana
359 426 492 481 qualiter
523 425 614 461 nobis
634 436 737 460 actum
761 433 791 460 ct
812 437 988 471 congruum

240 474 317 519 fuit,

239 522 416 559 Theanensi
451 524 602 570 episcopo
637 535 691 570 pro
731 530 817 570 parte
854 530 885 556 et
923 523 989 557 vice

239 581 429 608 memoratae
463 572 624 608 Ecclesiae
658 571 854 607 Theaneusis
885 571 989 606 notifi-

239 633 359 663 cemus,
381 630 412 657 et
433 621 560 656 Petrum
577 621 734 658 notarium
750 621 804 668 qui
820 620 987 655 interfuisti

238 669 376 706 scribere
409 671 596 718 rogavimus.
633 670 753 717 Scripsi
782 681 841 716 ego
874 668 988 703 Petrus

237 720 397 763 notarius,
432 729 462 755 et
496 719 623 754 interfui
646 719 676 753 in
706 719 862 754 territorio
883 718 988 753 Thea-

238 769 339 810 nensi‚
349 769 399 804 ubi
410 768 762 804 diciturVerclanicum.
773 789 818 794 —
828 767 987 802 Decerni-

239 829 308 852 mus
329 829 404 864 ergo
432 826 466 852 ut
495 818 573 852 nulli
601 819 731 852 omnino
755 817 919 851 bominum
948 817 987 851 li-

236 874 304 902 ceat
330 866 498 914 praefatam
521 866 695 901 Ecclesiam
719 874 836 901 temere
863 873 986 912 pertur-

237 914 322 959 bare,
349 916 395 951 vel
423 916 490 951 eius
521 916 737 962 possessiones
770 914 910 957 auferre,
937 915 984 949 vel

236 963 353 999 ablatas
375 965 521 1004 retinere,
543 965 698 1007 minuere,
721 976 776 999 seu
792 963 984 1010 quibuslibet

236 1013 454 1048 vexationibus
476 1014 621 1059 fatigare,
647 1013 701 1049 sed
736 1013 840 1048 omnia
868 1012 984 1047 illibata

235 1069 266 1096 et
287 1062 405 1109 integra
428 1071 653 1098 conserventur
679 1074 802 1099 eorum,
830 1073 886 1108 pro
906 1073 984 1108 quo-

235 1123 304 1146 rum
331 1111 558 1156 gubernatione
580 1120 608 1146 et
630 1111 881 1146 substentatione
907 1122 984 1145 con-

235 1171 322 1195 cessa
345 1169 417 1195 sunt
449 1161 558 1195 usibus
584 1160 777 1195 omnimodis
805 1159 983 1206 profutura,

235 1207 319 1244 salva
351 1209 443 1244 Sedis
481 1209 680 1256 Apostolicae
713 1209 906 1243 auctoritate.
948 1208 981 1242 Si

234 1269 294 1305 qua
316 1258 411 1304 igitur
439 1259 469 1293 in
493 1258 632 1293 futurum
660 1257 888 1297 ecclesiastica,
911 1269 983 1291 sae-

234 1307 386 1342 cularisve
412 1319 543 1353 persona
571 1307 652 1342 hauc
680 1315 803 1341 nostrae
829 1306 983 1340 constitu-

233 1355 329 1390 tionis
352 1356 496 1403 paginam
514 1356 629 1397 sciens,
643 1363 749 1390 contra
773 1367 840 1390 eam
865 1362 982 1389 temere

233 1404 337 1439 venire
360 1405 535 1449 tentaverit,
558 1405 710 1443 secundo,
738 1404 867 1439 tertiove
893 1415 981 1438 com-

231 1454 362 1494 monita,
389 1454 449 1489 nisi
479 1454 767 1500 praesumptionem
791 1464 878 1487 suam
901 1464 981 1487 con-

230 1513 308 1547 grua
342 1502 554 1537 satisfactione
580 1503 762 1540 correxerit,
797 1502 980 1548 potestatis,

230 1549 399 1586 honorisve
425 1552 473 1586 sui
503 1551 656 1606 dignitate
690 1559 805 1594 careat
832 1562 981 1597 reamque

230 1611 263 1633 se
290 1599 396 1635 divino
426 1600 545 1635 iudicio
571 1600 706 1635 existere
729 1600 768 1634 de
801 1607 979 1654 perpetrata

230 1647 393 1695 iniquitate
414 1657 593 1695 cognoscat
615 1657 675 1684 eta
692 1649 891 1683 sanctissimo
905 1648 980 1683 Cor-

230 1708 305 1742 pore
326 1697 384 1732 Dei
412 1706 442 1732 et
471 1698 599 1733 Domini
629 1697 854 1752 Redemptoris
881 1697 978 1732 nostri

230 1745 299 1780 lesu
321 1745 438 1781 Christi
454 1746 554 1782 aliena
577 1747 644 1790 {iat7
671 1755 763 1792 atque
786 1747 815 1780 in
839 1754 979 1781 extremo

231 1795 373 1830 examine
395 1795 553 1830 districtae
575 1795 684 1830 ultioni
702 1795 869 1830 subiaceat.
892 1794 980 1829 Cun-

230 1843 290 1878 ctis
324 1852 428 1879 autem
450 1844 553 1879 eidem
582 1844 651 1879 loco
679 1856 733 1878 sua
757 1844 823 1878 iura
851 1855 980 1878 servan-

231 1891 316 1927 tibus
341 1893 381 1927 sit
404 1905 463 1940 pax
484 1893 613 1927 Domini
638 1893 733 1927 nostri
758 1892 825 1927 lesu
848 1891 979 1936 Christi,

232 1949 388 1996 quatenus
425 1949 455 1976 et
494 1941 544 1976 hic
572 1942 692 1976 fructus
720 1942 819 1976 bonae
848 1942 979 1976 actionis

233 1990 419 2037 percipiant,
452 1998 484 2025 et
516 1990 598 2037 apud
625 1990 802 2025 districtum
838 1989 977 2025 Iudicem

233 2039 370 2086 praemia
396 2046 541 2074 aeternae
562 2039 648 2086 pacis
670 2039 841 2074 inveniant.
865 2039 977 2073 Amen.

281 2088 354 2123 Eeo
380 2087 599 2123 Comsmcs
625 2088 795 2123 catholicae
819 2087 979 2123 Ecclesiae

233 2137 412 2184 episcopus.

274 2185 352 2241 ‘Ego
377 2185 570 2221 Octavianus
597 2184 718 2221 Ostien.
760 2193 788 2219 et
816 2184 978 2220 Vellitren.

233 2234 411 2282 episcopus.

280 2282 348 2330 Ego
372 2282 488 2318 Petrus
516 2282 700 2318 portuensis
726 2282 800 2317 etS
806 2282 980 2319 .Rufinae

232 2332 410 2380 episcopus.

282 2379 351 2428 Ego
377 2379 586 2427 pandulphus
609 2379 755 2415 basilicae
776 2379 833 2415 xtl
848 2381 982 2427 Aposto-

233 2429 335 2464 lorum
363 2429 467 2476 presb.
492 2428 576 2464 card

283 2477 352 2524 Ego
382 2477 516 2514 Ioannes
549 2477 595 2512 tit.
624 2476 658 2511 S
686 2477 860 2513 Clementis
883 2477 980 2518 card.

234 2491 403 2562 Tuscgulan.
433 2527 611 2574 episcopus.

285 2575 352 2622 Ego
373 2575 508 2611 Ioannes
528 2574 616 2611 Felix
644 2573 751 2621 presb
788 2574 871 2610 card.
899 2574 980 2610 tituli

235 2623 269 2659 S.
297 2623 471 2660 Susannae

1080 424 1149 470 Ego
1175 424 1282 461 Guido
1307 427 1468 474 presbyter
1494 427 1662 463 cardinalis
1695 428 1779 464 tituli

357 475 410 523 qui
447 486 541 530 supra
578 474 745 510 venerabili
785 474 862 520 patri
896 473 989 509 Petro
1030 474 1063 509 S.
1087 473 1202 509 Mariae
1223 464 1467 524 Transtybeiim.

1079 523 1146 569 Ego
1185 522 1279 568 Hugo
1319 525 1482 572 presbyter
1519 525 1687 561 cardinalis
1729 526 1777 562 Ss

1030 571 1170 608 Silvestri
1198 580 1229 607 et
1249 572 1372 608 Martini
1397 575 1441 608 tit.
1465 573 1591 620 Equitii.

1077 621 1144 668 Ego
1165 620 1340 668 Gregorius
1359 623 1406 657 tit.
1423 622 1455 658 S
1472 622 1609 658 Mariae
1603 635 1632 657 in
1650 624 1777 659 porticu

1030 670 1192 705 diaconus.

1077 719 1144 766 Ego
1174 717 1347 765 Gregorius
1379 720 1412 754 S.
1455 720 1599 755 Mariae
1594 734 1623 756 in
1659 722 1778 769 Aquiro

1028 747 1122 803 diac?³
1130 768 1214 804 card

1076 818 1144 864 Ego
1175 816 1349 863 Gregorius
1375 818 1408 854 S.
1437 817 1564 865 Georgii
1593 819 1630 853 ad
1663 820 1775 855 ΧεΙιιηι

1028 866 1169 901 Aureum
1197 866 1279 901 diac.
1305 867 1391 902 eard.

1076 915 1143 962 Ego
1176 915 1344 950 Lotharius
1379 915 1430 951 Ss.

1027 964 1107 999 diac.
1135 965 1220 1000 card.

1075 1013 1141 1060 Ego
1162 1013 1309 1048 Nicolaus
1338 1013 1372 1048 S.
1399 1014 1516 1050 Mariae
1538 1015 1568 1049 in
1603 1014 1774 1051 cosmedin

1026 1062 1179 1098 diaconus
1204 1063 1380 1097 cardinalis.

1074 1111 1189 1147 Datum
1225 1111 1370 1146 Laterani
1408 1124 1462 1158 per
1489 1123 1617 1147 manum
1652 1113 1772 1158 AEgidii

1025 1160 1131 1195 Sancti
1159 1160 1278 1195 Nic-olai
1303 1161 1333 1194 in
1357 1160 1491 1195 Carcere
1524 1160 1671 1196 Tulliano
1693 1163 1772 1197 diac.

1024 1209 1204 1250 cardinalis,
1234 1212 1255 1244 5
1280 1209 1405 1244 kalend.
1441 1209 1590 1250 octobris,
1624 1210 1773 1246 indictio·

1025 1270 1063 1293 ue
1074 1270 1135 1298 xii,
1147 1258 1373 1294 incarnationis
1381 1258 1560 1294 dominicae
1573 1263 1680 1294 annot
1696 1262 1772 1304 193,

1466 915 1568 963 Sergii
1600 926 1628 951 et
1659 917 1774 953 Bacchi

1025 1307 1224 1362 pontificatus
1245 1319 1318 1362 vero
1339 1307 1458 1342 domini
1478 1307 1652 1342 Coelestini
1669 1308 1772 1356 Papae

1023 1363 1103 1391 tertii
1133 1368 1216 1391 anno
1238 1364 1339 1391 tertio.

1041 1412 1101 1443 Dat.
1118 1413 1164 1443 die
1186 1413 1224 1443 29
1242 1413 1419 1452 septembris
1437 1422 1513 1443 anno
1532 1412 1646 1444 Domini
1666 1414 1752 1450 1193,

1269 1456 1368 1496 pontis.
1392 1466 1468 1487 anno
1486 1466 1528 1487 ιιι,

1363 1623 1429 1658 XV.

1024 1701 1225 1734 Canoizizatio
1248 1701 1281 1733 S.
1307 1701 1434 1733 Ioannis
1468 1699 1631 1732 Gualberti
1652 1700 1771 1733 abbatis

1069 1757 1093 1782 e!
1120 1740 1304 1782 instituto'fis
1319 1749 1564 1792 eonqreqatiom's
1587 1748 1680 1781 Vallis
1697 1749 1770 1781 Um-

1070 1799 1176 1831 orosae
1187 1798 1405 1831 monachorum
1419 1797 1537 1830 ordinis
1552 1798 1586 1830 S.
1605 1797 1769 1831 Benedicti.

1290 1874 1503 1904 SUMMARIUM

1021 1938 1207 1968 Prooemium.
1227 1954 1264 1958 -—
1290 1941 1311 1966 l.
1333 1936 1512 1975 Supplicatio
1535 1936 1769 1974 congregationis

1060 1981 1150 2011 Vallis
1183 1980 1344 2010 Umbrosae
1377 1989 1427 2019 pro
1459 1980 1619 2010 canonizat.
1652 1979 1768 2009 Ioannis

1061 2025 1210 2055 Gualberti
1233 2025 1298 2054 eius
1322 2024 1407 2063 primi
1426 2024 1550 2054 abbatis
1571 2040 1607 2045 ——
1625 2023 1652 2052 ⁹2.
1676 2023 1767 2053 Cano-

1060 2069 1166 2099 nizatio
1197 2069 1342 2105 eiusdem,
1363 2068 1479 2108 praevia
1508 2068 1595 2097 huius
1617 2067 1767 2097 Pontificis

1060 2114 1258 2144 verificatione
1280 2114 1316 2143 de
1334 2113 1487 2143 sanctitate
1510 2116 1537 2140 et
1553 2110 1712 2140 miraculis.
1730 2127 1769 2132 —

1061 2158 1087 2188 3.
1117 2157 1186 2188 Eius
1214 2157 1353 2187 festivitas
1379 2156 1551 2191 recolenda,
1580 2160 1605 2185 et
1629 2154 1767 2193 suffragia

1060 2202 1250 2241 requirenda,
1273 2211 1358 2240 quem
1383 2201 1483 2240 genuit
1509 2205 1537 2229 et
1558 2199 1679 2228 nutrivit
1704 2200 1767 2237 ipsa

1060 2245 1151 2275 ltalia.
1187 2246 1216 2275 4.
1252 2244 1365 2275 Relatio
1400 2244 1534 2274 miraculi
1567 2243 1602 2272 de
1637 2242 1767 2272 inclinat.

1061 2289 1205 2319 Crucifixi.

1021 2359 1190 2389 Caelestinus
1209 2359 1347 2394 episcopus
1366 2365 1461 2387 servus
1484 2363 1622 2386 set-vorum
1652 2356 1707 2389 net.
1728 2356 1767 2384 din

1066 2409 1145 2437 lectis
1162 2407 1228 2435 filiis
1242 2407 1346 2439 abbati.
1367 2407 1396 2434 et
1408 2406 1550 2435 conventui
1566 2404 1650 2433 Vallis
1658 2404 1769 2433 Umbro==

1066 2465 1122 2490 sae.
1158 2457 1274 2485 satutem
1293 2457 1320 2484 et
1339 2455 1518 2491 apostolicam
1545 2453 1767 2482 benedictionem.

1070 2522 1235 2558 Gloriosus
1256 2522 1342 2557 Deus
1372 2521 1403 2556 in
1437 2520 1554 2556 sanctis
1580 2520 1645 2555 suis
1678 2528 1709 2554 et
1736 2520 1766 2554 in

1023 2572 1184 2607 maiestate
1215 2571 1377 2610 mirabilis,
1404 2570 1566 2604 ministros
1600 2580 1689 2614 suos,
1714 2569 1767 2615 qui

1022 2621 1082 2656 sibi
1104 2620 1255 2656 veraciter
1281 2628 1311 2655 et
1337 2619 1459 2654 sincere
1480 2618 1671 2663 ministrant,
1705 2629 1768 2653 non

1797 275 1845 301 An.
1864 275 1883 302 C
1914 276 1981 302 ¹195

1807 2538 1939 2561 Pron-amium.
