2129 3223
125 306 174 331 An.
188 305 217 332 C.
235 304 303 331 ¹187

162 1297 211 1317 Exci
221 1297 271 1317 lium

151 1987 226 2008 Clades
263 1985 321 2005 chri-

139 2019 213 2039 stianin·
233 2023 243 2036 s
262 2016 321 2036 Sala-

141 2048 321 2073 uin01112123quae

141 2079 324 2100 accuratedescn-

143 2116 207 2131 mur:
225 2115 274 2130 crux
285 2109 324 2128 do-

143 2147 218 2161 miuma

142 2173 236 2198 episcopi
287 2175 324 2190 oc-

144 2209 181 2223 ·isi
204 2208 249 2222 cum
271 2206 325 2221 iem—

144 2234 215 2260 piam:
230 2237 251 2253 et
274 2232 325 2252 hos-

146 2264 254 2292 pitalariis,
272 2267 311 2283 nc.

250 2144 321 2166 capta*

368 291 412 325 50

359 535 447 560 ratur.
459 529 532 559 —2.
543 528 665 558 Peccata
682 527 771 557 multa
791 531 818 556 et
834 526 942 563 ubique
954 527 1061 563 patrata

358 575 393 604 ab
421 574 606 611 hominibus,
632 582 720 602 causa
749 576 816 600 sunt
842 570 996 599 malorum.
1025 583 1065 588 —

359 618 494 649 Hortatur
508 623 609 657 gentes
635 618 669 647 ad
691 616 897 655 poenitentiam
924 618 952 642 et
977 620 1062 651 opera

359 663 483 701 pietatis:
504 679 543 685 —
564 661 673 691 Deinde
691 661 725 690 ad
744 659 851 689 Terrae
869 658 991 688 Sanctae
1013 665 1063 685 re-

359 709 587 746 cuperationem,
612 723 651 728 —
678 705 708 734 ln
731 714 786 744 qua
810 704 922 733 nullum
948 702 1062 730 lucrum

360 751 527 791 temporale,
547 752 598 781 sed
621 752 759 780 honorem
778 748 828 778 Dei
851 755 990 787 quaerere
1009 745 1063 775 de-

358 796 486 827 bent.—
500 796 668 836 Exemplum
695 794 935 825 Machabaeorum
956 799 1063 830 propo-

359 842 402 871 nit
417 841 600 871 imitandum.
615 857 653 862 —
665 839 691 869 3.
704 838 904 875 lndulgentias
917 836 975 865 illis
992 835 1065 864 elar-

359 886 444 924 gitur.
466 903 505 908 —
526 886 553 915 4.
577 885 638 914 Alia
671 883 821 923 privilegia
857 880 998 910 concedit.
1027 896 1066 900 —

360 931 386 959 5.
405 929 525 960 Vitanda
545 928 728 968 praescribit.

321 1014 464 1050 Gregorius
480 1013 621 1049 episcopus
646 1018 738 1040 servus
764 1017 903 1039 servorum
927 1009 983 1041 Dei.
1008 1008 1066 1036 uni·

366 1063 452 1093 versis
471 1062 575 1091 Christi
586 1061 719 1092 fidelibus,
737 1061 771 1088 aii
784 1066 851 1095 quos
866 1059 982 1087 litterae
995 1058 1067 1085 istae

366 1111 549 1150 pervenerint.
576 1109 696 1138 satutem
724 1110 754 1137 et
784 1107 963 1143 apostoticam
990 1106 1066 1134 bene·

365 1162 520 1191 dictionem.

370 1238 385 1278 g
406 1236 437 1267 l.
456 1231 572 1267 Audita
595 1228 749 1265 tremendi
763 1228 927 1263 severitate
949 1226 1068 1265 iudicii,

322 1283 407 1332 quod
450 1293 544 1328 super
584 1289 697 1316 terram
736 1278 930 1314 Hierusalem
967 1277 1069 1311 divina

324 1345 436 1368 manus
457 1330 608 1375 exercuit,
633 1338 718 1364 tanto
739 1340 850 1363 sumus
872 1339 928 1362 uos
953 1335 982 1362 et
1009 1326 1069 1361 sra-

323 1393 386 1418 tres
407 1381 505 1417 nostri
527 1380 658 1415 horrore
679 1377 814 1417 confusi,
841 1377 996 1423 tantisque
1029 1375 1071 1410 af-

325 1432 398 1467 tlicti
420 1429 593 1469 doloribus.
615 1436 650 1463 ut
677 1440 740 1461 non
768 1427 855 1461 facile
895 1426 986 1461 nobis
1016 1437 1071 1460 oc-

325 1488 476 1521 curreret,
516 1478 591 1526 quid
627 1489 730 1523 agere,
762 1485 814 1511 aut
852 1475 926 1523 quid
971 1476 1071 1510 facere

327 1531 525 1573 deberemus,
543 1528 604 1563 nisi
630 1526 713 1574 quod
740 1526 905 1561 Psalmisia
932 1525 1073 1572 deplorat

328 1590 357 1614 et
384 1579 471 1615 dicit:
498 1578 598 1621 Deus,
621 1585 776 1610 venerunt
794 1584 905 1622 gentes
928 1575 957 1609 in
996 1575 1072 1609 hae-

329 1629 492 1664 reditatem
515 1636 612 1671 tuam,
626 1626 908 1672 coinquinaverunt
924 1624 1072 1671 templum

330 1687 470 1714 sanctum
498 1686 600 1711 tuum:
633 1684 807 1722 posuerunt
840 1674 1007 1709 Ierusalem
1044 1674 1074 1707 in

331 1740 497 1776 pomorum
530 1726 727 1761 custodiam:
756 1737 866 1759 carnes
896 1732 1073 1759 sanctorum

332 1788 457 1813 tuorum
480 1776 589 1811 bestiis
610 1784 710 1809 terrae
736 1783 765 1808 et
787 1786 872 1809 escas
899 1772 1076 1807 volatilibus

333 1828 408 1862 coeli
425 1828 542 1869 eec.t‘l);
557 1837 593 1859 ex
606 1824 768 1858 occasione
783 1825 899 1871 qnippe
912 1823 1076 1857 dissensio·

334 1879 394 1917 nis,
413 1887 494 1923 quae
504 1874 620 1909 malitia
634 1873 799 1907 hominum
818 1886 853 1907 ex
877 1872 1078 1918 suggestione

334 1926 449 1961 diaboli
473 1926 551 1960 sacta
573 1932 618 1957 est
642 1935 742 1968 nuper
766 1924 793 1956 in
824 1933 915 1965 terra,
949 1921 1078 1955 accessit

335 1975 504 2010 Saladinus
537 1985 609 2007 cum
644 1972 847 2006 multitudine
888 1980 1077 2005 armatorum

337 2026 373 2060 ad
398 2032 501 2072 partes
528 2023 607 2060 illas,
630 2029 659 2054 et
684 2021 921 2055 occurrentibus
935 2020 980 2054 eis
998 2030 1079 2064 rege,

337 2085 366 2110 et
393 2073 562 2121 episcopis,
584 2081 612 2106 et
627 2071 798 2118 templariis
816 2079 846 2104 et
862 2069 1080 2116 hospitalariiS,

340 2123 508 2158 baronibus
524 2134 559 2156 ac
572 2119 726 2155 militibus
748 2133 818 2153 cum
837 2119 953 2166 populo
973 2128 1081 2156 terrae,

339 2184 367 2209 et
390 2184 483 2207 cruce
511 2170 666 2205 dominica
705 2175 772 2216 (per
804 2181 896 2216 quarn
938 2181 973 2202 ex
1017 2179 1083 2200 me-

341 2224 439 2258 moria
461 2230 490 2256 et
514 2219 669 2268 passionis
689 2219 805 2253 Christi
840 2218 912 2256 lide,
941 2217 993 2264 qui
1029 2228 1084 2262 pe-

343 2272 460 2321 pendit,
507 2278 536 2305 ct
577 2281 676 2315 genus
718 2269 890 2302 humanum
933 2266 1083 2304 redemit,

341 2330 460 2358 certum
483 2320 603 2355 solebat
629 2330 698 2353 esse
730 2326 882 2357 tutamen,
914 2325 944 2350 et
979 2323 1085 2349 contra

344 2383 535 2420 paganorum
565 2370 709 2403 incursus
730 2366 902 2402 desiderata
923 2365 1086 2404 defensio),

345 2424 422 2456 fasslss
445 2419 668 2466 congressione
694 2418 774 2452 llltes
800 2429 853 2451 eOS
879 2424 908 2450 el
943 2421 1086 2461 superasti}

347 2480 430 2516 parte
453 2479 645 2509 nostrorum,
667 2476 755 2514 capta
786 2475 830 2500 cst
864 2477 939 2499 crux
985 2463 1088 2497 domi-

347 2521 429 2560 nica,
451 2519 592 2554 trucidati
620 2517 772 2565 episcopi,
791 2523 899 2562 captus
917 2523 960 2548 est
980 2526 1044 2554 rex,
1060 2521 1088 2546 et

349 2570 484 2603 universi
509 2569 571 2604 l'ere
604 2576 655 2602 aut
678 2566 772 2601 occisi
806 2564 921 2610 gladio,
954 2572 1005 2598 aut
1034 2562 1091 2596 ho-

349 2618 449 2653 stibus
489 2618 633 2652 manibus
667 2615 867 2663 deprehensi,
907 2614 981 2648 itaut
1016 2623 1091 2659 pau-

385 2687 423 2721 μ)
441 2684 533 2711 Psalm,
547 2685 589 2710 75.

909 290 1095 316 nummum
1121 288 1283 313 Romnum!

358 354 460 393 plariis
478 358 505 382 et
523 349 732 391 hospitalariis,
749 352 798 378 etc.
813 364 853 370 —
869 346 941 386 Spes
959 346 988 376 in
1004 344 1061 374 Deo

359 407 474 437 semper
492 395 635 425 habenda.
650 411 689 417 —
707 393 889 423 Hierusalem
913 390 1062 425 sanctium,

360 444 387 472 in
415 451 470 481 qua
503 440 661 480 prophetae
690 438 790 478 prius,
813 435 937 477 apostoli
957 434 1062 464 deinde

361 486 538 525 praedicant,
554 490 580 514 et
602 483 622 513 l.
644 483 673 513 C.
697 483 820 513 salutem
844 486 971 511 nostram
994 487 1064 517 ope-

1102 342 1219 378 cissimi
1243 340 1423 390 perfugam
1457 339 1601 375 dicantur
1634 337 1743 385 elapsi:
1785 336 1843 383 ipsi

1103 404 1229 440 quoque
1262 390 1414 438 templarii
1436 399 1467 425 et
1496 389 1687 436 hospitalarii
1719 387 1748 421 in
1777 387 1846 420 eius

1103 442 1204 477 oculis
1224 440 1382 476 decollati.
1403 439 1556 486 Superato
1578 445 1682 472 autem
1696 437 1846 477 exercitu,

1103 491 1236 538 qualiter
1257 489 1486 536 subsequenter
1512 488 1678 522 invaserint
1694 495 1723 520 et
1739 497 1847 531 rapue-

1104 542 1166 575 rint
1192 541 1345 579 universa,
1372 539 1412 573 ita
1436 546 1469 572 ut
1490 538 1616 572 nonnisi
1650 547 1744 582 pauca
1781 535 1845 569 loca

1105 589 1290 625 remansisse
1316 588 1471 631 dicantur,
1491 598 1572 633 quae
1594 587 1626 620 in
1651 596 1759 619 eorum
1783 595 1845 618 non

1104 639 1287 674 devenerint
1332 644 1536 685 potestatem,
1584 647 1645 670 nou
1688 633 1847 669 credimus

1105 689 1219 723 nostris
1245 687 1356 722 litteris
1381 685 1611 732 explicandum.
1646 683 1710 718 Nos
1742 691 1846 718 autem

1106 738 1177 773 licet
1217 749 1288 772 cum
1326 735 1482 782 Propheta
1523 734 1626 768 dicere
1665 732 1845 767 habeamus:

1105 788 1186 830 Quis
1220 787 1271 821 det
1306 785 1400 832 capiti
1440 796 1509 818 meo
1537 795 1661 830 aquam,
1688 791 1719 816 et
1750 781 1848 816 oculis

1106 837 1185 872 meis
1219 836 1336 871 fontem
1371 833 1612 881 lachrymarum,
1649 840 1680 866 et
1720 829 1848 878 plorabo

1108 895 1197 921 nocte
1221 897 1256 920 ac
1280 884 1330 919 die
1352 883 1532 918 interfectos
1566 881 1672 929 populi
1700 880 1760 914 mei
1775 882 1789 913 ‘3
1805 881 1848 924 (2)

1106 935 1174 970 Non
1215 944 1318 970 tamen
1359 933 1437 968 adeo
1471 932 1606 967 deiicere
1646 942 1703 965 uos
1745 929 1849 964 debe—

1107 1034 1272 1069 credamus
1297 1033 1399 1067 Deum
1427 1032 1469 1066 ita
1501 1030 1620 1078 populo
1652 1030 1778 1066 iratum,
1818 1036 1850 1062 ut

1107 1084 1191 1131 quod
1225 1082 1444 1118 communium
1478 1080 1610 1115 faciente
1650 1077 1850 1113 multitudine

1109 1141 1307 1180 peccatorum
1331 1131 1396 1166 fieri
1419 1130 1560 1177 permisit
1582 1129 1690 1169 iratus,
1713 1139 1774 1162 non
1789 1127 1851 1162 cito

1109 1194 1164 1229 per
1197 1179 1444 1216 misericordiam
1489 1179 1680 1226 poenitentia
1712 1177 1852 1224 placatus

1109 1231 1243 1270 alleviet,
1265 1239 1295 1265 et
1313 1237 1383 1277 post
1396 1227 1673 1275 lachrymationem
1690 1235 1721 1262 et
1743 1226 1851 1261 fletum

1110 1280 1333 1315 exultationem
1359 1277 1495 1313 inducat.

1158 1329 1313 1376 Quisquis
1339 1339 1414 1363 sane
1440 1327 1470 1361 in
1492 1334 1576 1362 tanta
1615 1324 1744 1373 lugendi
1785 1337 1853 1359 ma-

1112 1380 1199 1418 teria,
1221 1379 1246 1413 si
1269 1390 1330 1412 non
1353 1387 1497 1424 corpore,
1518 1377 1626 1411 saltem
1663 1374 1758 1411 corde
1790 1385 1853 1408 non

1113 1428 1210 1474 luget,
1234 1440 1298 1462 non
1321 1434 1442 1468 tanturn
1466 1425 1538 1460 lidei
1553 1425 1753 1464 christianae,
1774 1435 1854 1470 quae

1112 1489 1183 1512 cum
1205 1476 1352 1512 omnibus
1377 1474 1556 1510 dolentibus
1578 1475 1669 1510 docet
1695 1485 1764 1509 esse
1795 1472 1856 1507 do-

1114 1526 1267 1567 tendum,
1313 1524 1369 1560 sed
1414 1524 1514 1572 ipsius
1561 1532 1608 1559 est
1656 1523 1856 1558 humanitatis

1114 1584 1240 1612 nostrae
1273 1575 1399 1610 oblitus:
1440 1586 1513 1608 cum
1544 1586 1581 1609 ex
1618 1575 1686 1620 ipsa
1724 1571 1856 1620 periculi

1115 1625 1331 1672 magnitudine
1357 1635 1392 1658 ac
1427 1623 1545 1658 feritate
1578 1623 1737 1658 barbarica
1775 1621 1857 1656 chri-

1115 1676 1286 1710 stianorum
1309 1673 1495 1719 sanguinem
1526 1674 1660 1716 sitiente,
1693 1684 1728 1707 ac
1763 1680 1858 1706 totam

1116 1737 1202 1760 suam
1223 1726 1253 1758 in
1278 1724 1334 1758 hac
1355 1731 1532 1769 apponente
1554 1724 1710 1765 virtutem,
1739 1731 1770 1756 ut
1793 1733 1858 1768 pro·

1118 1775 1221 1808 sanare
1242 1780 1347 1808 sancta
1373 1780 1403 1806 et
1425 1772 1548 1807 titulum
1571 1771 1627 1806 Dei
1656 1771 1775 1806 valeant
1808 1783 1860 1804 au-

1120 1824 1196 1858 t‘erre
1218 1823 1256 1858 de
1272 1831 1363 1861 terra,
1378 1822 1460 1869 quod
1476 1834 1532 1856 nos
1545 1831 1694 1865 tacemus,
1707 1821 1861 1855 discretus

1119 1874 1249 1919 quisque
1274 1872 1372 1906 valeat
1393 1872 1568 1906 aestimare.

1169 1923 1251 1956 Sane
1272 1934 1344 1956 curn
1368 1922 1536 1968 prophetae
1560 1929 1624 1955 toto
1647 1920 1733 1967 prius
1758 1917 1862 1952 studio
1902 1926 2033 1965 uirtus-iem

1832 2017 1838 2022 ⁴
1876 1964 2058 2020 zinzcuiiigiihetue

1877 2025 1942 2058 prius,
1969 2020 2058 2055 apostoli

1123 2080 1203 2105 terra
1226 2071 1287 2114 itta,
1308 2079 1338 2104 et
1370 2068 1407 2102 ad
1446 2069 1549 2103 omnia
1583 2068 1705 2103 climata
1753 2066 1862 2101 mundi
1877 2051 2057 2109 fflif‘ef'iid'c.

1877 2116 1965 2136 satutem

1878 2151 1942 2168 stram
1952 2147 2059 2172 operatur.

1121 1972 1350 2009 laboraverunt,
1372 1970 1569 2017 postmodum
1599 1968 1728 2017 apostoli
1757 1977 1785 2003 ct
1813 1979 1864 2003 se-

1121 2033 1236 2068 quaces
1253 2032 1375 2063 eorum,
1402 2028 1433 2053 ut
1459 2019 1585 2054 divinus
1605 2019 1706 2054 cultus
1727 2026 1810 2052 esset
1832 2029 1862 2051 in

1123 2133 1159 2154 ox
1182 2132 1216 2154 ea
1246 2120 1408 2161 ‹lellueret⁷
1447 2119 1554 2157 immo,
1581 2118 1664 2165 quod
1694 2117 1862 2152 maximum

1124 2179 1153 2204 et
1183 2168 1338 2203 ineffabile
1360 2176 1418 2212 est,
1444 2167 1542 2212 Deus,
1564 2168 1618 2214 qui
1639 2166 1734 2202 voluit
1764 2165 1865 2200 incar-

1126 2219 1202 2257 nari,
1231 2230 1286 2264 per
1311 2229 1404 2264 quem
1433 2218 1509 2251 sacta
1527 2226 1599 2251 sunt
1625 2217 1778 2259 universa,
1811 2227 1866 2262 per

1127 2267 1312 2302 iucll'abilem
1335 2267 1518 2312 sapientiam
1541 2275 1569 2300 et
1597 2264 1868 2312 incomprehensi-

1128 2317 1218 2351 bilem
1243 2315 1488 2351 misericordiam
1513 2328 1614 2360 suam,
1630 2327 1686 2362 per
1704 2314 1870 2349 infirmita-

1128 2376 1189 2401 tem
1207 2366 1321 2409 carnis,
1330 2366 1483 2406 esuriens,
1497 2366 1726 2409 sitim,crucem
1740 2372 1770 2399 et
1783 2375 1870 2398 mor-

1129 2424 1190 2450 tem
1209 2424 1239 2451 et
1261 2416 1534 2456 resurrectionem,
1565 2414 1697 2449 salutem
1733 2421 1870 2448 nostram

1130 2466 1170 2499 ibi
1193 2465 1288 2500 voluit
1315 2465 1449 2512 operari⁷
1465 2465 1547 2499 iuxta
1561 2462 1645 2511 quod
1664 2462 1870 2504 dicitur:Qui

1131 2523 1276 2562 operatus
1298 2524 1343 2550 est
1365 2514 1495 2550 salutem
1516 2514 1548 2548 in
1578 2513 1680 2548 medio
1694 2521 1795 2548 terrae
1816 2515 1871 2555 (2);

1132 2577 1186 2612 per
1207 2578 1240 2599 se
1262 2565 1364 2612 ipsum
1386 2564 1423 2599 ad
1447 2564 1504 2598 hoc
1531 2562 1678 2608 dignatus
1712 2571 1759 2597 est
1787 2561 1874 2596 labo-

1133 2626 1210 2652 rare,
1238 2626 1296 2648 nec
1319 2615 1425 2659 lingua
1446 2613 1561 2653 dicere,
1585 2624 1641 2647 nec
1663 2623 1775 2647 sensus
1787 2610 1874 2657 cogi·

1169 2677 1207 2711 (l)
1223 2677 1316 2703 lerem.
1335 2684 1374 2703 ix.
1412 2676 1451 2710 (ἓ)
1467 2673 1561 2702 Psalm.
1583 2674 1625 2700 73.

1858 280 1906 308 Au.
1925 279 1952 306 C.
1973 279 2038 309 ¹187

1874 941 1927 968 Spes
1951 942 1971 961 iu
1999 940 2042 961 Deo

1863 977 1946 999 semper
1963 971 2043 991 liaben—

1091 997 1188 1029 ·rnus,
1211 993 1243 1019 ut
1286 984 1316 1018 in
1355 981 1560 1017 diffidentiam
1588 979 1782 1022 decidamus,
1819 987 1848 1012 et
1878 1011 1895 1023 ,-
