2129 3223
43 243 94 273 Απ.
107 244 137 272 C.
157 244 222 272 ΗΜ

237 303 390 349 gatorium
414 303 623 343 nominantes,
646 303 812 348 volumus,
839 306 922 353 quod
946 306 984 340 de

838 252 1050 275 leocm'Ttus
1081 252 1115 274 lV
1136 253 1182 275 ΡΙ).

1654 245 1722 278 587,

1074 305 1190 341 Datum
1206 306 1362 351 Laterani,
1386 309 1525 345 secundo
1540 320 1640 345 nonas
1657 310 1771 349 martii,

1788 254 1837 280 Αη.
1852 254 1871 280 C
1906 253 1969 280 ¹25³

237 361 360 388 caetero
387 352 467 399 apud
498 353 583 399 ipsos
610 352 669 388 isto
692 354 818 389 nomine
844 356 984 402 appelle-
1026 354 1228 401 pontificatus
1251 357 1347 391 nostri
1375 370 1457 393 anno
1484 358 1661 394 undecimo.

238 409 296 437 tur.
333 400 389 436 Illo
426 401 509 436 enim
546 402 722 437 transitorio
750 403 822 449 igne
857 413 979 450 peccata

237 452 359 497 utique.
386 462 447 485 non
473 458 575 486 tamen
604 451 794 495 criminalia,
816 465 870 487 seu
894 454 981 501 capi-

235 498 322 543 talia,
356 511 437 555 quae
470 500 554 546 prius
583 512 638 547 per
668 502 893 547 poenitentiam
918 515 978 537 non

234 548 321 584 suere
343 560 489 592 remissa,
516 549 570 584 sed
595 561 685 596 parva
709 559 737 584 et
759 551 879 586 minuta
904 564 981 598 pur-

232 606 358 643 gantur,
379 610 461 645 quae
484 606 552 644 post
574 606 705 633 mortem
729 600 820 634 etiam
840 609 979 645 gravant,

232 647 256 681 si
283 647 312 681 in
341 647 399 682 vita
422 646 548 682 fuerunt
570 648 714 682 relaxata.

280 700 295 740 ξ
320 695 418 731 19.ὃί
433 697 504 744 quis
522 705 625 731 autem
648 697 767 744 absque
788 698 977 742 poenitentia

56 750 191 773 ”elatem-
231 745 260 779 in
295 753 422 791 peccato
445 746 566 780 mortali
594 746 730 786 decedit,
765 747 814 780 liic
849 747 977 792 procul-

229 794 325 829 dubio
352 803 497 829 aeternae
530 796 692 841 gehennae
718 795 883 830 ardoribus
905 809 977 843 per-

230 853 324 889 petuo
346 845 513 878 cruciatur.

276 896 291 937 §
317 895 374 928 ΞΟ.
402 892 534 928 Animae
560 904 632 927 vero
656 894 878 940 parvulorum„
909 903 976 939 post

45 939 213 992 2³3¹:ssssssthss
228 941 372 987 baptismi
396 942 564 981 lavacrum,
587 949 617 976 et
638 941 815 977 adultorum
835 944 927 977 etiam
945 944 974 978 in

31 976 44 998 Ρ
227 991 375 1026 rliaritate
396 990 617 1026 decedentium
631 1019 638 1031 ,
663 992 715 1038 qui
745 1004 803 1027 nec
826 1000 953 1038 peccato
968 1021 975 1032 ,

227 1052 284 1075 nec
317 1039 355 1075 ad
385 1040 631 1076 satisfactionem
664 1040 801 1086 aliquam
828 1053 883 1088 pro
907 1042 975 1087 ipso

224 1096 382 1130 tenentur,
405 1089 442 1124 ad
466 1089 596 1136 patriam
621 1090 764 1136 protinus
783 1090 975 1125 transvolant

223 1138 460 1185 sempiternam.

271 1190 361 1231 521.
384 1186 609 1222 Ordinationes
629 1187 757 1221 demum
781 1195 812 1221 et
832 1188 972 1222 instituta

40 1236 210 1259 ¹¹²V³⁸fl¹¹¹⁰¹¹··
224 1237 377 1282 regularia
405 1244 585 1271 sanctorum
618 1235 747 1271 Patrum
785 1236 824 1271 de
853 1236 911 1271 rita
943 1244 973 1271 et

27 1269 86 1289 ‘¹¹⁰²'
223 1291 303 1319 statu
331 1285 571 1325 monachorum,
603 1285 815 1332 praecipimus
841 1285 880 1320 ab
910 1285 972 1319 ab-

223 1332 348 1369 batibus
371 1342 401 1370 et
428 1334 591 1369 monacbis
608 1335 728 1380 graecis
753 1334 973 1370 inviolabiliter

222 1381 390 1418 observari.

270 1431 505 1467 Frater-nitatem
551 1432 654 1479 itaque
689 1440 772 1466 tuam
809 1432 970 1466 lior-tamur

219 1489 347 1520 attente,
376 1493 431 1528 per
455 1481 625 1528 apostolica
654 1481 707 1515 tibi
735 1481 849 1527 scripta
873 1493 968 1515 man—-

219 1528 350 1573 dantes,
384 1538 540 1577 quatenus
574 1530 743 1575 praemissa
773 1530 875 1564 omnia
901 1530 970 1576 epi-

218 1579 324 1626 seopis
354 1580 473 1625 graecis
495 1579 624 1626 praefati
647 1579 747 1625 regni,
774 1579 914 1613 seriatim
938 1587 967 1613 et

218 1627 385 1674 diligenter
417 1628 530 1675 exponi
566 1627 680 1667 facias,
715 1628 856 1663 districte
891 1628 967 1674 ipsis

219 1677 397 1723 iniungens,
425 1687 457 1712 ut
481 1689 514 1712 ea
543 1676 678 1712 sollicite
700 1677 872 1715 attendere,
901 1685 967 1711 stu-

218 1725 306 1761 diose
327 1734 445 1770 tenere,
467 1738 503 1761 ac
524 1726 690 1760 efficaciter
710 1726 876 1760 observare
899 1738 967 1772 pro-

217 1783 340 1816 curent,
357 1783 387 1810 et
403 1788 418 1809 a
433 1776 499 1810 suis
513 1774 625 1809 faciant
640 1775 774 1810 subditis
796 1775 965 1809 observari.

21 1821 64 1874 ‘fi‘
76 1823 204 1875 ιβ”ξξΠῩ-
217 1821 400 1859 Memor-atis
416 1832 517 1858 autem
537 1823 773 1870 archiepiscopo
795 1823 966 1867 Nicosicn.,

22 1859 121 1905 iniiam
159 1860 204 1875 Μ’
217 1880 248 1907 et
274 1873 341 1907 eius
362 1872 568 1919 suffraganeis
604 1872 727 1913 latinis,
750 1872 880 1907 firmiter
903 1885 965 1907 au-

217 1922 359 1957 ctoritate
398 1931 502 1957 nostra
543 1921 728 1967 praecipiaS,
765 1929 796 1955 ut
835 1921 964 1956 eosdem

215 1969 356 2006 Graecos
378 1982 473 2016 super
501 1970 684 2017 praemissis
718 1978 824 2004 contra
855 1970 965 2004 liuius-

217 2023 300 2058 modi
328 2023 539 2071 provisionem
562 2032 593 2058 et
616 2023 876 2059 deliberationem
909 2036 965 2058 no-

215 2085 323 2118 stram,
358 2089 421 2111 non
457 2076 633 2124 inquietent
663 2077 880 2124 aliquatenus,
908 2089 965 2112 nec

216 2129 394 2170 molestent,
417 2131 673 2174 contradictores,
700 2130 808 2165 eadem
831 2132 966 2166 auctori-

216 2193 287 2221 tate.
300 2183 509 2230 appellatione
523 2185 709 2230 postposita,
721 2185 963 2232 compescendo.

263 2236 333 2272 Non
361 2236 558 2271 obstantibus
574 2237 598 2271 si
617 2237 784 2282 praedictis
807 2237 963 2285 archiepi-

20 2288 203 2342 ,ῗ””ζ.“ζ“ῑ“’““·
215 2302 312 2337 scopo
338 2298 370 2326 et
400 2289 618 2336 suffraganeis,
643 2290 688 2325 vel
712 2291 964 2338 quibuscumque

46 2325 110 2347 “a''
215 2355 232 2378 a
265 2342 348 2378 Sede
383 2343 563 2390 Apostolica
603 2344 640 2377 sit
670 2343 845 2388 indultum,
878 2344 962 2391 quod

217 2396 371 2438 interdici,
399 2396 577 2444 suspendi,
615 2397 659 2431 vel
695 2397 964 2432 excommunicari

217 2462 280 2484 non
306 2450 428 2498 possint
451 2463 505 2497 per
532 2450 649 2484 litteras
681 2451 869 2496 apostolicas
896 2451 965 2498 ple-

218 2515 288 2538 nam
310 2512 340 2538 et
362 2515 563 2550 expressam,
590 2515 625 2537 ac
652 2502 691 2536 de
714 2503 807 2538 verbo
830 2503 867 2538 ad
892 2516 964 2539 ver-

218 2557 291 2591 bum
315 2568 376 2591 non
397 2557 548 2592 facientes
570 2556 609 2590 de
633 2555 755 2590 indulto
781 2556 961 2592 huiusmodi

218 2610 407 2647 mentionem

1062 416 1122 447 Dat.
1143 417 1190 446 die
1208 417 1225 446 6
1248 419 1343 448 martii
1367 419 1449 456 1254,
1472 420 1574 460 pontit.
1597 429 1673 450 anno
1694 429 1731 450 xi.

1319 558 1460 594 XXXVI.

1025 629 1116 669 Quod
1132 631 1326 675 inquisitores
1343 633 1510 667 haereticae
1529 635 1691 678 pravitatis
1702 648 1767 681 pos-

1068 680 1128 711 sint
1155 681 1350 724 interpretari
1374 689 1489 716 statuta
1516 685 1713 718 ecclesiastiea
1739 694 1766 719 et

1068 729 1238 763 saecularia
1264 738 1372 764 contra
1394 732 1557 765 haereticos
1569 734 1660 766 edita.
1690 735 1766 767 Eos-

1068 790 1135 821 que,
1165 779 1255 823 filios,
1285 791 1321 813 ac
1347 787 1477 824 nepotes,
1506 788 1532 814 et
1559 782 1765 821 adhaerentes,

1067 835 1120 859 atet
1139 829 1273 872 ipsorum
1295 840 1405 872 opera,
1440 830 1593 875 beneficia,
1615 838 1641 863 et
1663 831 1765 876 officia

1067 884 1263 921 assequentes,
1292 879 1354 911 iltis
1372 879 1507 922 privare.
1539 879 1688 923 Quodque
1711 893 1764 914 ac-

1065 933 1239 958 cusatorum
1265 934 1291 958 et
1321 928 1438 960 testium
1460 930 1585 962 nomina
1608 929 1765 972 publicare

1065 986 1127 1008 non
1148 975 1284 1009 debeant.

1296 1048 1509 1080 SUMMARIUM

1018 1113 1042 1141 l.
1057 1112 1192 1143 Facultas
1212 1115 1422 1150 interpretandi
1448 1120 1553 1145 statuta
1575 1122 1674 1147 contra
1694 1117 1764 1147 hae-

1055 1156 1170 1186 reticos.
1189 1174 1227 1179 —
1245 1157 1272 1187 2.
1290 1157 1372 1196 Ipsos
1391 1163 1499 1195 autem,
1517 1161 1764 1198 consanguineos,

1055 1200 1158 1230 officiis
1182 1206 1209 1230 et
1232 1201 1385 1232 beneficiis
1406 1203 1549 1241 privandi.
1577 1220 1614 1226 —
1639 1205 1667 1234 4.
1689 1203 1764 1234 Con-

1055 1245 1223 1274 testantium
1246 1251 1342 1274 autem
1367 1251 1466 1276 contra
1490 1256 1540 1277 eos
1564 1249 1681 1277 nomina
1705 1258 1763 1277 non

1054 1287 1240 1326 publicanda.

1012 1361 1184 1391 Innocentius
1203 1363 1342 1398 episcopus
1362 1371 1456 1392 servus
1475 1372 1613 1395 servorum
1632 1366 1690 1400 Dat.
1723 1368 1763 1395 dt-

1054 1411 1137 1440 lectis
1154 1411 1219 1439 tiliis
1237 1411 1376 1440 fratribus
1398 1413 1502 1441 ordinis
1531 1409 1762 1448 rraoaicatorum.

1054 1459 1263 1495 inquisitoribus
1281 1460 1436 1489 haereticae
1453 1462 1616 1497 pravitatis.
1643 1464 1763 1493 salutem

1054 1509 1084 1536 et
1107 1508 1285 1543 apostolicam
1301 1509 1524 1539 benedictionem.

1058 1585 1073 1622 g·
1093 1581 1122 1613 l.
1145 1578 1227 1614 Cum
1251 1581 1413 1625 negotium
1428 1581 1682 1619 fideicatliolicae
1702 1584 1759 1619 ad·
1787 1589 1957 1626 f³⁰¹¹¹²2=51¹³¹ev

1010 1640 1115 1663 iersus
1138 1628 1311 1664 baereticae
1330 1631 1490 1676 pravitatis
1512 1644 1646 1673 errores,
1669 1633 1757 1668 vobis
1771 1622 1956 1672 ῗζιῖἷζῖἓῗξᾹ-ιζ

1009 1686 1042 1711 ut
1070 1685 1167 1711 vestra
1198 1677 1362 1724 prudentia
1399 1679 1611 1725 deprehendat
1644 1683 1756 1730 vulpe·
1770 1684 1856 1702 *Μοῖ-

1008 1726 1093 1760 culus
1119 1726 1325 1761 demolientes
1358 1728 1478 1762 vineam
1515 1729 1662 1775 Domini,
1696 1732 1755 1766 sub

1008 1784 1090 1809 certa
1118 1775 1214 1809 forma
1242 1788 1298 1822 per
1330 1776 1406 1811 alias
1429 1777 1546 1813 litteras
1571 1779 1754 1815 duxerimus

1008 1825 1281 1864 committendum,
1315 1833 1349 1859 ut
1380 1827 1584 1863 commissum
1607 1829 1695 1864 vobis
1715 1829 1755 1864 ab

1007 1873 1189 1919 Apostolica
1205 1874 1287 1908 Sede
1310 1883 1370 1909 tam
1393 1875 1519 1911 salubre
1540 1889 1576 1912 ac
1595 1878 1670 1913 utile
1699 1879 1756 1913 mi-

1009 1923 1172 1957 nisterium
1219 1924 1332 1970 exequi
1379 1924 1509 1960 liberius
1542 1938 1576 1961 ac
1608 1939 1755 1963 exercere

1010 1972 1136 2017 possitis
1164 1972 1337 2017 efficacius,
1366 1973 1395 2007 in
1424 1974 1482 2008 liae
1516 1985 1619 2022 parte⁷
1655 1977 1753 2011 inter-

1008 2020 1149 2066 pretandi
1177 2029 1289 2057 statuta
1324 2022 1534 2059 ecclesiastica
1566 2033 1596 2059 et
1618 2026 1754 2060 saecula-

1007 2070 1049 2104 ria
1073 2079 1179 2104 contra
1203 2071 1375 2106 haereticos
1398 2072 1490 2113 edita;

1055 2123 1070 2162 ξ
1092 2123 1124 2153 2.
1148 2119 1186 2153 Et
1209 2120 1435 2155 baereticorum
1460 2122 1539 2158 [ilios
1559 2133 1589 2157 et
1611 2131 1751 2169 nepotes,
1780 2125 1840 2153 ¹1²⁵0⁵
1867 2129 1949 2176 ‘'3¹:¹32-

1007 2167 1203 2204 credentium
1230 2181 1369 2216 quoque⁷
1398 2170 1568 2215 fautorum,
1602 2161 1951 2207 defenso-fficiiififlenol

1009 2230 1076 2250 rum
1105 2226 1135 2252 et
1170 2227 1400 2265 receptatorum
1428 2219 1586 2265 ipsorum,
1615 2217 1936 2267 dignita-'³'‘'“³¹'‘¹'²¹²‘liv

1008 2265 1102 2310 tibus,
1125 2267 1358 2313 personatibus.
1379 2276 1408 2303 et
1431 2268 1607 2304 bonoribus
1627 2270 1753 2316 quibus-

1007 2327 1163 2361 cumque,
1202 2328 1237 2350 ac
1274 2316 1434 2352 beneficiis
1469 2319 1692 2354 ecclesiasticis
1724 2327 1752 2353 et

1007 2363 1142 2411 publicis
1164 2364 1284 2406 officiis;

1056 2417 1070 2455 ξ
1098 2416 1130 2447 5.
1161 2413 1233 2447 Illos
1251 2415 1343 2448 etiam
1363 2415 1414 2461 qui
1440 2415 1679 2461 baereticorum,
1706 2418 1752 2452 vel

1007 2462 1137 2496 aliorum
1163 2463 1390 2509 praedictorum
1415 2465 1603 2506 interventu,
1626 2467 1753 2505 iutuitu.

1008 2511 1053 2545 rel
1076 2512 1185 2557 gratia,
1210 2512 1279 2547 talia
1301 2522 1372 2548 sunt
1395 2513 1512 2559 adepti,
1535 2515 1581 2548 vel
1606 2515 1636 2549 in
1655 2523 1753 2562 poste-

1007 2573 1075 2594 rum
1099 2570 1317 2608 assequentur,
1346 2563 1488 2609 privandi
1511 2563 1693 2600 huiusmodi
1710 2565 1755 2600 di-

1006 2609 1194 2657 gnitatibus,
1224 2610 1461 2655 personatibus,
1488 2612 1672 2657 honoribus,
1698 2613 1755 2649 he-
