2129 3223
127 256 173 285 Α11.
193 258 220 285 C.
241 260 307 287 ¹¹85

149 1004 203 1025 turn
219 1004 257 1025 PF

111 1111 128 1125 οι
151 1106 163 1125 5
192 1106 214 1126 R.
237 1105 293 1126 ticet.

137 1136 273 1157 cardinalium

113 1168 278 1194 subscriptione!

377 251 415 282 tt

321 316 449 351 tertiove
479 314 681 357 commonita,
722 314 780 349 nisi
822 323 940 350 reatum
975 329 1068 352 suum

319 364 414 411 digna
437 364 649 399 satisfactione
684 365 865 406 correxerit,
893 367 1067 412 potestatis

319 413 509 460 honorisque
535 412 584 447 sui
606 420 709 448 careat
730 413 893 461 dignitate,
919 426 1067 463 reamque

317 474 351 497 se
373 462 480 497 divino
503 461 618 497 iudicio
652 462 785 498 existere
819 462 858 498 de
892 471 1065 520 perpetrata

318 511 481 558 iniquitate
514 520 696 557 cognoscat;
729 519 761 547 et
799 523 815 546 a
854 513 1065 549 sacratissimo

315 560 456 607 Corpore
483 567 515 594 ct
531 559 693 607 Sanguine
712 561 781 605 Dei,
803 569 833 595 et
854 561 981 597 Domini
1001 563 1064 599 Re—

314 609 488 656 demptor-is
508 608 612 644 Nostri
635 609 704 645 lesu
732 610 849 645 Christi
877 611 978 646 aliena
1001 613 1063 653 tiat;

313 666 406 704 atque
428 658 459 693 in
482 666 625 694 extremo
647 659 791 694 examine
813 659 937 695 (livinae
950 660 1061 696 ultioni

313 707 485 742 subiaceat.
515 707 648 743 Cunctis
670 717 774 743 autem
802 708 905 743 eidem
923 709 993 744 loco
1005 723 1060 746 sua

313 757 378 791 iura
405 757 605 792 servantibus
625 757 665 792 sit
705 769 764 805 pax
800 757 926 792 Domini
965 761 1059 794 nostri

312 805 381 841 lesu
418 805 559 850 Christi⁷
598 814 753 853 quatenus
791 814 821 841 et
854 806 905 842 hic
942 808 1060 843 fructus

311 855 412 890 bonae
429 855 562 891 actionis
584 856 769 910 percipiant,
790 863 821 890 et
841 856 924 903 apud
953 856 1060 892 distri-

308 911 393 939 ctum
416 904 556 940 Iudicem
585 905 719 952 praemia
747 912 891 940 aeternae
909 906 994 953 pacis
1012 907 1059 941 in-

309 953 443 988 xeniant.

358 1002 429 1037 Eoo
455 1001 576 1038 Lucirs
598 1003 770 1038 catholicae
792 1003 953 1039 Ecclesiae
982 1005 1058 1052 epi-

308 1063 424 1098 scopus
445 1051 631 1099 subscripsi

357 1100 425 1147 Ego
442 1100 626 1135 Theodiuus
647 1100 845 1140 portuensis,
868 1109 897 1135 et
919 1101 953 1135 S
982 1102 1058 1136 Ruf-

309 1149 390 1184 tinae
416 1148 503 1184 sedis
526 1149 695 1196 episcopus
721 1149 906 1196 subscripsi.

355 1198 423 1245 Ego
462 1197 619 1233 Henricus
657 1198 846 1233 Albanensis
886 1199 1057 1246 episcopus

305 1246 489 1294 subscripsi.

355 1296 423 1343 Ego
465 1295 584 1331 Paulus
623 1296 847 1331 Praenestinus
888 1297 1056 1345 episcopus

305 1345 491 1392 subscripsi.

354 1394 424 1440 Ego
450 1393 562 1428 Petrus
589 1395 750 1442 presthei·
777 1394 861 1429 card.
887 1395 930 1429 tit.
947 1396 980 1430 S.
998 1396 1056 1430 Su-

305 1455 423 1478 533333
445 1443 630 1490 subscripsi.

353 1492 422 1539 Ego
466 1491 616 1527 Vivianus
661 1493 708 1526 tit.
753 1492 786 1527 S.
831 1492 983 1540 Stephani
1023 1494 1052 1528 in

303 1541 413 1576 Coelio
440 1540 546 1576 Monte
573 1541 735 1589 presbxter
761 1541 845 1576 card.
867 1542 1051 1590 subscripsi.

351 1590 421 1637 Ego
442 1589 604 1625 Laborans
631 1590 793 1646 presbyter
820 1591 904 1625 card.
920 1590 1054 1627 Sanctae

304 1639 418 1674 Mariae
440 1638 675 1687 Τ1335ῑ)1131113
697 1640 745 1674 tit.
768 1640 801 1674 S.
825 1639 950 1674 Callixti
981 1641 1055 1675 sub-

302 1688 426 1733 scripsi.

351 1737 419 1783 Ego
441 1736 618 1785 Raynerius
641 1737 804 1785 presbyter
819 1738 902 1772 card.
920 1738 953 1773 S.
971 1738 1053 1773 Lau·

302 1786 394 1821 rentii
418 1786 449 1820 in
467 1785 604 1821 Damaso
627 1786 813 1834 subscripsi.

349 1835 419 1881 Ego
440 1835 615 1870 Paudulfus
637 1835 798 1883 presbyter
819 1836 904 1871 card.
930 1836 974 1871 tit.
991 1837 1053 1871 Ba-

301 1884 409 1919 silicae
429 1884 606 1919 Duodecim
624 1886 849 1932 Apostolorum
866 1885 1050 1933 subscripsi.

350 1932 418 1980 Ego
452 1933 648 1981 Hyacinthus
689 1934 843 1969 diaconus
889 1935 973 1970 card
1018 1934 1050 1970 S

301 1982 447 2018 Mariae
442 1994 472 2017 m
494 1982 666 2018 Cosmedin
694 1983 879 2030 subscripsi.

350 2031 418 2077 Ego
459 2031 582 2066 Arditio
622 2031 776 2067 diaconus
810 2032 978 2068 cardinalis

300 2085 458 2120 Theodori
481 2084 669 2132 subscripsi.

350 2139 418 2185 Ego
463 2138 634 2174 Gratianus
676 2139 866 2174 Sanctorum
917 2140 1052 2176 Cosmae

300 2202 330 2228 et
356 2192 502 2228 Damiani
530 2192 682 2228 diaconus
705 2193 789 2228 card.
810 2193 995 2240 subscripsi.

350 2247 419 2293 Ego
440 2246 531 2281 Bobo
559 2246 713 2282 diaconus
744 2246 828 2282 card.
865 2248 900 2282 S.
938 2248 1049 2294 Angeli

300 2300 483 2346 subscripsi.

349 2354 418 2401 Ego
451 2354 612 2390 Gerardus
655 2354 689 2389 S.
728 2354 858 2389 Adriani
899 2354 1051 2390 diaconus

300 2407 384 2442 card.
407 2407 595 2455 subscripsi.

349 2459 416 2505 Ego
442 2462 632 2497 Octavianus
659 2462 812 2497 diaconus
843 2461 926 2496 card.
967 2461 1050 2497 San-

300 2521 423 2548 ctorum
446 2513 548 2560 Sergii
571 2523 601 2549 et
623 2515 739 2550 Bacchi
766 2515 950 2561 subscripsi.

350 2566 417 2612 Ego
431 2566 602 2602 Gollredus
615 2568 768 2603 diaconus
783 2569 865 2604 card.
886 2568 920 2603 S.
936 2568 1050 2604 Mariae

301 2620 330 2655 in
361 2619 414 2654 Via
439 2620 513 2656 Lata
535 2621 718 2669 subscripsi.

1018 2034 1050 2068 S.

908 261 1095 285 BULLAtutJM
1119 262 1282 286 ROMANUM

1159 317 1226 364 Ego
1248 317 1384 353 Albinus
1406 317 1558 354 diaconus
1585 318 1669 355 card.
1685 319 1718 354 S.
1744 319 1858 356 Mariae

1110 366 1214 402 Norae
1237 367 1422 414 subscripsi.

1158 416 1226 451 Dat.
1250 416 1377 452 Velletri
1413 429 1467 464 per
1497 429 1622 452 manum
1664 417 1781 453 Alberti
1821 419 1855 454 S.

1107 465 1146 500 R.
1170 466 1207 500 Ε.
1225 465 1397 513 presbyteri
1410 466 1495 501 card.
1511 475 1541 501 et
1557 467 1748 507 cancellarii,
1764 468 1856 503 nonis

1108 514 1201 555 febr..
1228 515 1290 550 ind.
1325 528 1357 554 1,
1393 515 1512 550 incarn.
1554 515 1733 552 dominicae
1771 529 1855 552 anno

1104 576 1268 600 atchxxil
1295 567 1352 609 (li,
1377 564 1516 611 pontific.
1547 577 1618 600 vero
1643 565 1727 600 dom.
1763 566 1852 601 Lucii

1104 613 1208 661 Papae
1232 613 1275 648 Ill
1295 626 1346 649 an.
1371 626 1405 649 ii.

1140 670 1200 701 Dat.
1218 671 1264 701 dic
1283 672 1300 701 5
1321 670 1462 701 februarii
1481 680 1556 701 anno
1575 671 1689 702 Domini
1714 672 1802 709 vll83,

1349 715 1450 754 pontif.
1475 725 1551 745 anno
1574 724 1603 745 11.

1452 856 1502 890 lV.

1103 928 1301 972 Confirmatio
1328 929 1476 961 honorum
1495 929 1642 962 omnnium.
1661 935 1687 961 et
1701 930 1848 962 roricessi'o

1145 977 1378 1021 pri'vileqae'orum
1408 979 1591 1012 monasterio
1627 979 1662 1011 S.
1698 978 1850 1011 Matthaei

1148 1025 1333 1072 dcfiCustello
1360 1027 1477 1060 ordinis
1505 1027 1691 1060 Gnssinensi‘s
1712 1028 1767 1070 (2).

1362 1093 1575 1124 sUnnARttfn

1099 1156 1265 1186 Exordium.
1287 1173 1325 1179 -
1357 1156 1597 1186 Praedeeessoris
1621 1158 1667 1187 sui
1691 1157 1845 1187 Alexandri

1138 1209 1217 1230 more
1236 1201 1446 1230 monasterium
1466 1201 1520 1230 hoc
1543 1201 1702 1231 subSedis
1721 1201 1846 1240 Aposto-

1136 1245 1210 1275 licae
1233 1245 1412 1284 protectione
1435 1246 1547 1284 recipit.
1568 1262 1608 1267 —-
1625 1246 1764 1276 Ordinem
1783 1254 1846 1275 mo-

1137 1290 1281 1320 nasticum
1326 1289 1488 1318 secundum
1524 1288 1672 1319 Benedicti
1712 1289 1843 1328 regulam

1136 1332 1245 1363 servari
1267 1333 1462 1362 commendat:
1479 1349 1519 1355 —
1540 1332 1639 1362 Eidem
1657 1333 1731 1363 bona
1747 1334 1843 1363 omnia

1136 1378 1288 1406 contirmat
1297 1387 1347 1405 z—
1358 1377 1438 1411 Quae
1450 1376 1624 1406 nominatim
1636 1381 1798 1407 enumerat.
1807 1394 1846 1400 ——

1137 1421 1295 1451 Libertates
1318 1426 1345 1451 et
1372 1421 1581 1451 concessiones
1606 1430 1620 1450 a
1644 1420 1795 1452 Theodino
1818 1426 1846 1451 et

1135 1465 1220 1494 Petro
1242 1464 1472 1495 Cassinensibus
1491 1465 1648 1495 abbatibus
1672 1465 1763 1496 saetas
1777 1475 1846 1496 con-

1136 1511 1239 1539 tirmut.
1268 1526 1307 1532 —-
1333 1508 1462 1539 Clericus
1484 1514 1511 1539 et
1533 1510 1627 1539 laicos
1654 1510 1689 1539 ad
1713 1509 1845 1540 habitum

1135 1554 1329 1583 monasticum
1358 1553 1489 1592 recipere
1512 1553 1662 1592 permittit.
1679 1570 1719 1576 —
1740 1553 1844 1583 Disce-

1135 1598 1237 1628 dentes
1261 1598 1423 1627 monachos
1453 1597 1566 1636 absque
1588 1597 1704 1627 abbatis
1726 1597 1844 1627 licentia

1874 264 1922 292 An.
1941 265 1968 291 C.
1990 265 2057 292 ¹¹85

1134 1643 1253 1673 retineri
1282 1642 1405 1672 inhibet.
1423 1658 1462 1664 —
1483 1641 1640 1672 Monachos
1663 1642 1692 1671 in
1710 1641 1844 1672 eamdem
1887 1650 1898 1659 ⁶

1134 1687 1252 1717 domum
1273 1687 1389 1723 induci,
1412 1686 1455 1716 vel
1473 1695 1505 1716 ex
1521 1695 1553 1715 ea
1573 1686 1716 1716 removeri
1733 1685 1845 1725 absque

1134 1731 1249 1761 abbatis
1272 1731 1388 1761 licentia
1417 1730 1561 1770 prohibet.
1576 1747 1615 1753 —
1633 1730 1703 1760 ltcm
1722 1739 1737 1760 a
1760 1730 1844 1760 deci-

1134 1783 1247 1804 marum
1272 1775 1418 1804 solutione
1437 1774 1555 1804 eximit:
1578 1791 1616 1796 -
1640 1774 1673 1804 Et
1699 1773 1844 1804 indebitas

1135 1819 1314 1855 exactiones,
1337 1823 1387 1848 aut
1417 1827 1524 1848 census
1553 1827 1642 1848 novos
1674 1818 1844 1857 imponere,

1129 1881 1168 1915 (t)
1188 1881 1246 1907 Non
1264 1880 1305 1907 hic
1322 1879 1482 1907 instituenda
1497 1883 1534 1906 est
1547 1880 1667 1913 quaestio
1678 1879 1711 1906 dc
1723 1878 1844 1906 indictio-

1095 1928 1156 1947 num
1177 1921 1259 1952 initio,
1280 1924 1325 1946 aut
1337 1928 1367 1946 ex
1385 1927 1439 1954 quo
1456 1919 1622 1953 potissimum
1635 1926 1724 1946 mense
1739 1926 1784 1946 eas
1795 1927 1844 1945 nu-

1094 1961 1218 1987 merarint
1238 1959 1385 1991 Pontifices,
1398 1966 1466 1994 quae
1483 1967 1524 1985 res
1537 1959 1648 1986 obscura
1661 1958 1748 1985 adhuc
1758 1958 1845 1985 omni-

1094 1999 1142 2026 bus
1161 2004 1211 2031 est,
1230 2008 1276 2026 nce
1294 1999 1367 2026 facile
1381 1999 1546 2026 elucidanda.
1576 1999 1673 2025 Verum
1690 2006 1751 2025 cum
1772 1998 1844 2026 iuxta

1094 2039 1199 2074 Pugium
1225 2044 1252 2066 et
1273 2040 1412 2066 Baronium
1436 2039 1520 2073 prima
1542 2038 1649 2065 indictio
1673 2046 1844 2073 quocumque

1092 2088 1124 2106 ex
1142 2088 1232 2107 meuse
1247 2079 1406 2110 deducatur,
1420 2087 1470 2106 non
1483 2079 1530 2105 nisi
1545 2078 1678 2105 februario
1690 2078 1771 2105 mensi
1782 2078 1843 2105 anni

1096 2121 1171 2151 1185,
1188 2123 1221 2146 sit
1240 2119 1430 2150 adscribenda3
1458 2119 1506 2145 hoc
1526 2117 1641 2152 diploma
1661 2117 1755 2144 eodem
1775 2125 1844 2144 anno

1093 2160 1183 2186 datum
1201 2160 1279 2186 tuisse
1289 2159 1430 2185 dicendum
1442 2161 1491 2185 est.
1505 2158 1560 2184 lIoc
1570 2161 1659 2184 autem
1671 2156 1843 2184 confirmatur

1094 2200 1225 2234 Anonymi
1244 2199 1406 2226 Cassiuensis
1432 2198 1582 2225 testimonio
1600 2198 1656 2233 (qui
1672 2197 1739 2224 duce
1751 2197 1789 2224 Cl.
1811 2196 1840 2222 V.

1092 2239 1199 2266 Camillo
1217 2239 1357 2273 Peregrino
1374 2247 1420 2273 per
1441 2237 1504 2264 illud
1528 2241 1634 2272 tempus
1651 2236 1767 2267 virebat,
1792 2244 1841 2262 su-

1092 2287 1192 2313 umque
1207 2278 1334 2313 perduxit
1350 2278 1499 2305 Chronicon
1516 2277 1548 2304 ad
1565 2285 1662 2304 annum
1678 2276 1764 2311 1195),
1779 2276 1843 2303 baec

1091 2320 1230 2346 scribentis
1249 2318 1282 2345 ad
1298 2326 1339 2345 an.
1361 2318 1444 2344 tt85:
1463 2318 1557 2344 Lucius
1574 2318 1625 2343 ΡΡ.
1639 2316 1684 2342 111
1700 2318 1771 2348 apud
1786 2317 1843 2342 Vet-

1092 2362 1189 2385 Ielrum
1206 2360 1340 2391 promovit
1361 2358 1530 2384 Guizlelmum
1549 2359 1670 2383 abbatem
1690 2356 1718 2381 S.
1740 2356 1842 2382 Marsae

1093 2400 1192 2431 Reqalis
1204 2401 1234 2424 de
1251 2399 1384 2424 Punormo
1401 2399 1663 2429 Inar-chiepiscopum
1679 2396 1775 2421 Montis
1795 2396 1842 2421 nc-

1091 2441 1167 2472 qati's.
1196 2438 1285 2471 Quare
1304 2437 1445 2475 dicendum
1470 2440 1511 2464 est.
1534 2444 1566 2464 eo
1589 2443 1696 2471 quoqne
1723 2440 1842 2470 tempore

1092 2479 1187 2506 iniusta
1207 2478 1288 2504 fuisse
1304 2485 1384 2512 penes
1404 2477 1538 2505 Romanos
1563 2475 1712 2507 Pontifices,
1727 2476 1842 2510 quimus

1093 2526 1163 2545 nunc
1178 2522 1286 2553 quoque
1305 2523 1440 2549 servatur,
1457 2525 1540 2544 annos
1552 2516 1738 2543 incarnationis
1756 2515 1842 2542 domi-

1092 2559 1164 2585 nicae
1179 2566 1193 2584 a
1209 2557 1251 2585 die
1267 2558 1300 2584 25
1317 2558 1405 2584 martii
1421 2557 1561 2584 deducere.
1600 2555 1639 2590 (2)
1659 2555 1696 2581 Ex
1723 2553 1841 2589 originali

1092 2598 1116 2624 in
1129 2597 1230 2624 archiv.
1249 2597 1331 2624 edidit
1343 2597 1458 2630 Gattula,
1471 2597 1536 2624 Hist.
1549 2595 1698 2627 cassinen„
1710 2602 1778 2623 saec.
1790 2602 1839 2625 vir,

1093 2645 1152 2673 pag.
1171 2639 1231 2665 002.
