2129 3223
54 291 106 318 Αιι.
122 291 150 318 C.
172 292 238 320 ¹¹87

68 342 222 364 Conclusiones

73 377 95 394 et
110 374 217 395 rtnueutae

81 408 204 426 canumet-te.

841 275 1024 298 Gnssootttt's
1046 275 1104 298 vttt
1130 276 1177 298 1²1².

252 331 380 366 omnino
419 330 580 366 hominum
614 330 703 365 liceat
739 330 817 365 banc
849 330 991 377 paginam

251 389 373 415 nostrae
403 380 616 415 concessionis
666 379 846 426 infringere,
887 379 932 413 vel
965 379 992 413 ei

249 442 328 466 ausu
353 430 517 465 temerario
532 429 699 464 contraire.
729 428 761 463 Si
784 429 856 476 quis
887 438 991 463 autem

250 480 309 514 ltoc
333 487 484 514 attentare
518 478 771 525 praesumpserit,
803 478 993 524 indignatio—

249 540 320 564 nem
342 529 568 575 0mnipotentis
593 527 664 572 Dei,
681 536 712 563 et
726 528 886 562 beatorum
910 527 991 561 Petri

248 587 279 613 et
300 577 389 612 Pauli
412 578 624 625 apostolorum
647 578 714 612 eius
735 590 768 612 se
791 577 910 612 noverit
943 577 993 611 in-

249 639 426 671 cursurum.

297 676 411 711 Datum
433 675 575 712 Veronae
601 675 742 712 secundo
768 675 916 710 kalendas
942 688 993 710 au-

248 726 341 774 gusti.

484 787 543 818 Dal.
566 788 613 818 die
631 788 664 818 31
686 787 759 817 iulii.

449 957 691 1006 GREGORlUS
725 957 798 1005 Vlll

503 1043 598 1074 ΡΑΡΑ
610 1043 736 1075 CLXXlll

248 1105 340 1139 Anno
360 1115 450 1138 aerae
473 1104 586 1138 Christi
605 1116 711 1137 comm.
731 1104 769 1137 M
773 1103 989 1137 CLXXXVII.

250 1187 426 1267 Albertus,
447 1224 544 1270 patria
570 1223 826 1268 Beneventanus,
847 1232 936 1258 antea
958 1223 990 1258 S.

250 1271 290 1306 R.
311 1272 350 1307 E.
377 1273 538 1319 presbyter
563 1274 729 1308 cardinalis
758 1273 866 1308 Sancti
911 1273 992 1308 Lau-

252 1322 343 1357 rentii
384 1322 415 1356 in
450 1321 569 1357 Lucina
608 1327 665 1367 (1),
706 1331 737 1356 et
775 1322 992 1366 cancellarius,

250 1370 370 1406 electus
390 1372 421 1406 in
443 1370 622 1406 Romanum
649 1371 834 1407 Pontificem
860 1371 911 1406 die
945 1374 991 1406 20

249 1419 398 1464 octobris,
423 1433 474 1455 an.
501 1423 604 1460 1¹87,
635 1429 836 1463 consecratus
874 1429 921 1455 est
942 1421 992 1455 die

249 1471 296 1503 25
323 1470 439 1505 mensis
459 1470 612 1504 eiusdem.
634 1470 724 1505 Sedit
745 1470 777 1504 in
811 1469 990 1516 pontificatu

250 1530 390 1553 mensem
423 1531 447 1558 1,
476 1518 544 1554 dies
577 1531 681 1563 xxvii,
707 1518 934 1565 imperantibus
959 1520 990 1553 in

248 1567 378 1603 Oriente
424 1568 540 1603 {saacio
580 1568 715 1615 Angelo,
754 1570 784 1603 in
816 1568 991 1604 Occidente

249 1616 409 1652 Friderico
445 1617 487 1652 Ill
530 1618 780 1665 imperatoribus:
833 1618 991 1663 ingressus

248 1666 405 1714 siquidem
426 1666 570 1703 Pisanam
584 1667 704 1707 urbem,
718 1667 834 1702 ibidem
850 1676 992 1702 mortuus

247 1725 278 1750 et
302 1716 354 1751 die
379 1718 423 1750 47
455 1717 632 1752 decembris
666 1718 738 1752 anni
773 1717 912 1752 eiusdem
935 1719 989 1761 (2).

247 1765 374 1801 Vacavit
393 1765 493 1802 Sedes
515 1778 570 1814 per
594 1766 677 1801 diem
693 1769 748 1811 (5).

603 1916 628 1951 Ι.

248 1990 374 2024 Statum
399 1991 492 2024 literis
522 1990 639 2025 Urbani
671 1990 737 2024 PP.
777 1991 875 2025 tribus
907 2002 991 2024 men-

296 2040 378 2074 sibus
417 2047 487 2074 ante
532 2041 595 2074 eius
627 2041 743 2074 obitum
768 2041 849 2074 datis
879 2041 991 2084 confir-

295 2096 432 2128 mantur,
463 2090 644 2134 plenamque
677 2090 784 2124 habere
815 2091 990 2135 firmitatem

296 2139 468 2172 decernitur
495 2142 551 2182 (4).

513 2207 726 2239 StJMMARtUM

247 2270 415 2302 Exordium.
437 2287 476 2293 —
492 2270 603 2300 Causae
625 2271 743 2301 decreti.
759 2288 798 2294 —
815 2271 922 2302 Urbani
938 2271 991 2301 PP.

287 2316 399 2354 literas,
421 2315 514 2345 tribus
537 2315 688 2344 mensibus
709 2320 776 2345 ante
793 2316 858 2345 eius
880 2316 990 2345 obitum

287 2360 380 2397 datas,
397 2369 513 2390 omnem
532 2360 696 2389 firmitatem
718 2359 825 2390 habere
843 2362 951 2390 statuit.

284 2422 324 2457 (t)
341 2422 420 2449 Teste
435 2429 568 2457 anonymo
584 2420 740 2448 Cassinensi.
779 2422 818 2457 (2)
835 2423 873 2449 Ita
885 2425 991 2449 notatur

249 2461 275 2488 in
294 2461 370 2489 brevi
385 2461 516 2488 Chronico
540 2460 642 2491 Pisano,
668 2461 740 2494 quod
760 2464 831 2488 tomo
850 2469 880 2488 ιιι
906 2462 992 2488 ltaliae

248 2501 307 2528 Sac.
328 2501 442 2528 refertur
459 2501 493 2528 ab
509 2500 626 2535 Ugltello.
667 2500 706 2534 (5)
723 2500 843 2528 Exclusis
853 2503 990 2528 extremis.

249 2541 336 2574 Quare
350 2545 439 2569 autem
458 2550 472 2568 a
489 2541 610 2573 flammo,
623 2540 807 2575 nonnullisque
818 2541 874 2567 aliis
885 2542 991 2576 l’agiuni

249 2580 384 2608 Seniorem
400 2585 530 2615 sequutus
549 2580 669 2607 recedam
689 2582 714 2606 in
732 2581 888 2615 assignando
915 2583 992 2608 unius

248 2619 299 2647 diei
317 2621 401 2656 spatio
418 2621 478 2647 hnic
494 2621 723 2655 inter-pontificio,
742 2620 849 2647 inferius
863 2622 949 2648 dicam
966 2623 990 2648 in

249 2662 382 2689 Clemente
398 2662 442 2687 ΙΙΙ.
481 2662 519 2696 (lt)
537 2662 574 2687 Ex
593 2662 684 2687 Baron.
702 2660 734 2687 ad
754 2668 813 2687 ann.
836 2662 909 2688 1157.

328 2705 402 2735 Ball.
424 2704 501 2735 Rom.
526 2704 579 2733 Vol.
604 2704 652 2733 ΙΙΙ.
814 2705 828 2734 ἶ

1679 266 1724 299 49

1033 333 1175 369 Gregorius
1195 335 1336 371 opiscopus
1355 343 1448 365 servus
1472 342 1612 365 servorum
1630 335 1685 368 Dei.
1718 342 1775 364 om-

1076 383 1154 411 nibns
1172 383 1307 419 praelatis
1319 383 1505 418 Ecclesiarum.
1524 386 1557 413 ad
1576 391 1642 421 quos
1659 384 1775 413 litterae

1076 433 1149 462 istae
1164 433 1346 469 pervenerint.
1366 434 1484 463 salutem
1494 436 1524 463 et
1535 433 1712 470 apostoticam
1731 434 1774 462 be·

1076 482 1265 512 nedictionem.

1081 548 1237 591 Quoniam
1260 549 1297 584 ad
1313 550 1534 597 episcoporum
1554 551 1689 587 maxime
1711 563 1775 599 spe-

1033 606 1094 633 ctat
1108 599 1258 638 officium,
1281 599 1404 633 afflictis
1431 608 1460 634 et
1480 601 1693 635 laborantibus
1708 601 1775 636 sub-

1035 648 1150 688 venire,
1174 661 1332 696 unumque
1356 648 1491 692 illorum,
1519 650 1588 684 licet
1621 650 1776 685 delicien—

1035 697 1117 732 tibus
1153 697 1272 732 meritis
1309 699 1434 739 nostris,
1478 698 1564 734 Deus
1601 711 1670 734 esse
1719 712 1777 734 nos

1790 277 1839 301 Αιι.
1856 276 1885 302 C.
1901 275 1965 302 tt87

1822 557 1940 578 mmmm..

1035 747 1141 787 voluit,
1169 748 1349 794 prospicere
1376 756 1520 782 tenemur
1554 756 1584 783 et
1619 749 1776 789 volumus,
1804 756 1944 777 ‘numus

1034 808 1072 831 ne
1093 797 1163 843 quis
1189 809 1226 831 ex
1248 796 1383 831 fortuitis
1404 797 1529 832 casibus
1543 809 1598 843 per
1616 797 1776 832 Romanae

1034 846 1243 881 visitationem
1264 845 1424 881 Ecclesiae
1451 846 1566 882 laboris
1589 847 1649 887 sui,
1683 860 1776 894 quem

1032 895 1071 929 ad
1097 907 1165 930 eam
1188 895 1342 930 veniendo
1375 896 1537 933 sustinuit.
1572 895 1679 931 debito
1714 897 1778 931 fru-

985 988 994 998 ⁶
1032 952 1182 980 straretur
1198 945 1321 980 effectu.
1341 945 1418 980 Inde
1433 945 1590 993 siquidem
1612 945 1680 986 fuit,
1695 946 1776 993 quod

1033 1005 1091 1028 nos
1117 994 1287 1029 multorum
1316 995 1493 1041 prospicere
1508 995 1647 1029 volentes
1660 1007 1778 1041 expen-

1032 1044 1087 1084 sis,
1110 1053 1139 1078 et
1166 1043 1297 1078 allevare
1315 1044 1447 1083 labores,
1465 1044 1504 1079 de
1523 1052 1673 1079 consueta
1687 1044 1779 1079 Sedis

1032 1092 1233 1139 Apostolicae
1274 1093 1488 1128 misericordia
1529 1093 1678 1128 duximus
1715 1102 1779 1128 sta-

1033 1141 1195 1180 tuendum,
1218 1149 1251 1176 ut
1276 1142 1396 1177 litterae
1414 1142 1664 1189 praedecessoris
1682 1143 1776 1177 nostri

1032 1191 1151 1225 domini
1175 1190 1306 1235 Urbani,
1337 1204 1354 1226 a
1382 1192 1479 1227 tribus
1509 1192 1672 1227 mensibus
1707 1200 1779 1227 ante

1034 1240 1133 1286 ipsius
1154 1240 1273 1275 obitum
1301 1241 1471 1276 destinatae
1495 1254 1549 1288 pro
1571 1241 1713 1276 facienda
1737 1242 1780 1275 iu—

1033 1289 1115 1324 stitia
1142 1299 1172 1324 et
1194 1290 1301 1336 litigiis
1331 1290 1529 1333 dirimendis,
1561 1303 1641 1337 quae
1676 1300 1777 1325 tamen

1034 1339 1231 1373 manifestum
1272 1339 1405 1374 alicuius
1446 1341 1672 1385 praeiudicium
1717 1352 1778 1375 non

1032 1388 1222 1431 contineant,
1236 1397 1289 1422 aut
1310 1389 1498 1423 calumniam
1518 1389 1693 1436 aequitatis,
1707 1401 1782 1424 eun-

1032 1436 1103 1470 dem
1124 1437 1256 1472 habeant
1274 1446 1414 1484 tempore
1431 1446 1555 1473 nostrae
1574 1439 1781 1473 administra—

1032 1486 1126 1520 tionis
1140 1487 1296 1527 effectum,
1309 1487 1576 1533 que111,liabere‚si
1590 1487 1693 1523 adhuc
1704 1489 1781 1523 vive-

1034 1544 1090 1579 ret,
1108 1535 1303 1571 debuissent.
1319 1536 1471 1572 Cessante
1484 1538 1579 1583 igitur
1596 1538 1780 1585 exceptione

1032 1585 1071 1619 de
1092 1586 1284 1621 mandatoris
1306 1594 1416 1631 morte⁷
1439 1588 1578 1633 perficite
1593 1587 1677 1634 quod
1697 1600 1782 1622 mau-

1032 1634 1115 1669 davit
1152 1636 1321 1681 agendum,
1358 1646 1390 1670 ut
1425 1649 1517 1671 nemo
1554 1637 1591 1670 ad
1624 1649 1681 1671 nos
1724 1649 1780 1684 pro

1031 1686 1231 1720 excusatione
1258 1685 1450 1727 huiusmodi,
1473 1696 1601 1733 accepta
1621 1698 1676 1733 per
1692 1686 1777 1721 illum

1033 1734 1183 1769 iustitiam
1197 1735 1358 1770 obtinendi
1374 1736 1498 1776 fiducia,
1518 1744 1648 1783 cogatur
1663 1748 1779 1771 vacuus=

1033 1783 1186 1819 laborare.

1080 1830 1196 1868 Datum
1217 1833 1378 1870 Ferrariae
1409 1844 1497 1870 sexto
1532 1834 1681 1870 kalendas
1722 1847 1779 1869 no-

1032 1882 1180 1918 vembris.

1071 1940 1130 1970 Dat.
1149 1941 1196 1970 die
1214 1941 1250 1970 27
1273 1941 1400 1972 octobris
1423 1952 1498 1972 anno
1516 1942 1631 1973 Domini
1655 1942 1739 1980 1187,

1289 1986 1389 2025 pontis.
1412 1996 1488 2017 anno
1509 1996 1527 2017 1.

1386 2151 1425 2185 lt.

1032 2225 1084 2257 Ad
1109 2236 1209 2257 omnes
1228 2225 1341 2258 Christi
1360 2225 1460 2269 fideles
1480 2226 1517 2257 de
1546 2225 1629 2257 clade
1664 2225 1776 2257 Hiero-

1079 2276 1273 2318 solymitana.
1319 2274 1430 2307 Omnes
1468 2275 1510 2307 ad
1559 2275 1775 2318 poenitentiam

1079 2325 1230 2367 aqendam
1255 2325 1405 2363 sulmonem
1425 2324 1680 2368 proficiscentibus
1706 2335 1775 2355 vero

1079 2374 1121 2406 ad
1149 2375 1259 2407 bellum
1294 2380 1401 2406 contra
1436 2373 1570 2418 infideles
1600 2373 1774 2417 plenariam

1078 2424 1301 2467 t'ndulyentt'am
1322 2423 1465 2456 concedit.

1297 2499 1509 2531 smltmumt

1032 2565 1057 2593 l.
1074 2563 1237 2593 Exordium.
1250 2564 1399 2594 —Clades
1412 2563 1582 2593 christianis
1605 2573 1619 2593 a
1635 2563 1772 2594 Saladino

1070 2613 1169 2648 illata3
1190 2629 1229 2634 —
1245 2611 1324 2647 Quae
1341 2617 1476 2641 accurate
1498 2612 1686 2642 describitur:
1703 2623 1772 2643 crux

1071 2662 1215 2691 dominica
1239 2667 1335 2701 capta,
1351 2662 1480 2701 episcopi
1503 2663 1591 2691 occisi
1614 2672 1679 2692 cum
1702 2668 1773 2692 tem-

1807 1195 1883 1216 [rhum
1899 1194 1937 1215 Pl',
1949 1195 1976 1215 li-

1794 1231 1863 1251 teraS,
1912 1227 1977 1246 tribus

1794 1258 1902 1278 mensibus
1928 1261 1976 1277 ante

1794 1291 1839 1309 eius
1855 1290 1934 1309 obitum
1945 1290 1978 1308 du-

1795 1323 1833 1343 tas,
1849 1325 1931 1339 omnem
1945 1321 1979 1339 tir-

1795 1351 1887 1370 mitatem
1899 1350 1977 1370 babere

1796 1382 1875 1400 statuitv
