2129 3223
111 212 161 237 An.
186 211 213 238 C.
232 212 295 239 1963

116 1258 172 1281 Vana
199 1261 284 1281 omnino

101 1294 122 1311 ot
143 1290 200 1311 nulla
219 1290 285 1312 luno—

102 1322 166 1342 ccntil
181 1320 220 1343 PP.
236 1326 286 1343 con-

102 1354 178 1373 cess'o:

361 203 429 236 722

891 212 1077 235 BULLARtrM
1098 211 1260 235 ROMANUM

310 266 338 300 in
353 266 486 313 scriptis
503 265 547 299 vel
563 266 631 300 sine
644 266 778 313 scriptis
794 265 833 300 de
852 265 983 301 consilio
1008 265 1053 301 vel
1073 264 1131 300 lac
1143 265 1451 321 praedictaeiusdem
1460 264 1748 321 InnocentiiPapae
1763 277 1838 301 nova

306 318 373 351 sine
390 315 520 350 consilio
540 314 668 350 fratrum
689 323 881 351 nostrorum
875 313 1075 364 praedicto
1094 315 1255 351 concessio
1271 315 1421 350 invalidae
1435 323 1509 350 sunt
1526 315 1653 362 penitus
1669 323 1699 350 et
1721 315 1840 351 inanes

306 377 377 412 rege
398 376 434 399 ac
471 364 652 406 Edmundo,
691 373 720 400 et
757 377 957 421 quocumque
991 365 1075 400 alio

306 427 366 448 non
396 415 524 458 vocatis,
545 423 574 449 et
595 415 714 463 absque
727 415 813 450 omni
829 428 903 450 iuris
929 415 1052 451 solem—

303 463 608 512 nitate,p1aefatas
649 465 926 513 approbationem

304 513 470 558 vationem,
497 514 734 550 concessionem
770 523 801 549 et
839 514 1052 550 confirmatio-

303 575 374 598 nem
396 575 511 598 vacuas
540 575 669 611 prorsus
709 577 788 604 esse,
815 572 867 599 aut
906 576 1051 599 revocare

302 614 385 659 ipsas
423 620 454 648 et
484 613 587 649 irritas
620 614 774 652 nuntiare
806 614 887 648 sicut
915 614 945 648 in
982 614 1051 661 ipso

303 661 463 709 privilegio
485 671 532 697 est
558 675 753 711 expressum:
778 675 834 698 nos
863 663 967 698 habito
1002 664 1051 697 ni-

303 711 472 747 hilominus
500 712 627 747 fratrum
653 722 830 748 nostrorum
860 713 993 748 consilio
1021 722 1051 748 et

301 774 442 802 assensu,
464 763 648 797 auctoritate
671 763 839 810 apostolica
855 761 1050 797 sententiali—

301 818 348 846 ter
368 811 514 853 dicimus,
544 813 785 859 pronuntiamus
807 820 838 847 et
862 812 1050 860 proferimus

300 859 475 908 praedictas
485 861 743 909 approbationem
759 870 789 897 et
804 862 1049 902 innovationem

300 910 536 946 concessionem
564 919 596 946 et
629 911 899 947 confirmationem
937 923 1048 947 vacuas

300 972 370 995 esse
392 960 534 1002 omnino,
563 960 748 1008 nullumque
771 961 865 997 robur
893 961 937 996 vel
965 961 1050 996 valo-

300 1021 365 1044 rem
385 1008 513 1050 habere,
535 1021 571 1045 ac
593 1022 788 1051 revocamus,
825 1023 986 1046 cassamus
1018 1019 1049 1047 et

300 1060 460 1094 irritamus
478 1059 616 1101 easdem,
639 1068 669 1095 et
690 1072 793 1095 cassas
807 1069 837 1096 et
856 1061 957 1096 irritas
972 1073 1050 1096 nun-

300 1110 428 1151 tiamus,
452 1109 490 1143 ita
531 1110 615 1157 quod
651 1109 800 1157 deinceps
836 1110 953 1145 nullius
987 1111 1049 1145 sint

300 1159 346 1193 vel
370 1158 542 1194 habeantur
568 1158 723 1194 efficaciae
744 1172 798 1195 seu
821 1160 984 1195 momenti.

347 1207 421 1255 §5
449 1207 621 1244 Memorata
644 1221 717 1244 vero
752 1209 927 1254 concessio,
967 1221 1048 1257 qnae

299 1256 337 1291 de
364 1269 460 1305 regno
483 1265 513 1293 et
536 1266 615 1292 terra
657 1258 801 1305 praefatis
837 1271 853 1293 a
888 1260 1048 1306 praedicto

299 1308 432 1351 notario,
455 1316 483 1342 et
506 1307 647 1343 eiusdem
676 1309 892 1344 concessionis
926 1308 1047 1344 confir-

300 1357 407 1397 matio,
433 1369 469 1392 ac
492 1369 570 1391 nova
598 1357 636 1392 de
659 1357 720 1393 illis
758 1358 933 1403 concessio,
968 1371 1047 1406 quae

299 1417 314 1440 a
342 1406 426 1441 dicto
447 1405 631 1442 Innocentio
653 1406 737 1454 Papa
760 1407 798 1442 de
821 1407 948 1442 fratrum
972 1420 1047 1442 suo-

300 1467 369 1490 rum
409 1455 567 1499 consilio,
607 1456 767 1491 nominato
804 1456 971 1492 Edmundo
1016 1466 1046 1492 et

299 1506 368 1539 eius
408 1504 595 1540 haeredibus
633 1505 730 1541 sactae
756 1506 851 1541 fuisse
874 1506 1047 1551 dicuntur,

299 1553 330 1589 in
360 1553 448 1589 nullo
475 1553 533 1589 sibi
557 1554 704 1601 prodesse
738 1567 773 1591 ac
802 1555 924 1590 nullum
968 1568 1047 1591 con—

299 1602 379 1638 ferre
411 1603 470 1645 ius,
509 1604 694 1652 nullamque
735 1605 900 1640 utilitatem
944 1605 1046 1641 eidem

302 1662 457 1700 praestare
479 1661 623 1701 possunt,
646 1666 703 1689 nec
725 1655 822 1690 ullum
845 1655 1046 1690 commodum

300 1710 354 1737 aut
379 1702 609 1738 adminiculum
637 1704 683 1738 vel
711 1703 870 1745 favorem,
904 1716 975 1739 cum
1010 1706 1048 1740 ab

299 1751 410 1787 eodem
437 1753 559 1787 notario
587 1752 655 1788 talis
685 1754 848 1790 concessio
886 1766 1045 1801 nunquam

300 1802 498 1849 processerit,
524 1810 553 1837 et
579 1811 700 1838 constet
726 1805 827 1850 ipsum
865 1805 1047 1840 concessio-

300 1863 373 1886 nem
394 1851 576 1887 huiusmodi
596 1864 657 1887 non
680 1851 799 1889 secisse.
823 1853 888 1888 Nec
911 1854 1047 1901 prodest,

300 1913 358 1936 nec
386 1902 480 1945 iuvat,
514 1902 539 1936 si
567 1902 669 1937 forsan
705 1902 800 1938 huius
834 1904 1069 1939 concessionis

300 1958 391 1986 tenor
416 1951 557 1986 eiusdem
587 1951 761 1988 innocentii
801 1953 904 2001 Papae
937 1948 1069 1991 litteris

301 2000 482 2036 ostendatur
504 2001 652 2056 insertus,
680 2003 732 2050 qui
757 2001 824 2037 facti
849 2015 909 2037 non
946 2005 1069 2040 conti-

301 2059 354 2085 net
381 2050 539 2086 veritatem
563 2051 733 2087 insertione
755 2051 946 2094 huiusmodi,
969 2065 1069 2100 quae

301 2113 363 2136 non
385 2100 422 2135 ad
447 2100 699 2156 publicationem
714 2102 768 2136 sed
784 2102 820 2136 ad
836 2102 1069 2138 confirmatio-

302 2163 373 2185 nem
397 2149 475 2185 sacta
499 2151 612 2192 existit,
630 2151 666 2185 ad
687 2151 900 2198 piobationem
921 2153 1070 2188 minime

301 2199 502 2255 suffragante:
531 2212 588 2236 nec
609 2200 803 2235 confirmatio
830 2211 859 2236 et
892 2196 1070 2249 suppletiol

303 2249 402 2296 ipsius
422 2249 595 2285 Innocentii
618 2250 734 2297 Papae,
761 2251 785 2284 si
809 2259 960 2307 sequ-ntae
986 2251 1050 2287 fue-

304 2308 386 2343 runt,
402 2308 572 2346 potuerunt
589 2300 735 2347 praebere
751 2302 1049 2349 concessioni3quae

304 2360 412 2384 revera
438 2361 636 2397 nequaquam
652 2359 875 2397 praecesserat,
899 2362 956 2386 nec
972 2350 1049 2386 sacta

304 2397 415 2438 fuerat,
442 2400 502 2434 vim
530 2399 664 2447 aliquam
699 2412 754 2435 seu
794 2400 962 2436 efficaciam
1002 2400 1048 2436 vel

304 2448 453 2495 vigorem;
497 2461 554 2484 nec
593 2461 651 2484 suo
687 2450 863 2485 interventu
902 2450 1050 2495 efficere,

305 2497 391 2545 quod
418 2498 529 2533 salsum
557 2498 634 2534 foret
657 2511 775 2540 verum,
803 2499 850 2534 vel
886 2500 929 2545 id,
965 2499 1049 2548 quod

961 464 1051 499 inno·
1072 462 1074 501 1'

1073 388 1074 393 η
1095 373 1203 412 utpote
1231 365 1347 401 nullam
1369 366 1499 400 omnino
1525 365 1677 401 habentes
1705 364 1838 400 iadicem

1094 427 1152 449 nec
1179 414 1304 462 aliquod
1332 414 1583 451 fundamentum.

1141 464 1161 512 g
1174 466 1205 499 6.
1221 464 1255 499 ln
1272 465 1307 500 iis
1321 464 1404 500 enim
1416 464 1475 501 hoc
1489 464 1670 500 intendebat
1687 472 1717 500 et
1731 464 1839 511 agebat

1093 513 1176 549 idem
1193 514 1404 556 lnnocentius,
1414 523 1446 549 ut
1458 514 1641 550 huiusmodi
1658 526 1838 562 processum

1093 564 1257 599 memorati
1282 565 1392 599 notarii
1414 564 1545 600 firmiter
1583 563 1755 604 roboraret,
1787 567 1837 599 cui

1092 616 1175 658 (cum
1198 613 1378 649 nullatenus
1396 613 1624 657 intervenisset)
1645 613 1752 649 nullus
1767 626 1840 661 pro-

1093 663 1172 698 fecto
1195 671 1314 712 poterat
1340 663 1405 698 dari
1435 663 1541 704 robur;
1568 671 1598 698 et
1630 663 1714 711 quod
1750 662 1840 698 fabri-

1091 723 1190 754 catur,
1218 725 1288 749 cum
1316 713 1446 748 struitur
1469 713 1514 748 vel
1543 713 1745 760 componitur
1785 726 1840 747 su-

1091 774 1147 810 per
1164 775 1213 808 eo,
1241 762 1326 811 quod
1353 763 1548 798 existentiam
1576 762 1694 798 nullam
1734 761 1839 806 habet,

1090 812 1228 847 solidum
1251 813 1378 860 quidem
1406 821 1436 847 et
1461 812 1573 847 stabile
1601 824 1662 847 non
1689 820 1755 852 est,
1782 813 1838 848 sed

1091 861 1235 897 instabile
1268 862 1400 898 totaliter
1433 870 1464 897 et
1498 862 1668 897 infirmum.
1705 862 1744 896 At
1779 863 1836 897 etsi

1091 910 1271 947 huiusmodi
1311 911 1459 959 praedicti
1505 912 1617 947 notarii
1658 912 1838 955 concessio,

1089 973 1184 1008 quam
1213 961 1253 997 de
1274 961 1400 1009 speciali
1428 961 1612 997 auctoritate
1634 973 1669 996 ac
1691 960 1838 996 mandato

1089 1010 1232 1046 eiusdem
1260 1011 1432 1046 Innocentii
1448 1012 1656 1058 praecessisse
1678 1011 1837 1051 asseritur

1090 1059 1166 1095 facta
1191 1060 1322 1102 fuissem
1354 1060 1561 1096 nihilominus
1600 1067 1704 1095 tamen
1743 1073 1837 1096 vacua

1089 1118 1119 1144 et
1146 1110 1288 1146 inefficax
1310 1123 1438 1158 prorsus
1465 1117 1558 1152 esset;
1585 1122 1659 1145 cum
1680 1110 1838 1146 conditio-

1090 1171 1145 1194 nes
1171 1160 1390 1207 apponendae,
1430 1172 1563 1207 quarum
1602 1161 1836 1216 expressionem

1089 1217 1119 1243 et
1141 1209 1381 1246 declarationem
1404 1210 1486 1245 idem
1520 1210 1663 1245 notarius
1695 1210 1726 1244 in
1771 1210 1837 1257 ipsa

1089 1260 1294 1294 concessione
1315 1271 1490 1294 reservasse
1516 1259 1643 1294 arbitrio
1681 1266 1835 1295 certarum

1088 1308 1203 1343 dicitur
1224 1321 1442 1357 personarum,
1464 1321 1630 1356 expressae
1658 1308 1703 1345 vel
1731 1308 1837 1345 decla-

1089 1366 1173 1393 ratae
1195 1370 1250 1406 per
1293 1359 1376 1406 ipsas
1416 1371 1565 1407 personas
1606 1370 1667 1394 non
1698 1357 1836 1400 fuerint,

1090 1419 1147 1443 nec
1176 1408 1296 1456 possint
1327 1408 1440 1444 amodo
1478 1407 1640 1452 declarari,
1679 1408 1838 1456 aliquibus

1090 1469 1293 1503 personarum
1321 1458 1460 1506 ipsarum
1487 1458 1526 1492 de
1547 1457 1654 1493 medio
1675 1457 1736 1493 iam
1758 1458 1837 1493 sub-

1089 1506 1170 1546 latis,
1197 1507 1324 1554 quibus,
1355 1515 1385 1542 et
1423 1507 1554 1554 reliquis
1590 1506 1834 1555 superstitibus,

1088 1555 1172 1603 quod
1195 1556 1290 1591 simul
1312 1556 1341 1592 id
1370 1556 1518 1599 facerent,
1558 1556 1658 1592 suerat
1693 1569 1835 1592 reserva-

1089 1613 1167 1647 tum3
1194 1614 1225 1641 et
1258 1606 1318 1641 boc
1356 1606 1457 1661 ipsum
1501 1605 1540 1640 de
1579 1606 1714 1662 praefata
1757 1619 1833 1642 nova

1088 1656 1295 1691 concessione
1317 1656 1415 1702 ipsius
1435 1655 1613 1690 Innocentii
1637 1657 1746 1692 merito
1773 1656 1834 1691 dici

1089 1712 1203 1751 potest,
1230 1717 1302 1740 cum
1325 1704 1409 1740 idem
1436 1705 1614 1740 innovando
1631 1706 1833 1752 praemissam

1089 1754 1229 1790 eiusdem
1258 1755 1369 1790 notarii
1392 1754 1639 1810 concessionem,
1660 1768 1716 1791 seu
1756 1768 1835 1804 quae

1090 1805 1177 1851 prius
1199 1805 1249 1839 ille
1284 1805 1481 1840 concessisse
1515 1804 1688 1850 dicebatur,
1717 1807 1836 1840 noviter

1068 1863 1069 1872 ¹
1089 1854 1304 1897 concedendo,
1331 1853 1396 1888 ab
1392 1855 1490 1902 ipsius
1517 1855 1690 1890 intentione
1713 1856 1836 1900 notarii,

1089 1904 1192 1951 quoad
1220 1904 1418 1940 conditiones
1433 1904 1615 1940 inserendas
1636 1904 1766 1939 minime
1792 1916 1837 1940 re-

1089 1954 1229 1994 ctsserit,
1251 1954 1306 1989 sed
1330 1954 1421 1989 suerit
1448 1966 1516 1989 eam
1539 1954 1644 2001 potius
1685 1966 1837 2010 prosecu-

1090 2011 1150 2043 tus
1174 2004 1328 2050 quamvis,
1347 2011 1378 2039 et
1395 2004 1471 2039 alias
1486 2004 1738 2039 rationabiliter
1731 2016 1837 2052 impu-

1068 2050 1214 2100 gnetur,
1240 2065 1310 2088 cum
1333 2052 1434 2089 Sedes
1454 2053 1660 2100 Apostolica
1652 2066 1684 2088 m
1706 2053 1837 2100 agendis

1091 2112 1151 2138 tam
1174 2103 1279 2138 arduis
1307 2103 1435 2138 multam
1479 2115 1601 2138 servare
1639 2105 1837 2138 consueverit

1069 2153 1287 2199 gravitatem,
1314 2160 1345 2187 et
1366 2153 1404 2188 ad
1426 2152 1646 2188 concessiones
1664 2164 1769 2188 rerum
1791 2154 1837 2188 sic

1090 2202 1255 2248 grandium
1278 2210 1309 2237 et
1329 2202 1514 2238 sublimium
1542 2203 1609 2238 sine
1631 2210 1753 2237 maturo
1765 2214 1837 2238 con-

1089 2252 1161 2286 silio
1175 2259 1205 2286 et
1233 2252 1458 2287 deliberatione
1479 2252 1612 2287 solemni
1634 2264 1669 2287 ac
1689 2263 1837 2299 expresso

1091 2313 1246 2336 consensu
1275 2301 1479 2337 cardinalium
1503 2314 1565 2337 non
1594 2301 1750 2349 procedat.

1140 2351 1213 2398 §7-
1243 2351 1295 2386 [lla
1331 2351 1467 2399 denique
1494 2351 1617 2387 collatio
1665 2352 1729 2386 sive
1760 2363 1837 2386 con-

1092 2412 1204 2440 cessm,
1227 2413 1320 2448 quam
1344 2401 1446 2436 dictus
1475 2401 1614 2436 notarius
1648 2400 1836 2448 quibusdam

1091 2462 1107 2484 a
1136 2450 1271 2497 piaefato
1293 2462 1365 2497 rege
1387 2450 1562 2486 constitutis
1585 2450 1837 2497 procuratoribus

1091 2499 1201 2535 fecisse
1227 2499 1353 2544 dicitur,
1375 2499 1414 2536 de
1440 2500 1500 2535 iam
1540 2499 1622 2534 dicto
1658 2511 1755 2545 regno
1795 2508 1838 2535 te-

308 2559 377 2582 rere
406 2560 465 2583 non
489 2557 564 2593 erat,
586 2548 715 2584 liaberet
746 2549 899 2585 essentiae
939 2550 1051 2585 verita·
1092 2549 1195 2584 nendo
1222 2549 1252 2584 in
1273 2549 1401 2585 feudum
1429 2563 1445 2585 a
1468 2556 1639 2585 memorato
1664 2548 1836 2584 Edmundo

308 2605 380 2631 tem:
407 2598 536 2645 ipsaque
574 2598 769 2634 confirmatio
805 2608 833 2634 et
871 2600 1050 2648 suppletio,
1092 2599 1150 2634 sub
1180 2599 1414 2635 conditionibus
1445 2610 1502 2647 per
1539 2598 1641 2647 ipsum
1680 2599 1836 2635 notarium

1853 209 1903 236 An.
1920 209 1950 236 C.
1967 208 2034 236 ¹265

1889 471 1913 492 Et
1930 477 2000 499 quare.
