2129 3223
160 264 196 289 An
231 262 258 288 C.
276 263 340 291 ¹217

172 472 286 492 'visendum
305 473 328 493 dd

157 503 187 522 l*
199 510 248 524 want

159 1953 238 1974 ‘ensus
249 1959 329 1974 annuus

146 1984 159 2006 S
176 1985 190 2005 A
206 1984 321 2005 solvendus

407 254 476 286 318

356 318 473 365 podere
506 316 685 352 comitissae
708 315 886 355 mathildis,
917 328 996 363 quas
1023 316 1105 351 idem

356 366 579 414 praedecessor
601 373 708 401 noster
730 365 784 400 tibi
808 365 966 401 concessit
987 365 1018 400 in
1038 365 1106 400 feu-

354 416 429 450 dum
462 427 518 463 per
551 415 698 449 vexillum
735 414 812 449 beati
840 414 924 449 Petri
961 423 989 450 te
1017 414 1105 449 inve-

353 464 480 500 stiendo
501 464 542 500 de
556 464 629 505 illis,
645 463 789 499 videlicet
802 463 1007 507 Medicinam,
1026 464 1105 498 duas

354 523 457 561 partes
483 514 659 560 Argellatae
692 525 764 548 cum
791 513 997 560 proventibus
1026 513 1103 552 suis,

351 565 581 612 Carpenetam,
603 562 806 602 Besinacum,
835 562 1025 599 Mandriam,
1049 561 1104 596 Bi-

353 613 539 658 bianellum,
573 611 721 648 Castrum
750 612 923 652 hiarium,
958 611 1103 646 Foldun-

350 663 439 704 dum,
466 661 605 703 Muzole,
632 661 826 697 Bundenum
862 660 1016 704 Arduini,
1048 660 1102 695 Pi-

350 713 637 759 gngnagiam‚cum
666 711 820 745 universis
847 710 945 745 curiis
972 718 1001 744 et
1030 722 1103 756 per-

351 762 509 801 tinentiis,
539 761 661 795 iuribus
688 768 717 795 et
738 759 922 795 'honoribus
957 759 1101 794 omnium

351 812 583 858 praedictorum
603 819 777 845 castrorum
793 818 822 844 et
837 809 991 852 locorum,
1014 809 1100 843 salvo

350 873 418 896 iure
433 873 488 909 per
509 860 628 904 omnia,
647 859 733 906 quod
756 858 850 893 habet
873 858 1101 893 monasterium

348 911 455 946 Sancti
478 909 642 945 Benedicti
666 908 704 943 de
722 908 826 943 Laron
851 908 882 942 in
905 907 1101 953 Piguguaga‚

348 960 488 1008 Carpum
517 968 546 994 et
573 957 796 993 Mombarazon
825 969 896 992 cum
929 956 1100 1004 plebanatu

347 1009 481 1045 Sanctae
503 1008 631 1047 Mariae,
654 1007 739 1042 salva
762 1015 866 1041 tamen
889 1005 1100 1053 dispositione

349 1068 453 1094 nostra
476 1059 557 1094 circa
592 1058 696 1104 ipsum
724 1056 864 1103 Carpum
899 1062 929 1090 et
956 1055 1101 1090 Momha-

348 1121 450 1143 razon.
474 1107 608 1155 Insuper
634 1113 745 1141 cuncta
782 1106 847 1139 iura
879 1112 910 1139 et
940 1104 1099 1145 redditus,

347 1157 571 1205 responsiones
598 1164 627 1190 et
658 1155 909 1193 iurisdictiones,
938 1153 1074 1188 honores
1092 1181 1099 1192 ,

347 1220 422 1243 usus
436 1215 467 1242 et
487 1205 662 1252 albegarias
680 1216 760 1251 quae
779 1211 853 1238 sunt
875 1203 949 1238 dicti
973 1203 1099 1249 poderis

346 1269 376 1291 in
405 1255 533 1292 feudum
557 1255 612 1290 tibi
642 1254 799 1292 concessi,
827 1262 857 1288 et
886 1253 916 1287 in
946 1252 995 1286 liis
1022 1252 1098 1287 locis

346 1306 533 1352 specialiter,
561 1305 626 1339 sive
655 1303 863 1349 pertinentiis,
893 1301 1037 1336 videlicet
1066 1302 1096 1336 in

344 1355 496 1395 Sablono‚
511 1354 639 1393 Cazolo,
659 1352 844 1398 Fellegaria‚
863 1351 1031 1390 Rioltorto‚
1047 1349 1099 1384 Di-

347 1416 481 1447 nazano,
504 1403 607 1438 Casali
643 1402 775 1448 Magno,
803 1400 906 1436 Casali
941 1400 1096 1445 Zigoiiit),

346 1453 516 1500 Tregasso‚
540 1452 717 1498 Preguano,
745 1450 939 1487 Cavesiano,
967 1448 1097 1483 Ruma-

345 1503 412 1543 liis,
439 1502 574 1541 planzo,
609 1501 721 1536 Castro
755 1500 930 1537 Canusiae.
964 1498 1096 1544 eiusque

345 1551 457 1591 Curia,
485 1551 650 1594 Fontana‚
685 1548 951 1596 CampogalianO,
978 1546 1096 1581 Sancto

346 1600 480 1636 Martino
507 1600 547 1635 de
572 1599 634 1634 Rio
658 1598 836 1638 Sustiliolo,
866 1597 987 1635 pradis,
1015 1595 1096 1630 Cor-

346 1651 442 1698 regia,
474 1649 572 1685 Fossa
608 1648 752 1689 Canulis‚
779 1647 947 1685 Miliarnia„
970 1646 1095 1691 Gurga-

345 1700 432 1735 cellis
454 1698 614 1737 Fossulis,
636 1697 812 1737 Budriono,
845 1696 977 1735 Soleria,
1010 1703 1038 1728 et
1064 1695 1094 1729 in

347 1757 410 1784 toto
431 1761 469 1784 eo
497 1748 581 1796 quod
604 1756 650 1782 est
673 1746 815 1782 eiusdem
844 1745 987 1792 poderis⁷
1010 1744 1094 1790 quod

344 1798 544 1834 detinebatur
565 1810 582 1832 a
607 1805 647 1836 te,
670 1794 798 1844 quando
821 1795 896 1829 illud
920 1794 993 1830 Sedi
1015 1794 1096 1839 Apo-

344 1847 474 1883 stolicae
504 1847 668 1893 resignasti
701 1846 732 1880 in
765 1843 1003 1892 episcopatibus
1031 1842 1095 1877 Bo-

346 1898 490 1937 nonien.,
505 1896 673 1939 Mutinen.‚
688 1895 835 1940 Regien.,
851 1894 966 1941 pariter
979 1901 1007 1927 et
1024 1892 1096 1926 Par-

346 1959 427 1982 men.
456 1946 503 1981 Tu
533 1958 606 1980 vero
635 1957 690 1991 pro
718 1943 812 1979 feudo
846 1944 915 1990 ipso
944 1941 1036 1976 nobis
1063 1949 1093 1976 et

346 1995 506 2031 Ecclesiae
528 1994 690 2029 Romanae
717 1992 923 2040 quadraginta
953 1991 1095 2025 marchas
1116 2007 1118 2030 t

344 2045 464 2092 argenti
487 2045 518 2080 in
541 2043 621 2079 festo
643 2042 796 2078 Omnium
818 2041 1009 2076 Sanctorum
1039 2052 1087 2074 no·

347 2095 429 2129 mine
457 2106 570 2129 census
593 2092 754 2127 annuatim
782 2090 917 2126 exoltes.
945 2089 1090 2124 Servitu-

346 2156 398 2179 rus
430 2143 637 2178 nihilominus
676 2142 707 2175 in
748 2139 936 2176 Lombardia
971 2146 999 2173 et
1037 2138 1097 2173 Ro-

347 2193 448 2228 mania
489 2204 560 2228 cum
593 2199 720 2226 centum
757 2188 912 2224 militibus
951 2188 980 2222 in
1019 2187 1095 2222 valle

345 2243 514 2290 Spoletana
543 2241 588 2276 iel
610 2240 747 2275 Mareliia
764 2251 835 2274 cum
855 2237 1094 2285 quinquaginta.

940 262 1078 285 Bt‘LLAiu
1085 262 1127 283 [M
1157 262 1318 284 itmiAst'M

1149 328 1245 362 ergo,
1269 324 1300 350 ut
1335 316 1412 350 nulli
1447 316 1578 351 omnino
1611 315 1777 351 hominum
1807 314 1897 350 liceat

1149 365 1228 400 lianc
1261 366 1405 412 paginam
1440 374 1566 401 nostrae
1599 364 1813 401 concessionis
1847 365 1896 400 in-

1148 414 1296 461 fringere,
1319 414 1365 450 vel
1389 415 1416 450 ei
1439 427 1517 450 ausu
1543 415 1708 450 temerario
1729 415 1895 450 contraire:

1147 464 1171 498 si
1195 464 1267 511 quis
1288 472 1391 499 autem
1413 464 1474 499 hoc
1500 472 1652 500 attentare
1673 476 1896 512 praesumpse—

1147 513 1196 550 rit,
1225 513 1474 559 indignationem
1503 514 1728 562 omnipotentis
1754 513 1832 554 Dei.
1859 526 1894 548 ac

1147 562 1308 597 beatorum
1328 563 1411 598 Petri
1435 571 1465 598 et
1485 562 1576 598 Pauli
1593 563 1808 611 apostolorum
1826 562 1895 598 eius

1146 624 1179 646 se
1202 621 1323 646 noverit
1350 624 1563 647 incursurum.

1195 661 1309 696 Datum
1339 661 1483 696 Laterani
1511 674 1564 708 pei·
1589 674 1718 696 manum
1745 661 1893 710 Raynerii

1145 709 1279 745 Sanctae
1316 710 1478 745 Romanae
1515 711 1673 746 Ecclesiae
1701 710 1895 746 vicecancel—

1145 759 1209 794 larii
1237 760 1347 807 quinto
1374 760 1498 795 decimo
1526 760 1675 795 kalendas
1697 760 1783 799 maii,
1805 760 1893 794 iudi-

1144 809 1247 844 ctione
1281 810 1413 857 quinta‚
1455 810 1681 845 incarnationis
1717 809 1892 844 dominicac=

1143 870 1226 893 anno
1261 859 1431 894 millesimo
1465 859 1684 894 ducentesimo
1716 858 1895 894 decimose-

1145 907 1262 953 ptimo,
1287 909 1486 955 pontificatus
1509 921 1581 944 vero
1613 908 1733 943 domini
1760 908 1892 943 Honorii

1143 956 1247 1004 Papae
1271 958 1352 992 tertii
1376 970 1462 993 anno
1485 958 1596 1004 primo.

1187 1019 1246 1049 lJat.
1269 1020 1315 1049 die
1338 1020 1369 1049 Π
1387 1020 1489 1059 aprilis
1510 1020 1593 1056 1217,
1612 1019 1715 1059 pontis.
1733 1028 1810 1050 anno
1828 1027 1846 1050 1.

1467 1091 1584 1099 ——-

1486 1178 1540 1213 tx.

1144 1256 1345 1299 sonfirmati'o
1374 1257 1610 1301 privilegiorum
1646 1256 1800 1289 Ecclesiae
1838 1256 1893 1290 la-

1189 1318 1291 1342 nnen„
1313 1307 1435 1349 eiusque
1448 1306 1566 1338 ct'vitati
1583 1306 1751 1338 medietatis
1774 1306 1892 1338 insulae

1190 1356 1329 1388 Corsicae
1344 1356 1491 1388 concessio
1505 1356 1560 1387 sub
1574 1366 1678 1388 annuo
1693 1366 1782 1387 censu
1802 1356 1891 1388 unius

1188 1405 1284 1437 librae
1310 1405 1383 1437 anri
1405 1405 1460 1446 tl).

1408 1481 1620 1511 SUMMARIUM

1140 1548 1327 1579 l'rooemiuni.
1355 1565 1395 1571 —
1423 1548 1584 1578 lanuenses
1613 1549 1648 1578 de
1670 1547 1753 1578 Rom.
1777 1547 1890 1579 Eccles.

1179 1594 1286 1631 optime
1306 1593 1412 1623 meriti.
1427 1609 1465 1614 —
1478 1591 1748 1632 archiepiscopalis
1764 1592 1891 1631 dignitas

1178 1638 1220 1667 eis
1240 1638 1439 1667 confirmatur.
1457 1653 1496 1659 -—
1516 1636 1626 1666 Eccles.
1651 1636 1826 1668 Corsicanae
1849 1638 1891 1667 eis

1177 1682 1337 1713 subiectae.
1360 1699 1399 1704 —
1421 1681 1602 1720 Archiepisc.
1622 1681 1728 1720 legatio
1748 1685 1891 1713 transma-

1177 1728 1240 1756 rina
1270 1726 1476 1756 committitur:
1499 1742 1536 1747 -
1563 1725 1663 1756 Eidem
1696 1726 1744 1756 dat
1765 1732 1890 1757 monast.

1178 1772 1205 1801 in
1226 1771 1320 1801 insula
1349 1770 1521 1800 Gallinaria.
1544 1786 1583 1792 —
1606 1769 1752 1800 Nonnulla
1771 1770 1799 1801 ei
1816 1779 1888 1800 con-

1177 1816 1254 1846 cedit
1272 1816 1434 1855 privilegia:
1457 1832 1496 1837 —
1517 1814 1632 1844 Civitati
1657 1824 1723 1845 vero
1745 1815 1888 1846 medieta-

1175 1866 1232 1890 tem
1262 1860 1377 1889 insulae
1400 1858 1556 1889 Corsicae:
1574 1875 1613 1881 ·—
1639 1858 1764 1890 Pallium
1792 1864 1889 1890 autem

1177 1905 1411 1944 archiepiscopo.
1430 1920 1469 1926 —
1486 1902 1650 1933 Clausulae.

1137 1971 1266 2001 Honorius
1285 1972 1426 2007 episcopus
1445 1977 1540 1999 servus
1560 1976 1699 1999 servorum
1711 1969 1890 2003 Doinonora-

1181 2021 1230 2049 bili
1249 2020 1336 2049 fratri
1356 2020 1446 2049 octoni
1465 2020 1572 2049 tanuen.
1589 2018 1801 2056 archiepiscopo.
1817 2019 1891 2049 eins-

1182 2078 1233 2107 que
1253 2070 1452 2099 successorihus
1476 2068 1602 2098 canonico
1627 2068 1827 2111 substituendis
1863 2069 1891 2098 in

1182 2120 1360 2156 perpetuum,
1385 2119 1501 2148 salutem
1538 2119 1568 2147 ot
1586 2116 1764 2154 apostoliam
1781 2113 1888 2147 bonodi—

1182 2170 1310 2198 ctionem.

1187 2232 1330 2279 Superna
1352 2239 1382 2266 et
1403 2231 1568 2266 ineffabilis
1587 2229 1780 2277 providentia
1796 2228 1890 2264 Maie-

354 2292 395 2326 ᾖ)
419 2291 494 2326 urbe
530 2299 652 2327 autem,
686 2297 715 2324 et
739 2288 816 2323 infra
840 2299 948 2322 versus
978 2286 1097 2321 Mariti-
1117 2310 1120 2326 ἦ
1139 2283 1226 2315 statis
1258 2288 1486 2316 sacrosanctam
1510 2279 1685 2314 Romanam
1713 2278 1886 2314 Ecclesiam

348 2353 428 2375 inam
456 2353 513 2388 per
541 2338 747 2386 Campaniam
781 2348 810 2372 et
835 2346 933 2371 totum
965 2347 1096 2381 regnum
1139 2332 1282 2365 omnium
1307 2329 1519 2365 Ecclesiarum
1550 2337 1680 2364 matrem
1704 2328 1837 2363 instituit
1859 2336 1886 2362 et

347 2390 473 2425 Siciliae
507 2402 578 2423 curn
607 2388 716 2434 viginti
752 2400 806 2434 per
836 2397 978 2421 mensem
1011 2386 1097 2419 inte-
1117 2396 1119 2424 3
1140 2380 1336 2426 magistram.
1373 2387 1401 2413 ut
1440 2378 1576 2426 praelata
1613 2377 1745 2431 caeteri-s
1772 2378 1888 2431 *merit-a

348 2451 438 2479 :trum
466 2440 601 2485 singulis
627 2437 719 2471 annis
745 2435 1013 2483 quandocumque
1035 2434 1099 2468 sue·
1117 2451 1120 2484 9
1140 2430 1310 2476 respiceret
1343 2428 1617 2481 singulorumffiet
1642 2426 1692 2481 ad·
1708 2425 1890 2480 sirmlitudi—

349 2489 391 2521 ris
426 2489 614 2534 requisitus,
636 2495 777 2532 tempore
810 2484 954 2519 veniendi
979 2493 1007 2518 et
1044 2495 1099 2517 re-
1117 2487 1121 2529 ξ
1141 2489 1212 2512 nem
1229 2478 1346 2513 aeterni
1366 2485 1396 2512 et
1419 2477 1490 2512 iusti
1506 2476 1622 2511 Iudicis
1641 2487 1812 2522 uuicuique
1832 2487 1889 2522 pro

348 2538 478 2570 magud}
520 2537 649 2570 minime
683 2544 877 2582 computato,
912 2546 947 2568 ac
984 2532 1100 2567 deinde
1117 2536 1121 2586 Ι
1141 2530 1323 2563 meritorum
1347 2525 1550 2574 qualitatibus
1569 2523 1890 2570 responderet.Unde

350 2593 501 2629 «guantum
544 2585 704 2620 Ecclesiae
744 2584 903 2618 Romanae
947 2582 1099 2630 placuerit
1118 2594 1121 2622 !
1140 2584 1171 2612 et
1192 2576 1300 2612 eadem
1334 2585 1439 2612 sancta
1462 2574 1600 2609 Ecclesia
1622 2585 1687 2613 eos,
1709 2585 1791 2620 quos
1817 2572 1889 2609 fide-

351 2647 380 2668 in
409 2636 550 2668 eiusdem
574 2644 677 2669 tamen
704 2645 862 2674 expenss.
893 2628 1122 2679 Decernimusg
1176 2643 1214 2677 (it
1235 2642 1273 2669 Ex
1292 2643 1395 2674 stegen.
1416 2641 1499 2667 Vane.

1912 261 1962 283 An.
1976 256 2005 283 C.
2026 254 2092 282 ¹2¹7

1944 315 2062 339 clausulae.

1931 2228 2061 2250 fretun-um.
