2129 3223
45 256 126 284 Aac
157 255 223 282 ¹¹88

279 309 503 340 sousumantur3
523 322 560 327 -
590 304 693 333 Addito
712 303 902 333 immunitatis
926 302 979 332 de-

277 358 363 383 creto.

239 423 357 453 Clemens
372 423 512 459 episcopus
531 427 624 450 servus
643 425 781 449 sorvorum
796 418 852 450 Dei.
872 423 981 447 venera·

281 472 330 500 bili
362 470 451 500 fratri
474 470 611 500 norwico
629 469 763 498 Bremonsi
786 467 984 503 archiepiscopo

283 520 401 550 salutm
419 520 449 549 ‘et
467 518 646 555 apostolicam
665 518 885 547 benedictionem.

291 588 337 623 Ex
360 588 503 622 iniuncto
532 586 623 622 nobis
656 598 671 620 a
699 585 766 620 Deo
792 583 985 631 apostolatus

242 638 355 677 officio,
377 636 486 672 fratres
510 643 541 670 et
561 635 730 682 episcopos
762 641 895 673 nostros,
923 643 984 668 tam

243 687 370 728 vicinos,
392 698 484 732 quam
508 685 600 731 longe
616 685 735 732 positos
756 683 897 718 sincerae
912 682 985 717 cha-

244 736 340 771 ritatis
377 735 489 771 affectu
528 733 680 769 debemus
702 733 840 779 diligere,
869 739 900 766 et
926 731 987 766 Ec-

243 785 359 826 clesiis,
390 785 421 820 in
449 783 564 832 quibus
585 791 712 818 auctore
741 781 877 817 Domino
904 781 988 815 mili-

245 844 308 870 tare
327 842 513 874 noscuntur,
536 845 624 868 suam
647 831 829 879 dignitatem
854 838 885 866 et
906 830 989 865 iusti-

246 885 319 919 tiam
334 884 485 930 integram
506 893 700 918 conservare.
716 881 901 927 Eapropter.
919 892 987 914 ven.

50 937 233 990 ‘Ecdu'uvdffl-
247 934 277 968 in
296 933 423 969 Christo
442 933 545 973 frater,
571 932 634 966 tuis
656 931 746 966 iustis
773 929 990 977 postulationi-

51 974 233 1025 335525521
248 982 306 1018 bus
331 990 420 1030 'grato
453 989 677 1017 concurrentes
702 992 853 1019 assensu,
881 979 990 1014 Eccle-

51 1031 233 1082 Ἲζζξζζῶζῗ·
247 1032 323 1067 siam
357 1033 474 1079 ipsam,
499 1031 548 1066 cui
585 1038 711 1065 auctore
738 1029 873 1063 Domino
901 1040 992 1075 prae-

65 1092 220 1115 conamamun
248 1081 351 1122 sides,
382 1093 454 1116 cum
493 1079 642 1115 omnibus
677 1078 873 1126 pertiuentiis
910 1077 991 1116 suis,

249 1130 465 1166 Lubecensem
475 1141 612 1177 quoque.
623 1128 868 1170 Zwerinensem,
882 1125 926 1161 Ra
932 1138 993 1160 ces-

252 1180 440 1226 butgensem
462 1187 493 1214 et
508 1178 757 1212 lxseclanensem
780 1177 993 1222 episcopatus,

250 1241 323 1262 cum
357 1228 512 1262 universis
547 1227 639 1261 bonis
673 1233 735 1261 tam
762 1224 994 1273 spiritualibus,

251 1289 343 1324 quam
371 1275 612 1323 temporalibus,
639 1275 719 1310 sicut
754 1274 834 1309 iuste
870 1282 899 1308 et
928 1274 995 1308 sine

252 1327 461 1361 controversia
488 1324 651 1373 possides,
685 1323 740 1358 tibi
769 1331 798 1358 et
834 1322 995 1358 Ecclesiae

253 1381 324 1410 tuae
356 1375 540 1410 auctoritate
573 1373 741 1420 apostolica
773 1372 997 1407 confirmamus

251 1431 283 1457 et
308 1424 482 1471 praesentis
507 1423 614 1469 scripti
647 1421 822 1469 patrocinio
850 1433 996 1455 commu-

252 1472 369 1512 nimus,
395 1478 579 1512 statuentes,
608 1479 640 1505 ut
668 1470 742 1505 nulli
780 1470 908 1504 omnino
937 1469 997 1504 lio-

253 1521 372 1556 mi‘num
395 1521 486 1556 liceat
512 1521 592 1555 hanc
612 1528 736 1554 nostrae
753 1519 896 1566 paginam
920 1531 998 1553 con-

252 1570 437 1606 firmationis
458 1570 639 1615 infringere,
667 1569 713 1604 vel
741 1569 768 1603 ei
797 1580 873 1604 ausu
897 1576 997 1603 teme—

73 1625 239 1676 ,A'dffssodgaffi-
254 1619 333 1655 rario
351 1619 515 1656 contraire.
538 1618 572 1654 Si
595 1619 668 1665 quis
688 1625 792 1653 autem
815 1617 874 1652 hoc
897 1625 998 1653 atten—

59 1662 130 1677 ΝΜ
234 1669 318 1704 ¹tare
340 1669 595 1717 praesumpserit,
623 1667 870 1714 indignationem
894 1667 995 1701 omni-

254 1718 389 1765 potentis
409 1717 466 1753 Dei
495 1726 525 1753 et
551 1717 714 1752 beatorum
741 1716 824 1751 Petri
853 1725 882 1751 et
910 1716 997 1751 Pauli

253 1767 466 1815 apostolorum
488 1767 556 1802 eius
581 1779 615 1801 se
638 1765 759 1801 noverit
782 1766 997 1800 incursurum.

301 1816 372 1852 Dat.
399 1817 518 1851 Romae
535 1816 617 1863 apud
632 1815 780 1850 Sanctam
798 1815 937 1850 Mariam.
953 1827 998 1849 vii

256 1865 404 1901 kalendas
418 1866 565 1905 octobris,
585 1865 785 1912 pontificatus
802 1865 899 1898 nostri
918 1876 1000 1899 anno

255 1923 370 1962 primo.

274 1970 336 2002 Dat.
354 1972 400 2002 die
417 1971 456 2002 25
473 1972 648 2011 septembris
666 1981 742 2001 anuo
764 1971 876 2002 Domini
900 1972 981 2007 1188,

515 2016 616 2056 pontif.
632 2024 708 2046 anno
727 2024 744 2046 1.

612 2132 679 2170 VH.

260 2209 373 2243 Abbati
391 2207 569 2241 monasterti
586 2207 752 2250 Cassimn„
769 2209 851 2253 'quoti
863 2209 916 2240 ‘sub
932 2216 1004 2251 pro-

308 2258 432 2291 noviom
459 2256 547 2290 Sedis
585 2257 690 2301 Aposz.
732 2258 889 2302 recipitur,
909 2267 1004 2301 supra

308 2313 438 2341 mres
479 2305 598 2339 ordinis
627 2313 654 2338 et
692 2306 862 2340 Occidentis
883 2306 1004 2339 abbates

307 2356 453 2390 Νινίων
478 2356 533 2398 (l).

528 2421 742 2453 SUMM'ARtUM

264 2485 428 2516 Exordium.
463 2503 502 2508 —
535 2484 797 2514 Praedecessorum
827 2495 906 2515 more
932 2485 1003 2514 Cas-

303 2530 396 2560 sinen.
415 2534 538 2559 monast.
558 2528 612 2558 sub
637 2528 720 2558 Sedis
739 2529 919 2567 Apostolicae
942 2538 1005 2567 pro-

79 642 194 663 tio-situm.

300 2585 389 2625 (013¹
399 2589 503 2617 archiv.
515 2594 628 2616 monast.
641 2588 772 2615 Cassinenv
786 2588 868 2615 edidit
882 2589 1005 2624 Margan,

265 2630 315 2658 lot.
330 2631 389 2663 cit,
404 2638 478 2657 num.
497 2637 559 2657 ccx.

864 248 1006 271 cimffixs
1029 247 1064 270 ΙΙΙ
1086 247 1134 269 Pr.

1018 1761 1021 1806 l
1042 1755 1204 1789 pl'ilelffl'ssss
1232 1755 1505 1801 praedecessorum
1524 1761 1700 1787 nostrorum
1717 1765 1786 1788 sass-

1667 232 1705 263 ssl

1063 301 1187 330 tectione
1206 299 1336 337 suscipit.
1356 316 1392 322 -
1414 299 1445 328 Et
1463 298 1587 328 caeteris
1607 305 1657 336 per
1674 296 1760 326 Occi-

1061 346 1175 375 dentem
1208 344 1429 383 praeserendum
1465 351 1533 373 esse
1560 341 1698 372 declarat.
1726 356 1764 363 —

1061 388 1217 419 Clausulae
1235 393 1263 417 et
1284 388 1490 417 conclusiones
1511 390 1677 416 consuetae.

1779 239 1823 264 Αη.
1843 238 1871 263 C.
1891 236 1956 263 llssss

1023 461 1142 491 clemens
1160 460 1300 495 episeopus
1315 465 1409 488 servus
1429 463 1567 487 servorum
1585 457 1638 490 Det.
1659 456 1767 486 dilectis

1067 510 1132 539 filiis
1151 509 1268 539 ltoffrtdo
1285 508 1379 537 abbati
1393 507 1554 537 monasterii
1575 507 1667 536 sancti
1689 506 1766 536 Beue-

1068 560 1136 589 dicti
1153 557 1314 590 Casinensis.
1329 557 1438 592 eiusque
1457 556 1603 588 fratribus.
1623 557 1682 584 tam
1691 562 1768 591 prae·

1070 609 1191 639 sentibus
1210 615 1289 644 quam
1308 606 1413 636 futuris
1431 606 1585 641 regularem
1604 606 1691 634 vitam
1708 612 1768 641 pro-

1071 659 1165 689 fessis,
1184 658 1212 686 in
1230 657 1399 692 perpetuum.

1075 720 1295 766 Omnipoteuti
1323 718 1391 753 Deo
1412 718 1502 753 cuius
1520 717 1629 752 melior
1655 726 1702 752 est
1717 717 1772 751 mi-
1817 722 1925 743 Effr'hum

1028 769 1195 805 sericordia
1230 780 1325 815 super
1359 767 1449 807 vitas,
1489 767 1603 814 gratias
1635 767 1772 813 agimus-

1029 820 1176 867 quouiam
1200 818 1356 865 gloriosus
1378 818 1408 851 in
1431 817 1548 851 sanctis
1577 815 1654 859 suis,
1681 823 1773 862 atque

1031 869 1182 904 mirabilis
1203 877 1260 905 est,
1289 876 1319 902 et
1337 867 1467 901 virtutes
1485 877 1568 904 suas,
1584 865 1774 912 ubicumque

1033 919 1107 955 vult,
1156 917 1302 952 ineffabili
1346 916 1483 951 bonitate
1518 915 1664 950 ostendit.
1705 914 1775 961 lpse

1031 969 1150 1015 quippe
1171 966 1363 1013 dignationis
1384 977 1458 1000 suae
1475 964 1622 1012 potentia,
1650 963 1774 998 B.rnum

1034 1017 1256 1059 Benedictum,
1286 1024 1403 1062 patrem
1442 1013 1583 1049 omnium
1618 1014 1777 1048 constituit

1035 1066 1273 1105 monachorum,
1297 1065 1361 1111 ipse
1389 1064 1473 1099 enim
1512 1063 1703 1098 monasticae
1734 1062 1778 1097 le-

1034 1116 1213 1161 gislatorem
1240 1123 1271 1148 et
1293 1120 1486 1160 operatorem
1511 1112 1589 1147 vitae
1611 1124 1684 1147 eum
1711 1123 1779 1146 esse

1035 1165 1203 1211 disposuit.
1229 1163 1299 1210 lpse
1321 1162 1403 1197 illius
1432 1162 1570 1206 meritis,
1607 1161 1780 1196 Casinense

1037 1214 1273 1256 monasterium,
1297 1213 1326 1246 in
1350 1224 1413 1258 quo
1435 1220 1466 1246 et
1487 1210 1688 1246 sanctissime
1707 1210 1781 1245 vixit

1037 1272 1066 1297 et
1087 1263 1310 1308 gloriosissime
1331 1261 1420 1299 obiit,
1445 1260 1595 1295 omnibus
1616 1271 1672 1307 per
1691 1259 1783 1294 Occi-

1037 1311 1161 1346 dentem
1190 1311 1388 1345 monasteriis
1414 1310 1559 1344 clementi
1589 1309 1781 1355 benignitate

1040 1361 1196 1406 praefecit.
1219 1359 1376 1401 Quoniam
1400 1358 1495 1405 igitur
1515 1359 1645 1404 dignum
1669 1366 1726 1396 est,
1749 1367 1780 1392 ut
1811 1371 1966 1404 :werimum

1039 1417 1099 1444 tam
1134 1409 1257 1444 celebre
1302 1417 1330 1443 et
1374 1408 1515 1443 solemne
1556 1407 1780 1442 monasterium
1797 1407 1840 1422 ‘¹³¹¹'
1855 1401 1977 1421 ⁸¹⁰'⁶⁴‘³⁸‘

1797 1433 1864 1452 sinen,
1888 1434 1977 1451 monast.

1039 1458 1218 1505 Apostolica
1251 1458 1351 1493 Sedes
1379 1457 1546 1504 specialius
1566 1457 1782 1504 amplectatur,
1797 1462 1909 1498 mli-Sedis
1926 1462 1978 1487 Aro-

1039 1508 1262 1543 monasterium
1281 1508 1383 1554 ipsum
1411 1507 1447 1541 ad
1475 1506 1636 1553 exemplar
1659 1506 1782 1553 praede·
1797 1494 1978 1549 ξ’,ἳὲξζῖυξξῖὲῗζ

1039 1569 1200 1592 cessorum
1244 1565 1421 1591 nostrorum
1470 1556 1568 1590 felicis
1615 1556 1783 1591 memoriae

1040 1606 1254 1641 Romanorum
1285 1606 1472 1640 Pontificum
1503 1605 1561 1640 sub
1588 1605 1667 1639 beati
1700 1605 1782 1639 Petri

1040 1664 1071 1690 et
1094 1664 1197 1690 nostra
1222 1656 1413 1703 protectione
1429 1655 1632 1702 suscipimus,
1650 1662 1678 1689 et
1695 1666 1785 1701 prae-

1040 1706 1138 1739 sentis
1185 1706 1291 1752 scripti
1333 1704 1496 1751 privilegio
1539 1704 1784 1738 communimus.

1813 1757 1833 1778 Et
1843 1760 1932 1778 [aeleri-
1943 1764 1979 1783 per

1821 1789 1956 1810 Occidentem

1815 1820 1972 1848 praeterendum

1817 1857 1864 1873 cnse
1880 1851 1980 1873 declarat.

1040 1817 1107 1843 ctae
1129 1809 1296 1843 memoriae
1319 1807 1436 1842 Urbani
1465 1816 1493 1842 et
1520 1807 1632 1841 Calixti
1669 1807 1788 1842 Roma-

1043 1874 1152 1896 norum
1197 1861 1386 1896 Pontificum
1432 1861 1557 1907 vestigia
1602 1871 1785 1909 sequenteS,

1044 1923 1178 1950 restrum
1213 1915 1398 1950 coenobium
1443 1916 1575 1949 caeteris
1608 1927 1662 1962 per
1692 1915 1787 1950 Occi-

1042 1969 1167 2004 dentem
1181 1968 1343 2003 coenobiis
1357 1967 1594 2015 praeferendum
1604 1970 1785 2004 asserimus.

1043 2023 1082 2058 Et
1104 2031 1164 2058 tam
1194 2032 1234 2064 te,
1275 2036 1369 2071 quam
1403 2035 1603 2058 successores
1636 2032 1717 2064 tuos,
1757 2024 1786 2059 in

1043 2079 1128 2112 omni
1163 2087 1317 2113 conventu
1359 2078 1578 2125 episcoporum
1617 2091 1671 2113 seu
1707 2078 1789 2125 prin-

1043 2132 1149 2179 cipum
1172 2132 1365 2179 superiorem
1379 2132 1526 2167 omnibus
1539 2132 1704 2167 abbatibus
1718 2145 1789 2167 cou-

1043 2186 1165 2229 sedere,
1191 2194 1285 2233 atque
1302 2186 1332 2221 in
1356 2186 1491 2226 iudiciis,
1509 2187 1642 2233 priorem
1659 2187 1789 2221 caeteris

1043 2241 1092 2275 sui
1120 2240 1239 2275 ordinis
1257 2241 1332 2275 iuris
1350 2241 1536 2275 sententiam
1561 2240 1698 2286 proferre
1721 2252 1789 2274 sau-

1045 2295 1156 2329 ciuius.
1179 2294 1211 2328 Si
1235 2305 1294 2340 qua
1319 2294 1412 2339 igitur
1440 2294 1469 2327 iu
1507 2294 1643 2328 futurum
1680 2295 1787 2329 eccle-

1045 2348 1178 2388 siastica,
1201 2347 1407 2382 saecularisve
1423 2359 1554 2393 persona
1571 2347 1650 2382 banc
1665 2355 1788 2382 nostrae

1046 2401 1276 2436 constitutionis
1305 2400 1448 2448 paginam
1470 2407 1522 2434 etc.

1094 2454 1208 2490 Datum
1245 2454 1387 2489 Laterani
1425 2466 1480 2500 per
1517 2465 1644 2488 manum
1692 2453 1789 2501 Moysi

1047 2517 1173 2544 sauctae
1195 2508 1353 2543 Romanae
1384 2508 1543 2542 Ecclesiae
1572 2507 1789 2553 sub-diaconi,

1049 2563 1273 2609 vicemagentis
1286 2562 1474 2602 cancellarii,
1488 2575 1508 2596 x
1527 2561 1586 2596 kal.
1601 2562 1788 2607 decembris,

1050 2616 1220 2651 indictione
1242 2628 1313 2655 vni,
1339 2628 1420 2650 anno
1436 2615 1658 2651 incarnationis
1679 2616 1787 2651 domi-

1815 2300 1923 2321 Ctausulae
1963 2305 1982 2322 st

1816 2331 1964 2351 conclusionts

1829 2366 1942 2383 consuetae
