2129 3223
57 261 107 289 An.
125 262 153 289 C.
174 262 239 289 ¹24⁷

253 315 328 351 tudo
350 329 430 363 genu
458 315 684 363 aliquantulum
709 324 856 355 transeat,
881 325 908 350 et
932 328 998 351 am—

252 365 375 411 plitudo
409 377 508 412 usque
546 364 584 399 ad
620 363 745 399 cubitos
780 365 995 411 protendatur.

250 413 381 449 Minoris
409 423 512 449 tamen
542 413 718 449 latitudinis
750 425 950 460 caparonem,
973 415 997 447 si

251 463 394 508 voluerit,
420 462 536 499 habere
561 462 673 510 poterit
700 463 916 509 cappellanus,
942 464 995 510 qui

249 524 345 559 cappa
368 512 459 547 etiam
484 512 614 547 honesta
639 512 680 546 uti
705 512 818 558 poterit
840 512 996 547 cumsue·

65 563 236 616 ⁰¹'“¹¹‘2'¹“1⁵5‘2
248 561 285 596 rit
303 569 529 608 opportunum.
549 560 767 596 Calceamenta
786 573 857 596 cum
888 561 996 607 caligis

51 598 225 647 5213'32i10'02'1.¹⁸
246 617 278 644 et
299 609 423 646 braccis
443 611 545 658 ampla
573 618 603 645 et
625 609 684 645 alta
713 609 845 644 babeant
868 617 897 644 et
924 620 994 646 ante

245 657 328 701 fissa,
350 667 380 694 et
403 659 486 695 idem
518 659 665 694 Officium
689 659 804 694 faciant
831 660 993 704 conversi,

242 709 327 755 quod
362 709 510 756 superius
547 709 586 744 de
619 708 782 744 sororibus
817 709 993 744 nescientes

242 756 361 793 litteras
387 767 434 793 est
455 770 657 805 expressum,
685 766 818 804 excepto
841 758 926 804 quod
954 758 990 793 ad

241 806 379 843 officium
406 807 522 843 Beatae
545 807 684 854 Virginis
706 808 835 842 minime
858 815 992 842 tenean-

241 863 300 891 tur.
338 856 553 892 Informationi
589 857 700 897 etiam,
739 864 767 891 et
802 856 988 891 correctioni

239 905 406 941 visitatoris
428 906 570 941 conversi
587 914 616 941 et
639 905 821 952 capellanus
844 918 898 952 per
919 917 990 940 om-

238 955 288 989 nia
315 955 378 990 sint
402 955 551 997 subiecti,
578 957 628 990 cui
662 963 828 990 teneantur
858 954 989 990 firmiter

237 1003 378 1040 obedire.

286 1052 369 1088 Nulli
406 1065 481 1100 ergo
519 1054 650 1089 omnino
689 1054 853 1089 hominum
894 1053 986 1088 liceat

237 1101 316 1137 lianc
343 1110 467 1138 nostrae
489 1103 705 1139 concessionis
731 1112 761 1137 et
788 1103 986 1138 constitutio-

237 1151 284 1185 nis
311 1153 455 1199 paginam
488 1152 668 1199 infringere,
695 1152 742 1186 vel
777 1152 803 1186 ei
831 1164 907 1186 ausu
936 1159 986 1187 te-

228 1201 368 1236 merario
405 1202 572 1237 contraire.
609 1202 642 1237 Si
683 1202 756 1248 quis
786 1210 890 1236 autem
925 1201 984 1236 hoe

233 1256 386 1285 attentare
423 1252 693 1298 praesumpserit,
735 1250 982 1296 indignationem

233 1299 462 1347 omnipotentis
484 1299 560 1343 Dei,
582 1313 617 1335 ac
648 1300 809 1335 beatorum
841 1299 922 1334 Petri
954 1308 982 1334 et

234 1346 322 1383 Pauli
362 1349 576 1396 apostolorum
612 1350 679 1385 eius
715 1362 748 1384 se
784 1350 905 1384 noverit
934 1349 983 1383 in-

234 1409 414 1433 cursurum.

279 1445 394 1492 Datum
418 1447 580 1494 Lugduni,
607 1456 716 1483 octavo
740 1448 810 1483 idus
832 1447 980 1493 augusti,

230 1495 432 1542 pontificatus
455 1498 552 1533 nostri
575 1510 659 1532 atino
679 1498 800 1544 quinto.

268 1555 330 1587 Dat.
351 1557 396 1587 die
413 1558 430 1588 6
453 1559 569 1598 augusti
589 1558 675 1595 1247,
699 1558 800 1598 pontis.
820 1568 895 1588 anno
913 1567 938 1587 v.

71 1099 153 1121 Clawtl
170 1108 188 1122 e.

564 1707 645 1741 xlv.

229 1776 408 1810 Declarntio
453 1787 477 1809 e!
517 1779 668 1822 im'tiyati'o
702 1780 824 1822 reyulae
844 1780 980 1823 fratrum

278 1826 396 1859 ordinis
427 1827 540 1860 Beatae
568 1828 691 1860 Mariae
712 1829 747 1860 de
770 1828 874 1861 Monte
901 1829 980 1862 Car-

278 1875 370 1913 melo,
395 1876 435 1909 ab
457 1876 599 1909 Honorio
627 1877 726 1909 Tertio
753 1877 897 1911 hactenus
923 1889 980 1922 ap-

245 1952 248 1953 r
274 1924 436 1968 probatae.

496 1993 710 2024 SUMMARIUM

227 2054 394 2085 Exordium.
425 2071 464 2077 -
495 2056 522 2085 1.
544 2055 750 2094 MitigatIonem
781 2057 900 2094 regulae
929 2067 980 2097 ap-

268 2097 380 2138 probat.
402 2115 442 2121 —
455 2098 482 2129 3.
501 2098 597 2129 Tenor
615 2100 817 2138 mitigationis.

226 2163 400 2198 Innocentius
419 2166 562 2202 episeopus
581 2172 676 2195 servus
698 2173 838 2196 servorum
864 2167 918 2201 Dei.
939 2168 978 2197 tli-

272 2214 354 2243 lectis
366 2213 433 2243 filiis
443 2214 541 2250 priori,
558 2216 588 2244 et
610 2214 746 2244 fratribus
764 2216 893 2245 Eremitis
908 2217 978 2246 ordi·

232 2273 235 2276 *
272 2263 316 2292 nis
330 2263 429 2293 Beatao
447 2264 550 2293 mariae
568 2265 600 2293 de
612 2265 703 2294 Monte
719 2265 851 2301 carmelo,
861 2266 980 2295 salutem

273 2313 304 2342 et
321 2313 499 2350 apostolicam
518 2313 738 2342 benedictionem.

279 2374 369 2418 Quae
396 2375 547 2411 honorem
572 2375 754 2411 Conditoris
767 2377 922 2419 omnium,
949 2386 979 2412 et

234 2425 406 2469 profectum
434 2426 595 2460 continent
627 2426 823 2466 animarum,
858 2427 980 2462 roboris

235 2474 390 2518 praesidio
423 2482 496 2509 suut
534 2474 691 2509 fulcienda
727 2476 888 2521 perpetui:
925 2476 978 2511 sed

235 2522 283 2556 illa
319 2523 505 2570 praecipue,
539 2536 635 2570 super
669 2535 750 2571 quae
781 2525 981 2570 Apostolicae

233 2570 327 2606 Sedis
348 2573 516 2608 auctoritas
537 2573 671 2608 salubris
687 2572 899 2620 providentiae
914 2582 981 2609 stu-

233 2620 320 2655 dium
343 2622 483 2657 noscitur
509 2621 668 2658 habuisse.

856 262 1066 285 mNOCENTms
1088 263 1119 284 lV
1143 263 1190 285 ΡΡ.

1670 258 1740 290 535
1805 269 1855 295 Aa.
1873 269 1903 297 c.
1922 271 1988 297 ιω

1088 317 1108 363 S
1138 321 1166 350 1.
1195 316 1277 352 Cum
1307 318 1410 366 itaque
1433 332 1489 355 nos
1511 320 1548 355 ad
1571 329 1692 357 vestrae
1713 334 1787 370 sup·
1818 328 1968 357 musmonem

1040 364 1219 410 plicationis
1235 367 1424 407 instantiam,
1449 381 1503 416 per
1524 369 1671 406 dilectum
1688 370 1786 406 filium
1801 361 1888 411 {iiim
1909 368 1973 389 ῬΜ

1038 413 1204 461 Hugonem
1235 416 1314 450 tituli
1337 416 1471 452 Sanctae
1492 418 1628 455 Sabinae
1656 420 1785 468 presby-

1037 471 1137 498 terum
1151 464 1355 505 cardinalem,
1378 474 1408 500 et
1432 467 1636 504 venerabilem
1660 469 1783 504 fratrem

1037 521 1178 547 nostrum
1206 512 1412 549 Guillelmum
1436 517 1683 553 Anteradensem
1711 519 1785 566 epi—

1035 573 1186 608 scopum,
1220 564 1374 609 quaedam
1399 565 1523 610 regulae
1546 575 1666 602 vestrae
1688 567 1782 603 dubia

1035 610 1183 646 declarari
1218 620 1249 646 et
1282 613 1417 659 corrigi,
1450 626 1485 648 ac
1511 616 1602 650 etiam
1630 616 1781 663 quaedam

1035 660 1133 706 ipsius
1179 662 1284 707 gravia
1324 663 1568 699 misericorditer
1616 665 1782 700 fecerimus

1034 709 1186 756 mitigari,
1221 718 1316 758 prout
1341 711 1370 745 in
1400 711 1511 747 litteris
1533 713 1604 748 inde
1630 714 1782 750 consectis

1033 758 1157 805 plenius
1184 760 1380 801 continetur-3
1408 773 1466 795 nos
1500 763 1608 797 vestris
1636 764 1696 810 piis
1722 764 1779 798 de-

1031 808 1154 843 sideriis
1180 817 1367 849 annuentes,
1389 809 1631 846 declarationem
1659 820 1689 847 et
1710 824 1780 848 cor-

1031 857 1221 899 rectionem,
1262 870 1298 892 ae
1338 859 1563 905 mitigationem
1599 861 1777 897 huiusmodi

1029 907 1213 942 auctoritate
1255 908 1425 954 apostolica
1462 909 1704 950 confirmamus,
1748 921 1777 946 et

1029 957 1202 1001 praesentis
1238 957 1344 1004 scripti
1384 958 1561 1004 patrocinio
1598 960 1778 995 communi—

1029 1017 1108 1039 mus.

1074 1054 1147 1100 §2
1183 1054 1339 1090 Tenorem
1368 1067 1440 1090 vero
1474 1056 1648 1091 litterarum
1686 1057 1776 1104 ipsa-

1026 1114 1109 1146 rum,
1131 1103 1170 1138 de
1193 1104 1286 1139 verbo
1309 1105 1344 1138 ad
1369 1104 1512 1149 verbum,
1536 1105 1670 1141 fecimus
1690 1119 1776 1153 prae-

1025 1152 1168 1187 sentibus
1194 1153 1349 1192 annotari,
1377 1154 1430 1200 qui
1455 1154 1523 1189 talis
1549 1163 1606 1189 est:

1073 1201 1092 1248 S
1120 1204 1152 1235 3.
1180 1200 1288 1236 Frater
1312 1201 1406 1248 Hugo
1441 1203 1643 1239 miseratione
1670 1204 1771 1239 divina

1025 1249 1102 1284 tituli
1131 1250 1264 1286 Sanctae
1284 1251 1421 1286 Sabinae
1444 1252 1607 1300 presbyter
1627 1253 1772 1288 cardina-

1023 1298 1076 1337 lis,
1111 1309 1140 1334 et
1168 1300 1262 1334 frater
1295 1300 1484 1335 Guillelmus
1506 1303 1614 1337 eadem
1643 1303 1771 1337 misera-

1024 1348 1105 1382 tione
1127 1348 1354 1384 Anteradensis
1369 1349 1550 1397 episcopus,
1577 1351 1772 1386 cbarissimis

1024 1396 1052 1430 in
1076 1396 1202 1432 Christo
1225 1397 1297 1432 filiis
1322 1398 1475 1444 religiosis
1498 1400 1581 1439 viris,
1606 1400 1699 1447 priori
1722 1412 1770 1446 ge>

1023 1446 1131 1489 nerali,
1156 1457 1185 1481 et
1210 1446 1432 1482 definitoribus
1454 1448 1582 1495 capituli
1605 1450 1770 1494 generalis,

1021 1495 1141 1529 ordinis
1167 1495 1295 1531 fratrum
1335 1496 1580 1542 gloriosissimae
1613 1497 1670 1532 Dei
1705 1497 1771 1533 Ge-

1800 1213 1868 1235 Tenor
1886 1217 1969 1241 mttigu

1787 1246 1856 1266 tionis.

996 1544 1154 1585 ‚nin·icis,
1189 1557 1378 1592 semperque
1409 1545 1550 1593 Virginis
1586 1547 1701 1581 Mariae
1732 1548 1770 1581 de

1020 1593 1127 1628 Monte
1149 1593 1311 1639 Carmelo,
1339 1596 1469 1630 salutem
1498 1596 1529 1630 in
1564 1597 1649 1631 omni
1685 1597 1770 1631 salu-

1021 1643 1088 1676 tari.
1116 1643 1313 1678 Accedentes
1343 1644 1380 1678 ad
1412 1644 1624 1690 Apostolicam
1652 1645 1767 1680 Sedem

1020 1691 1129 1726 fratres
1162 1692 1283 1733 clerici,
1317 1692 1481 1740 Rynaldus
1517 1702 1545 1728 et
1578 1693 1692 1729 Petrus
1718 1707 1769 1729 or-

1020 1740 1104 1775 dinis
1128 1742 1234 1782 vestri,
1270 1753 1308 1776 ex
1344 1751 1429 1789 parte
1456 1751 1556 1777 vestra
1591 1755 1606 1777 a
1640 1743 1768 1778 domino

1022 1789 1103 1836 Papa
1126 1790 1286 1824 humiliter
1313 1790 1523 1837 postularunt,
1546 1799 1581 1827 ut
1601 1792 1767 1839 quaedam,

1019 1850 1099 1885 quae
1122 1839 1150 1873 in
1176 1847 1277 1874 vestro
1299 1839 1464 1886 privilegio
1500 1849 1529 1875 et
1564 1842 1670 1887 regula
1691 1842 1766 1876 olim

1020 1887 1107 1922 vobis
1129 1901 1143 1922 a
1172 1887 1273 1922 felicis
1294 1890 1464 1924 memoriae
1485 1889 1614 1925 Alberto
1636 1891 1767 1937 patriar-

1019 1936 1076 1970 cha
1100 1937 1387 1985 Hierosolymitano
1419 1938 1532 1974 tradita
1565 1940 1767 1975 continentur

1019 1985 1124 2025 dubia,
1152 1986 1321 2028 declarare,
1354 1988 1523 2034 corrigere,
1549 1996 1580 2023 et
1613 1989 1764 2036 quaedam

1019 2036 1120 2079 gravia
1144 2036 1387 2071 misericorditer
1410 2037 1551 2083 mitigare
1572 2037 1763 2084 dignaretur.

1018 2083 1098 2118 Cum
1119 2085 1213 2131 igitur
1227 2084 1376 2120 dominus
1397 2085 1492 2132 Papa,
1515 2098 1624 2121 eorum
1647 2087 1766 2122 devotis

1019 2133 1305 2180 supplicationibus
1338 2134 1526 2179 annuendo,
1560 2135 1651 2170 nobis
1676 2148 1765 2170 com-

1019 2183 1150 2222 miserit,
1179 2191 1211 2217 ut
1233 2183 1487 2225 declarationem,
1521 2185 1763 2221 correctionem,

1019 2243 1054 2265 ac
1101 2231 1325 2277 mitigationem
1370 2232 1550 2267 huiusmodi
1591 2232 1765 2267 faceremus

1021 2282 1085 2315 vice
1108 2281 1225 2326 ipsius,
1252 2281 1429 2315 secundum
1451 2281 1535 2328 quod
1563 2281 1645 2316 bono
1671 2283 1763 2316 statui

1020 2329 1156 2369 ordinis,
1191 2337 1220 2363 et
1256 2329 1383 2364 fratrum
1405 2330 1497 2364 saluti
1523 2330 1695 2376 expediens
1718 2331 1765 2364 vi—

1020 2378 1186 2418 deremus;
1210 2378 1350 2424 religioni
1374 2386 1504 2419 vestrae,
1527 2390 1587 2425 qua
1606 2379 1766 2425 fungimur

1020 2429 1221 2471 auctoritate,
1254 2426 1458 2472 mandamus,
1485 2435 1641 2475 quatenus
1672 2441 1767 2475 regu-

1021 2477 1081 2511 lam
1104 2489 1118 2510 a
1143 2476 1234 2510 nobis
1255 2485 1440 2521 correctam,
1462 2476 1648 2512 declaratam
1667 2485 1698 2512 et
1714 2478 1766 2512 mi-

1021 2526 1159 2571 tigatam,
1186 2533 1277 2572 prout
1300 2526 1447 2570 expedire
1474 2525 1622 2570 vidimus,
1657 2526 1767 2563 devote

1023 2575 1219 2621 recipientes,
1242 2586 1308 2609 eam
1333 2574 1463 2609 firmiter
1486 2574 1713 2621 observetis,et
1729 2577 1766 2611 ad

1023 2623 1119 2658 instar
1140 2624 1282 2658 eiusdem
1309 2624 1384 2658 alias
1407 2631 1524 2660 vestras
1546 2623 1671 2671 regulas
1691 2637 1768 2660 cor-—
