2129 3223
109 300 158 328 ltn.
177 298 205 326 C.
223 297 288 326 lint

143 691 260 714 Exordium.

144 1702 285 1725 Eboracensis

128 1735 301 1761 archiepiscopus

124 1772 248 1795 suspensus

143 2241 222 2263 Simoni
236 2240 313 2262 Ebot-a-

131 2273 191 2293 censi
232 2273 313 2292 decano

139 2304 305 2324 admiiitstrntlo-

131 2339 178 2355 nem
205 2333 313 2354 Ecclesiae

136 2366 156 2385 in
172 2364 315 2391 spiritualibus

132 2395 237 2417 concedit.

356 286 424 320 too

897 290 1089 316 BULLARttm
1106 287 1268 313 ROMANUM

344 349 589 380 ministrationem
617 347 767 379 Ecclesiae
791 347 820 378 in
849 344 1055 386 spiritualibus
1098 350 1229 384 remota,
1252 341 1426 389 percellens
1451 352 1536 381 eum,
1571 339 1627 388 qui
1662 348 1757 387 super
1784 337 1847 372 hoc

345 394 488 425 concedit.
510 409 550 416 -·
570 391 784 423 Conclusiones
808 391 921 421 solitae.

306 468 476 499 coelestinus
495 468 639 504 episcopus
658 473 752 496 servus
772 471 913 496 servorum
934 464 992 497 Dei,
1018 462 1058 492 ‹tt-

350 518 421 549 lecto
440 517 496 547 filio
516 517 616 546 Simoni
633 517 732 545 decano
752 514 922 548 Ebot-acensi.
942 513 1059 542 salutem

352 568 382 597 ct
400 566 578 604 apostolicum
600 565 823 594 benedictionem.

357 638 439 674 Cum
486 637 670 672 universalis
708 635 868 671 Ecclesiae
916 634 1058 680 regimen

309 688 401 724 nobis
428 688 499 722 licet
521 685 785 721 insufficientibus
807 684 914 720 divina
937 683 1061 718 favente

309 738 405 785 gratia
455 737 494 771 sit.
533 735 751 774 commissum,
795 742 826 769 et
867 733 1059 779 singularem

309 800 345 822 ex
373 787 417 821 eis
439 786 564 821 casibus
596 796 781 831 praecavere
821 792 997 826 teneamur,
1032 790 1061 816 et

310 835 500 872 utilitatibus
537 833 711 881 provislere;
760 832 835 868 illud
883 832 974 867 nobis
1015 839 1063 866 est

309 897 512 932 summopere
528 883 792 931 praecavendum,
815 894 854 917 ne
886 881 958 916 inde
993 880 1064 916 Ec-

310 935 423 970 clesiae
446 935 476 968 in
507 932 732 979 temporalibus
770 932 816 965 vel
845 929 1064 977 spiritualibus

311 984 535 1019 detrimentum
572 984 754 1026 incurrant,
797 981 882 1015 uude
923 980 1062 1028 ipsarum

312 1034 464 1069 honorem
489 1040 519 1066 et
548 1031 752 1067 commodum
791 1029 953 1065 credimus
989 1041 1065 1076 pro-

312 1094 434 1118 curare.
460 1081 540 1117 Cum
568 1081 651 1115 enim
680 1079 822 1127 pensatis
854 1089 1065 1126 personarum

313 1132 446 1176 meritis,
480 1138 511 1166 et
549 1129 716 1176 diligenter
749 1128 912 1175 inspectis,
952 1127 1066 1174 aliquis

313 1183 397 1216 iuxta
416 1192 546 1216 suorum
570 1179 759 1225 exigentiam
791 1178 973 1212 meritorum
1011 1188 1067 1224 per

314 1243 372 1266 nos
390 1229 484 1265 fuerit
506 1229 667 1275 dignitatis
698 1235 854 1275 potestate
878 1238 1066 1274 suspensus,

314 1288 344 1315 et
366 1280 404 1314 ab
424 1278 637 1314 Ecclesiarum
660 1277 851 1325 praelatione
879 1275 919 1311 ad
941 1285 1067 1322 tempus

315 1337 449 1364 amotus:
474 1340 513 1362 ue
531 1327 667 1363 subditis
686 1326 819 1374 pastoris
840 1337 916 1361 cura
938 1324 1068 1374 privatis

316 1377 511 1425 malignandi
534 1375 664 1412 materia
683 1375 852 1417 tribuatur,
874 1382 906 1410 et
944 1374 1068 1410 occasio

315 1427 459 1474 litigandi
487 1426 534 1462 eis
561 1426 614 1461 tali
641 1425 796 1461 debemus
821 1424 985 1472 providere
1002 1435 1070 1471 per·

316 1494 405 1526 sona,
427 1492 518 1528 quae,
541 1488 572 1515 et.
594 1479 785 1527 litigantium
808 1478 958 1514 dirimere
976 1489 1071 1526 quae-

317 1536 450 1576 stiones,
472 1542 502 1569 et
522 1533 722 1569 subditorum
745 1545 895 1568 excessus
909 1532 1070 1579 corrigere

318 1589 449 1630 noverit3
471 1596 501 1623 et
522 1595 677 1635 quantum
711 1587 758 1622 sui
796 1585 890 1621 officii
929 1585 1069 1620 debitum

321 1644 447 1692 patitur,
474 1651 505 1677 et
527 1641 647 1687 diligat,
668 1649 698 1675 ct
727 1639 861 1675 affectet.
902 1639 978 1674 Inde
1013 1646 1070 1679 est,

320 1697 405 1746 quod
453 1708 525 1731 cum
572 1694 781 1730 Eboracensis
817 1693 1072 1740 archiepiscopus

321 1752 389 1786 eius
411 1749 534 1785 actibus
555 1748 772 1795 exigentibus,
806 1756 837 1782 et
875 1747 1072 1783 contumacia

322 1805 467 1844 faciente,
481 1803 535 1851 qui
552 1802 668 1837 abusus
684 1801 834 1849 patientia
845 1809 947 1836 nostra
970 1813 1073 1848 neque

322 1871 336 1892 a
363 1858 430 1892 suis
451 1856 670 1904 iniquitatibus
692 1855 835 1894 destitit,
868 1866 927 1890 uec
967 1863 1073 1890 nostro

322 1924 355 1946 se
380 1911 558 1958 conspctui,
586 1909 709 1944 indulto
729 1908 787 1943 sibi
825 1908 1075 1944 misericorditer

323 1966 471 2008 termino,
500 1964 720 2011 praesentavit,
743 1963 782 1998 ab
813 1976 873 1999 usu
908 1962 1009 2011 pallii,
1045 1971 1075 1998 et

323 2019 525 2067 episcopatus
548 2017 640 2053 officii
677 2019 883 2062 executione,
923 2029 940 2052 a
980 2016 1072 2051 mini-

324 2074 473 2108 stratione
498 2084 626 2120 quoque
653 2080 714 2107 tam
737 2070 963 2119 spiritualium,
982 2081 1075 2116 quam

324 2126 547 2174 temporalium
576 2133 606 2160 et
621 2125 844 2160 beneficiorum
859 2125 1076 2173 perceptione,

327 2191 431 2217 nostra
458 2180 497 2215 sit
518 2180 701 2215 auctoritate
734 2191 925 2226 suspensus,
958 2178 1078 2213 discre-

327 2237 402 2271 tioni
424 2243 493 2270 tuae
508 2234 693 2269 auctoritate
702 2233 914 2280 praesentium
928 2231 1079 2266 duximus

329 2288 573 2336 indulgendum,
600 2295 633 2322 ut
667 2299 740 2322 cum
776 2285 909 2321 consilio
949 2296 1079 2319 canoni-

330 2355 438 2378 corum
455 2355 486 2376 in
503 2340 694 2376 Eboracensi
708 2339 849 2375 Ecclesia
860 2337 1079 2380 residentium,

329 2397 514 2432 clericorum
536 2394 748 2431 Eboracensis
761 2393 917 2428 dioecesis
932 2403 1079 2428 excessus

330 2452 487 2496 corrigere
522 2450 644 2489 valeas,
678 2456 707 2483 et
747 2447 978 2496 querelantium
1018 2454 1079 2481 tam

331 2505 529 2544 clericorum,
553 2515 646 2551 quam
681 2501 833 2536 laicorum
869 2501 1080 2536 Eboracensis

331 2558 483 2593 dioecesis⁴
506 2557 747 2595 controversias,
775 2567 855 2602 quae
878 2554 994 2588 iudicio
1015 2556 1082 2588 exi-

332 2619 410 2659 gunt
426 2611 637 2646 ecclesiastico
659 2608 832 2647 terminari,
855 2620 1006 2643 canonice
1025 2607 1082 2642 de—

334 2666 436 2706 finire,
473 2666 625 2700 canonica
659 2664 833 2704 severitate,
871 2662 1082 2710 appellatione

1097 392 1324 428 contumaciter
1349 390 1474 426 duxerit
1495 387 1720 428 resistendum,
1746 386 1848 422 donec

1097 442 1200 476 eidem
1222 440 1383 476 Ecclesiae
1410 439 1500 475 aliter
1521 438 1615 474 fuerit
1635 435 1847 473 sollicitudine

1100 499 1205 526 nostra
1226 491 1399 536 provisum.

1148 539 1233 575 Nulli
1264 551 1339 587 ergo
1382 538 1514 574 omnino
1549 536 1715 572 hominum
1758 536 1849 571 liceat

1102 591 1181 625 lianc
1204 589 1348 637 paginam
1383 595 1508 623 nostrae
1542 585 1760 622 concessionis
1793 584 1850 619 in-

1101 639 1253 685 fringere,
1278 638 1324 673 vel
1347 638 1375 673 ei
1397 649 1475 672 ausu
1498 635 1665 671 temerario
1682 634 1849 670 contraire:

1101 690 1126 725 si
1150 689 1221 736 quis
1235 695 1339 723 autem
1355 687 1415 722 hoc
1428 694 1580 721 attentare
1593 684 1851 733 praesumpserit,

1103 738 1353 785 indignationem
1377 735 1606 782 omnipotentis
1624 734 1697 778 Dei,
1718 741 1748 769 et
1777 733 1853 768 bea-

1104 797 1204 823 torum
1228 786 1310 822 Petri
1334 795 1365 821 et
1383 785 1471 820 Pauli
1495 783 1707 832 apostolorum
1730 783 1799 818 eius
1819 795 1854 818 se

1105 845 1226 873 ΠΟἺΒΓΙΙ.
1249 846 1465 872 lucursurum.

1153 886 1268 922 Datum
1292 883 1436 921 Laterani
1463 882 1588 919 decimo
1619 881 1770 918 kalendas
1808 881 1855 917 ia-

1106 937 1218 977 nuarii,
1241 935 1442 983 pontificatus
1470 933 1566 968 nostri
1594 929 1820 980 annoquinto.

1123 998 1185 1030 Dat.
1208 998 1255 1030 die
1276 996 1315 1028 23
1329 995 1495 1027 decembris
1517 1002 1594 1025 anno
1615 993 1731 1025 Domini
1751 992 1836 1030 1194,

1359 1039 1463 1080 pontif.
1481 1048 1558 1070 anno
1574 1047 1601 1068 v.

1440 1197 1527 1235 xix.

1106 1275 1154 1310 Dc
1175 1275 1279 1309 eadem
1300 1285 1331 1307 re
1352 1274 1395 1307 ad
1421 1272 1535 1306 clerum
1548 1270 1775 1319 Ebot-accusem
1799 1270 1858 1312 (1).

1376 1347 1592 1381 SUMMARIUM

1108 1421 1262 1452 Praefatio.
1286 1436 1323 1441 —-
1358 1417 1501 1454 Querelae
1531 1393 1631 1446 contra
1656 1415 1860 1455 archiepisco-

1149 1474 1229 1505 pum.
1261 1481 1300 1487 ·—-
1329 1461 1506 1493 commissio
1530 1469 1581 1500 pro
1605 1464 1707 1491 contra
1733 1459 1862 1499 archiep.

1149 1508 1400 1549 inquisitione.-
1416 1505 1494 1535 idem
1512 1504 1689 1544 archiepisc.
1703 1504 1739 1534 ad
1755 1503 1861 1534 Sedern

1861 282 1911 309 An.
1929 280 1957 308 c.
1974 271 2042 308 tica

1880 543 2034 566 Concluslonec

1910 575 1988 597 notitae

1150 1553 1277 1594 appellat
1305 1550 1513 1591 Apostolicam.
1541 1566 1579 1571 ——-
1599 1548 1731 1579 Pontifex
1757 1545 1884 1579 termia‘

1150 1607 1221 1629 num
1239 1594 1445 1636 appellationis
1469 1598 1613 1634 prorogat.
1634 1610 1674 1617 —
1695 1593 1758 1629 Quo
1777 1597 1862 1623 tran-

1152 1647 1242 1679 sacto,
1257 1650 1311 1671 nec
1329 1649 1382 1680 per
1401 1648 1433 1669 se
1448 1638 1649 1674 accedentem,
1665 1646 1718 1667 nec
1734 1637 1863 1677 aliquem

1152 1688 1324 1720 mittentem,
1342 1702 1380 1708 -
1402 1683 1474 1714 Eum
1503 1686 1621 1722 propter
1648 1682 1863 1713 contumaciam

1152 1739 1329 1770 suspensum
1349 1728 1522 1760 denunciari
1541 1728 1669 1758 mandat.

1113 1801 1281 1832 coelestinus
1301 1800 1440 1837 opiscopus
1471 1805 1567 1829 servus
1587 1805 1727 1829 sorvorum
1745 1798 1802 1832 Del,
1822 1798 1865 1827 ‹ll-

1157 1849 1239 1879 lectls
1256 1849 1323 1878 fillis
1335 1848 1470 1877 universis
1483 1846 1638 1881 abbatibus.
1655 1847 1803 1884 prlorihns,
1819 1855 1866 1878 ar-

1159 1899 1334 1931 chidiaconis.
1355 1899 1384 1927 ot
1404 1898 1468 1927 aliis
1491 1896 1608 1930 clericis.
1645 1896 1802 1930 comitibus.
1837 1898 1867 1926 at

1158 1948 1304 1978 baronibus
1338 1948 1367 1976 et
1401 1947 1464 1976 aliis
1496 1947 1524 1975 in
1543 1946 1702 1976 Ebot-acensi
1727 1947 1866 1982 provincia

1160 1997 1334 2030 constitutis,
1353 1996 1472 2025 salntem
1494 1997 1524 2024 et
1548 1994 1725 2032 apostolicam
1758 1995 1867 2025 benedi-

1159 2048 1287 2078 ctionem.

1166 2111 1267 2153 Quam
1296 2109 1538 2144 misericorditer
1559 2108 1702 2144 Romana
1723 2107 1865 2144 Ecclesia

1117 2172 1213 2207 super
1234 2159 1315 2194 sacto
1342 2158 1550 2193 Eboracensis
1570 2157 1711 2206 episcopi
1736 2169 1865 2205 proces-

1117 2209 1204 2249 serit,
1226 2208 1332 2243 videre
1359 2207 1442 2252 licet,
1455 2208 1480 2242 si
1496 2208 1670 2243 litterarum
1688 2215 1863 2243 nostrarum

1120 2267 1272 2301 tenorem,
1294 2269 1373 2304 quas
1400 2265 1532 2305 utraque
1559 2256 1695 2305 partium
1722 2268 1739 2292 a
1780 2255 1865 2292 Sede

1120 2306 1300 2355 Apostolica
1316 2307 1449 2342 diversis
1464 2306 1661 2354 temporibus
1676 2305 1863 2353 impetravit,

1119 2358 1172 2393 dili
1197 2364 1285 2391 enter
1311 2358 1447 2392 attentis.

1169 2368 1249 2441 gum
1277 2407 1359 2440 enim
1377 2404 1632 2452 significantibus
1653 2404 1778 2439 dilectis
1792 2403 1866 2439 filiis

1121 2455 1240 2491 decano
1267 2463 1297 2489 et
1319 2455 1456 2501 capitulo
1487 2453 1693 2498 Eboracensi,
1734 2460 1764 2488 et
1802 2465 1864 2488 non

1123 2505 1230 2553 paucis
1258 2504 1435 2546 abbatibus,
1456 2503 1612 2552 prioribus
1633 2510 1663 2537 et
1696 2502 1763 2537 aliis
1799 2501 1867 2538 Ec-

1121 2560 1234 2590 clesiae
1257 2554 1404 2600 praelatis
1425 2554 1454 2588 in
1483 2564 1579 2600 regno
1613 2551 1747 2598 Angliae
1784 2563 1868 2587 con-

1123 2603 1253 2643 suturis,
1275 2603 1312 2638 ad
1333 2603 1525 2651 apostolatus
1546 2600 1643 2636 nostri
1674 2600 1866 2637 audientiam

1159 2676 1197 2708 (t)
1217 2673 1256 2700 Ex
1273 2672 1383 2706 Concll.,
1401 2676 1466 2701 tom.
1484 2678 1544 2704 xm,
1564 2670 1615 2698 col.
1635 2670 1695 2698 700.

1912 2118 2027 2140 Praelatio-

1916 2417 2023 2446 Querela

1879 2452 1954 2471 contra
1991 2448 2064 2470 arctit-

1879 2481 2009 2508 episcopum.
