2129 3223
144 293 196 321 Αιι.
214 292 241 320 C.
260 295 326 321 1256

151 1092 233 1117 Quanto
262 1091 322 1112 adm

139 1124 206 1142 nenda
232 1123 323 1148 diligen-

139 1158 167 1173 tia
183 1155 202 1173 in
217 1153 323 1174 electione

139 1186 195 1204 renis
218 1183 324 1204 Romano-

151 2078 155 2089 ¹
171 2082 189 2093 u.
206 2079 231 2093 sit
248 2078 322 2094 caete-

139 2111 167 2124 2,
197 2104 322 2130 [meieren-

140 2136 183 2155 dus.

155 2543 229 2557 imum
249 2538 273 2557 l:
277 2539 322 2557 ml

141 2577 148 2587 e
166 2574 183 2587 .e
204 2574 209 2576 Α
204 2566 309 2588 ..infide

141 2607 171 2638 ssq'
189 2603 275 2624 eiusque
292 2598 323 2618 ειτ-

266 2628 301 2648 ,ιι
304 2632 324 2648 [a
338 2610 385 2643 SUl
413 2612 630 2657 progenitores
657 2620 687 2646 et
706 2612 820 2659 posteri
851 2624 923 2658 erga
953 2623 1081 2648 matrem

163 2628 215 2649 usbu

140 2662 296 2679 commemorat.

393 284 461 319 640

341 349 502 385 benefieiis
532 357 562 384 et
583 349 691 396 gratiis
717 349 798 385 circa
826 361 880 384 vos
913 350 995 396 ipsas
1028 349 1090 383 Ec-

340 399 448 433 clesias
470 398 620 433 defecerit
646 411 720 434 snae
748 399 901 445 irriguum
929 399 1089 444 largitatis,

340 460 397 482 nec
409 459 541 494 usquam
561 447 652 483 vobis
675 448 704 483 iu
722 447 974 492 necessitatibus⁷
990 448 1090 494 ipsius

340 496 495 531 defuerint
522 497 652 538 auxilia;
687 509 769 545 quae
804 498 895 532 vestri
931 507 1088 543 tamquam

340 546 456 592 pioprii
472 546 600 581 zelatiix
623 546 765 587 lionoris,
782 546 936 582 indefesse
959 546 1088 586 curauit

339 595 462 649 quoties
488 596 627 651 oportuit
661 597 772 630 vestris
806 595 915 631 adesse
945 596 1088 641 negotiis,

339 645 419 678 sicut
448 645 620 691 promotrix
649 645 780 680 sollicita
809 653 839 680 et
873 645 1005 679 adiutrix
1036 656 1090 699 per

338 693 443 728 omnia
470 694 621 729 studiosa.
655 694 719 729 Nec
748 695 915 735 immerito,
950 706 1021 728 cum
1059 694 1088 727 in

338 742 406 777 suis
431 742 562 789 agendis
584 755 638 778 vos
664 743 745 778 inter
767 751 906 778 caeteros
932 755 1089 798 coopera-

339 800 422 826 tores
448 801 611 848 promptos
651 793 801 838 repererit
837 801 867 827 et
903 793 1089 839 praecipuos

339 842 473 876 senserit
494 841 663 876 adiutores.
689 842 820 889 Propter
842 842 925 889 quod
948 842 1037 876 decet
1059 850 1089 876 et

338 890 475 937 expedit,
514 898 548 925 ut
573 899 690 926 attente
727 903 781 938 pro
816 892 916 938 ipsius
956 891 1089 937 xigiletis

337 939 469 983 honore,
496 952 576 987 quae
599 941 708 975 restris
729 940 896 987 diligenter
924 940 1088 975 intendeie

337 988 524 1023 utilitatibus
549 1001 610 1024 non
636 989 768 1024 desistit.

385 1037 405 1084 S
440 1041 471 1071 1.
499 1038 583 1073 Sane
616 1038 840 1079 intelleximus,
874 1038 958 1085 qnod
997 1038 1089 1074 instat

337 1095 462 1134 tempus
496 1087 658 1122 electionis
695 1087 901 1123 celebrandae
941 1088 979 1122 de
1016 1100 1089 1134 rege

338 1149 368 1170 ιιι
393 1136 613 1184 imperatorem
631 1137 833 1184 postmodum
858 1137 1086 1184 promoiendo:

337 1197 432 1232 super
466 1198 530 1233 quo
570 1194 653 1220 tanto
690 1198 874 1232 propensior
909 1186 1086 1221 adhibenda

336 1243 382 1268 est
409 1234 576 1280 diligentia
597 1242 627 1270 et
651 1235 784 1290 cautela,
807 1243 923 1282 quanto
945 1235 1037 1270 altius
1059 1244 1088 1270 et

337 1283 494 1319 difficilius
521 1293 567 1319 est
599 1285 771 1330 negotium,
798 1286 888 1339 quod·
909 1285 1028 1332 geritm
1057 1285 1086 1319 in

337 1332 394 1367 hac
421 1341 518 1380 parte,
553 1342 734 1380 quantoque
763 1347 828 1373 res,
864 1334 889 1368 si
918 1335 1019 1389 aliqua
1056 1334 1085 1369 in

336 1393 373 1416 ea
396 1382 598 1417 interieniret
627 1383 830 1428 negligentia
858 1395 913 1418 seu
937 1384 1087 1430 improui—

337 1430 441 1466 dentia
469 1431 515 1465 vel
538 1410 686 1475 desidia,D
691 1432 878 1466 deteriorem
907 1441 1013 1478 posset
1036 1433 1087 1467 ba-

337 1479 411 1514 here
432 1479 576 1515 effectum
601 1489 630 1515 et
652 1481 770 1515 exitum
793 1481 966 1515 noxiorem.
995 1481 1086 1516 Unde

336 1528 387 1563 hic
410 1529 613 1564 vehementer
635 1529 825 1576 vigilandum
854 1538 912 1573 est,
941 1530 989 1564 bic
1014 1543 1087 1576 per-

336 1578 503 1624 spicaciter
524 1578 723 1619 intuendum,
746 1578 797 1613 hic
820 1579 1084 1614 considerandum

337 1627 527 1673 prudenter,
567 1628 617 1662 bic
669 1636 789 1663 mature
829 1628 1085 1671 deliberandum,

337 1676 387 1710 liic
407 1677 537 1723 provide
558 1678 825 1722 praecavendum,
849 1678 899 1712 liic
926 1678 1084 1724 aperiendi

336 1734 409 1759 sunt
435 1725 530 1765 oculi,
557 1726 608 1760 liic
629 1726 793 1761 habendae
820 1735 893 1760 sunt
920 1739 1012 1761 aures
1036 1727 1085 1761 in-

336 1782 452 1815 tentae,
476 1775 526 1809 liic
546 1787 637 1810 mens
656 1775 747 1810 debet
770 1787 839 1810 esse
861 1788 924 1810 non
947 1776 1034 1810 rudis
1055 1785 1085 1811 et

335 1823 470 1870 torpida,
489 1823 544 1859 sed
564 1824 711 1870 diligenS,
729 1824 860 1872 pervigil
878 1832 908 1859 et
930 1825 1084 1869 consulta,

336 1872 388 1907 ubi
427 1873 466 1907 de
502 1873 654 1908 advocato
692 1873 851 1908 Ecclesiae
890 1875 1010 1920 agitur,
1045 1875 1084 1909 de

337 1923 436 1968 ipsius
459 1921 623 1957 defensore
646 1931 804 1964 tractatur,
833 1935 871 1958 ne
905 1936 959 1970 pro
986 1923 1084 1958 adro-

335 1979 404 2007 cato
427 1972 640 2018 impugnator,
666 1981 695 2007 et
723 1984 778 2018 pro
805 1972 968 2007 defensore
995 1985 1085 2008 assu-

336 2029 439 2055 matur
460 2021 506 2055 vel
521 2020 654 2067 eligatur
667 2021 812 2056 offensor.
827 2022 931 2063 Quare
943 2022 1084 2069 undique

335 2081 478 2105 summae
500 2070 699 2115 cogitationis
720 2070 923 2117 praeferenda
943 2080 987 2106 est
1003 2072 1084 2106 acies

335 2128 365 2154 et
403 2119 650 2166 circumquaque
679 2119 816 2154 districta
857 2119 1082 2167 explorandum

336 2168 499 2215 indagine,
527 2176 561 2202 ut
594 2169 665 2203 talis
693 2173 897 2216 (cooperante
931 2169 1083 2214 Domino)

335 2218 513 2265 reperiatur
534 2226 565 2252 et
591 2218 734 2264 eligatur,
763 2218 817 2264 qui
845 2218 946 2253 fidelis
975 2227 1006 2253 et
1027 2218 1084 2253 de-

336 2275 427 2302 votus
453 2268 575 2305 existat,
598 2275 628 2302 et
655 2267 694 2302 de
722 2267 865 2314 prosapia
899 2269 1084 2314 processerit

335 2316 532 2360 devotorum,
554 2328 590 2351 ac
613 2316 748 2351 idoneus
774 2324 805 2351 et
830 2316 991 2352 sufficiens
1017 2329 1084 2352 me-

336 2365 394 2399 rito
420 2374 584 2413 reputetur
616 2365 653 2400 ad
681 2365 888 2401 obtinendum
918 2368 993 2401 tanti
1027 2367 1084 2402 ho-

337 2415 423 2449 noris
449 2416 574 2450 culmen
602 2424 632 2450 et
664 2415 786 2462 imperii
818 2416 958 2461 regimen
992 2428 1084 2451 exer-

336 2463 482 2499 cendum.

385 2512 405 2559 §
431 2516 463 2548 Ξ.
486 2514 628 2555 Qualiter
653 2521 758 2549 autem
782 2513 941 2569 quondam
967 2514 1083 2550 Fride-

312 2561 421 2595 ricus
459 2563 533 2597 olim
572 2562 787 2598 Romanorum
827 2564 1015 2610 imperator,
1054 2571 1084 2598 et

337 2657 510 2694 Ecclesiam
533 2673 566 2694 se
593 2662 757 2707 gesserint,
785 2669 815 2696 et
835 2661 960 2708 qualem
983 2663 1009 2697 ei
1039 2674 1083 2696 re-

933 295 1032 318 BULLA
1039 295 1119 317 mm!
1143 293 1305 317 ROMANUM

1132 348 1334 383 tributionem
1359 361 1414 396 pro
1437 348 1597 384 beneficiis
1618 347 1657 383 ab
1678 347 1742 395 ipsa
1771 360 1880 396 perce-

1131 398 1193 444 ptis
1216 397 1438 444 impenderint,
1457 406 1566 445 patens
1587 406 1636 433 est
1664 405 1693 432 et
1716 397 1878 444 cognitum

1131 447 1185 481 toti
1214 446 1294 482 orbi.
1322 447 1480 489 Quoniam
1504 447 1534 482 lii
1564 447 1695 483 aliorum
1723 459 1879 494 persecu-

1131 504 1232 531 torum
1256 497 1443 531 excedentes
1460 497 1666 544 tyrannidem,
1685 496 1880 542 gratioribus

1131 557 1200 580 eam
1222 545 1396 581 affecerunt
1420 546 1553 590 iniuriis,
1576 555 1606 581 et
1620 545 1879 594 oppressionibus

1131 594 1313 630 durioribus
1336 596 1523 638 afflixerunt,
1545 603 1573 630 et
1597 595 1702 629 velut
1695 607 1726 629 ιιι
1749 594 1878 630 caedem

1129 651 1160 679 et
1199 645 1419 679 exterminium
1458 645 1526 679 eius
1565 644 1742 684 tendentes
1765 644 1879 679 furoris

1130 705 1237 728 arcum
1280 702 1309 728 et
1353 693 1482 729 feritatis
1523 693 1662 739 gladium
1706 702 1877 738 acuentes,

1130 742 1209 777 diris
1238 743 1322 778 illam
1359 743 1489 778 ubilibet
1521 742 1707 777 tribulavere
1735 742 1878 789 flagellis,

1130 800 1160 826 et
1196 805 1294 839 usque
1328 792 1365 827 ad
1402 793 1561 831 interiora,
1598 791 1766 839 profundis
1787 792 1878 826 illatis

1132 842 1325 886 vulneribus,
1348 843 1541 877 sauciarunt.
1556 840 1634 876 Nam
1654 842 1684 876 in
1701 841 1761 876 hoc
1784 853 1878 888 pravo

1129 903 1258 937 genere,
1293 899 1417 938 patrum
1454 891 1483 924 in
1521 890 1599 925 filios
1625 902 1697 926 cum
1725 891 1878 936 sanguine

1130 941 1264 975 derivata
1280 940 1410 980 malitia,
1429 941 1510 975 sicut
1523 940 1626 975 carnis
1642 940 1876 986 propagatione,

1129 990 1174 1024 sie
1210 989 1382 1024 imitatione
1415 1001 1546 1037 operum
1579 990 1642 1024 nati
1681 988 1877 1034 genitoribus

1129 1046 1361 1073 successerunt.
1390 1038 1437 1073 Ex
1469 1050 1533 1094 quo
1568 1038 1690 1085 liquido
1724 1037 1876 1085 perpendi

1130 1096 1232 1135 potest
1259 1096 1289 1122 et
1311 1088 1438 1129 coniici,
1465 1088 1490 1122 si
1513 1100 1550 1122 ex
1577 1087 1647 1134 ipso
1673 1087 1797 1135 aliquae
1819 1099 1878 1134 po-

1128 1137 1277 1172 steritatis
1300 1138 1450 1192 reliquiae
1465 1145 1696 1177 remanserunt,
1710 1135 1787 1184 quid
1803 1148 1878 1191 spe-

1129 1186 1263 1221 randum
1291 1187 1329 1220 sit
1362 1200 1391 1221 ιιι
1416 1187 1554 1221 fututum
1578 1185 1617 1220 de
1642 1185 1714 1229 illis,
1741 1184 1818 1233 qnid
1846 1185 1877 1219 in

1128 1245 1291 1283 posterum
1314 1235 1555 1282 expectandum.
1578 1235 1648 1270 Vita
1672 1246 1808 1290 namque
1843 1247 1878 1269 ae

1127 1293 1214 1331 gesta
1227 1285 1502 1340 praedecessorum
1516 1297 1670 1331 perversa,
1682 1284 1878 1331 iniquitatem

1128 1335 1355 1381 praenunciant
1385 1334 1590 1369 successoris.
1619 1333 1686 1369 Nec
1719 1331 1879 1368 horribilis

1127 1392 1158 1418 et
1185 1384 1315 1418 scelesta
1350 1383 1476 1418 illorum
1511 1383 1673 1423 memoria,
1703 1381 1877 1429 quidquam

1128 1432 1201 1467 boni
1230 1433 1270 1468 de
1297 1433 1437 1488 ipsorum
1467 1434 1649 1480 posteritate
1675 1431 1804 1467 credere
1833 1431 1878 1465 vel

1127 1494 1254 1528 sperare
1296 1483 1456 1528 per.mittit
1494 1482 1540 1516 De
1576 1481 1707 1517 colubro
1747 1479 1876 1535 quidem

1127 1531 1287 1577 egreditur
1315 1531 1443 1575 regulus
1470 1539 1500 1565 et
1533 1531 1625 1565 arbor
1657 1530 1737 1565 mala
1765 1529 1878 1565 noxios

1128 1580 1247 1614 fructus
1285 1560 1417 1627 profert,
1457 1592 1651 1627 pravumque
1686 1579 1876 1626 principium

1127 1641 1300 1675 numquam
1330 1629 1447 1663 bonum
1473 1629 1638 1676 pollicetur
1667 1628 1826 1663 effectum.

1174 1678 1194 1725 ἓ
1222 1680 1253 1712 ’5.
1281 1677 1321 1712 Et
1348 1678 1417 1713 ideo
1439 1678 1479 1713 de
1499 1678 1646 1713 Conrado
1673 1690 1784 1725 puero,
1804 1684 1877 1712 nato

1896 294 1945 321 Αιι.
1963 293 1992 321 C.
2008 291 2078 320 1256

1903 1690 1972 1715 Quare
1999 1689 2075 1711 uoln-
2115 1715 2118 1718 Ι

1818 1727 1825 1735 ¹
1843 1726 1860 1733 ··
1890 1720 1971 1741 dendus
1993 1719 2074 1741 conra-

1126 1727 1286 1774 quondam
1299 1726 1450 1768 Conradi,
1466 1727 1615 1774 praedicti
1635 1726 1786 1762 Friderici
1807 1726 1875 1767 filit,

1126 1784 1172 1811 est
1195 1776 1445 1822 praecavendum
1468 1777 1609 1821 omnino,
1636 1789 1675 1812 ne
1697 1776 1761 1811 ullo
1782 1775 1876 1811 modo

1126 1826 1305 1861 intendatur
1338 1826 1376 1860 ad
1413 1838 1503 1870 enm7
1537 1838 1594 1860 nec
1630 1826 1810 1861 nominetur
1837 1825 1875 1860 ad

1125 1874 1197 1915 hoc,
1232 1887 1290 1909 nec
1322 1875 1520 1923 aliquatenus
1554 1875 1704 1921 eligatur:
1740 1875 1875 1910 maxime

1126 1937 1197 1959 eum
1227 1933 1353 1971 propter
1379 1923 1552 1965 infantiam,
1586 1924 1784 1972 nimiumque
1819 1923 1876 1958 de-

1126 1973 1239 2008 fectum
1269 1974 1378 2009 aetatis
1399 1974 1437 2008 sit
1471 1973 1508 2008 ad
1547 1974 1607 2008 ista
1629 1986 1759 2021 prorsus
1782 1973 1875 2008 iulia-

1126 2022 1198 2057 bilis
1231 2035 1266 2057 ac
1302 2023 1482 2069 ineligibilis
1519 2023 1645 2070 penitus
1685 2035 1764 2070 puer
1794 2023 1874 2078 ipse,

1126 2084 1183 2106 nec
1218 2072 1277 2117 ius,
1314 2072 1399 2119 quod
1435 2084 1473 2107 ex
1509 2072 1663 2107 electione
1708 2072 1874 2119 provenire

1125 2121 1174 2155 iel
1216 2133 1408 2167 consurgere
1448 2122 1628 2161 consuevit,
1666 2121 1726 2156 sibi
1771 2131 1872 2176 posset

1125 2178 1317 2216 competere,
1338 2183 1396 2206 nec
1419 2172 1449 2205 in
1468 2183 1523 2205 sua
1546 2171 1658 2206 cadere
1679 2171 1726 2205 vel
1746 2171 1871 2206 retineri

1126 2231 1276 2265 persona;
1298 2232 1370 2254 cum
1394 2228 1522 2267 propter
1553 2221 1704 2266 puerilem
1728 2227 1872 2259 aetatem,

1125 2280 1204 2315 quae
1223 2269 1412 2304 discretione
1430 2277 1524 2310 caret,
1546 2277 1576 2304 et
1598 2269 1774 2315 legitimum
1795 2281 1872 2303 enn-

1124 2330 1252 2352 sensum
1281 2318 1328 2352 vel
1357 2319 1538 2353 dissensum
1570 2330 1633 2353 non
1659 2317 1769 2359 habet,
1801 2317 1872 2352 ele-

1125 2366 1233 2408 ctioni,
1260 2367 1285 2402 si
1315 2367 1353 2402 de
1379 2368 1448 2415 ipso
1477 2368 1575 2408 fieret,
1604 2368 1781 2402 consentire
1807 2378 1870 2401 non

1125 2424 1248 2462 posset,
1289 2428 1346 2451 nec
1386 2418 1484 2464 ipsius
1521 2429 1694 2452 consensus
1732 2416 1869 2463 aliquam

1125 2465 1251 2500 baberet
1279 2465 1446 2501 efficaciam
1471 2467 1517 2502 vel
1541 2468 1689 2512 vigorem.
1712 2465 1753 2500 Et
1773 2477 1811 2500 ex
1832 2477 1870 2500 eo

1124 2515 1218 2549 etiam
1241 2514 1322 2549 idem
1347 2528 1426 2562 puer
1448 2517 1479 2550 in
1505 2527 1609 2561 regem
1636 2514 1707 2560 eligi
1731 2514 1776 2549 rel
1805 2526 1870 2550 no—

1124 2564 1236 2598 minari
1261 2576 1323 2598 non
1351 2564 1455 2606 debet,
1477 2565 1548 2612 quia
1571 2575 1642 2598 cum
1667 2576 1721 2610 per
1746 2564 1870 2599 electio}

1123 2624 1194 2647 nem
1214 2613 1396 2648 huiusmodi
1415 2613 1455 2648 de
1469 2613 1619 2650 advocato
1641 2614 1685 2647 vel
1705 2613 1868 2648 defensore

1124 2661 1237 2697 idoneo
1259 2662 1370 2698 debeat
1390 2660 1550 2698 Ecclesiae
1571 2662 1782 2710 provideri‚et
1799 2663 1868 2710 ipse

1891 1751 1928 1772 dus
1942 1753 1988 1772 eius
1997 1756 2073 1778 nepen-
