2129 3223
49 231 99 258 An.
114 230 144 257 C.
162 230 229 257 ¹220

243 286 371 316 Honorius
387 287 525 322 episcopus
543 291 640 314 servus
658 290 798 313 sorvorum
809 283 865 317 Dei.
878 283 988 313 dilectis

286 337 350 366 filiis
362 335 514 367 abbatibus.
528 334 704 371 praepositis.
715 333 852 369 prioribus
870 334 928 361 tam
945 333 986 362 Ci-

285 386 426 418 storeion..
444 391 525 421 quam
544 384 660 412 aliorum
679 383 811 416 ordinum,
832 383 988 412 salutemet

284 435 462 472 apostoticam
476 433 696 462 benedictionem.

289 497 356 532 Etsi
384 509 446 532 non
474 497 514 531 sit
541 505 682 531 nostrum
718 507 808 530 nosse
845 504 984 542 tempora

242 547 287 582 vel
324 555 493 587 momenta,
516 559 595 593 quae
622 546 715 580 Pater
742 546 772 580 in
801 557 855 580 sua
879 546 985 592 posuit

241 605 410 645 potestate,
447 596 655 631 verisimiliter
690 603 793 629 tamen
828 607 843 629 a
879 595 985 629 multis

239 647 417 687 coniicitur,
440 646 524 693 quod
543 657 617 680 ecce
639 657 723 679 nunc
746 645 849 679 hostio
872 656 984 690 magno

238 704 345 744 aperto
368 696 398 730 in
420 695 569 736 Domino,
584 694 621 730 ad
641 693 758 729 Christi
781 693 876 728 fidem
893 694 985 728 intret

238 746 380 790 gentium
404 745 579 792 plenitudo,
596 743 671 779 dum
691 743 728 778 ad
751 743 866 778 summi
885 742 984 778 Patris

239 795 371 830 familias
390 806 532 835 coenam,
551 803 623 841 post
650 805 760 828 caecos
782 801 812 828 et
843 792 983 834 claudos,

239 845 362 892 pagani,
379 844 462 879 velut
477 844 516 879 de
531 843 723 878 infidelitatis
742 842 889 889 saepibus
903 854 983 876 com-

239 893 399 941 pelluntur
420 895 548 938 intrare,
574 905 610 928 ac
631 905 716 933 oves,
739 904 819 939 quae
843 892 982 926 nondum

237 944 276 979 de
302 942 420 979 Christi
450 943 521 978 ovili
546 942 683 983 fuerunt,
716 941 916 977 adducuntur
946 941 984 975 ab

238 994 307 1040 ipso
333 1003 367 1028 ut
389 994 430 1028 sit
459 1005 557 1027 unum
584 992 676 1031 ovile,
712 991 792 1026 sicut
819 1003 901 1025 unus
935 999 982 1025 est

238 1051 354 1089 pastor.
382 1042 475 1077 Unde
509 1043 564 1089 qui
598 1040 716 1076 Christi
752 1048 810 1081 est,
845 1039 983 1087 gaudere

236 1104 272 1127 ac
293 1093 453 1139 cooperari
476 1092 580 1136 debet,
612 1100 644 1126 ut
672 1099 824 1137 augeatur
851 1101 983 1124 numero

236 1152 266 1177 et
282 1142 394 1177 merito
417 1141 554 1189 populus
575 1140 778 1184 christianus,
797 1148 825 1174 et
848 1139 886 1174 ad
906 1151 984 1173 con-

76 528 194 550 Exordium.

236 1191 402 1227 vertendas
432 1191 458 1226 ei
487 1191 633 1226 barbaras
662 1190 816 1233 nationes,
843 1197 873 1224 et
906 1196 994 1223 con-²

237 1253 341 1276 versas
367 1242 397 1276 in
421 1240 491 1275 eius
513 1240 573 1276 fide
600 1239 769 1275 servandas
791 1238 893 1273 modis
919 1250 984 1272 om-

237 1290 330 1326 nibus
343 1290 460 1338 quibus
481 1292 524 1334 (1)
545 1289 639 1325 debet
661 1288 843 1336 impendere
882 1296 983 1322 semet

237 1341 359 1388 ipsum,
395 1348 430 1376 ut
459 1340 580 1375 animas
613 1339 748 1374 Domino
783 1337 983 1372 lucrifaciens

236 1390 357 1424 animae
383 1402 460 1425 suae
490 1389 631 1425 lucretur
652 1389 782 1436 gloriam
815 1387 982 1433 sempiter-

53 1442 141 1484 ¹'⁸¹5’¹¹'‘³
155 1440 223 1492 ἪΜ·
237 1451 320 1474 nam.
347 1439 430 1475 Sane
451 1452 524 1474 cum
547 1439 627 1474 sicut
648 1437 845 1473 venerabiles
872 1435 982 1471 fratres

39 1476 222 1526 {in'iiisi'nimvgf
238 1489 334 1525 nostri
368 1489 546 1527 Livonien..
586 1488 747 1524 Selonien.
782 1495 813 1522 et
851 1485 980 1521 Lealen.

40 1535 222 1594 ’δ’ᾟξζζωξξξξξ
237 1540 374 1588 episcopi
415 1540 530 1574 nostris
564 1538 694 1574 auribus
728 1537 912 1571 intimarunt
951 1537 981 1570 in

41 1603 93 1625 orus
108 1600 147 1617 εει.
239 1589 380 1638 partibus
405 1589 555 1624 Livoniae
582 1588 696 1623 duritia
721 1586 863 1621 cordium
887 1598 982 1632 paga-

237 1652 361 1681 norum,
385 1649 543 1686 tamquam
570 1647 651 1673 terra
678 1645 781 1672 vastae
803 1635 983 1670 solitudinis

238 1689 337 1725 imbre
350 1690 466 1735 gratiae
478 1689 600 1723 divinae
614 1687 783 1734 compluta,
799 1694 829 1720 ct
844 1698 880 1721 ex
897 1694 981 1732 parte

241 1751 363 1774 vomere
407 1748 532 1774 sanetae
576 1736 816 1785 praedicationis
860 1735 982 1769 exculta

238 1792 267 1824 in
289 1789 335 1824 eis
360 1801 469 1824 semen
493 1787 577 1823 verbi
599 1787 658 1821 Dei
682 1786 814 1820 feliciter
835 1786 864 1819 in
890 1797 983 1831 sege-

238 1848 299 1874 tem
331 1838 476 1885 pullulet,
504 1838 579 1884 quin
602 1837 695 1871 etiam
722 1835 809 1870 albae
838 1835 899 1869 sint
923 1836 982 1870 iam

238 1888 383 1935 regiones
403 1888 440 1922 ad
467 1899 615 1930 messem,
637 1897 717 1933 quae
743 1885 885 1931 quidem,
911 1885 983 1920 Do-

238 1939 323 1973 mino
341 1937 434 1972 dante
452 1937 692 1983 benignitatem,
714 1935 810 1969 multa
833 1943 891 1977 est,
913 1948 983 1983 ope-

238 1987 311 2023 rarii
339 1999 412 2022 vero
438 1986 548 2033 pauci;
575 1985 711 2032 expedit,
735 1994 768 2020 ut
788 1985 839 2019 alii
862 1985 985 2020 mittan-

240 2047 290 2072 tur
325 2036 400 2071 illuc
438 2044 557 2071 metere
583 2035 668 2083 quod
695 2035 745 2069 alii
776 2035 983 2080 seminarunt,

239 2094 397 2134 quatenus
422 2085 599 2121 secundum
625 2085 834 2130 evangelicam
870 2086 983 2120 verita-

241 2147 320 2179 tem,
356 2136 411 2184 qui
447 2136 604 2170 seminant
639 2134 732 2169 simul
762 2134 919 2181 gaudeant
954 2143 983 2170 et

45 2185 155 2238 „³1:222ss
171 2189 227 2238 ζζῗῑ·
240 2187 294 2234 qui
316 2192 450 2222 metunt.
473 2184 555 2220 Cum
579 2184 674 2231 igitur
694 2196 750 2231 per
771 2184 828 2219 l)ei
854 2185 983 2231 gratiam

46 2224 110 2275 2302„
144 2248 227 2268 idoneis
242 2236 272 2270 in
296 2235 408 2271 ordine
427 2243 529 2270 vestro
551 2234 614 2269 sint
633 2233 722 2268 multi
744 2234 781 2268 ad
800 2234 983 2269 huiusmodi

45 2280 117 2301 '‘¹¹¹⁹'‘
133 2279 226 2300 ‘mmm‘
241 2297 322 2332 opus
343 2285 460 2329 idonei,
481 2284 663 2319 charitatem
686 2291 818 2319 vestram
837 2296 983 2330 rogamus

241 2335 393 2371 attentius
410 2342 441 2370 et
460 2335 621 2369 hortamur
638 2345 692 2380 per
709 2333 878 2380 apostolica
896 2333 984 2368 vobis

241 2389 354 2437 scripta
389 2387 592 2428 mandantes,
626 2394 784 2434 quatenus
813 2388 984 2423 monachos

242 2451 273 2478 et
296 2450 478 2483 conversos,
503 2454 583 2490 quos
604 2441 753 2489 praedicti
777 2441 916 2489 episcopi
936 2442 982 2477 vel

242 2497 329 2532 missi
363 2497 402 2532 ab
433 2497 479 2532 eis
518 2509 535 2532 a
569 2496 658 2531 vobis
694 2496 841 2531 duxerint
875 2505 983 2544 postu—

242 2551 362 2597 landos,
379 2551 456 2587 illuc
475 2551 514 2587 ad
528 2563 607 2599 opus
625 2550 790 2585 ministerii
809 2550 904 2585 huius
920 2562 982 2586 non

277 2612 316 2648 (ἱ)
332 2613 489 2641 Addendum
503 2613 611 2641 forsitan
626 2617 716 2645 potest.

322 2656 397 2686 Bull.
420 2657 495 2686 Rom.
523 2658 577 2686 Vol.
598 2658 645 2686 ΙΙΙ.
804 2657 841 2686 47

861 225 1022 248 sso-Nonws
1044 225 1079 247 nt
1104 225 1149 247 1¹1³.

1652 218 1720 250 369

1026 279 1128 313 solum
1152 279 1335 325 permittatis
1357 281 1518 322 accedere.
1547 293 1654 316 verum
1677 282 1768 316 etiam

1026 328 1252 370 transmittatis,
1275 338 1307 363 ut
1334 337 1363 363 et
1387 331 1443 378 ipsi
1466 330 1646 366 erudientes
1669 330 1770 378 pluri-

1027 390 1094 413 mos
1141 378 1179 413 ad
1217 378 1362 420 salutem,
1390 391 1568 416 mereantur
1612 391 1768 429 tamquam

1025 427 1132 463 stellae
1155 428 1184 462 in
1210 436 1356 476 perpetua
1388 431 1568 466 aeternitate
1590 431 1706 472 lucere,
1735 444 1770 467 ac

1027 490 1080 513 vos
1102 477 1318 513 retributionis
1337 491 1458 524 eorum,
1481 493 1572 527 quam
1596 482 1663 517 sine
1682 482 1769 517 vobis

1027 535 1190 576 nequeunt
1212 529 1394 575 promereri,
1422 531 1618 578 participium
1642 544 1769 578 prome-

1026 586 1130 613 rentes
1160 578 1286 625 possitis
1318 579 1399 626 apud
1434 579 1534 615 Deum
1561 590 1592 616 et
1624 581 1770 618 homines

1025 627 1253 663 commendari.

1074 677 1189 714 Datum
1217 677 1349 714 Viterbii
1377 679 1613 727 quartodecimo
1644 681 1767 716 kalend.

1027 727 1112 772 maii,
1139 728 1340 775 pontificatus
1363 730 1458 764 nostri
1486 741 1567 765 anno
1589 739 1710 777 quarto.

1064 789 1123 820 Dat.
1140 790 1185 819 die
1206 789 1241 819 18
1256 790 1358 830 aprilis
1375 790 1460 828 1220,
1476 791 1577 831 pontif.
1597 801 1672 822 anno
1690 801 1727 823 iv.

1349 909 1444 944 XLV.

1026 981 1221 1014 Exhortatur
1254 982 1458 1027 christifideles
1493 994 1594 1016 onmes
1626 984 1770 1018 prussiae

1072 1031 1114 1064 ad
1138 1032 1228 1076 fidem
1253 1032 1436 1066 catholicam
1462 1034 1578 1066 noviter
1601 1045 1768 1074 conversos,

1072 1087 1105 1113 ut
1130 1081 1210 1114 alios
1231 1081 1273 1114 αᾱ
1294 1083 1427 1115 eamdem
1449 1083 1689 1127 amplexandam
1715 1095 1770 1116 ex-

1071 1131 1171 1168 citent,
1201 1131 1299 1174 eisque
1326 1132 1414 1165 Sedis
1441 1133 1632 1177 Apostolicae
1658 1140 1770 1177 patro-

1072 1180 1185 1213 cinium
1208 1181 1370 1225 pollicetur
1393 1184 1454 1224 (1).

1290 1249 1500 1281 SUMMARIUM

1023 1311 1093 1340 Cum
1118 1311 1236 1341 Prussis
1268 1312 1429 1350 gratulatur
1451 1313 1486 1342 de
1519 1321 1619 1342 eorum
1649 1322 1770 1343 conver-

1063 1356 1146 1385 sione
1165 1357 1200 1386 ad
1216 1355 1327 1386 Fidem.
1344 1373 1382 1378 —
1400 1356 1613 1387 Protectionem
1633 1358 1675 1387 eis
1693 1358 1770 1397 Apo-

1063 1400 1184 1429 stolicae
1213 1400 1296 1430 Sedis
1319 1401 1485 1439 pollicetur:
1515 1418 1554 1424 —
1579 1401 1707 1442 Eamque
1740 1408 1770 1432 ut

1062 1444 1266 1474 convertendis
1288 1445 1460 1484 promittant
1477 1446 1572 1477 docet.

1022 1505 1150 1534 Honorius
1165 1506 1307 1542 episcopus
1326 1513 1421 1536 servus
1437 1514 1576 1537 servorum
1591 1508 1647 1542 Dei,
1659 1516 1770 1538 vonera-

1066 1555 1114 1583 bili
1133 1555 1217 1585 fratri
1238 1557 1370 1592 episcopo,
1393 1558 1423 1585 et
1437 1557 1547 1586 dilectis
1560 1558 1626 1586 filiis
1638 1559 1772 1588 universis

1067 1605 1288 1634 christifidelibus
1316 1605 1424 1635 noviter
1451 1607 1603 1642 baptizatis
1631 1608 1770 1641 Prussiae.

1067 1655 1187 1684 salutem
1205 1656 1233 1684 et
1252 1655 1433 1690 apostolicam
1451 1656 1674 1685 benedictionem.

1071 1717 1194 1752 Gratias
1216 1719 1339 1764 agimus
1362 1718 1517 1765 Largitori
1540 1720 1682 1754 omnium
1705 1731 1771 1766 gra-

1024 1767 1148 1811 tinrum⁷
1170 1769 1223 1814 qui
1249 1769 1374 1815 propria
1397 1769 1494 1815 gloria
1521 1779 1551 1804 et
1579 1770 1692 1804 virtute
1715 1781 1768 1804 vos

1024 1817 1062 1850 de
1085 1817 1177 1851 variis
1199 1829 1342 1853 errorum
1371 1818 1508 1853 tenebris
1531 1820 1561 1853 in
1585 1818 1767 1854 admirabile

1024 1866 1128 1901 lumen
1157 1866 1228 1902 fidei
1256 1867 1427 1913 advocarit,
1450 1877 1481 1902 et
1503 1869 1535 1902 in
1557 1869 1685 1915 regione
1712 1868 1769 1902 ha-

1024 1915 1194 1950 bitantibus
1216 1916 1385 1964 aliquando
1407 1918 1536 1953 umbrae
1560 1919 1668 1954 mortis
1686 1930 1770 1953 reve-

1024 1965 1096 2000 lavit
1123 1965 1211 2000 vobis
1238 1979 1293 2013 per
1321 1966 1476 2014 Spiritum
1503 1967 1656 2003 Sanctum
1683 1980 1767 2011 eum,

1023 2015 1077 2062 qui
1099 2023 1146 2050 est
1173 2015 1227 2049 lux
1251 2017 1372 2058 mundi,
1391 2016 1507 2052 Filium
1530 2030 1625 2053 suum
1652 2017 1769 2052 Domi-

1025 2077 1098 2099 num
1121 2064 1225 2099 lesum
1256 2065 1437 2110 Christum,
1477 2075 1510 2102 ut
1544 2068 1574 2102 in
1609 2067 1767 2113 agnitione

1024 2114 1122 2160 ipsius
1149 2115 1212 2149 vias
1241 2116 1318 2150 vitae
1349 2117 1523 2152 certissime
1556 2116 1767 2156 ambulantes,

1024 2165 1076 2210 qui
1111 2163 1279 2211 aliquando
1305 2178 1367 2200 non
1403 2166 1541 2213 populus
1568 2166 1624 2201 Dei
1655 2165 1767 2205 fuistis,

1025 2225 1081 2248 nec
1108 2216 1152 2258 (2)
1180 2214 1315 2260 populus
1351 2215 1407 2250 Dei
1443 2216 1521 2255 sitis,
1554 2224 1583 2250 et
1615 2215 1668 2262 qui
1703 2227 1765 2250 non

1024 2264 1185 2297 consecuti
1209 2263 1468 2305 misericordiam,
1491 2277 1577 2299 nunc
1596 2264 1766 2299 misericor-

1024 2311 1106 2346 diam
1130 2314 1278 2359 consequi
1302 2314 1427 2360 possitis
1449 2314 1478 2348 in
1502 2315 1670 2362 adoptione
1692 2313 1766 2348 fitio-

1024 2374 1092 2395 rum
1123 2360 1180 2396 Dei
1215 2364 1328 2397 merito
1365 2364 1502 2409 gloriari,
1542 2364 1765 2399 haereditatem

1026 2411 1299 2446 incontaminatam
1324 2412 1354 2446 in
1377 2413 1473 2448 coelis
1500 2422 1531 2447 et
1560 2414 1768 2449 immarcesci-

1025 2460 1119 2495 bilem
1141 2461 1295 2508 adepturi.
1318 2461 1516 2510 Quapropter
1533 2464 1764 2500 universitatem

1025 2518 1157 2545 vestram
1191 2522 1357 2546 monemus
1378 2512 1408 2546 in
1432 2511 1578 2555 Domino,
1605 2522 1636 2548 et
1657 2515 1765 2550 horta-

1059 2577 1097 2611 (1)
1115 2576 1153 2603 Ex
1169 2576 1273 2612 Regest.
1293 2577 1374 2605 Vatic.
1413 2578 1452 2613 (ᾖ)
1469 2578 1617 2613 tegendum
1641 2584 1764 2616 putamus

1026 2626 1104 2644 NUNC.

1785 228 1834 253 An,
1853 228 1881 253 C.
1900 228 1965 254 1224)

1797 1729 1844 1750 Cum
1882 1729 1963 1751 Prussii

1784 1761 1897 1787 gratulatur
1939 1761 1964 1781 do

1783 1797 1855 1812 eorum
1872 1796 1964 1812 conver-

1784 1824 1843 1843 sione
1854 1824 1878 1843 ad
1886 1822 1961 1843 Fidem.
