2129 3223
66 288 119 316 ΑΙ.
135 287 166 314 C.
185 287 252 314 ¹2¹0

83 2368 124 2392 Eos
152 2372 253 2392 reconci—

71 2398 118 2423 Ειτί
142 2401 252 2423 Enete-ine

70 2433 154 2454 undu
162 2438 200 2461 per
208 2435 253 2460 opi-

30 2482 42 2488 .,
72 2467 154 2491 scopon.

854 287 1067 311 lNNocssa'Tws
1094 289 1131 311 111
1160 289 1206 311 PP.

265 342 374 383 terati;
401 341 538 381 lectioni,
565 349 594 375 et
613 340 834 386 exhortationi,
852 342 1013 377 doctrinae

264 401 296 427 et
338 391 538 437 disputationi
576 398 684 425 contra
723 402 834 426 omnes
870 403 1011 427 errorum

263 449 366 476 sectas
380 439 578 475 decrevimus
591 439 757 475 desudare.
777 439 1013 487 Disputationes

264 500 366 526 tamen
388 501 404 524 a
432 488 614 524 doctoribus
642 489 789 525 fratribus
817 490 846 524 in
871 490 930 525 fide
957 503 1012 525 ca-

265 539 375 574 tholica
403 538 626 586 comprobatis,
654 547 685 574 et
707 540 866 575 instructis
890 541 919 574 in
944 540 1011 587 lege

261 588 390 624 Domini
417 589 654 635 dispensentur:
691 597 725 622 nt
755 588 924 624 adversarii
953 602 1012 625 ca-

263 637 396 673 tholicae
418 647 446 672 et
462 637 653 684 apostolicae
676 638 746 673 fidei
763 639 1008 674 confundantur.

265 687 324 722 Per
349 686 545 722 honestiores
578 695 703 727 autem,
738 696 767 722 et
796 689 1012 724 instructiores

264 737 294 772 in
321 736 390 783 lege
412 736 551 777 Domini,
573 746 603 771 et
626 737 656 771 in
680 746 858 772 sanctorum
881 737 1009 774 Patrum

263 786 446 826 sententiis,
492 785 622 821 verbum
666 785 792 821 Domini
831 789 1012 823 censuimus

263 835 503 884 proponendum
544 835 689 870 fratribus
715 844 746 871 et
777 837 902 877 amicis,
937 850 1009 872 cum

265 885 473 933 praelatorum
498 885 689 920 conscientia
727 893 756 920 et
787 898 937 927 assensu;
972 888 1010 922 ita

262 934 346 982 quod
369 934 408 969 ab
429 935 475 969 eis
497 943 624 982 propter
648 934 707 969 hoc
729 947 787 970 nec
805 936 1008 971 ecclesiarum

264 984 490 1032 frequentatio,
518 996 576 1019 nec
605 984 791 1019 clericorum
821 986 1009 1032 praedicatio

264 1041 480 1081 postponatur.
501 1032 718 1080 Virginitatem
735 1033 781 1068 vel
794 1035 1009 1071 castimoniam

262 1085 442 1118 continuam
458 1083 677 1118 inviolabiliter
689 1084 914 1124 conservando,
931 1085 1011 1120 duas

262 1133 528 1179 quadragesimas,
557 1141 587 1167 et
609 1133 726 1167 ieiunia
753 1134 929 1168 secundum
957 1147 1010 1170 ec-

264 1181 470 1218 clesiasticam
494 1181 633 1228 regulam
656 1183 808 1223 instituta,
835 1185 927 1218 annis
942 1185 1008 1219 sin-

265 1231 348 1278 gulis
369 1231 469 1266 facere
495 1232 727 1279 proposuimus.
756 1232 952 1279 Religiosum
980 1243 1010 1269 et

263 1281 439 1316 modestum
460 1280 598 1315 habitum
615 1280 694 1316 serre
709 1281 918 1323 decrevimus,
937 1296 1010 1331 qna-

264 1330 325 1365 lem
339 1330 564 1366 consuevimus
581 1330 765 1378 deportare;
789 1331 1010 1369 calceamentis

263 1380 402 1427 desuper
423 1380 556 1428 apertis,
585 1381 623 1415 ita
651 1380 776 1427 speciali
804 1381 893 1427 signo
915 1394 1010 1417 com—

264 1430 375 1477 positis
394 1437 426 1464 et
447 1429 582 1469 variatis,
610 1438 643 1464 ut
665 1438 770 1477 aperte
791 1439 821 1465 ct
844 1430 946 1466 lucide
961 1445 1011 1467 co-

261 1488 431 1525 gnoscatur
456 1491 514 1514 nos
540 1491 609 1514 esse
635 1479 718 1514 sicut
752 1479 864 1524 corde,
899 1481 944 1515 sic
978 1490 1008 1516 et

261 1540 392 1576 corpore
423 1540 440 1563 a
472 1527 758 1575 LugdunensibuS,
796 1538 826 1563 et
860 1542 944 1565 nunc
977 1540 1007 1566 et

262 1579 293 1612 in
318 1586 507 1626 perpetuum
535 1587 730 1625 segregatos,
767 1578 827 1613 nisi
863 1582 1009 1615 reconci-

262 1627 378 1663 lientur
416 1627 588 1662 catholicae
622 1628 743 1662 unitati.
788 1627 1006 1665 Ecclesiastica

262 1685 452 1712 sacramenta
484 1677 696 1725 suscipiemus
716 1677 756 1712 ab
789 1678 945 1726 episcopis
979 1691 1008 1716 et

261 1726 498 1771 sacerdotibus,
519 1729 550 1761 in
573 1739 710 1774 quornm
732 1726 932 1763 dioecesibus
960 1732 1007 1766 vel

262 1776 436 1824 parrochiis
456 1776 734 1820 commorabimur,
755 1784 786 1811 et
803 1778 848 1812 eis
862 1778 1009 1813 obedien-

261 1826 335 1860 tiam
351 1835 382 1861 et
399 1826 606 1861 reverentiam
623 1826 758 1860 debitam
776 1826 1006 1873 impendemus,

262 1874 351 1922 Siqui
368 1887 440 1910 vero
461 1875 670 1910 saecularium
694 1876 724 1909 in
747 1884 854 1911 nostro
877 1877 1009 1916 voluerit

261 1923 392 1959 consilio
414 1936 613 1972 permanere:
641 1924 838 1960 consulimus
861 1934 894 1961 ut
914 1939 1007 1963 exce-

264 1974 326 2019 ptis
359 1973 482 2008 idoneis
508 1973 545 2008 ad
568 1973 809 2015 exhortandum,
837 1984 867 2010 et
900 1986 1008 2012 contra

262 2023 436 2059 haereticos
468 2023 713 2070 disputandum,
749 2024 863 2060 caeteri
892 2026 922 2060 in
949 2026 1009 2061 do-

262 2072 368 2108 mibus
393 2072 538 2119 religiose
559 2081 589 2107 et
610 2073 750 2108 ordinate
776 2074 911 2110 vivendo
938 2088 1009 2122 per-

262 2130 420 2163 maneant,
447 2133 497 2157 res
526 2133 599 2156 suas
625 2134 655 2157 m
682 2130 802 2158 iustitia
828 2132 859 2159 et
886 2137 1009 2160 miseri-

262 2171 367 2208 cordia
392 2170 624 2219 dispensando,
652 2171 798 2208 manibus
818 2172 1009 2219 laborando,

263 2221 415 2263 decimas,
431 2220 601 2269 primitias,
621 2229 651 2255 et
664 2221 836 2258 oblationes
849 2222 1010 2261 Ecclesiae

263 2271 384 2307 debitas
409 2269 628 2318 persolvendo.

310 2319 377 2356 Nos
402 2320 498 2367 igitur
533 2319 637 2354 habito
671 2319 799 2356 fratrum
826 2330 1007 2358 nostrorum

263 2370 409 2410 consilio,
435 2382 491 2417 per
512 2369 682 2417 apostolica
698 2370 788 2405 vobis
799 2372 912 2419 scripta
926 2385 1009 2407 man-

265 2420 423 2455 davimus:
452 2427 486 2454 ut
514 2427 640 2466 recepto
661 2431 677 2453 a
702 2420 834 2455 caeteris
866 2421 1011 2457 fratribus

264 2469 359 2505 simili
385 2469 572 2512 iuramento,
599 2469 844 2505 reconciliaretis
870 2482 925 2506 eos
955 2483 1010 2506 ec-

264 2518 455 2554 clesiasticae
481 2518 602 2559 unitati,
637 2526 667 2553 et.
693 2518 923 2556 denuntiaretis
956 2533 1010 2555 eos

266 2580 336 2604 vere
361 2567 532 2604 catholicos
553 2580 588 2603 ac
610 2576 694 2603 recte
718 2568 844 2603 fideles:
872 2569 903 2604 in
924 2582 1012 2617 prae-

265 2617 408 2665 scriptis,
439 2625 470 2652 et
498 2617 567 2653 aliis
596 2617 682 2665 ipsos
705 2616 880 2653 secundum
908 2618 1010 2655 Deum

265 2666 305 2702 ab
338 2667 423 2701 omni
451 2666 599 2702 scandalo
635 2675 665 2702 et
699 2666 823 2703 infamia
851 2677 1011 2705 servantes

343 2723 417 2753 Ball.
441 2723 517 2753 Rom.
544 2723 598 2753 Vol.
617 2723 667 2753 III.
830 2724 867 2755 3⁶2

1680 280 1750 313 249

1054 343 1223 384 immunes,
1259 352 1288 378 et
1322 344 1351 378 in
1380 344 1491 380 litteris
1519 345 1797 386 testimonialibus,

1052 401 1084 427 et
1110 393 1178 428 aliis
1208 393 1411 429 adminiculis
1436 396 1521 442 ipsos
1547 403 1674 442 propter
1695 394 1798 430 Deum

1032 466 1033 469 η
1053 442 1296 477 misericorditer
1318 444 1472 479 iuvaretis.
1501 443 1583 486 Quia
1607 456 1697 485 vero,
1719 445 1799 480 sicut

1052 492 1232 538 accepimus
1273 494 1448 528 occasionis
1490 496 1674 541 praetextu,
1712 494 1797 541 quod

1053 541 1233 576 mandatum
1258 542 1438 577 huiusmodi
1461 545 1672 579 communiter
1693 556 1800 579 susce—

1053 590 1153 637 pistis,
1180 591 1216 626 ad
1246 593 1531 627 reconciliationem
1561 593 1696 636 illorum,
1719 606 1798 642 qnae

1051 640 1110 675 sub
1132 642 1322 689 praescripta
1351 642 1446 677 forma
1471 643 1663 678 reconciliari
1687 643 1798 679 Eccle-

1051 695 1115 730 siae
1138 705 1367 742 poposcerunt,
1401 697 1541 731 nondum
1568 709 1585 732 a
1620 697 1706 732 robis
1740 698 1798 733 suit

1052 761 1232 795 processum
1257 763 1320 786 uno
1347 763 1380 786 se
1402 763 1457 798 per
1484 751 1579 786 alium
1611 761 1796 787 excusante:

1051 815 1109 850 qna
1132 803 1171 838 de
1192 816 1285 840 causa
1315 805 1403 840 multi
1431 806 1484 852 qni
1511 806 1668 841 humiliter
1699 806 1798 853 petie-

1051 866 1124 891 runt
1156 858 1289 899 intrare,
1318 859 1469 894 hactenus
1503 860 1689 895 remansisse
1717 860 1798 896 foras

1050 910 1225 947 Ecclesiam
1272 923 1463 948 asseruntur.
1510 913 1678 955 Nolentes,
1717 915 1798 950 sicut

1050 965 1142 1000 etiam
1166 979 1224 1002 nec
1253 968 1329 1003 velle
1361 967 1534 1013 debemus,
1571 977 1604 1003 ut
1638 969 1692 1016 qui
1718 969 1798 1004 trahi

1050 1020 1147 1066 gratia
1185 1021 1286 1056 divina
1329 1022 1519 1062 creduntur,
1559 1034 1613 1069 per
1651 1022 1797 1059 duritiam

1051 1082 1183 1110 vestram
1205 1075 1244 1110 ab
1272 1076 1390 1111 infinita
1419 1076 1476 1111 Dei
1506 1076 1719 1112 misericordia
1743 1090 1799 1112 re-

1050 1129 1219 1175 pellantur:
1249 1130 1431 1165 fraternitati
1466 1138 1585 1165 vesti-ae
1613 1143 1670 1178 per
1690 1132 1797 1166 iterata

1049 1183 1162 1230 scripta
1197 1183 1405 1228 mandamns,
1440 1193 1469 1218 et
1503 1184 1643 1219 districte
1678 1186 1800 1232 praeci-

1050 1237 1169 1284 pimus;
1197 1247 1352 1286 quatenus
1378 1239 1405 1273 si
1429 1251 1490 1273 non
1516 1251 1628 1273 omnes
1654 1238 1703 1273 his
1724 1251 1799 1274 exe-

1049 1290 1184 1337 quendis
1210 1293 1374 1339 potueritis
1410 1293 1582 1332 interesse,
1621 1300 1671 1337 tu,
1706 1292 1799 1328 frater

1048 1344 1296 1393 archiepiscope,
1310 1359 1380 1381 cum
1397 1346 1536 1394 quolibet
1557 1347 1703 1391 aliorum,
1721 1359 1799 1382 con-

1048 1399 1174 1434 stitutos
1199 1399 1230 1434 in
1257 1399 1467 1435 Terraconen.
1497 1401 1657 1448 provincia
1679 1400 1800 1436 huius—

1049 1452 1133 1487 modi
1157 1455 1368 1502 poenitentes,
1387 1455 1471 1490 iuxta
1487 1456 1709 1503 praescriptam
1729 1454 1800 1490 for—

1048 1520 1143 1549 mam,
1157 1508 1366 1556 appellatione
1377 1517 1507 1554 remota,
1521 1510 1723 1545 reconciliare
1733 1522 1799 1557 pro·

1048 1575 1149 1598 cures.
1165 1562 1257 1598 Circa
1267 1563 1440 1611 praefatum
1455 1563 1643 1599 Durandum
1656 1564 1695 1599 de
1704 1564 1798 1603 Osca,

1047 1626 1076 1651 et
1103 1617 1256 1652 Willelm.
1291 1618 1329 1653 de
1363 1617 1396 1652 S.
1420 1618 1603 1663 Antonino,
1630 1630 1665 1653 ac
1687 1630 1797 1654 eorum

1048 1674 1162 1717 socios,
1184 1674 1361 1709 secundum
1384 1675 1593 1721 praemissum
1614 1673 1798 1709 mandatum

1049 1727 1253 1762 nihilominus
1291 1728 1501 1775 procedendo.
1540 1727 1596 1763 Eis
1633 1735 1736 1763 autem
1766 1728 1796 1762 in

1049 1781 1108 1816 fide
1135 1790 1217 1817 recta
1240 1791 1270 1817 et
1304 1794 1379 1817 sana
1405 1781 1547 1818 doctrina
1576 1782 1796 1823 manentibus,

1048 1837 1233 1872 exhortandi
1270 1837 1425 1873 licentiam
1455 1837 1631 1873 tribuentes
1665 1849 1796 1885 compe-

1049 1891 1188 1927 tentibus
1211 1891 1295 1926 horis
1322 1900 1353 1926 et
1376 1891 1464 1927 locis.

1097 1945 1214 1980 Datum
1252 1945 1397 1980 Lateran.
1444 1953 1555 1993 quarto
1595 1946 1665 1982 idus
1702 1946 1797 1992 maii,

1048 2011 1131 2034 anno
1153 2000 1380 2036 decimotertio.

1088 2061 1148 2091 Dat.
1167 2061 1215 2091 die
1232 2061 1268 2092 12
1284 2062 1353 2092 maii
1378 2061 1464 2100 1210,
1483 2062 1584 2102 pontif.
1602 2072 1679 2094 anno
1696 2071 1759 2094 xm.

1342 2211 1498 2247 Lxxvtl.

1090 2282 1258 2328 Confirmat
1283 2287 1469 2329 propositum
1493 2286 1651 2319 Bernardi
1668 2287 1764 2330 primi

1068 2334 1212 2377 mayistri
1243 2335 1454 2369 Waldensium
1476 2347 1686 2370 conversorum
1714 2338 1776 2378 (A).

1316 2417 1530 2450 SUMMARIUM

1049 2480 1216 2512 Exordium.
1238 2499 1277 2506 —
1307 2482 1446 2515 Bernardi
1470 2485 1536 2516 fidei
1570 2487 1727 2518 consessio.
1757 2504 1796 2515 -.-

1090 2526 1291 2558 waldensium
1314 2537 1439 2559 errores.
1465 2546 1504 2553 -
1536 2529 1725 2563 poenitentia.
1756 2550 1797 2558 —

1089 2570 1242 2602 >landatur
1259 2578 1350 2612 apost.
1373 2573 1515 2612 delegatis
1535 2580 1565 2606 ut
1587 2585 1637 2606 eos
1655 2577 1796 2609 ecclcsia-

1091 2616 1181 2646 sticae
1199 2618 1356 2649 concilient
1377 2620 1490 2651 unitati.

1087 2686 1125 2722 (1)
1142 2687 1180 2714 Ex
1196 2687 1295 2721 Baluz„
1314 2689 1397 2725 Epist.
1419 2690 1461 2716 O't.

1814 290 1863 316 An.
1878 289 1907 317 C.
1927 291 1995 318 ¹2¹0
