2129 3223
30 237 79 264 An.
97 237 126 264 C.
142 236 209 263 ¹222

40 1870 164 1899 inquisitum

16 1903 73 1930 prius
84 1902 110 1922 de
124 1902 168 1922 vita
176 1904 197 1922 et

16 1931 121 1953 miraculis
128 1931 149 1952 Β,
158 1931 198 1952 Ro-

15 1963 76 1985 beru.

835 240 997 262 auxonius
1026 241 1059 261 ΙΙΙ
1090 240 1134 262 ΡΡ.

1634 231 1704 264 583

224 292 385 328 Romanae
412 293 574 328 Ecclesiae
595 294 686 329 matri
706 306 792 335 suae,
816 303 847 329 ut
869 296 909 329 sit
931 295 969 330 tle
1011 296 1238 342 perseverantia
1263 296 1343 330 linali
1381 296 1579 343 praecedant,
1605 305 1636 331 et
1671 296 1753 333 clara

223 351 346 377 caetero
366 354 462 377 unum
479 342 572 387 ovile,
587 355 623 378 ac
639 343 731 378 etiam
754 356 835 379 uuus
854 353 967 391 pastor.

223 391 270 427 Ad
309 391 392 439 quod
429 400 588 439 tamquam
627 392 770 428 devotam
810 393 968 430 Ecclesiae

222 440 337 484 liliam,
359 453 450 489 opem
481 450 510 476 et
534 454 660 488 operam
680 450 709 477 te
732 442 876 478 volumus
896 443 969 479 lide-

221 489 290 525 liter
324 491 494 537 impertiri,
523 493 598 538 quia
635 504 688 538 per
722 504 775 527 eos
810 493 848 527 de
884 493 966 528 l'acili

219 539 347 586 quidem
369 541 576 585 continget-et,
599 541 683 587 quod
712 553 860 588 processu
885 551 966 577 tein—

221 590 306 636 poris
340 601 401 624 non
435 589 537 624 solum
570 603 585 625 a
619 589 780 626 Romanae
809 591 966 628 Ecclesiae

219 637 397 674 obedientia
424 648 454 673 et
480 641 673 686 magisterio,
704 640 758 675 sed
800 641 869 675 aliis
897 642 967 677 hae-

218 687 328 724 redum
351 697 488 734 tuorum,
513 698 542 724 et
558 689 741 725 Latinorum
765 690 906 725 dominio
933 703 966 726 se

218 746 315 773 totum
344 751 478 786 reguum
515 739 711 774 subtraheret
744 750 963 775 memoratum.

266 787 380 823 Datum
406 787 551 823 Laterani
575 789 666 824 tertio
690 789 838 824 kalendas
863 790 965 825 ianua-

218 837 266 877 rii,
293 837 495 885 pontificatus
522 838 619 873 nostri
641 851 724 873 anno
748 847 845 874 sexto.

215 898 277 930 Dat.
297 900 344 930 die
362 899 400 930 30
417 900 583 930 decembris
601 901 686 937 1221,
710 902 811 940 pontit.
832 912 907 931 anno
929 911 963 932 vi.

545 1060 627 1095 LIX.

216 1137 310 1176 Quod
322 1137 424 1170 beatus
444 1137 603 1174 Robereus,
628 1138 713 1170 ciu‘us
736 1149 844 1181 corpus
860 1138 962 1171 inultis

259 1197 421 1220 coruscans
448 1187 605 1219 miraculis
633 1188 662 1219 iu
701 1188 822 1220 ecclesia
854 1199 961 1220 mona-

259 1236 346 1269 sterii
381 1235 557 1269 Mulismen.
594 1237 772 1280 requiescit,
804 1245 959 1280 (amquam

260 1292 382 1319 sanctus
413 1287 605 1318 veneratione
624 1297 676 1329 per
699 1286 859 1319 neonae-hos
881 1287 960 1319 eius-

260 1335 326 1370 dem
348 1335 484 1368 coenobii
505 1336 654 1368 habeatur
676 1336 731 1377 (l).

473 1415 686 1445 sttttttittztfflt

210 1482 384 1522 inquisitum
405 1483 486 1522 prius
509 1483 544 1512 tle
564 1483 618 1511 vita
638 1486 665 1511 et
688 1482 839 1511 miraculis
860 1482 887 1511 B.
905 1482 960 1511 Ro-

249 1526 334 1558 berti.
359 1544 398 1549 —
423 1528 443 1556 A
468 1526 627 1556 Molisuieu.
657 1532 793 1565 tauquam
824 1532 957 1556 sanctum

250 1573 380 1602 venerari
404 1571 547 1601 concedit.

209 1648 341 1677 tinum-tus
359 1648 500 1684 episeopus
514 1655 608 1676 servus
620 1654 760 1676 servorum
779 1648 833 1680 Dei,
851 1649 959 1678 dilectis

254 1697 320 1727 tuiis
337 1698 440 1730 abbati.
459 1698 488 1726 et
507 1697 654 1725 conventui
671 1696 831 1730 molismen„
843 1697 959 1726 satutem

254 1749 286 1776 et
302 1746 480 1783 apostolicam
500 1746 722 1774 benedictionem.

259 1818 340 1853 Cum
367 1818 443 1853 olim
468 1818 559 1852 nobis
586 1830 641 1864 per
678 1817 795 1852 litteras
822 1827 851 1853 et
875 1831 958 1853 nun-

211 1868 278 1902 cios
304 1876 422 1903 vestros
443 1867 683 1914 supplicassetis
723 1868 875 1902 instanter
902 1869 958 1902 ad-

213 1917 268 1952 iuti
291 1916 493 1956 testimoniis,
517 1925 547 1950 et
575 1916 855 1952 intercessionibus
887 1917 957 1964 plu—

212 1961 376 2008 rimorum,
413 1974 445 2000 ut
466 1974 590 2000 sanctae
625 1966 795 2001 memoriae
830 1967 955 2002 beatum

212 2015 409 2051 Robertum.
443 2016 532 2049 cuius
568 2026 684 2062 corpus
714 2016 744 2050 in
773 2024 873 2051 vestra
909 2029 956 2051 re-

211 2065 381 2112 quiescens
407 2064 545 2099 Ecclesia
573 2064 679 2099 multis
701 2074 729 2099 et
751 2066 873 2112 magnis
902 2067 958 2101 mi-

211 2115 326 2150 raculis
353 2113 554 2154 coruscabat,
589 2123 768 2149 sanctorum
795 2115 957 2161 cathalogo

211 2163 370 2199 ascribere
407 2162 614 2203 ‹leberemus;
653 2175 711 2198 nos
745 2176 784 2198 ne
812 2165 842 2198 in
873 2173 956 2199 tauto

212 2214 339 2261 negotio
376 2213 554 2247 videremur
592 2212 635 2246 uti
672 2213 776 2260 aliqua
811 2214 956 2258 levitate,

213 2272 274 2298 tam
301 2262 341 2297 de
363 2263 422 2297 vita
451 2262 568 2309 ipsius,
595 2274 689 2308 quam
725 2262 762 2298 de
798 2263 957 2298 miraculis

214 2324 270 2359 per
291 2310 485 2347 venerabiles
502 2311 612 2346 fratres
635 2320 759 2347 nostros
781 2311 955 2359 Lingonen.

213 2370 243 2396 et
264 2360 459 2396 Valentinen.
483 2361 648 2408 episcopos
669 2361 887 2396 mandavimus
910 2363 957 2397 di<

213 2410 345 2456 ligenter
367 2411 494 2458 inquiri,
528 2422 598 2445 cum
622 2410 658 2444 ad
688 2410 758 2451 hoe,
789 2419 821 2446 ut
844 2412 958 2459 aliquis

213 2459 365 2495 habeatur
405 2468 532 2495 sanctus
555 2460 584 2493 in
626 2459 763 2494 Ecclesia
801 2461 956 2501 militanti,

213 2520 342 2544 necesse
365 2509 416 2550 sit,
444 2519 475 2543 ut
503 2519 532 2544 ct
561 2521 648 2543 verae
684 2508 766 2549 fidei,
802 2522 880 2556 quae
903 2523 958 2557 per

212 2557 413 2594 dilectionem
448 2567 606 2605 operatur,
635 2570 706 2593 satia
737 2559 844 2593 merita
883 2571 957 2595 cum

246 2626 286 2662 (¹)
302 2626 341 2654 Ex
359 2628 462 2662 Regest.
483 2628 564 2654 tatic.

1009 344 1156 379 miracula
1179 344 1422 392 subsequantur,
1446 358 1503 381 nec
1518 345 1577 381 alia
1592 346 1662 381 sine
1684 345 1754 382 aliis

1010 394 1101 441 plene
1127 394 1281 429 sufficiant
1306 395 1343 429 ad
1381 394 1531 430 indicium
1555 395 1752 437 sanctitatis,

1007 455 1045 478 eo
1071 444 1156 491 quod
1180 444 1322 478 nonnulli
1358 444 1473 479 faciunt
1500 457 1594 492 opera
1621 457 1690 486 sua,
1719 453 1752 480 ut

1008 492 1172 528 videantur
1198 493 1236 527 ab
1258 493 1450 536 hominibus,
1477 501 1507 528 et
1525 507 1751 544 nonnunquam

1007 543 1136 589 angelus
1162 542 1318 578 Sathanae
1350 556 1382 577 se
1422 545 1450 578 in
1489 544 1568 578 lucis
1605 545 1750 591 angelum

1008 593 1244 639 transfigurans,
1272 593 1454 628 hominihus
1481 592 1661 640 frequenter
1684 594 1752 630 illu-

1006 641 1066 681 dit,
1104 643 1186 677 sicut
1220 642 1258 676 de
1292 642 1391 689 Magis
1424 643 1539 689 legitur
1564 643 1749 680 Pharaonis,

1006 690 1086 726 Cum
1115 693 1218 739 itaque
1252 693 1455 739 inquisitores
1483 693 1631 739 praedicti
1660 693 1751 728 nobis

1005 753 1101 787 super
1128 741 1178 776 his
1206 742 1295 788 plene
1325 743 1541 789 rescripserint
1577 743 1750 787 veritatem,

1005 791 1076 837 quia
1101 792 1170 826 licet
1197 791 1285 825 nobis
1307 792 1460 838 quaedam
1486 791 1647 835 miracula,
1671 805 1750 840 quae

1006 849 1072 886 post
1104 849 1237 875 mortem
1275 841 1390 876 fecerat
1417 841 1601 882 intimarint,
1636 841 1675 876 de
1701 842 1750 876 his

1005 898 1120 931 tamen,
1143 902 1223 937 quae
1241 890 1271 924 in
1292 890 1351 926 vita
1375 891 1485 926 fecisse
1507 890 1633 931 dicitur,
1655 891 1749 926 fldem

1005 939 1174 986 plenariam
1199 952 1260 974 non
1285 939 1440 975 fecerunt:
1466 953 1522 975 nos
1545 953 1583 974 ne
1604 940 1750 988 precibus

1004 989 1115 1024 vestris
1142 989 1322 1024 videremur
1348 990 1477 1025 omniuo
1504 989 1634 1029 deesse,
1672 1002 1750 1025 eon-

1002 1038 1146 1074 cedimus
1169 1038 1275 1074 vobis.
1317 1047 1348 1074 ut
1382 1052 1454 1074 eum
1487 1049 1646 1087 tamquam
1673 1053 1749 1075 san-

1002 1096 1086 1122 ctum
1103 1089 1133 1122 in
1151 1097 1249 1123 restra
1272 1088 1412 1123 Ecclesia
1433 1098 1632 1129 venerantes,
1655 1090 1748 1124 etiam

1001 1137 1083 1183 apud
1107 1138 1278 1173 Dominum
1305 1138 1449 1185 suffragia
1474 1139 1662 1174 fiducialiter
1686 1140 1749 1174 im-

1003 1187 1141 1234 ploretis.

1052 1235 1163 1271 Datum
1196 1236 1361 1281 Laterani,
1396 1244 1484 1271 sexto
1512 1237 1581 1272 idus
1605 1238 1747 1278 ianuarii,

1003 1286 1204 1332 pontificatus
1226 1285 1323 1320 nostri
1351 1298 1434 1321 anno
1455 1296 1554 1321 sexto.

1036 1347 1095 1377 Dat.
1115 1348 1161 1377 die
1177 1348 1193 1376 8
1212 1348 1337 1378 ianuarii
1358 1348 1443 1383 1222,
1459 1349 1561 1388 pontis.
1582 1359 1658 1379 anno
1674 1358 1712 1380 vi.

1342 1508 1407 1543 Lx.

1000 1583 1200 1629 Confirmatio
1222 1584 1483 1628 indulyentiarum
1514 1596 1574 1630 pro
1605 1586 1653 1618 die
1673 1598 1747 1620 con-

1047 1634 1224 1666 set-rationis
1262 1634 1405 1667 basilicae
1451 1635 1584 1668 Sanctae
1623 1635 1748 1670 Mariae

1051 1683 1183 1715 Maioris
1216 1695 1235 1716 a
1275 1684 1367 1716 Sixto
1404 1684 1490 1717 terlio
1527 1691 1554 1717 el
1600 1684 1747 1718 Clemente

1047 1733 1136 1765 eliam
1165 1734 1252 1765 tercio
1278 1745 1486 1767 concessarum
1509 1735 1569 1776 (Ἰ).

1267 1811 1478 1841 SUMMARIUM

1046 1871 1262 1902 confirmantur
1284 1874 1469 1912 supradictae
1489 1875 1697 1913 indulgentiae.

997 1945 1126 1974 Honorius
1146 1947 1288 1983 episcopus
1307 1955 1403 1977 servus
1413 1956 1554 1979 servorum
1569 1950 1624 1984 nei,
1639 1952 1747 1980 dilectis

1042 1995 1105 2024 filiis
1124 1997 1257 2025 universis
1278 1998 1504 2027 christifidelibus
1518 2002 1690 2035 praesentem
1699 2008 1747 2036 ραι

1041 2045 1131 2079 ginam
1163 2046 1339 2081 inspecturis,
1371 2047 1488 2076 satutem
1517 2050 1546 2077 et
1569 2050 1747 2085 apostolicam

1041 2095 1258 2124 benedictionem.

1048 2165 1193 2210 Devotio,
1220 2179 1311 2213 quam
1338 2167 1491 2203 hahemus
1521 2169 1558 2203 ad
1581 2170 1746 2216 gloriosis-

997 2216 1106 2249 simam
1145 2216 1201 2249 Dei
1236 2214 1430 2251 Genitricem
1458 2217 1587 2253 Mariam
1621 2231 1747 2266 semper

998 2264 1182 2310 Virginem,
1222 2277 1278 2298 nos
1316 2265 1446 2305 inducit,
1476 2276 1508 2301 ut
1533 2280 1568 2302 ea
1595 2281 1676 2315 quae
1706 2270 1743 2303 ad

998 2314 1147 2348 honorem
1176 2322 1354 2349 statuuntur
1376 2316 1496 2362 ipsius,
1526 2318 1598 2352 totis
1627 2317 1744 2353 viribus

997 2362 1222 2410 amplexemur.
1266 2363 1355 2398 Unde
1396 2377 1434 2399 ne
1475 2366 1568 2400 unius
1606 2368 1677 2401 anni
1715 2377 1744 2402 et

997 2412 1201 2459 quadraginta
1223 2412 1344 2446 dierum
1365 2426 1380 2447 a
1400 2413 1499 2449 felicis
1519 2416 1744 2452 recordationis

997 2462 1086 2495 Sixto
1117 2461 1209 2495 tertio
1241 2462 1270 2495 iu
1303 2462 1352 2496 die
1379 2465 1624 2500 consecrationis
1657 2465 1744 2502 basi-

997 2511 1073 2545 licae
1095 2510 1228 2545 Sanctae
1254 2510 1369 2546 Mariae
1396 2512 1543 2557 Maioris,
1577 2527 1613 2550 ac
1648 2516 1745 2551 unius

998 2561 1069 2595 anni
1098 2567 1127 2594 et
1154 2560 1355 2606 quadraginta
1397 2561 1519 2598 dierum
1542 2575 1557 2599 a
1579 2563 1744 2601 Clemente

1033 2630 1072 2664 (1)
1093 2629 1131 2655 Ex
1149 2629 1251 2664 Regest..
1275 2630 1356 2657 Vatic.

1769 240 1820 266 Αῐι.
1834 240 1863 267 C.
1884 240 1950 266 122⁶}

1779 699 1794 716 Α
1832 696 1938 718 Molisuieu

1766 733 1862 755 tanquam
1898 735 1947 749 sin-

1766 762 1820 779 cturn
1851 761 1947 781 venusini

1766 791 1871 810 conceda*
