2129 3223
45 266 96 294 An.
119 265 148 294 C.
161 267 229 295 ¹26⁸

243 322 440 358 mandamus:
463 331 617 370 quatenus
638 335 709 358 cum
737 323 832 370 aliqui
860 323 898 358 de
920 323 992 358 dile-

243 372 302 407 ctis
324 372 406 412 tiliis,
434 371 581 407 fratribus
602 381 633 407 et
660 372 916 420 procuratoribus
933 371 991 407 do-

243 433 368 456 morum
392 421 511 456 ordinis
533 421 728 469 leprosorum
755 421 861 457 Sancti
884 421 989 456 Lazari

242 468 539 517 Hierosolymitani,
568 470 606 506 ad
635 482 687 505 vos
720 479 750 505 et
781 470 847 505 loca
891 478 990 505 vestra

242 520 453 565 pervenerint,
481 531 537 566 pro
575 519 736 566 capiendis
776 519 908 554 infirmis
947 520 992 553 le-

242 569 354 613 prosis,
381 568 463 603 sicut
496 568 653 603 Dominus
680 569 831 616 praecipit
859 570 889 603 in
925 568 991 614 lege

240 616 364 665 Moysi,
405 617 489 664 quod
524 629 634 653 omnes
672 617 786 664 leprosi
828 618 992 652 eiiciantur

243 675 331 700 extra
355 674 466 701 castra.

290 719 305 758 g
334 718 364 749 1.
388 714 545 750 Volumus
567 716 684 762 itaque,
707 715 786 750 sicut
822 715 887 750 Deo
910 726 993 749 com-

59 764 154 818 }2223022
182 772 230 817 ’52’-
243 764 374 811 placeat,
396 772 456 799 tam
481 776 592 805 mares,
619 777 713 811 quam
741 764 900 803 mulieres,
922 763 992 798 cle—

45 802 90 847 tus.
157 803 181 817 ’ῃ
199 803 204 817 ¹
244 813 298 848 rici
320 821 350 848 et
377 812 460 854 laici,
483 814 616 860 religiosi
632 821 663 848 et
679 813 867 853 saeculares,
882 812 992 847 morbo

244 862 348 909 leprae
369 861 558 907 laborantes,
571 863 689 897 inventi
714 874 768 909 per
786 862 912 897 eosdem
931 861 992 896 sra-

243 919 308 947 tres
332 918 363 947 et
391 920 610 958 procuratores
631 923 754 952 eorum,
777 911 940 958 capiantur
962 918 991 945 et

242 959 408 995 eiiciantur
429 970 527 1004 extra,
549 972 620 995 com
635 972 743 995 eorum
765 959 914 995 omnibus
933 959 993 994 bo-

243 1009 291 1044 nis
307 1016 369 1044 tam
387 1009 567 1054 mobilibus,
581 1022 674 1057 quam
703 1008 930 1047 immobilibus,
954 1007 990 1042 ad

243 1058 465 1094 habitationem
488 1059 707 1094 cuminfirmis
728 1058 799 1093 aliis
826 1058 991 1093 domorum

243 1107 384 1143 eiusdem
407 1107 538 1142 ordinis.

293 1159 308 1200 ξ
334 1158 367 1191 2.
396 1156 428 1192 Si
457 1168 529 1191 vero
551 1156 654 1191 clerici
679 1156 724 1190 vel
762 1156 831 1190 laici
860 1155 993 1190 manda-

60 1211 231 1247 Fomradicwn·
245 1214 310 1240 tum
333 1214 475 1241 nostrum
499 1206 529 1240 in
551 1206 656 1252 aliquo
684 1205 878 1252 neglexerint
897 1204 994 1239 adim-

47 1243 133 1263 ‘¹⁸⁸¹¹‘¹''
246 1253 342 1302 plere,
364 1254 521 1298 volumus,
543 1255 626 1301 quod
651 1254 861 1302 peremptorie
894 1253 994 1288 citetis

245 1303 386 1344 eosdem,
407 1311 439 1338 ut
453 1315 557 1338 coram
573 1303 665 1338 nobis
681 1310 894 1350 compareant,
910 1314 993 1349 prae-

245 1353 338 1388 dictis
363 1351 512 1388 fratribus
538 1353 647 1387 facturi
684 1352 820 1387 iustitiae
853 1350 993 1398 comple-

246 1410 397 1437 mentum.

291 1450 408 1486 Datum
430 1450 562 1485 Viterbii
585 1449 678 1484 nonis
700 1450 823 1496 augusti
839 1476 848 1493 ,
887 1449 994 1496 ponti-

245 1500 355 1535 ficatus
376 1499 475 1534 nostri
497 1511 581 1534 anno
607 1499 721 1546 primo.

297 1559 357 1590 Dat.
376 1561 422 1590 die
438 1560 455 1589 5
471 1559 588 1598 augusti
606 1559 691 1595 1265,
709 1558 811 1598 pontif.
833 1567 910 1588 anno
927 1567 943 1587 ι.

581 1742 663 1776 vtlt.

249 1824 423 1859 Besarvan'o
448 1823 653 1857 &eclesiarum
685 1822 877 1864 aliorumque
915 1821 998 1853 bene-

296 1874 439 1918 ficiorum·
456 1872 724 1905 ecclesiasticormn
739 1880 997 1914 quorumcumque

295 1922 381 1966 apud
396 1922 503 1955 Sedem
518 1920 730 1965 Apostolicam
742 1920 920 1954 vacantium
936 1920 962 1960 (l
972 1921 993 1960 ).

514 1995 727 2027 sthARtUM

250 2064 399 2094 Romanus
416 2063 549 2093 Pontifex
567 2061 716 2100 quaelibet
737 2060 881 2091 beneficia
905 2065 998 2100 potest

289 2107 325 2137 de
357 2108 421 2138 iure
442 2106 585 2136 conferre.
612 2121 652 2128 —
681 2105 852 2135 Reservatio
876 2105 921 2141 (de
948 2113 999 2143 qua

289 2153 318 2181 in
331 2152 464 2187 rubrica).
486 2167 524 2172 —-
544 2150 637 2179 Secus
655 2154 750 2178 actum
770 2149 795 2178 si
813 2149 911 2184 fuerit,
927 2148 997 2177 irri-

289 2199 376 2227 tumr.

315 2265 441 2294 clemens
453 2265 594 2300 opiscopus
613 2270 705 2292 servus
724 2270 863 2293 servomn
879 2263 936 2296 Dei,

385 2314 419 2342 ad
452 2314 614 2350 perpetuam
638 2312 680 2340 rei
695 2313 865 2341 memoriam.

300 2380 388 2415 Licet
414 2379 639 2418 Ecclesiarum,
676 2386 910 2425 personatuum,
941 2377 999 2411 di-

55 2427 240 2486 ,ffg'f‘ffigjffi
252 2430 407 2476 gnitatum
429 2428 626 2475 aliorumque
648 2427 870 2461 beneficiorum
905 2427 1001 2462 cccle-

55 2489 160 2512 benerei·
169 2479 449 2518 poiestsiasticorum
474 2477 610 2524 plenaria
632 2477 795 2523 dispositio
817 2476 854 2510 ad
887 2475 1001 2510 Roma-

54 2520 158 2572 2⁸:12⁰OE
186 2525 240 2540 Μ’
256 2539 329 2562 uum
356 2535 504 2561 noscatur
529 2525 714 2561 Pontificem
743 2525 922 2572 pertinere,
961 2524 1001 2558 ita

254 2575 340 2623 qnod
367 2588 431 2611 non
452 2575 553 2610 solum
577 2575 655 2620 ipsa,
671 2586 742 2609 cum
757 2582 876 2613 vacant,
899 2580 1002 2620 potest

291 2640 330 2676 (l)
346 2641 384 2666 Ex
402 2640 507 2675 Regest.
525 2639 609 2665 Vatic.

876 268 1020 293 CLEMENS
1042 269 1075 292 lv
1098 269 1145 291 ΡΡ.

1661 257 1745 290 743

1032 321 1071 357 de
1103 323 1170 357 iure
1201 321 1355 363 conferre,
1393 334 1500 358 verum
1535 321 1629 357 etiam
1664 321 1714 357 ius
1748 321 1779 356 in

1033 375 1108 422 ipsis
1123 375 1259 410 tribuere
1281 376 1446 417 vacaturis,
1460 375 1658 411 collationem
1675 383 1779 411 tamen

1031 428 1244 464 Ecclesiarum
1262 456 1270 472 ,
1307 438 1556 477 personatuum,
1591 428 1779 476 dignitatum

1031 491 1061 517 et
1083 482 1308 518 beneficiorum
1332 483 1415 530 apud
1435 483 1647 530 Apostolicarn
1664 482 1779 517 Sedem

1033 537 1207 571 vacantium
1232 537 1399 583 specialius
1413 537 1546 571 caeteris
1567 537 1696 584 antiqua
1709 548 1783 570 con-

1032 589 1166 625 suetudo
1192 589 1345 625 Romanis
1369 590 1574 625 Pontificibus
1601 589 1779 625 reservavit.

1081 643 1146 679 Nos
1173 644 1275 691 itaque
1302 643 1490 678 laudabilem
1519 651 1699 690 reputantes
1727 643 1783 678 liu-

1034 697 1167 732 iusmodi
1194 698 1471 737 consuetudinem,
1493 705 1522 731 et
1545 709 1613 732 eam
1640 698 1782 732 auctori—

1033 758 1093 784 tate
1119 751 1290 797 apostolica
1320 751 1553 798 approbantes,
1593 762 1628 784 ac
1663 751 1783 785 nihilo-

1033 802 1139 837 minus
1153 803 1292 839 volentes
1314 804 1413 850 ipsam
1438 803 1656 838 inviolabiliter
1677 803 1780 838 obser-

1036 856 1109 897 vari,
1145 857 1254 893 eadem
1290 858 1475 893 auctoritate
1513 857 1708 900 statuimus,
1750 864 1783 890 ut

1033 912 1194 952 ecclesias,
1224 919 1422 959 personatus,
1446 910 1615 957 dignitates
1654 919 1684 944 et
1721 910 1784 944 be-

1034 965 1157 1010 neficia,
1174 977 1255 1012 quae
1274 965 1356 1013 apud
1380 964 1496 1000 Sedem
1513 964 1614 1011 ipsam
1632 963 1787 1011 deinceps

1034 1031 1141 1054 vacare
1167 1019 1344 1065 contigerit,
1367 1018 1481 1065 aliquis
1519 1027 1640 1065 praeter
1665 1017 1785 1053 Roma-

1034 1085 1108 1107 num
1132 1072 1330 1114 Pontificem,
1369 1084 1571 1119 quacumque
1597 1084 1693 1118 super
1725 1072 1785 1107 hoc

1033 1128 1072 1161 sit
1099 1128 1284 1162 auctoritate
1306 1127 1460 1167 munitus,
1491 1127 1557 1161 sive
1595 1126 1663 1160 iure
1697 1126 1785 1160 ordi·

1035 1181 1140 1215 nariae
1168 1181 1327 1227 potestatis
1359 1180 1500 1227 ipsorum
1536 1179 1673 1218 electio,
1712 1192 1786 1226 pro-

1034 1235 1110 1268 visio
1132 1247 1186 1269 seu
1208 1234 1332 1269 collatio
1356 1234 1393 1268 ad
1417 1246 1488 1269 eum
1512 1233 1690 1281 pertineat,
1717 1234 1784 1268 sive

1035 1289 1151 1323 litteras
1172 1301 1268 1336 super
1294 1288 1472 1335 aliquorum
1493 1287 1671 1334 provisione
1690 1299 1786 1333 gene-

1036 1341 1116 1376 rales
1154 1341 1202 1376 vel
1228 1342 1320 1376 etiam
1352 1341 1505 1388 speciales
1544 1340 1604 1376 sub
1638 1353 1787 1387 quacum-

1035 1406 1096 1442 que
1117 1394 1216 1429 forma
1238 1395 1401 1441 receperit,
1418 1394 1476 1427 nisi
1499 1394 1526 1428 ei
1550 1394 1589 1428 sit
1607 1405 1704 1440 super
1716 1405 1786 1428 con-

1036 1447 1173 1483 ferendis
1199 1447 1318 1482 eisdem
1353 1447 1383 1481 in
1419 1446 1516 1481 Curia
1550 1446 1694 1481 Romana
1727 1458 1787 1481 va—

1036 1501 1180 1536 cantibus
1217 1500 1364 1548 specialis
1403 1509 1432 1535 et
1467 1512 1616 1547 expressa
1648 1499 1686 1534 ab
1718 1499 1787 1546 ipso

1037 1555 1189 1590 Pontifice
1211 1555 1380 1589 auctoritas
1394 1554 1553 1594 attributa,
1577 1553 1721 1589 conferre
1734 1554 1783 1589 ali-

1037 1608 1086 1641 cni
1127 1620 1182 1643 sen
1206 1607 1366 1655 aliquibus
1385 1620 1448 1642 non
1471 1616 1661 1654 praesumat.

1086 1660 1151 1696 Nos
1178 1661 1262 1695 enim
1290 1661 1314 1695 si
1343 1673 1434 1696 secus
1455 1669 1557 1696 actum
1590 1673 1647 1696 seu
1678 1660 1984 1712 atten-f'fgffssssssfffiss‘

1038 1722 1134 1748 tatum
1155 1714 1259 1755 fuerit,
1277 1714 1479 1749 decernimus
1493 1714 1614 1748 irritum
1630 1722 1661 1749 et
1683 1714 1786 1748 inane.
1866 1707 1869 1715 ³

1087 1767 1171 1802 Nulli
1193 1780 1269 1813 ergo
1295 1768 1424 1802 omnino
1447 1767 1610 1801 hominum
1627 1775 1679 1801 etc.

1085 1820 1202 1855 Datum
1230 1821 1350 1856 Perusii
1372 1829 1460 1856 sexto
1482 1820 1631 1855 kalendas
1652 1829 1788 1868 septem·

1039 1875 1115 1919 bris,
1143 1875 1343 1922 pontificatus
1371 1875 1468 1909 nostri
1497 1886 1581 1910 anno
1604 1875 1716 1922 primo.

1076 1935 1138 1966 Dat.
1155 1936 1200 1965 die
1216 1936 1252 1965 27
1272 1936 1388 1974 augusti
1409 1935 1492 1972 1265,
1511 1934 1611 1975 pontif.
1638 1944 1714 1965 anno
1730 1944 1748 1965 1.

1795 265 1845 292 An.
1864 264 1893 291 C.
1907 265 1974 292 ¹:⁶65

1797 650 1921 672 neservfliio
1944 652 1979 676 (de

1797 683 1866 709 quain
1876 681 1970 703 rubricat

1384 2085 1440 2120 tx.

1040 2157 1240 2201 Confirmatio
1275 2158 1523 2190 constitutionum
1551 2165 1579 2190 et
1616 2158 1715 2201 leyum
1748 2158 1789 2190 ab

1090 2210 1264 2242 Innocentio
1286 2210 1336 2242 [Γ
1358 2216 1385 2242 et
1426 2210 1606 2243 Alexandro
1641 2209 1692 2242 IV
1723 2210 1789 2243 edi-

1089 2270 1190 2295 tarum
1211 2269 1316 2295 contra
1342 2263 1517 2300 haereticos,
1530 2273 1690 2306 eorumque
1705 2273 1788 2296 com-

1086 2316 1178 2359 plices
1199 2322 1226 2348 et
1246 2315 1380 2359 fautores
1403 2317 1457 2358 (l).

1042 2398 1162 2427 Clemens
1184 2398 1326 2433 episcopus
1344 2404 1439 2426 servus
1450 2404 1593 2426 servorum
1610 2397 1665 2430 Dei,
1679 2397 1790 2426 cnaeus

1084 2447 1148 2475 filiis
1166 2447 1365 2482 potestatibus,
1381 2446 1438 2475 sive
1449 2446 1611 2479 rectoribus.
1624 2446 1788 2480 oonsulibus.

1086 2496 1248 2530 capitaneis.
1264 2495 1396 2527 amanis.
1420 2495 1549 2527 consiliis.
1569 2496 1598 2523 et
1609 2495 1790 2524 communiu-

1078 2558 1116 2591 (l)
1133 2558 1213 2590 Leges
1228 2556 1260 2582 ab
1271 2555 1424 2582 Innocentio
1436 2555 1468 2581 tv
1481 2556 1545 2582 latas
1552 2555 1683 2590 logereest
1692 2556 1789 2583 ibidem

1043 2598 1156 2624 Constit.
1174 2603 1264 2627 xxvii,
1282 2603 1341 2630 pag.
1359 2595 1420 2627 ⁵52,
1432 2599 1458 2622 et
1469 2595 1494 2621 in
1504 2595 1655 2622 Alexandro
1665 2595 1711 2628 Ν,
1723 2596 1790 2623 Con-

1042 2637 1096 2662 stit.
1115 2641 1172 2666 xiv,
1190 2642 1249 2669 pag.
1266 2634 1325 2661 61¹.
