<?xml version="1.0" encoding="UTF-8"?>
<!DOCTYPE html PUBLIC "-//W3C//DTD XHTML 1.0 Transitional//EN"
    "http://www.w3.org/TR/xhtml1/DTD/xhtml1-transitional.dtd">
<html xmlns="http://www.w3.org/1999/xhtml" xml:lang="en" lang="en">
 <head>
  <title>
</title>
<meta http-equiv="Content-Type" content="text/html;charset=utf-8" />
  <meta name='ocr-system' content='tesseract 3.04.00' />
  <meta name='ocr-capabilities' content='ocr_page ocr_carea ocr_par ocr_line ocrx_word'/>
</head>
<body>
  <div class='ocr_page' id='page_1' title='image "./bullarumdiplomat03cath/bullarumdiplomat03cath_0090.png"; bbox 0 0 2129 3223; ppageno 0'>
   <div class='ocr_carea' id='block_1_1' title="bbox 113 290 294 318">
    <p class='ocr_par' dir='ltr' id='par_1_1' title="bbox 113 290 294 318">
     <span class='ocr_line' id='line_1_1' title="bbox 113 290 294 318; baseline 0.011 -3"><span class='ocrx_word' id='word_1_1' title='bbox 113 290 162 316; x_wconf 63' lang='grc' dir='ltr'>Ατ),</span> <span class='ocrx_word' id='word_1_2' title='bbox 184 290 294 318; x_wconf 57' lang='lat'><strong>01¹9?</strong></span> 
     </span>
    </p>
   </div>
   <div class='ocr_carea' id='block_1_2' title="bbox 108 346 295 459">
    <p class='ocr_par' dir='ltr' id='par_1_2' title="bbox 108 346 295 459">
     <span class='ocr_line' id='line_1_2' title="bbox 124 346 295 373; baseline 0.006 -7"><span class='ocrx_word' id='word_1_3' title='bbox 124 346 221 373; x_wconf 69' lang='lat' dir='ltr'>Eniseopt</span> <span class='ocrx_word' id='word_1_4' title='bbox 247 347 295 367; x_wconf 76' lang='lat' dir='ltr'>ele-</span> 
     </span>
     <span class='ocr_line' id='line_1_3' title="bbox 108 377 293 397; baseline 0.011 -2"><span class='ocrx_word' id='word_1_5' title='bbox 108 378 201 397; x_wconf 61' lang='lat' dir='ltr'>‹tt-&gt;nem</span> <span class='ocrx_word' id='word_1_6' title='bbox 218 377 242 397; x_wconf 64' lang='lat' dir='ltr'>ad</span> <span class='ocrx_word' id='word_1_7' title='bbox 257 383 293 397; x_wconf 23' lang='lat' dir='ltr'>cae</span> 
     </span>
     <span class='ocr_line' id='line_1_4' title="bbox 108 408 294 434; baseline 0.005 -8"><span class='ocrx_word' id='word_1_8' title='bbox 108 408 198 427; x_wconf 59' lang='lat' dir='ltr'>nomicos</span> <span class='ocrx_word' id='word_1_9' title='bbox 211 410 294 434; x_wconf 65' lang='lat' dir='ltr'>nfecta-</span> 
     </span>
     <span class='ocr_line' id='line_1_5' title="bbox 109 438 242 459; baseline -0.008 -1"><span class='ocrx_word' id='word_1_10' title='bbox 109 443 131 458; x_wconf 68' lang='grc' dir='ltr'>ιε</span> <span class='ocrx_word' id='word_1_11' title='bbox 148 438 242 459; x_wconf 66' lang='lat' dir='ltr'>decernat</span> 
     </span>
    </p>
   </div>
   <div class='ocr_carea' id='block_1_3' title="bbox 113 734 290 817">
    <p class='ocr_par' dir='ltr' id='par_1_3' title="bbox 113 734 290 817">
     <span class='ocr_line' id='line_1_6' title="bbox 122 734 274 755; baseline 0.013 -2"><span class='ocrx_word' id='word_1_12' title='bbox 122 734 148 754; x_wconf 74' lang='lat' dir='ltr'>Co</span> <span class='ocrx_word' id='word_1_13' title='bbox 158 735 274 755; x_wconf 58' lang='lat' dir='ltr'>ictusianes</span> 
     </span>
     <span class='ocr_line' id='line_1_7' title="bbox 185 765 290 787; baseline 0.029 -3"><span class='ocrx_word' id='word_1_14' title='bbox 185 765 290 787; x_wconf 48' lang='lat' dir='ltr'>clausula-c</span> 
     </span>
     <span class='ocr_line' id='line_1_8' title="bbox 113 799 226 817; baseline -0.009 -2"><span class='ocrx_word' id='word_1_15' title='bbox 113 799 226 817; x_wconf 55' lang='lat' dir='ltr'>&lt;armeno</span> 
     </span>
    </p>
   </div>
   <div class='ocr_carea' id='block_1_4' title="bbox 132 2056 295 2080">
    <p class='ocr_par' dir='ltr' id='par_1_4' title="bbox 132 2056 295 2080">
     <span class='ocr_line' id='line_1_9' title="bbox 132 2056 295 2080; baseline -0.006 0"><span class='ocrx_word' id='word_1_16' title='bbox 132 2058 248 2080; x_wconf 75' lang='lat' dir='ltr'>coetuum</span> <span class='ocrx_word' id='word_1_17' title='bbox 262 2056 295 2079; x_wconf 73' lang='lat' dir='ltr'>Pl&gt;</span> 
     </span>
    </p>
   </div>
   <div class='ocr_carea' id='block_1_5' title="bbox 122 2156 295 2178">
    <p class='ocr_par' dir='ltr' id='par_1_5' title="bbox 122 2156 295 2178">
     <span class='ocr_line' id='line_1_10' title="bbox 122 2156 295 2178; baseline 0.006 -1"><span class='ocrx_word' id='word_1_18' title='bbox 122 2160 141 2178; x_wconf 72' lang='lat' dir='ltr'>ei</span> <span class='ocrx_word' id='word_1_19' title='bbox 163 2157 181 2177; x_wconf 66' lang='lat' dir='ltr'>S,</span> <span class='ocrx_word' id='word_1_20' title='bbox 199 2156 214 2177; x_wconf 76' lang='lat' dir='ltr'>R</span> <span class='ocrx_word' id='word_1_21' title='bbox 246 2156 295 2178; x_wconf 82' lang='lat' dir='ltr'>Eecl</span> 
     </span>
    </p>
   </div>
   <div class='ocr_carea' id='block_1_6' title="bbox 122 2189 288 2245">
    <p class='ocr_par' dir='ltr' id='par_1_6' title="bbox 122 2189 288 2245">
     <span class='ocr_line' id='line_1_11' title="bbox 143 2189 278 2209; baseline 0 -1"><span class='ocrx_word' id='word_1_22' title='bbox 143 2189 278 2209; x_wconf 62' lang='lat' dir='ltr'>ctfdinatmm</span> 
     </span>
     <span class='ocr_line' id='line_1_12' title="bbox 122 2218 288 2245; baseline 0.006 -8"><span class='ocrx_word' id='word_1_23' title='bbox 122 2218 288 2245; x_wconf 64' lang='lat' dir='ltr'>:ubscrtpttones</span> 
     </span>
    </p>
   </div>
   <div class='ocr_carea' id='block_1_7' title="bbox 362 278 407 312">
    <p class='ocr_par' dir='ltr' id='par_1_7' title="bbox 362 278 407 312">
     <span class='ocr_line' id='line_1_13' title="bbox 362 278 407 312; baseline -0.022 0"><span class='ocrx_word' id='word_1_24' title='bbox 362 278 407 312; x_wconf 30' lang='lat'>8⁴1</span> 
     </span>
    </p>
   </div>
   <div class='ocr_carea' id='block_1_8' title="bbox 307 340 1070 2422">
    <p class='ocr_par' dir='ltr' id='par_1_8' title="bbox 307 340 1061 686">
     <span class='ocr_line' id='line_1_14' title="bbox 311 340 1059 390; baseline -0.007 -11"><span class='ocrx_word' id='word_1_25' title='bbox 311 344 507 390; x_wconf 82' lang='lat' dir='ltr'>pertinentiis</span> <span class='ocrx_word' id='word_1_26' title='bbox 529 344 608 377; x_wconf 89' lang='lat' dir='ltr'>suis.</span> <span class='ocrx_word' id='word_1_27' title='bbox 636 340 784 376; x_wconf 83' lang='lat' dir='ltr'>Obeunte</span> <span class='ocrx_word' id='word_1_28' title='bbox 806 352 880 375; x_wconf 77' lang='lat' dir='ltr'>vero</span> <span class='ocrx_word' id='word_1_29' title='bbox 910 348 940 375; x_wconf 88' lang='lat' dir='ltr'>te</span> <span class='ocrx_word' id='word_1_30' title='bbox 976 352 1059 374; x_wconf 84' lang='lat' dir='ltr'>nunc</span> 
     </span>
     <span class='ocr_line' id='line_1_15' title="bbox 309 389 1061 439; baseline -0.008 -10"><span class='ocrx_word' id='word_1_31' title='bbox 309 394 450 429; x_wconf 75' lang='lat' dir='ltr'>ciusdem</span> <span class='ocrx_word' id='word_1_32' title='bbox 479 393 536 427; x_wconf 90' lang='lat' dir='ltr'>loci</span> <span class='ocrx_word' id='word_1_33' title='bbox 559 391 722 439; x_wconf 78' lang='lat' dir='ltr'>episcopo,</span> <span class='ocrx_word' id='word_1_34' title='bbox 743 389 791 424; x_wconf 91' lang='lat' dir='ltr'>vel</span> <span class='ocrx_word' id='word_1_35' title='bbox 819 397 944 424; x_wconf 89' lang='lat' dir='ltr'>tuorum</span> <span class='ocrx_word' id='word_1_36' title='bbox 979 401 1061 436; x_wconf 90' lang='lat' dir='ltr'>quo-</span> 
     </span>
     <span class='ocr_line' id='line_1_16' title="bbox 309 438 1057 480; baseline -0.007 -3"><span class='ocrx_word' id='word_1_37' title='bbox 309 443 383 477; x_wconf 80' lang='lat' dir='ltr'>tibet</span> <span class='ocrx_word' id='word_1_38' title='bbox 430 452 665 480; x_wconf 83' lang='lat' dir='ltr'>successorum,</span> <span class='ocrx_word' id='word_1_39' title='bbox 713 438 819 474; x_wconf 91' lang='lat' dir='ltr'>nullus</span> <span class='ocrx_word' id='word_1_40' title='bbox 860 438 898 472; x_wconf 93' lang='lat' dir='ltr'>ad</span> <span class='ocrx_word' id='word_1_41' title='bbox 926 438 1057 473; x_wconf 86' lang='lat' dir='ltr'>eandem</span> 
     </span>
     <span class='ocr_line' id='line_1_17' title="bbox 309 487 1057 537; baseline -0.008 -11"><span class='ocrx_word' id='word_1_42' title='bbox 309 492 481 527; x_wconf 78' lang='lat' dir='ltr'>Ecclesiam</span> <span class='ocrx_word' id='word_1_43' title='bbox 525 491 553 525; x_wconf 90' lang='lat' dir='ltr'>in</span> <span class='ocrx_word' id='word_1_44' title='bbox 588 490 776 537; x_wconf 88' lang='lat' dir='ltr'>episcopum</span> <span class='ocrx_word' id='word_1_45' title='bbox 817 487 962 535; x_wconf 72' lang='lat' dir='ltr'>eligatur,</span> <span class='ocrx_word' id='word_1_46' title='bbox 998 488 1057 522; x_wconf 89' lang='lat' dir='ltr'>nisi</span> 
     </span>
     <span class='ocr_line' id='line_1_18' title="bbox 308 536 1057 588; baseline -0.007 -13"><span class='ocrx_word' id='word_1_47' title='bbox 308 553 401 588; x_wconf 84' lang='lat' dir='ltr'>quem</span> <span class='ocrx_word' id='word_1_48' title='bbox 443 540 584 575; x_wconf 88' lang='lat' dir='ltr'>canonici</span> <span class='ocrx_word' id='word_1_49' title='bbox 621 538 763 574; x_wconf 86' lang='lat' dir='ltr'>eiusdem</span> <span class='ocrx_word' id='word_1_50' title='bbox 799 536 971 573; x_wconf 75' lang='lat' dir='ltr'>Ecclesiae,</span> <span class='ocrx_word' id='word_1_51' title='bbox 1011 536 1057 570; x_wconf 85' lang='lat' dir='ltr'>vel</span> 
     </span>
     <span class='ocr_line' id='line_1_19' title="bbox 307 584 1057 636; baseline -0.008 -11"><span class='ocrx_word' id='word_1_52' title='bbox 307 602 416 625; x_wconf 78' lang='lat' dir='ltr'>corum</span> <span class='ocrx_word' id='word_1_53' title='bbox 442 601 513 636; x_wconf 85' lang='lat' dir='ltr'>pars</span> <span class='ocrx_word' id='word_1_54' title='bbox 547 588 671 625; x_wconf 90' lang='lat' dir='ltr'>consilii</span> <span class='ocrx_word' id='word_1_55' title='bbox 707 586 840 621; x_wconf 82' lang='lat' dir='ltr'>sanioris</span> <span class='ocrx_word' id='word_1_56' title='bbox 883 584 1057 620; x_wconf 86' lang='lat' dir='ltr'>secundum</span> 
     </span>
     <span class='ocr_line' id='line_1_20' title="bbox 308 635 855 686; baseline -0.007 -13"><span class='ocrx_word' id='word_1_57' title='bbox 308 638 409 674; x_wconf 90' lang='lat' dir='ltr'>Deum</span> <span class='ocrx_word' id='word_1_58' title='bbox 439 638 636 686; x_wconf 88' lang='lat' dir='ltr'>providerint</span> <span class='ocrx_word' id='word_1_59' title='bbox 661 635 855 683; x_wconf 82' lang='lat' dir='ltr'>eligendum.</span> 
     </span>
    </p>

    <p class='ocr_par' dir='ltr' id='par_1_9' title="bbox 308 683 1069 2054">
     <span class='ocr_line' id='line_1_21' title="bbox 356 683 1059 733; baseline -0.009 -10"><span class='ocrx_word' id='word_1_60' title='bbox 356 688 567 723; x_wconf 81' lang='lat' dir='ltr'>Decernimus</span> <span class='ocrx_word' id='word_1_61' title='bbox 605 698 692 733; x_wconf 87' lang='lat' dir='ltr'>erg0‚</span> <span class='ocrx_word' id='word_1_62' title='bbox 733 692 767 720; x_wconf 86' lang='lat' dir='ltr'>ut</span> <span class='ocrx_word' id='word_1_63' title='bbox 811 684 888 719; x_wconf 86' lang='lat' dir='ltr'>nulli</span> <span class='ocrx_word' id='word_1_64' title='bbox 927 683 1059 718; x_wconf 87' lang='lat' dir='ltr'>omnino</span> 
     </span>
     <span class='ocr_line' id='line_1_22' title="bbox 309 732 1060 782; baseline -0.005 -12"><span class='ocrx_word' id='word_1_65' title='bbox 309 738 474 772; x_wconf 87' lang='lat' dir='ltr'>hominum</span> <span class='ocrx_word' id='word_1_66' title='bbox 502 736 595 771; x_wconf 90' lang='lat' dir='ltr'>liceat</span> <span class='ocrx_word' id='word_1_67' title='bbox 611 733 777 782; x_wconf 72' lang='lat' dir='ltr'>praefatam</span> <span class='ocrx_word' id='word_1_68' title='bbox 803 732 976 768; x_wconf 80' lang='lat' dir='ltr'>Ecclesiam</span> <span class='ocrx_word' id='word_1_69' title='bbox 1014 740 1060 766; x_wconf 86' lang='lat' dir='ltr'>te-</span> 
     </span>
     <span class='ocr_line' id='line_1_23' title="bbox 309 782 1060 833; baseline -0.007 -13"><span class='ocrx_word' id='word_1_70' title='bbox 309 798 394 821; x_wconf 88' lang='lat' dir='ltr'>mere</span> <span class='ocrx_word' id='word_1_71' title='bbox 422 786 617 833; x_wconf 76' lang='lat' dir='ltr'>perturbare,</span> <span class='ocrx_word' id='word_1_72' title='bbox 645 791 698 819; x_wconf 88' lang='lat' dir='ltr'>aut</span> <span class='ocrx_word' id='word_1_73' title='bbox 735 784 802 818; x_wconf 85' lang='lat' dir='ltr'>eius</span> <span class='ocrx_word' id='word_1_74' title='bbox 844 782 1060 828; x_wconf 79' lang='lat' dir='ltr'>possessiones</span> 
     </span>
     <span class='ocr_line' id='line_1_24' title="bbox 309 831 1059 878; baseline -0.007 -9"><span class='ocrx_word' id='word_1_75' title='bbox 309 835 443 878; x_wconf 79' lang='lat' dir='ltr'>auferre,</span> <span class='ocrx_word' id='word_1_76' title='bbox 476 834 596 870; x_wconf 86' lang='lat' dir='ltr'>ablatas</span> <span class='ocrx_word' id='word_1_77' title='bbox 637 832 788 876; x_wconf 83' lang='lat' dir='ltr'>retinere,</span> <span class='ocrx_word' id='word_1_78' title='bbox 811 831 965 870; x_wconf 78' lang='lat' dir='ltr'>minuere,</span> <span class='ocrx_word' id='word_1_79' title='bbox 1005 842 1059 865; x_wconf 89' lang='lat' dir='ltr'>scu</span> 
     </span>
     <span class='ocr_line' id='line_1_25' title="bbox 308 878 1061 931; baseline -0.007 -13"><span class='ocrx_word' id='word_1_80' title='bbox 308 883 500 931; x_wconf 74' lang='lat' dir='ltr'>quibuslibet</span> <span class='ocrx_word' id='word_1_81' title='bbox 528 881 746 918; x_wconf 75' lang='lat' dir='ltr'>vexationibus</span> <span class='ocrx_word' id='word_1_82' title='bbox 769 881 910 927; x_wconf 75' lang='lat' dir='ltr'>fatigare,</span> <span class='ocrx_word' id='word_1_83' title='bbox 947 878 1000 913; x_wconf 92' lang='lat' dir='ltr'>sed</span> <span class='ocrx_word' id='word_1_84' title='bbox 1025 879 1061 913; x_wconf 89' lang='lat' dir='ltr'>il-</span> 
     </span>
     <span class='ocr_line' id='line_1_26' title="bbox 309 927 1060 976; baseline -0.008 -9"><span class='ocrx_word' id='word_1_85' title='bbox 309 933 400 967; x_wconf 76' lang='lat' dir='ltr'>libata</span> <span class='ocrx_word' id='word_1_86' title='bbox 429 932 534 967; x_wconf 91' lang='lat' dir='ltr'>omnia</span> <span class='ocrx_word' id='word_1_87' title='bbox 557 940 587 966; x_wconf 93' lang='lat' dir='ltr'>et</span> <span class='ocrx_word' id='word_1_88' title='bbox 610 932 730 976; x_wconf 73' lang='lat' dir='ltr'>integra</span> <span class='ocrx_word' id='word_1_89' title='bbox 753 936 981 964; x_wconf 68' lang='lat' dir='ltr'>conserventur</span> <span class='ocrx_word' id='word_1_90' title='bbox 1004 927 1060 962; x_wconf 89' lang='lat' dir='ltr'>tibi</span> 
     </span>
     <span class='ocr_line' id='line_1_27' title="bbox 308 976 1063 1026; baseline -0.007 -10"><span class='ocrx_word' id='word_1_91' title='bbox 308 990 338 1016; x_wconf 73' lang='lat' dir='ltr'>et</span> <span class='ocrx_word' id='word_1_92' title='bbox 360 982 424 1016; x_wconf 87' lang='lat' dir='ltr'>tuis</span> <span class='ocrx_word' id='word_1_93' title='bbox 451 980 690 1017; x_wconf 81' lang='lat' dir='ltr'>successoribus</span> <span class='ocrx_word' id='word_1_94' title='bbox 709 991 764 1025; x_wconf 88' lang='lat' dir='ltr'>pro</span> <span class='ocrx_word' id='word_1_95' title='bbox 787 989 922 1026; x_wconf 81' lang='lat' dir='ltr'>quorum</span> <span class='ocrx_word' id='word_1_96' title='bbox 950 976 1063 1023; x_wconf 81' lang='lat' dir='ltr'>guber-</span> 
     </span>
     <span class='ocr_line' id='line_1_28' title="bbox 310 1029 1063 1066; baseline -0.009 0"><span class='ocrx_word' id='word_1_97' title='bbox 310 1031 436 1066; x_wconf 90' lang='lat' dir='ltr'>natione</span> <span class='ocrx_word' id='word_1_98' title='bbox 470 1038 499 1065; x_wconf 90' lang='lat' dir='ltr'>et</span> <span class='ocrx_word' id='word_1_99' title='bbox 526 1029 777 1064; x_wconf 69' lang='lat' dir='ltr'>substentatione</span> <span class='ocrx_word' id='word_1_100' title='bbox 804 1037 953 1062; x_wconf 83' lang='lat' dir='ltr'>concessa</span> <span class='ocrx_word' id='word_1_101' title='bbox 990 1034 1063 1060; x_wconf 87' lang='lat' dir='ltr'>sunt</span> 
     </span>
     <span class='ocr_line' id='line_1_29' title="bbox 310 1074 1060 1125; baseline -0.009 -11"><span class='ocrx_word' id='word_1_102' title='bbox 310 1079 419 1114; x_wconf 90' lang='lat' dir='ltr'>usibus</span> <span class='ocrx_word' id='word_1_103' title='bbox 453 1078 613 1125; x_wconf 81' lang='lat' dir='ltr'>profutura</span> <span class='ocrx_word' id='word_1_104' title='bbox 625 1106 633 1117; x_wconf 78' lang='grc'>,</span> <span class='ocrx_word' id='word_1_105' title='bbox 655 1077 737 1112; x_wconf 82' lang='lat' dir='ltr'>salva</span> <span class='ocrx_word' id='word_1_106' title='bbox 752 1075 846 1111; x_wconf 76' lang='lat' dir='ltr'>Sedis</span> <span class='ocrx_word' id='word_1_107' title='bbox 858 1074 1060 1122; x_wconf 82' lang='lat' dir='ltr'>Apostolicae</span> 
     </span>
     <span class='ocr_line' id='line_1_30' title="bbox 309 1122 1063 1172; baseline -0.007 -10"><span class='ocrx_word' id='word_1_108' title='bbox 309 1129 503 1172; x_wconf 77' lang='lat' dir='ltr'>auctoritate,</span> <span class='ocrx_word' id='word_1_109' title='bbox 539 1135 568 1161; x_wconf 86' lang='lat' dir='ltr'>et</span> <span class='ocrx_word' id='word_1_110' title='bbox 605 1124 836 1172; x_wconf 85' lang='lat' dir='ltr'>metropolitani</span> <span class='ocrx_word' id='word_1_111' title='bbox 877 1124 921 1159; x_wconf 89' lang='lat' dir='ltr'>tui</span> <span class='ocrx_word' id='word_1_112' title='bbox 959 1122 1063 1158; x_wconf 91' lang='lat' dir='ltr'>debita</span> 
     </span>
     <span class='ocr_line' id='line_1_31' title="bbox 311 1171 1063 1223; baseline -0.009 -11"><span class='ocrx_word' id='word_1_113' title='bbox 311 1177 493 1212; x_wconf 67' lang='lat' dir='ltr'>reverentia.</span> <span class='ocrx_word' id='word_1_114' title='bbox 539 1176 571 1211; x_wconf 85' lang='lat' dir='ltr'>Si</span> <span class='ocrx_word' id='word_1_115' title='bbox 621 1187 682 1223; x_wconf 84' lang='lat' dir='ltr'>qua</span> <span class='ocrx_word' id='word_1_116' title='bbox 725 1174 820 1219; x_wconf 76' lang='lat' dir='ltr'>igitur</span> <span class='ocrx_word' id='word_1_117' title='bbox 852 1172 884 1207; x_wconf 91' lang='lat' dir='ltr'>in</span> <span class='ocrx_word' id='word_1_118' title='bbox 921 1171 1063 1206; x_wconf 79' lang='lat' dir='ltr'>futurum</span> 
     </span>
     <span class='ocr_line' id='line_1_32' title="bbox 311 1221 1066 1270; baseline -0.008 -9"><span class='ocrx_word' id='word_1_119' title='bbox 311 1226 521 1262; x_wconf 82' lang='lat' dir='ltr'>ecclesiastica</span> <span class='ocrx_word' id='word_1_120' title='bbox 543 1224 776 1270; x_wconf 74' lang='lat' dir='ltr'>saecularisque</span> <span class='ocrx_word' id='word_1_121' title='bbox 816 1232 949 1267; x_wconf 83' lang='lat' dir='ltr'>persona</span> <span class='ocrx_word' id='word_1_122' title='bbox 984 1221 1066 1256; x_wconf 86' lang='lat' dir='ltr'>hanc</span> 
     </span>
     <span class='ocr_line' id='line_1_33' title="bbox 312 1269 1064 1319; baseline -0.011 -8"><span class='ocrx_word' id='word_1_123' title='bbox 312 1283 437 1311; x_wconf 86' lang='lat' dir='ltr'>nostrae</span> <span class='ocrx_word' id='word_1_124' title='bbox 478 1272 713 1310; x_wconf 71' lang='lat' dir='ltr'>constitutionis</span> <span class='ocrx_word' id='word_1_125' title='bbox 762 1272 908 1319; x_wconf 82' lang='lat' dir='ltr'>paginam</span> <span class='ocrx_word' id='word_1_126' title='bbox 936 1269 1064 1309; x_wconf 78' lang='lat' dir='ltr'>sciens,</span> 
     </span>
     <span class='ocr_line' id='line_1_34' title="bbox 312 1318 1064 1359; baseline -0.009 0"><span class='ocrx_word' id='word_1_127' title='bbox 312 1332 420 1359; x_wconf 83' lang='lat' dir='ltr'>contra</span> <span class='ocrx_word' id='word_1_128' title='bbox 466 1336 535 1359; x_wconf 90' lang='lat' dir='ltr'>eam</span> <span class='ocrx_word' id='word_1_129' title='bbox 569 1332 684 1357; x_wconf 82' lang='lat' dir='ltr'>temere</span> <span class='ocrx_word' id='word_1_130' title='bbox 729 1320 836 1355; x_wconf 88' lang='lat' dir='ltr'>venire</span> <span class='ocrx_word' id='word_1_131' title='bbox 878 1318 1064 1358; x_wconf 84' lang='lat' dir='ltr'>tentaverit,</span> 
     </span>
     <span class='ocr_line' id='line_1_35' title="bbox 311 1368 1064 1409; baseline -0.008 -2"><span class='ocrx_word' id='word_1_132' title='bbox 311 1372 452 1409; x_wconf 85' lang='lat' dir='ltr'>secundo</span> <span class='ocrx_word' id='word_1_133' title='bbox 474 1372 606 1408; x_wconf 81' lang='lat' dir='ltr'>tertiove</span> <span class='ocrx_word' id='word_1_134' title='bbox 630 1371 835 1408; x_wconf 78' lang='lat' dir='ltr'>commonita,</span> <span class='ocrx_word' id='word_1_135' title='bbox 860 1368 920 1402; x_wconf 90' lang='lat' dir='ltr'>nisi</span> <span class='ocrx_word' id='word_1_136' title='bbox 944 1375 1064 1402; x_wconf 89' lang='lat' dir='ltr'>reatum</span> 
     </span>
     <span class='ocr_line' id='line_1_36' title="bbox 312 1417 1066 1467; baseline -0.008 -12"><span class='ocrx_word' id='word_1_137' title='bbox 312 1434 404 1457; x_wconf 90' lang='lat' dir='ltr'>suum</span> <span class='ocrx_word' id='word_1_138' title='bbox 423 1421 518 1467; x_wconf 79' lang='lat' dir='ltr'>digna</span> <span class='ocrx_word' id='word_1_139' title='bbox 540 1419 754 1455; x_wconf 74' lang='lat' dir='ltr'>satisfactione</span> <span class='ocrx_word' id='word_1_140' title='bbox 781 1417 963 1456; x_wconf 74' lang='lat' dir='ltr'>correxerit,</span> <span class='ocrx_word' id='word_1_141' title='bbox 1001 1427 1066 1462; x_wconf 87' lang='lat' dir='ltr'>po-</span> 
     </span>
     <span class='ocr_line' id='line_1_37' title="bbox 311 1465 1063 1516; baseline -0.007 -13"><span class='ocrx_word' id='word_1_142' title='bbox 311 1470 445 1509; x_wconf 81' lang='lat' dir='ltr'>testatis,</span> <span class='ocrx_word' id='word_1_143' title='bbox 467 1470 661 1516; x_wconf 79' lang='lat' dir='ltr'>honorisque</span> <span class='ocrx_word' id='word_1_144' title='bbox 688 1467 736 1502; x_wconf 89' lang='lat' dir='ltr'>sui</span> <span class='ocrx_word' id='word_1_145' title='bbox 760 1475 861 1501; x_wconf 77' lang='lat' dir='ltr'>careat</span> <span class='ocrx_word' id='word_1_146' title='bbox 897 1465 1063 1510; x_wconf 75' lang='lat' dir='ltr'>dignitate,</span> 
     </span>
     <span class='ocr_line' id='line_1_38' title="bbox 314 1513 1066 1566; baseline -0.005 -14"><span class='ocrx_word' id='word_1_147' title='bbox 314 1531 461 1566; x_wconf 64' lang='lat' dir='ltr'>reamque</span> <span class='ocrx_word' id='word_1_148' title='bbox 487 1531 520 1554; x_wconf 86' lang='lat' dir='ltr'>se</span> <span class='ocrx_word' id='word_1_149' title='bbox 554 1518 661 1552; x_wconf 82' lang='lat' dir='ltr'>divino</span> <span class='ocrx_word' id='word_1_150' title='bbox 704 1515 825 1551; x_wconf 88' lang='lat' dir='ltr'>iudicio</span> <span class='ocrx_word' id='word_1_151' title='bbox 859 1515 994 1549; x_wconf 75' lang='lat' dir='ltr'>existere</span> <span class='ocrx_word' id='word_1_152' title='bbox 1027 1513 1066 1548; x_wconf 87' lang='lat' dir='ltr'>de</span> 
     </span>
     <span class='ocr_line' id='line_1_39' title="bbox 312 1567 1065 1615; baseline -0.009 -12"><span class='ocrx_word' id='word_1_153' title='bbox 312 1576 490 1615; x_wconf 84' lang='lat' dir='ltr'>perpetrata</span> <span class='ocrx_word' id='word_1_154' title='bbox 518 1567 682 1614; x_wconf 71' lang='lat' dir='ltr'>iniquitate</span> <span class='ocrx_word' id='word_1_155' title='bbox 706 1572 886 1611; x_wconf 81' lang='lat' dir='ltr'>cognoscat,</span> <span class='ocrx_word' id='word_1_156' title='bbox 914 1571 943 1597; x_wconf 81' lang='lat' dir='ltr'>et</span> <span class='ocrx_word' id='word_1_157' title='bbox 975 1575 989 1596; x_wconf 85' lang='lat' dir='ltr'>a</span> <span class='ocrx_word' id='word_1_158' title='bbox 1014 1575 1065 1597; x_wconf 91' lang='lat' dir='ltr'>sa-</span> 
     </span>
     <span class='ocr_line' id='line_1_40' title="bbox 313 1612 1065 1662; baseline -0.007 -13"><span class='ocrx_word' id='word_1_159' title='bbox 313 1617 491 1652; x_wconf 71' lang='lat' dir='ltr'>cratissimo</span> <span class='ocrx_word' id='word_1_160' title='bbox 513 1615 655 1662; x_wconf 84' lang='lat' dir='ltr'>Corpore</span> <span class='ocrx_word' id='word_1_161' title='bbox 678 1622 708 1649; x_wconf 87' lang='lat' dir='ltr'>et</span> <span class='ocrx_word' id='word_1_162' title='bbox 729 1613 894 1660; x_wconf 79' lang='lat' dir='ltr'>Sanguine</span> <span class='ocrx_word' id='word_1_163' title='bbox 927 1612 996 1650; x_wconf 75' lang='lat' dir='ltr'>Dei,</span> <span class='ocrx_word' id='word_1_164' title='bbox 1034 1619 1065 1645; x_wconf 86' lang='lat' dir='ltr'>et</span> 
     </span>
     <span class='ocr_line' id='line_1_41' title="bbox 312 1660 1065 1712; baseline -0.009 -12"><span class='ocrx_word' id='word_1_165' title='bbox 312 1666 441 1700; x_wconf 88' lang='lat' dir='ltr'>Domini</span> <span class='ocrx_word' id='word_1_166' title='bbox 463 1663 688 1712; x_wconf 87' lang='lat' dir='ltr'>Redemptoris</span> <span class='ocrx_word' id='word_1_167' title='bbox 726 1663 824 1697; x_wconf 86' lang='lat' dir='ltr'>nostri</span> <span class='ocrx_word' id='word_1_168' title='bbox 861 1661 961 1696; x_wconf 88' lang='lat' dir='ltr'>aliena</span> <span class='ocrx_word' id='word_1_169' title='bbox 1003 1660 1065 1702; x_wconf 63' lang='lat' dir='ltr'>snt,</span> 
     </span>
     <span class='ocr_line' id='line_1_42' title="bbox 314 1709 1061 1761; baseline -0.007 -14"><span class='ocrx_word' id='word_1_170' title='bbox 314 1721 408 1761; x_wconf 85' lang='lat' dir='ltr'>atque</span> <span class='ocrx_word' id='word_1_171' title='bbox 434 1714 465 1748; x_wconf 90' lang='lat' dir='ltr'>in</span> <span class='ocrx_word' id='word_1_172' title='bbox 489 1722 629 1748; x_wconf 81' lang='lat' dir='ltr'>extremo</span> <span class='ocrx_word' id='word_1_173' title='bbox 652 1713 799 1747; x_wconf 79' lang='lat' dir='ltr'>examine</span> <span class='ocrx_word' id='word_1_174' title='bbox 821 1710 980 1745; x_wconf 84' lang='lat' dir='ltr'>districtae</span> <span class='ocrx_word' id='word_1_175' title='bbox 1017 1709 1061 1743; x_wconf 46' lang='lat' dir='ltr'>ul⁵</span> 
     </span>
     <span class='ocr_line' id='line_1_43' title="bbox 315 1758 1066 1798; baseline -0.007 -2"><span class='ocrx_word' id='word_1_176' title='bbox 315 1763 391 1797; x_wconf 87' lang='lat' dir='ltr'>tioni</span> <span class='ocrx_word' id='word_1_177' title='bbox 426 1762 594 1798; x_wconf 85' lang='lat' dir='ltr'>subiaceat.</span> <span class='ocrx_word' id='word_1_178' title='bbox 635 1760 769 1796; x_wconf 86' lang='lat' dir='ltr'>Cunctis</span> <span class='ocrx_word' id='word_1_179' title='bbox 809 1767 915 1794; x_wconf 83' lang='lat' dir='ltr'>autem</span> <span class='ocrx_word' id='word_1_180' title='bbox 963 1758 1066 1793; x_wconf 88' lang='lat' dir='ltr'>eidem</span> 
     </span>
     <span class='ocr_line' id='line_1_44' title="bbox 314 1806 1067 1854; baseline -0.004 -10"><span class='ocrx_word' id='word_1_181' title='bbox 314 1811 384 1846; x_wconf 90' lang='lat' dir='ltr'>loco</span> <span class='ocrx_word' id='word_1_182' title='bbox 410 1823 466 1846; x_wconf 89' lang='lat' dir='ltr'>sua</span> <span class='ocrx_word' id='word_1_183' title='bbox 494 1811 560 1846; x_wconf 89' lang='lat' dir='ltr'>iura</span> <span class='ocrx_word' id='word_1_184' title='bbox 587 1809 785 1845; x_wconf 83' lang='lat' dir='ltr'>servantibus</span> <span class='ocrx_word' id='word_1_185' title='bbox 819 1809 859 1843; x_wconf 87' lang='lat' dir='ltr'>sit</span> <span class='ocrx_word' id='word_1_186' title='bbox 900 1820 957 1854; x_wconf 82' lang='lat' dir='ltr'>pax</span> <span class='ocrx_word' id='word_1_187' title='bbox 994 1806 1067 1841; x_wconf 90' lang='lat' dir='ltr'>Do-</span> 
     </span>
     <span class='ocr_line' id='line_1_45' title="bbox 317 1857 1067 1904; baseline -0.007 -11"><span class='ocrx_word' id='word_1_188' title='bbox 317 1860 392 1895; x_wconf 81' lang='lat' dir='ltr'>mini</span> <span class='ocrx_word' id='word_1_189' title='bbox 420 1860 518 1895; x_wconf 87' lang='lat' dir='ltr'>nostri</span> <span class='ocrx_word' id='word_1_190' title='bbox 553 1859 623 1894; x_wconf 88' lang='lat' dir='ltr'>Iesu</span> <span class='ocrx_word' id='word_1_191' title='bbox 657 1857 789 1896; x_wconf 84' lang='lat' dir='ltr'>Christi,</span> <span class='ocrx_word' id='word_1_192' title='bbox 826 1864 983 1904; x_wconf 87' lang='lat' dir='ltr'>quatenus</span> <span class='ocrx_word' id='word_1_193' title='bbox 1036 1862 1067 1888; x_wconf 88' lang='lat' dir='ltr'>et</span> 
     </span>
     <span class='ocr_line' id='line_1_46' title="bbox 317 1905 1068 1951; baseline -0.005 -9"><span class='ocrx_word' id='word_1_194' title='bbox 317 1909 367 1943; x_wconf 84' lang='lat' dir='ltr'>hic</span> <span class='ocrx_word' id='word_1_195' title='bbox 389 1908 490 1944; x_wconf 90' lang='lat' dir='ltr'>bonae</span> <span class='ocrx_word' id='word_1_196' title='bbox 515 1907 650 1943; x_wconf 89' lang='lat' dir='ltr'>actionis</span> <span class='ocrx_word' id='word_1_197' title='bbox 684 1907 819 1942; x_wconf 78' lang='lat' dir='ltr'>fructum</span> <span class='ocrx_word' id='word_1_198' title='bbox 847 1905 1014 1951; x_wconf 74' lang='lat' dir='ltr'>accipiant,</span> <span class='ocrx_word' id='word_1_199' title='bbox 1037 1911 1068 1939; x_wconf 90' lang='lat' dir='ltr'>et</span> 
     </span>
     <span class='ocr_line' id='line_1_47' title="bbox 317 1954 1069 2005; baseline -0.004 -14"><span class='ocrx_word' id='word_1_200' title='bbox 317 1958 400 2005; x_wconf 83' lang='lat' dir='ltr'>apud</span> <span class='ocrx_word' id='word_1_201' title='bbox 444 1957 623 1993; x_wconf 82' lang='lat' dir='ltr'>districtum</span> <span class='ocrx_word' id='word_1_202' title='bbox 662 1955 802 1991; x_wconf 82' lang='lat' dir='ltr'>Iudicem</span> <span class='ocrx_word' id='word_1_203' title='bbox 844 1954 981 2002; x_wconf 88' lang='lat' dir='ltr'>praemia</span> <span class='ocrx_word' id='word_1_204' title='bbox 1015 1965 1069 1989; x_wconf 89' lang='lat' dir='ltr'>ae-</span> 
     </span>
     <span class='ocr_line' id='line_1_48' title="bbox 318 2003 1018 2054; baseline -0.006 -14"><span class='ocrx_word' id='word_1_205' title='bbox 318 2014 425 2041; x_wconf 60' lang='lat' dir='ltr'>tvrnae</span> <span class='ocrx_word' id='word_1_206' title='bbox 451 2006 537 2054; x_wconf 80' lang='lat' dir='ltr'>pacis</span> <span class='ocrx_word' id='word_1_207' title='bbox 564 2006 737 2041; x_wconf 85' lang='lat' dir='ltr'>inveniant.</span> <span class='ocrx_word' id='word_1_208' title='bbox 767 2005 881 2040; x_wconf 84' lang='lat' dir='ltr'>Amen.</span> <span class='ocrx_word' id='word_1_209' title='bbox 905 2003 1018 2037; x_wconf 83' lang='lat' dir='ltr'>Amen.</span> 
     </span>
    </p>

    <p class='ocr_par' dir='ltr' id='par_1_10' title="bbox 317 2051 1070 2156">
     <span class='ocr_line' id='line_1_49' title="bbox 365 2051 1070 2091; baseline -0.007 -1"><span class='ocrx_word' id='word_1_210' title='bbox 365 2054 439 2091; x_wconf 80' lang='lat' dir='ltr'>Eoo</span> <span class='ocrx_word' id='word_1_211' title='bbox 465 2054 682 2091; x_wconf 68' lang='lat' dir='ltr'>Counsriivus</span> <span class='ocrx_word' id='word_1_212' title='bbox 708 2053 882 2089; x_wconf 86' lang='lat' dir='ltr'>catholicae</span> <span class='ocrx_word' id='word_1_213' title='bbox 908 2051 1070 2086; x_wconf 83' lang='lat' dir='ltr'>Ecclesiae</span> 
     </span>
     <span class='ocr_line' id='line_1_50' title="bbox 317 2109 498 2156; baseline 0 -13"><span class='ocrx_word' id='word_1_214' title='bbox 317 2109 498 2156; x_wconf 83' lang='lat' dir='ltr'>episcopus.</span> 
     </span>
    </p>

    <p class='ocr_par' dir='ltr' id='par_1_11' title="bbox 367 2160 1009 2209">
     <span class='ocr_line' id='line_1_51' title="bbox 367 2160 1009 2209; baseline -0.008 -12"><span class='ocrx_word' id='word_1_215' title='bbox 367 2162 434 2209; x_wconf 82' lang='lat' dir='ltr'>Ego</span> <span class='ocrx_word' id='word_1_216' title='bbox 456 2161 589 2197; x_wconf 80' lang='lat' dir='ltr'>Albinus</span> <span class='ocrx_word' id='word_1_217' title='bbox 615 2161 807 2196; x_wconf 77' lang='lat' dir='ltr'>Albaneusis</span> <span class='ocrx_word' id='word_1_218' title='bbox 829 2160 1009 2207; x_wconf 87' lang='lat' dir='ltr'>episcopus.</span> 
     </span>
    </p>

    <p class='ocr_par' dir='ltr' id='par_1_12' title="bbox 367 2211 1043 2262">
     <span class='ocr_line' id='line_1_52' title="bbox 367 2211 1043 2262; baseline -0.007 -11"><span class='ocrx_word' id='word_1_219' title='bbox 367 2216 436 2262; x_wconf 82' lang='lat' dir='ltr'>Ego</span> <span class='ocrx_word' id='word_1_220' title='bbox 458 2215 593 2250; x_wconf 81' lang='lat' dir='ltr'>loannes</span> <span class='ocrx_word' id='word_1_221' title='bbox 615 2214 841 2252; x_wconf 80' lang='lat' dir='ltr'>Praenestinus</span> <span class='ocrx_word' id='word_1_222' title='bbox 862 2211 1043 2259; x_wconf 87' lang='lat' dir='ltr'>episcopus.</span> 
     </span>
    </p>

    <p class='ocr_par' dir='ltr' id='par_1_13' title="bbox 319 2264 1070 2369">
     <span class='ocr_line' id='line_1_53' title="bbox 367 2264 1070 2315; baseline -0.006 -11"><span class='ocrx_word' id='word_1_223' title='bbox 367 2269 434 2314; x_wconf 80' lang='lat' dir='ltr'>Ego</span> <span class='ocrx_word' id='word_1_224' title='bbox 460 2268 670 2315; x_wconf 76' lang='lat' dir='ltr'>pandulphus</span> <span class='ocrx_word' id='word_1_225' title='bbox 692 2267 839 2304; x_wconf 86' lang='lat' dir='ltr'>basilicae</span> <span class='ocrx_word' id='word_1_226' title='bbox 853 2265 916 2307; x_wconf 81' lang='lat' dir='ltr'>XII</span> <span class='ocrx_word' id='word_1_227' title='bbox 929 2264 1070 2313; x_wconf 80' lang='lat' dir='ltr'>Aposto-</span> 
     </span>
     <span class='ocr_line' id='line_1_54' title="bbox 319 2321 663 2369; baseline -0.009 -11"><span class='ocrx_word' id='word_1_228' title='bbox 319 2324 419 2358; x_wconf 85' lang='lat' dir='ltr'>lorum</span> <span class='ocrx_word' id='word_1_229' title='bbox 445 2321 549 2369; x_wconf 87' lang='lat' dir='ltr'>presb.</span> <span class='ocrx_word' id='word_1_230' title='bbox 577 2321 663 2357; x_wconf 90' lang='lat' dir='ltr'>card.</span> 
     </span>
    </p>

    <p class='ocr_par' dir='ltr' id='par_1_14' title="bbox 366 2371 1069 2422">
     <span class='ocr_line' id='line_1_55' title="bbox 366 2371 1069 2422; baseline -0.006 -12"><span class='ocrx_word' id='word_1_231' title='bbox 366 2375 436 2422; x_wconf 79' lang='lat' dir='ltr'>Ego</span> <span class='ocrx_word' id='word_1_232' title='bbox 457 2374 568 2410; x_wconf 84' lang='lat' dir='ltr'>Melior</span> <span class='ocrx_word' id='word_1_233' title='bbox 583 2374 773 2414; x_wconf 86' lang='lat' dir='ltr'>Sanctorum</span> <span class='ocrx_word' id='word_1_234' title='bbox 791 2375 916 2409; x_wconf 85' lang='lat' dir='ltr'>loannis</span> <span class='ocrx_word' id='word_1_235' title='bbox 933 2380 964 2407; x_wconf 85' lang='lat' dir='ltr'>et</span> <span class='ocrx_word' id='word_1_236' title='bbox 982 2371 1069 2407; x_wconf 89' lang='lat' dir='ltr'>Pauli</span> 
     </span>
    </p>
   </div>
   <div class='ocr_carea' id='block_1_9' title="bbox 320 2427 907 2476">
    <p class='ocr_par' dir='ltr' id='par_1_15' title="bbox 320 2427 907 2476">
     <span class='ocr_line' id='line_1_56' title="bbox 320 2427 907 2476; baseline 0 -13"><span class='ocrx_word' id='word_1_237' title='bbox 320 2429 484 2476; x_wconf 83' lang='lat' dir='ltr'>presbyter</span> <span class='ocrx_word' id='word_1_238' title='bbox 511 2428 596 2464; x_wconf 90' lang='lat' dir='ltr'>card.</span> <span class='ocrx_word' id='word_1_239' title='bbox 625 2429 675 2462; x_wconf 85' lang='lat' dir='ltr'>tit.</span> <span class='ocrx_word' id='word_1_240' title='bbox 700 2427 907 2463; x_wconf 72' lang='lat' dir='ltr'>pammachii.</span> 
     </span>
    </p>
   </div>
   <div class='ocr_carea' id='block_1_10' title="bbox 1089 2446 1092 2455">
    <p class='ocr_par' dir='ltr' id='par_1_16' title="bbox 1089 2446 1092 2455">
     <span class='ocr_line' id='line_1_57' title="bbox 1089 2446 1092 2455; baseline 0 0"><span class='ocrx_word' id='word_1_241' title='bbox 1089 2446 1092 2455; x_wconf 80' lang='grc' dir='ltr'>ι</span> 
     </span>
    </p>
   </div>
   <div class='ocr_carea' id='block_1_11' title="bbox 892 285 1269 309">
    <p class='ocr_par' dir='ltr' id='par_1_17' title="bbox 892 285 1269 309">
     <span class='ocr_line' id='line_1_58' title="bbox 892 285 1269 309; baseline -0.005 0"><span class='ocrx_word' id='word_1_242' title='bbox 892 286 990 309; x_wconf 69' lang='lat' dir='ltr'>BI&#39;LLA</span> <span class='ocrx_word' id='word_1_243' title='bbox 997 286 1077 309; x_wconf 76' lang='lat' dir='ltr'>tttUM</span> <span class='ocrx_word' id='word_1_244' title='bbox 1108 285 1269 308; x_wconf 72' lang='lat' dir='ltr'>ROMANUM</span> 
     </span>
    </p>
   </div>
   <div class='ocr_carea' id='block_1_12' title="bbox 1102 336 1858 1122">
    <p class='ocr_par' dir='ltr' id='par_1_18' title="bbox 1104 336 1854 429">
     <span class='ocr_line' id='line_1_59' title="bbox 1151 336 1854 386; baseline -0.006 -12"><span class='ocrx_word' id='word_1_245' title='bbox 1151 338 1218 386; x_wconf 85' lang='lat' dir='ltr'>Ego</span> <span class='ocrx_word' id='word_1_246' title='bbox 1240 337 1410 374; x_wconf 82' lang='lat' dir='ltr'>Gratianus</span> <span class='ocrx_word' id='word_1_247' title='bbox 1436 338 1486 374; x_wconf 83' lang='lat' dir='ltr'>Ss.</span> <span class='ocrx_word' id='word_1_248' title='bbox 1512 337 1647 373; x_wconf 90' lang='lat' dir='ltr'>Cosmae</span> <span class='ocrx_word' id='word_1_249' title='bbox 1665 347 1696 373; x_wconf 88' lang='lat' dir='ltr'>et</span> <span class='ocrx_word' id='word_1_250' title='bbox 1708 336 1854 372; x_wconf 88' lang='lat' dir='ltr'>Damiani</span> 
     </span>
     <span class='ocr_line' id='line_1_60' title="bbox 1104 388 1301 429; baseline 0 -7"><span class='ocrx_word' id='word_1_251' title='bbox 1104 388 1184 424; x_wconf 88' lang='lat' dir='ltr'>diac.</span> <span class='ocrx_word' id='word_1_252' title='bbox 1215 388 1301 429; x_wconf 86' lang='lat' dir='ltr'>card,</span> 
     </span>
    </p>

    <p class='ocr_par' dir='ltr' id='par_1_19' title="bbox 1102 435 1855 522">
     <span class='ocr_line' id='line_1_61' title="bbox 1151 435 1855 485; baseline -0.006 -12"><span class='ocrx_word' id='word_1_253' title='bbox 1151 437 1220 485; x_wconf 80' lang='lat' dir='ltr'>Ego</span> <span class='ocrx_word' id='word_1_254' title='bbox 1258 435 1418 472; x_wconf 86' lang='lat' dir='ltr'>Gerardus</span> <span class='ocrx_word' id='word_1_255' title='bbox 1459 437 1492 472; x_wconf 92' lang='lat' dir='ltr'>S.</span> <span class='ocrx_word' id='word_1_256' title='bbox 1538 436 1666 472; x_wconf 77' lang='lat' dir='ltr'>Adriani</span> <span class='ocrx_word' id='word_1_257' title='bbox 1700 435 1855 473; x_wconf 66' lang='lat' dir='ltr'>diaconus</span> 
     </span>
     <span class='ocr_line' id='line_1_62' title="bbox 1102 486 1188 522; baseline -0.012 0"><span class='ocrx_word' id='word_1_258' title='bbox 1102 486 1188 522; x_wconf 84' lang='lat' dir='ltr'>card.</span> 
     </span>
    </p>

    <p class='ocr_par' dir='ltr' id='par_1_20' title="bbox 1102 533 1853 620">
     <span class='ocr_line' id='line_1_63' title="bbox 1150 533 1853 583; baseline -0.001 -12"><span class='ocrx_word' id='word_1_259' title='bbox 1150 535 1220 583; x_wconf 84' lang='lat' dir='ltr'>Ego</span> <span class='ocrx_word' id='word_1_260' title='bbox 1244 535 1389 571; x_wconf 85' lang='lat' dir='ltr'>Sifredns</span> <span class='ocrx_word' id='word_1_261' title='bbox 1408 535 1542 571; x_wconf 85' lang='lat' dir='ltr'>Sanctae</span> <span class='ocrx_word' id='word_1_262' title='bbox 1576 533 1692 570; x_wconf 88' lang='lat' dir='ltr'>Mariae</span> <span class='ocrx_word' id='word_1_263' title='bbox 1728 536 1760 570; x_wconf 83' lang='lat' dir='ltr'>in</span> <span class='ocrx_word' id='word_1_264' title='bbox 1795 535 1853 570; x_wconf 71' lang='lat' dir='ltr'>Via</span> 
     </span>
     <span class='ocr_line' id='line_1_64' title="bbox 1102 584 1389 620; baseline -0.007 0"><span class='ocrx_word' id='word_1_265' title='bbox 1102 584 1178 620; x_wconf 90' lang='lat' dir='ltr'>Lata</span> <span class='ocrx_word' id='word_1_266' title='bbox 1200 584 1279 619; x_wconf 90' lang='lat' dir='ltr'>diac.</span> <span class='ocrx_word' id='word_1_267' title='bbox 1305 584 1389 620; x_wconf 89' lang='lat' dir='ltr'>card.</span> 
     </span>
    </p>

    <p class='ocr_par' dir='ltr' id='par_1_21' title="bbox 1104 631 1853 717">
     <span class='ocr_line' id='line_1_65' title="bbox 1151 631 1853 681; baseline 0 -12"><span class='ocrx_word' id='word_1_268' title='bbox 1151 633 1220 681; x_wconf 85' lang='lat' dir='ltr'>Ego</span> <span class='ocrx_word' id='word_1_269' title='bbox 1241 633 1375 668; x_wconf 85' lang='lat' dir='ltr'>loannes</span> <span class='ocrx_word' id='word_1_270' title='bbox 1397 632 1501 668; x_wconf 85' lang='lat' dir='ltr'>Sancti</span> <span class='ocrx_word' id='word_1_271' title='bbox 1517 631 1675 667; x_wconf 88' lang='lat' dir='ltr'>Theodori</span> <span class='ocrx_word' id='word_1_272' title='bbox 1699 633 1853 669; x_wconf 90' lang='lat' dir='ltr'>diaconus</span> 
     </span>
     <span class='ocr_line' id='line_1_66' title="bbox 1104 683 1188 717; baseline -0.012 0"><span class='ocrx_word' id='word_1_273' title='bbox 1104 683 1188 717; x_wconf 86' lang='lat' dir='ltr'>card.</span> 
     </span>
    </p>

    <p class='ocr_par' dir='ltr' id='par_1_22' title="bbox 1105 729 1854 828">
     <span class='ocr_line' id='line_1_67' title="bbox 1154 729 1854 778; baseline 0 -12"><span class='ocrx_word' id='word_1_274' title='bbox 1154 732 1222 778; x_wconf 82' lang='lat' dir='ltr'>Ego</span> <span class='ocrx_word' id='word_1_275' title='bbox 1264 731 1438 777; x_wconf 83' lang='lat' dir='ltr'>Gregorius</span> <span class='ocrx_word' id='word_1_276' title='bbox 1484 730 1617 765; x_wconf 79' lang='lat' dir='ltr'>Sanctae</span> <span class='ocrx_word' id='word_1_277' title='bbox 1663 729 1779 766; x_wconf 85' lang='lat' dir='ltr'>Mariae</span> <span class='ocrx_word' id='word_1_278' title='bbox 1825 732 1854 766; x_wconf 89' lang='lat' dir='ltr'>in</span> 
     </span>
     <span class='ocr_line' id='line_1_68' title="bbox 1105 780 1440 828; baseline -0.003 -13"><span class='ocrx_word' id='word_1_279' title='bbox 1105 781 1225 828; x_wconf 75' lang='lat' dir='ltr'>Aquiro</span> <span class='ocrx_word' id='word_1_280' title='bbox 1247 780 1327 815; x_wconf 88' lang='lat' dir='ltr'>diac.</span> <span class='ocrx_word' id='word_1_281' title='bbox 1357 780 1440 814; x_wconf 85' lang='lat' dir='ltr'>card.</span> 
     </span>
    </p>

    <p class='ocr_par' dir='ltr' id='par_1_23' title="bbox 1104 828 1858 1122">
     <span class='ocr_line' id='line_1_69' title="bbox 1155 828 1854 877; baseline -0.001 -13"><span class='ocrx_word' id='word_1_282' title='bbox 1155 829 1268 865; x_wconf 89' lang='lat' dir='ltr'>Datum</span> <span class='ocrx_word' id='word_1_283' title='bbox 1314 828 1460 864; x_wconf 86' lang='lat' dir='ltr'>Laterani</span> <span class='ocrx_word' id='word_1_284' title='bbox 1496 841 1550 876; x_wconf 81' lang='lat' dir='ltr'>per</span> <span class='ocrx_word' id='word_1_285' title='bbox 1588 840 1716 863; x_wconf 86' lang='lat' dir='ltr'>manum</span> <span class='ocrx_word' id='word_1_286' title='bbox 1757 829 1854 877; x_wconf 82' lang='lat' dir='ltr'>Moysi</span> 
     </span>
     <span class='ocr_line' id='line_1_70' title="bbox 1104 877 1855 914; baseline -0.001 0"><span class='ocrx_word' id='word_1_287' title='bbox 1104 879 1137 914; x_wconf 94' lang='lat' dir='ltr'>S.</span> <span class='ocrx_word' id='word_1_288' title='bbox 1169 878 1208 914; x_wconf 83' lang='lat' dir='ltr'>R.</span> <span class='ocrx_word' id='word_1_289' title='bbox 1239 878 1276 913; x_wconf 92' lang='lat' dir='ltr'>E.</span> <span class='ocrx_word' id='word_1_290' title='bbox 1311 877 1496 913; x_wconf 86' lang='lat' dir='ltr'>subdiaconi</span> <span class='ocrx_word' id='word_1_291' title='bbox 1534 877 1755 913; x_wconf 87' lang='lat' dir='ltr'>Laterancnsis</span> <span class='ocrx_word' id='word_1_292' title='bbox 1795 890 1855 913; x_wconf 88' lang='lat' dir='ltr'>ca-</span> 
     </span>
     <span class='ocr_line' id='line_1_71' title="bbox 1106 926 1856 971; baseline 0.001 -9"><span class='ocrx_word' id='word_1_293' title='bbox 1106 929 1224 971; x_wconf 85' lang='lat' dir='ltr'>nonici,</span> <span class='ocrx_word' id='word_1_294' title='bbox 1252 927 1343 962; x_wconf 88' lang='lat' dir='ltr'>tertio</span> <span class='ocrx_word' id='word_1_295' title='bbox 1370 927 1441 962; x_wconf 91' lang='lat' dir='ltr'>idus</span> <span class='ocrx_word' id='word_1_296' title='bbox 1469 927 1582 965; x_wconf 80' lang='lat' dir='ltr'>mai-tii.</span> <span class='ocrx_word' id='word_1_297' title='bbox 1609 926 1783 962; x_wconf 87' lang='lat' dir='ltr'>indictione</span> <span class='ocrx_word' id='word_1_298' title='bbox 1821 939 1856 967; x_wconf 82' lang='lat' dir='ltr'>x.</span> 
     </span>
     <span class='ocr_line' id='line_1_72' title="bbox 1105 975 1857 1020; baseline -0.003 -8"><span class='ocrx_word' id='word_1_299' title='bbox 1105 975 1330 1012; x_wconf 86' lang='lat' dir='ltr'>incarnationis</span> <span class='ocrx_word' id='word_1_300' title='bbox 1352 975 1531 1011; x_wconf 89' lang='lat' dir='ltr'>dominicae</span> <span class='ocrx_word' id='word_1_301' title='bbox 1558 987 1642 1010; x_wconf 89' lang='lat' dir='ltr'>anno</span> <span class='ocrx_word' id='word_1_302' title='bbox 1683 977 1775 1011; x_wconf 77' lang='lat'>1192</span> <span class='ocrx_word' id='word_1_303' title='bbox 1802 979 1857 1020; x_wconf 81' lang='grc'><strong>(1),</strong></span> 
     </span>
     <span class='ocr_line' id='line_1_73' title="bbox 1107 1022 1858 1074; baseline -0.001 -13"><span class='ocrx_word' id='word_1_304' title='bbox 1107 1026 1306 1074; x_wconf 82' lang='lat' dir='ltr'>pontificatus</span> <span class='ocrx_word' id='word_1_305' title='bbox 1332 1037 1405 1060; x_wconf 83' lang='lat' dir='ltr'>vero</span> <span class='ocrx_word' id='word_1_306' title='bbox 1428 1024 1546 1059; x_wconf 86' lang='lat' dir='ltr'>domini</span> <span class='ocrx_word' id='word_1_307' title='bbox 1562 1022 1734 1059; x_wconf 67' lang='lat' dir='ltr'>Coeleszini</span> <span class='ocrx_word' id='word_1_308' title='bbox 1753 1024 1858 1072; x_wconf 85' lang='lat' dir='ltr'>Papae</span> 
     </span>
     <span class='ocr_line' id='line_1_74' title="bbox 1106 1085 1330 1122; baseline -0.009 -12"><span class='ocrx_word' id='word_1_309' title='bbox 1106 1087 1188 1110; x_wconf 89' lang='lat' dir='ltr'>anno</span> <span class='ocrx_word' id='word_1_310' title='bbox 1216 1085 1330 1122; x_wconf 82' lang='lat' dir='ltr'>primo.</span> 
     </span>
    </p>
   </div>
   <div class='ocr_carea' id='block_1_13' title="bbox 1165 1128 1801 1214">
    <p class='ocr_par' dir='ltr' id='par_1_24' title="bbox 1165 1128 1801 1214">
     <span class='ocr_line' id='line_1_75' title="bbox 1165 1128 1801 1167; baseline -0.002 -6"><span class='ocrx_word' id='word_1_311' title='bbox 1165 1130 1226 1161; x_wconf 91' lang='lat' dir='ltr'>Dat.</span> <span class='ocrx_word' id='word_1_312' title='bbox 1246 1131 1293 1161; x_wconf 89' lang='lat' dir='ltr'>die</span> <span class='ocrx_word' id='word_1_313' title='bbox 1313 1130 1350 1161; x_wconf 89' lang='grc'><strong>13</strong></span> <span class='ocrx_word' id='word_1_314' title='bbox 1365 1130 1461 1161; x_wconf 85' lang='lat' dir='ltr'>martii</span> <span class='ocrx_word' id='word_1_315' title='bbox 1487 1139 1563 1160; x_wconf 88' lang='lat' dir='ltr'>anno</span> <span class='ocrx_word' id='word_1_316' title='bbox 1580 1128 1696 1161; x_wconf 86' lang='lat' dir='ltr'>Domini</span> <span class='ocrx_word' id='word_1_317' title='bbox 1714 1129 1801 1167; x_wconf 73' lang='lat'><strong>1192,</strong></span> 
     </span>
     <span class='ocr_line' id='line_1_76' title="bbox 1367 1174 1604 1214; baseline -0.008 -10"><span class='ocrx_word' id='word_1_318' title='bbox 1367 1174 1468 1214; x_wconf 82' lang='lat' dir='ltr'>pontif.</span> <span class='ocrx_word' id='word_1_319' title='bbox 1492 1183 1569 1204; x_wconf 90' lang='lat' dir='ltr'>anno</span> <span class='ocrx_word' id='word_1_320' title='bbox 1587 1182 1604 1205; x_wconf 96' lang='lat'>1.</span> 
     </span>
    </p>
   </div>
   <div class='ocr_carea' id='block_1_14' title="bbox 1396 1246 1557 1254">
    <p class='ocr_par' dir='ltr' id='par_1_25' title="bbox 1396 1246 1557 1254">
     <span class='ocr_line' id='line_1_77' title="bbox 1396 1246 1557 1254; baseline 0 0"><span class='ocrx_word' id='word_1_321' title='bbox 1396 1246 1557 1254; x_wconf 95' lang='lat' dir='ltr'> </span> 
     </span>
    </p>
   </div>
   <div class='ocr_carea' id='block_1_15' title="bbox 1444 1331 1525 1366">
    <p class='ocr_par' dir='ltr' id='par_1_26' title="bbox 1444 1331 1525 1366">
     <span class='ocr_line' id='line_1_78' title="bbox 1444 1331 1525 1366; baseline 0.025 -2"><span class='ocrx_word' id='word_1_322' title='bbox 1444 1331 1525 1366; x_wconf 84' lang='lat' dir='ltr'>Vllt.</span> 
     </span>
    </p>
   </div>
   <div class='ocr_carea' id='block_1_16' title="bbox 1108 1409 1859 1598">
    <p class='ocr_par' dir='ltr' id='par_1_27' title="bbox 1108 1409 1859 1598">
     <span class='ocr_line' id='line_1_79' title="bbox 1108 1409 1858 1455; baseline -0.003 -11"><span class='ocrx_word' id='word_1_323' title='bbox 1108 1410 1308 1455; x_wconf 79' lang='lat' dir='ltr'>Confirmatio</span> <span class='ocrx_word' id='word_1_324' title='bbox 1355 1409 1591 1454; x_wconf 64' lang='lat' dir='ltr'>privilegiorum</span> <span class='ocrx_word' id='word_1_325' title='bbox 1618 1421 1654 1443; x_wconf 88' lang='lat' dir='ltr'>ac</span> <span class='ocrx_word' id='word_1_326' title='bbox 1686 1409 1858 1443; x_wconf 80' lang='lat' dir='ltr'>libertatum</span> 
     </span>
     <span class='ocr_line' id='line_1_80' title="bbox 1156 1458 1849 1503; baseline -0.003 -10"><span class='ocrx_word' id='word_1_327' title='bbox 1156 1459 1308 1493; x_wconf 78' lang='lat' dir='ltr'>Ecclesiae</span> <span class='ocrx_word' id='word_1_328' title='bbox 1329 1459 1505 1497; x_wconf 81' lang='lat' dir='ltr'>Scotorum,</span> <span class='ocrx_word' id='word_1_329' title='bbox 1528 1469 1622 1503; x_wconf 83' lang='lat' dir='ltr'>quam</span> <span class='ocrx_word' id='word_1_330' title='bbox 1647 1469 1667 1491; x_wconf 90' lang='grc' dir='ltr'><em>α</em></span> <span class='ocrx_word' id='word_1_331' title='bbox 1692 1458 1759 1491; x_wconf 83' lang='lat' dir='ltr'>sola</span> <span class='ocrx_word' id='word_1_332' title='bbox 1802 1458 1849 1491; x_wconf 81' lang='lat' dir='ltr'>Ro</span> 
     </span>
     <span class='ocr_line' id='line_1_81' title="bbox 1156 1506 1859 1552; baseline -0.004 -10"><span class='ocrx_word' id='word_1_333' title='bbox 1156 1519 1252 1542; x_wconf 82' lang='lat' dir='ltr'>mona</span> <span class='ocrx_word' id='word_1_334' title='bbox 1277 1507 1427 1547; x_wconf 82' lang='lat' dir='ltr'>Ecclesia,</span> <span class='ocrx_word' id='word_1_335' title='bbox 1448 1508 1569 1552; x_wconf 74' lang='lat' dir='ltr'>eiusque</span> <span class='ocrx_word' id='word_1_336' title='bbox 1590 1508 1626 1540; x_wconf 81' lang='lat' dir='ltr'>de</span> <span class='ocrx_word' id='word_1_337' title='bbox 1647 1507 1741 1540; x_wconf 75' lang='lat' dir='ltr'>latere</span> <span class='ocrx_word' id='word_1_338' title='bbox 1760 1506 1859 1550; x_wconf 77' lang='lat' dir='ltr'>leqato</span> 
     </span>
     <span class='ocr_line' id='line_1_82' title="bbox 1155 1556 1677 1598; baseline -0.004 -8"><span class='ocrx_word' id='word_1_339' title='bbox 1155 1556 1418 1591; x_wconf 78' lang='lat' dir='ltr'>excommunicari</span> <span class='ocrx_word' id='word_1_340' title='bbox 1426 1556 1599 1590; x_wconf 78' lang='lat' dir='ltr'>decernitur</span> <span class='ocrx_word' id='word_1_341' title='bbox 1621 1559 1677 1598; x_wconf 75' lang='lat'><strong>(2).</strong></span> 
     </span>
    </p>
   </div>
   <div class='ocr_carea' id='block_1_17' title="bbox 1375 1629 1589 1661">
    <p class='ocr_par' dir='ltr' id='par_1_28' title="bbox 1375 1629 1589 1661">
     <span class='ocr_line' id='line_1_83' title="bbox 1375 1629 1589 1661; baseline -0.009 0"><span class='ocrx_word' id='word_1_342' title='bbox 1375 1629 1589 1661; x_wconf 72' lang='lat' dir='ltr'>SUMMARtUM</span> 
     </span>
    </p>
   </div>
   <div class='ocr_carea' id='block_1_18' title="bbox 1109 1696 1861 2045">
    <p class='ocr_par' dir='ltr' id='par_1_29' title="bbox 1109 1696 1861 2045">
     <span class='ocr_line' id='line_1_84' title="bbox 1109 1696 1861 1735; baseline -0.001 -8"><span class='ocrx_word' id='word_1_343' title='bbox 1109 1696 1274 1727; x_wconf 82' lang='lat' dir='ltr'>Exordium.</span> <span class='ocrx_word' id='word_1_344' title='bbox 1296 1712 1336 1719; x_wconf 89' lang='lat'>—</span> <span class='ocrx_word' id='word_1_345' title='bbox 1355 1696 1489 1726; x_wconf 85' lang='lat' dir='ltr'>Scotiana</span> <span class='ocrx_word' id='word_1_346' title='bbox 1510 1696 1640 1726; x_wconf 86' lang='lat' dir='ltr'>Ecclesia</span> <span class='ocrx_word' id='word_1_347' title='bbox 1665 1697 1719 1727; x_wconf 86' lang='lat' dir='ltr'>soli</span> <span class='ocrx_word' id='word_1_348' title='bbox 1738 1697 1861 1735; x_wconf 74' lang='lat' dir='ltr'>Aposto—</span> 
     </span>
     <span class='ocr_line' id='line_1_85' title="bbox 1148 1739 1859 1780; baseline -0.001 -9"><span class='ocrx_word' id='word_1_349' title='bbox 1148 1740 1222 1771; x_wconf 86' lang='lat' dir='ltr'>licae</span> <span class='ocrx_word' id='word_1_350' title='bbox 1242 1739 1311 1771; x_wconf 89' lang='lat' dir='ltr'>Sedi</span> <span class='ocrx_word' id='word_1_351' title='bbox 1327 1739 1470 1776; x_wconf 88' lang='lat' dir='ltr'>subiecta,</span> <span class='ocrx_word' id='word_1_352' title='bbox 1485 1756 1523 1762; x_wconf 85' lang='lat'>—</span> <span class='ocrx_word' id='word_1_353' title='bbox 1541 1739 1648 1780; x_wconf 84' lang='lat' dir='ltr'>Nequit</span> <span class='ocrx_word' id='word_1_354' title='bbox 1665 1739 1700 1770; x_wconf 86' lang='lat' dir='ltr'>ab</span> <span class='ocrx_word' id='word_1_355' title='bbox 1718 1740 1786 1777; x_wconf 85' lang='lat' dir='ltr'>atio,</span> <span class='ocrx_word' id='word_1_356' title='bbox 1803 1740 1859 1770; x_wconf 87' lang='lat' dir='ltr'>nisi</span> 
     </span>
     <span class='ocr_line' id='line_1_86' title="bbox 1149 1783 1861 1822; baseline 0 -8"><span class='ocrx_word' id='word_1_357' title='bbox 1149 1794 1163 1814; x_wconf 82' lang='lat' dir='ltr'>a</span> <span class='ocrx_word' id='word_1_358' title='bbox 1186 1784 1319 1814; x_wconf 87' lang='lat' dir='ltr'>Romano</span> <span class='ocrx_word' id='word_1_359' title='bbox 1337 1783 1478 1814; x_wconf 81' lang='lat' dir='ltr'>Pontifice</span> <span class='ocrx_word' id='word_1_360' title='bbox 1495 1786 1523 1813; x_wconf 83' lang='lat' dir='ltr'>et</span> <span class='ocrx_word' id='word_1_361' title='bbox 1541 1784 1605 1813; x_wconf 85' lang='lat' dir='ltr'>eius</span> <span class='ocrx_word' id='word_1_362' title='bbox 1623 1793 1638 1812; x_wconf 83' lang='lat' dir='ltr'>a</span> <span class='ocrx_word' id='word_1_363' title='bbox 1657 1783 1748 1814; x_wconf 85' lang='lat' dir='ltr'>latere</span> <span class='ocrx_word' id='word_1_364' title='bbox 1766 1783 1861 1822; x_wconf 84' lang='lat' dir='ltr'>legato</span> 
     </span>
     <span class='ocr_line' id='line_1_87' title="bbox 1149 1826 1861 1858; baseline 0 0"><span class='ocrx_word' id='word_1_365' title='bbox 1149 1828 1410 1858; x_wconf 86' lang='lat' dir='ltr'>excommunicari.</span> <span class='ocrx_word' id='word_1_366' title='bbox 1427 1843 1466 1850; x_wconf 94' lang='lat'><em>-</em></span> <span class='ocrx_word' id='word_1_367' title='bbox 1480 1826 1703 1858; x_wconf 81' lang='lat' dir='ltr'>Controversiae</span> <span class='ocrx_word' id='word_1_368' title='bbox 1717 1828 1861 1858; x_wconf 85' lang='lat' dir='ltr'>definien-</span> 
     </span>
     <span class='ocr_line' id='line_1_88' title="bbox 1149 1871 1860 1912; baseline 0 -10"><span class='ocrx_word' id='word_1_369' title='bbox 1149 1873 1204 1903; x_wconf 85' lang='lat' dir='ltr'>dae</span> <span class='ocrx_word' id='word_1_370' title='bbox 1219 1873 1249 1902; x_wconf 86' lang='lat' dir='ltr'>in</span> <span class='ocrx_word' id='word_1_371' title='bbox 1265 1873 1368 1902; x_wconf 85' lang='lat' dir='ltr'>eodem</span> <span class='ocrx_word' id='word_1_372' title='bbox 1387 1880 1488 1910; x_wconf 85' lang='lat' dir='ltr'>regno,</span> <span class='ocrx_word' id='word_1_373' title='bbox 1503 1872 1561 1901; x_wconf 91' lang='lat' dir='ltr'>nisi</span> <span class='ocrx_word' id='word_1_374' title='bbox 1576 1871 1665 1902; x_wconf 76' lang='lat' dir='ltr'>fuerit</span> <span class='ocrx_word' id='word_1_375' title='bbox 1681 1872 1860 1912; x_wconf 84' lang='lat' dir='ltr'>appellatum</span> 
     </span>
     <span class='ocr_line' id='line_1_89' title="bbox 1150 1915 1861 1955; baseline 0 -9"><span class='ocrx_word' id='word_1_376' title='bbox 1150 1917 1184 1946; x_wconf 84' lang='lat' dir='ltr'>ad</span> <span class='ocrx_word' id='word_1_377' title='bbox 1201 1916 1284 1946; x_wconf 84' lang='lat' dir='ltr'>Rom.</span> <span class='ocrx_word' id='word_1_378' title='bbox 1303 1915 1484 1952; x_wconf 75' lang='lat' dir='ltr'>Ecclesiam3</span> <span class='ocrx_word' id='word_1_379' title='bbox 1500 1916 1655 1947; x_wconf 86' lang='lat' dir='ltr'>contrariis</span> <span class='ocrx_word' id='word_1_380' title='bbox 1670 1915 1861 1955; x_wconf 88' lang='lat' dir='ltr'>quibuscum-</span> 
     </span>
     <span class='ocr_line' id='line_1_90' title="bbox 1150 1959 1861 1999; baseline 0 -9"><span class='ocrx_word' id='word_1_381' title='bbox 1150 1970 1206 1999; x_wconf 89' lang='lat' dir='ltr'>que</span> <span class='ocrx_word' id='word_1_382' title='bbox 1224 1970 1282 1990; x_wconf 88' lang='lat' dir='ltr'>non</span> <span class='ocrx_word' id='word_1_383' title='bbox 1304 1959 1500 1991; x_wconf 74' lang='lat' dir='ltr'>obstantibus.</span> <span class='ocrx_word' id='word_1_384' title='bbox 1518 1977 1556 1982; x_wconf 97' lang='lat'><strong>—</strong></span> <span class='ocrx_word' id='word_1_385' title='bbox 1580 1959 1688 1990; x_wconf 79' lang='lat' dir='ltr'>solitae</span> <span class='ocrx_word' id='word_1_386' title='bbox 1710 1959 1861 1991; x_wconf 72' lang='lat' dir='ltr'>clausulae</span> 
     </span>
     <span class='ocr_line' id='line_1_91' title="bbox 1150 2005 1297 2045; baseline 0.007 -11"><span class='ocrx_word' id='word_1_387' title='bbox 1150 2005 1297 2045; x_wconf 82' lang='lat' dir='ltr'>poenales.</span> 
     </span>
    </p>
   </div>
   <div class='ocr_carea' id='block_1_19' title="bbox 1111 2074 1860 2253">
    <p class='ocr_par' dir='ltr' id='par_1_30' title="bbox 1111 2074 1860 2253">
     <span class='ocr_line' id='line_1_92' title="bbox 1111 2074 1860 2112; baseline 0.001 -8"><span class='ocrx_word' id='word_1_388' title='bbox 1111 2074 1277 2105; x_wconf 70' lang='lat' dir='ltr'>coelestinus</span> <span class='ocrx_word' id='word_1_389' title='bbox 1295 2075 1438 2112; x_wconf 72' lang='lat' dir='ltr'>episeopus</span> <span class='ocrx_word' id='word_1_390' title='bbox 1457 2082 1552 2105; x_wconf 73' lang='lat' dir='ltr'>servus</span> <span class='ocrx_word' id='word_1_391' title='bbox 1567 2082 1706 2105; x_wconf 75' lang='lat' dir='ltr'>servorum</span> <span class='ocrx_word' id='word_1_392' title='bbox 1723 2074 1779 2109; x_wconf 75' lang='lat' dir='ltr'>Det.</span> <span class='ocrx_word' id='word_1_393' title='bbox 1798 2074 1860 2105; x_wconf 73' lang='lat' dir='ltr'>ohn-</span> 
     </span>
     <span class='ocr_line' id='line_1_93' title="bbox 1154 2123 1859 2159; baseline -0.001 -5"><span class='ocrx_word' id='word_1_394' title='bbox 1154 2125 1264 2159; x_wconf 71' lang='lat' dir='ltr'>rtsstmo</span> <span class='ocrx_word' id='word_1_395' title='bbox 1277 2124 1307 2154; x_wconf 76' lang='lat' dir='ltr'>in</span> <span class='ocrx_word' id='word_1_396' title='bbox 1325 2124 1435 2154; x_wconf 70' lang='lat' dir='ltr'>Christo</span> <span class='ocrx_word' id='word_1_397' title='bbox 1452 2123 1508 2154; x_wconf 80' lang='lat' dir='ltr'>nno</span> <span class='ocrx_word' id='word_1_398' title='bbox 1526 2123 1658 2154; x_wconf 73' lang='lat' dir='ltr'>willelmo</span> <span class='ocrx_word' id='word_1_399' title='bbox 1675 2123 1787 2158; x_wconf 61' lang='lat' dir='ltr'>illustri&gt;</span> <span class='ocrx_word' id='word_1_400' title='bbox 1800 2124 1859 2153; x_wconf 70' lang='lat' dir='ltr'>sco-</span> 
     </span>
     <span class='ocr_line' id='line_1_94' title="bbox 1155 2173 1859 2211; baseline -0.001 -7"><span class='ocrx_word' id='word_1_401' title='bbox 1155 2175 1246 2204; x_wconf 78' lang='lat' dir='ltr'>torum</span> <span class='ocrx_word' id='word_1_402' title='bbox 1262 2174 1334 2211; x_wconf 73' lang='lat' dir='ltr'>tegi,</span> <span class='ocrx_word' id='word_1_403' title='bbox 1351 2173 1472 2204; x_wconf 70' lang='lat' dir='ltr'>salutem</span> <span class='ocrx_word' id='word_1_404' title='bbox 1502 2174 1530 2203; x_wconf 74' lang='lat' dir='ltr'>et</span> <span class='ocrx_word' id='word_1_405' title='bbox 1548 2173 1727 2211; x_wconf 69' lang='lat' dir='ltr'>apostoticam</span> <span class='ocrx_word' id='word_1_406' title='bbox 1754 2173 1859 2203; x_wconf 65' lang='lat' dir='ltr'>henoch</span> 
     </span>
     <span class='ocr_line' id='line_1_95' title="bbox 1156 2224 1280 2253; baseline -0.008 0"><span class='ocrx_word' id='word_1_407' title='bbox 1156 2224 1280 2253; x_wconf 75' lang='lat' dir='ltr'>ottonem.</span> 
     </span>
    </p>
   </div>
   <div class='ocr_carea' id='block_1_20' title="bbox 1111 2290 1859 2390">
    <p class='ocr_par' dir='ltr' id='par_1_31' title="bbox 1111 2290 1859 2390">
     <span class='ocr_line' id='line_1_96' title="bbox 1161 2290 1857 2338; baseline -0.006 -10"><span class='ocrx_word' id='word_1_408' title='bbox 1161 2292 1242 2328; x_wconf 91' lang='lat' dir='ltr'>Cum</span> <span class='ocrx_word' id='word_1_409' title='bbox 1286 2292 1424 2328; x_wconf 89' lang='lat' dir='ltr'>universi</span> <span class='ocrx_word' id='word_1_410' title='bbox 1457 2291 1577 2327; x_wconf 87' lang='lat' dir='ltr'>Christi</span> <span class='ocrx_word' id='word_1_411' title='bbox 1610 2293 1683 2338; x_wconf 81' lang='lat' dir='ltr'>iugo</span> <span class='ocrx_word' id='word_1_412' title='bbox 1724 2290 1857 2325; x_wconf 81' lang='lat' dir='ltr'>subiecti</span> 
     </span>
     <span class='ocr_line' id='line_1_97' title="bbox 1111 2339 1859 2390; baseline -0.001 -14"><span class='ocrx_word' id='word_1_413' title='bbox 1111 2343 1194 2390; x_wconf 88' lang='lat' dir='ltr'>apud</span> <span class='ocrx_word' id='word_1_414' title='bbox 1229 2341 1346 2377; x_wconf 85' lang='lat' dir='ltr'>Sedem</span> <span class='ocrx_word' id='word_1_415' title='bbox 1393 2341 1610 2389; x_wconf 82' lang='lat' dir='ltr'>Apostolicam</span> <span class='ocrx_word' id='word_1_416' title='bbox 1650 2339 1859 2387; x_wconf 87' lang='lat' dir='ltr'>patrocinium</span> 
     </span>
    </p>
   </div>
   <div class='ocr_carea' id='block_1_21' title="bbox 1112 2409 1861 2486">
    <p class='ocr_par' dir='ltr' id='par_1_32' title="bbox 1112 2409 1861 2486">
     <span class='ocr_line' id='line_1_98' title="bbox 1146 2409 1854 2446; baseline -0.004 -9"><span class='ocrx_word' id='word_1_417' title='bbox 1146 2410 1186 2445; x_wconf 84' lang='grc'><strong>(1)</strong></span> <span class='ocrx_word' id='word_1_418' title='bbox 1201 2410 1323 2437; x_wconf 81' lang='lat' dir='ltr'>Vidimus</span> <span class='ocrx_word' id='word_1_419' title='bbox 1337 2412 1462 2446; x_wconf 85' lang='lat' dir='ltr'>superius</span> <span class='ocrx_word' id='word_1_420' title='bbox 1476 2410 1520 2437; x_wconf 83' lang='lat' dir='ltr'>die</span> <span class='ocrx_word' id='word_1_421' title='bbox 1537 2410 1568 2437; x_wconf 78' lang='grc'><strong>15</strong></span> <span class='ocrx_word' id='word_1_422' title='bbox 1592 2410 1678 2436; x_wconf 84' lang='lat' dir='ltr'>martii</span> <span class='ocrx_word' id='word_1_423' title='bbox 1706 2409 1767 2436; x_wconf 89' lang='lat' dir='ltr'>anni</span> <span class='ocrx_word' id='word_1_424' title='bbox 1794 2409 1854 2435; x_wconf 83' lang='grc'><strong>1191</strong></span> 
     </span>
     <span class='ocr_line' id='line_1_99' title="bbox 1112 2449 1861 2486; baseline -0.004 -9"><span class='ocrx_word' id='word_1_425' title='bbox 1112 2451 1287 2478; x_wconf 83' lang='lat' dir='ltr'>Coelestinum</span> <span class='ocrx_word' id='word_1_426' title='bbox 1305 2450 1401 2486; x_wconf 72' lang='lat' dir='ltr'>Papam</span> <span class='ocrx_word' id='word_1_427' title='bbox 1417 2450 1535 2477; x_wconf 89' lang='lat' dir='ltr'>nondum</span> <span class='ocrx_word' id='word_1_428' title='bbox 1547 2450 1626 2476; x_wconf 75' lang='lat' dir='ltr'>fuisse</span> <span class='ocrx_word' id='word_1_429' title='bbox 1637 2449 1765 2475; x_wconf 82' lang='lat' dir='ltr'>electum:</span> <span class='ocrx_word' id='word_1_430' title='bbox 1777 2457 1861 2484; x_wconf 76' lang='lat' dir='ltr'>quare</span> 
     </span>
    </p>
   </div>
   <div class='ocr_carea' id='block_1_22' title="bbox 368 2479 1860 2528">
    <p class='ocr_par' dir='ltr' id='par_1_33' title="bbox 368 2479 1860 2528">
     <span class='ocr_line' id='line_1_100' title="bbox 368 2479 1860 2528; baseline -0.002 -9"><span class='ocrx_word' id='word_1_431' title='bbox 368 2482 436 2528; x_wconf 82' lang='lat' dir='ltr'>Ego</span> <span class='ocrx_word' id='word_1_432' title='bbox 460 2482 592 2517; x_wconf 70' lang='lat' dir='ltr'>loannes</span> <span class='ocrx_word' id='word_1_433' title='bbox 606 2482 653 2516; x_wconf 77' lang='lat' dir='ltr'>lit.</span> <span class='ocrx_word' id='word_1_434' title='bbox 668 2480 776 2517; x_wconf 76' lang='lat' dir='ltr'>Sancti</span> <span class='ocrx_word' id='word_1_435' title='bbox 795 2480 971 2516; x_wconf 66' lang='lat' dir='ltr'>Clementis</span> <span class='ocrx_word' id='word_1_436' title='bbox 984 2479 1069 2515; x_wconf 71' lang='lat' dir='ltr'>Gard-</span> <span class='ocrx_word' id='word_1_437' title='bbox 1111 2491 1247 2526; x_wconf 86' lang='lat' dir='ltr'>scriptoris</span> <span class='ocrx_word' id='word_1_438' title='bbox 1257 2498 1375 2518; x_wconf 86' lang='lat' dir='ltr'>errorem</span> <span class='ocrx_word' id='word_1_439' title='bbox 1387 2490 1581 2526; x_wconf 81' lang='lat' dir='ltr'>apertissimum</span> <span class='ocrx_word' id='word_1_440' title='bbox 1592 2488 1770 2520; x_wconf 84' lang='lat' dir='ltr'>emendantes,</span> <span class='ocrx_word' id='word_1_441' title='bbox 1782 2489 1860 2516; x_wconf 83' lang='lat' dir='ltr'>hocce</span> 
     </span>
    </p>
   </div>
   <div class='ocr_carea' id='block_1_23' title="bbox 320 2535 1068 2688">
    <p class='ocr_par' dir='ltr' id='par_1_34' title="bbox 320 2535 1068 2688">
     <span class='ocr_line' id='line_1_101' title="bbox 320 2535 730 2582; baseline 0 -13"><span class='ocrx_word' id='word_1_442' title='bbox 320 2535 522 2570; x_wconf 88' lang='lat' dir='ltr'>Tusculanus</span> <span class='ocrx_word' id='word_1_443' title='bbox 547 2536 730 2582; x_wconf 86' lang='lat' dir='ltr'>episcopus.</span> 
     </span>
     <span class='ocr_line' id='line_1_102' title="bbox 368 2585 1068 2634; baseline -0.004 -12"><span class='ocrx_word' id='word_1_444' title='bbox 368 2586 436 2634; x_wconf 81' lang='lat' dir='ltr'>Ego</span> <span class='ocrx_word' id='word_1_445' title='bbox 456 2588 590 2624; x_wconf 85' lang='lat' dir='ltr'>Ioannes</span> <span class='ocrx_word' id='word_1_446' title='bbox 611 2588 657 2622; x_wconf 88' lang='lat' dir='ltr'>tit.</span> <span class='ocrx_word' id='word_1_447' title='bbox 679 2587 714 2623; x_wconf 87' lang='lat' dir='ltr'>S.</span> <span class='ocrx_word' id='word_1_448' title='bbox 737 2586 888 2634; x_wconf 84' lang='lat' dir='ltr'>Stephani</span> <span class='ocrx_word' id='word_1_449' title='bbox 913 2587 944 2620; x_wconf 90' lang='lat' dir='ltr'>in</span> <span class='ocrx_word' id='word_1_450' title='bbox 971 2585 1068 2620; x_wconf 83' lang='lat' dir='ltr'>Mon-</span> 
     </span>
     <span class='ocr_line' id='line_1_103' title="bbox 320 2641 682 2688; baseline 0 -12"><span class='ocrx_word' id='word_1_451' title='bbox 320 2641 451 2676; x_wconf 81' lang='lat' dir='ltr'>tecoelio</span> <span class='ocrx_word' id='word_1_452' title='bbox 473 2641 576 2688; x_wconf 81' lang='lat' dir='ltr'>presb.</span> <span class='ocrx_word' id='word_1_453' title='bbox 597 2641 682 2679; x_wconf 81' lang='lat' dir='ltr'>card.</span> 
     </span>
    </p>
   </div>
   <div class='ocr_carea' id='block_1_24' title="bbox 1111 2529 1860 2676">
    <p class='ocr_par' dir='ltr' id='par_1_35' title="bbox 1111 2529 1860 2676">
     <span class='ocr_line' id='line_1_104' title="bbox 1111 2529 1860 2565; baseline -0.001 -9"><span class='ocrx_word' id='word_1_454' title='bbox 1111 2530 1225 2565; x_wconf 88' lang='lat' dir='ltr'>diploma</span> <span class='ocrx_word' id='word_1_455' title='bbox 1250 2537 1320 2556; x_wconf 87' lang='lat' dir='ltr'>anno</span> <span class='ocrx_word' id='word_1_456' title='bbox 1349 2530 1469 2565; x_wconf 82' lang='lat' dir='ltr'>sequenti</span> <span class='ocrx_word' id='word_1_457' title='bbox 1497 2530 1563 2557; x_wconf 72' lang='grc'><strong>11911</strong></span> <span class='ocrx_word' id='word_1_458' title='bbox 1581 2529 1776 2563; x_wconf 80' lang='lat' dir='ltr'>consignamus,</span> <span class='ocrx_word' id='word_1_459' title='bbox 1805 2537 1860 2564; x_wconf 88' lang='lat' dir='ltr'>quo</span> 
     </span>
     <span class='ocr_line' id='line_1_105' title="bbox 1111 2567 1858 2605; baseline -0.003 -9"><span class='ocrx_word' id='word_1_460' title='bbox 1111 2570 1278 2605; x_wconf 87' lang='lat' dir='ltr'>potissimum</span> <span class='ocrx_word' id='word_1_461' title='bbox 1301 2576 1370 2596; x_wconf 87' lang='lat' dir='ltr'>anno</span> <span class='ocrx_word' id='word_1_462' title='bbox 1386 2573 1460 2596; x_wconf 84' lang='lat' dir='ltr'>iuxta</span> <span class='ocrx_word' id='word_1_463' title='bbox 1475 2572 1600 2596; x_wconf 83' lang='lat' dir='ltr'>statutam</span> <span class='ocrx_word' id='word_1_464' title='bbox 1617 2568 1669 2595; x_wconf 86' lang='lat' dir='ltr'>iam</span> <span class='ocrx_word' id='word_1_465' title='bbox 1685 2567 1858 2595; x_wconf 86' lang='lat' dir='ltr'>indictionum</span> 
     </span>
     <span class='ocr_line' id='line_1_106' title="bbox 1112 2607 1860 2641; baseline -0.005 -6"><span class='ocrx_word' id='word_1_466' title='bbox 1112 2608 1275 2641; x_wconf 85' lang='lat' dir='ltr'>methodum,</span> <span class='ocrx_word' id='word_1_467' title='bbox 1294 2609 1401 2636; x_wconf 81' lang='lat' dir='ltr'>indictio</span> <span class='ocrx_word' id='word_1_468' title='bbox 1416 2617 1434 2636; x_wconf 82' lang='lat' dir='ltr'>x</span> <span class='ocrx_word' id='word_1_469' title='bbox 1453 2609 1478 2636; x_wconf 91' lang='lat' dir='ltr'>in</span> <span class='ocrx_word' id='word_1_470' title='bbox 1498 2615 1577 2635; x_wconf 81' lang='lat' dir='ltr'>cursu</span> <span class='ocrx_word' id='word_1_471' title='bbox 1602 2612 1668 2635; x_wconf 85' lang='lat' dir='ltr'>erat.</span> <span class='ocrx_word' id='word_1_472' title='bbox 1707 2607 1746 2638; x_wconf 70' lang='lat'>(2)</span> <span class='ocrx_word' id='word_1_473' title='bbox 1772 2607 1860 2635; x_wconf 70' lang='lat' dir='ltr'>Edidit,</span> 
     </span>
     <span class='ocr_line' id='line_1_107' title="bbox 1112 2650 1401 2676; baseline 0 -2"><span class='ocrx_word' id='word_1_474' title='bbox 1112 2650 1158 2675; x_wconf 75' lang='lat' dir='ltr'>Bar</span> <span class='ocrx_word' id='word_1_475' title='bbox 1180 2657 1238 2675; x_wconf 81' lang='lat' dir='ltr'>nius</span> <span class='ocrx_word' id='word_1_476' title='bbox 1266 2653 1329 2676; x_wconf 83' lang='lat' dir='ltr'>tom.</span> <span class='ocrx_word' id='word_1_477' title='bbox 1353 2657 1401 2676; x_wconf 80' lang='lat' dir='ltr'>xii.</span> 
     </span>
    </p>
   </div>
   <div class='ocr_carea' id='block_1_25' title="bbox 1870 273 2129 2327">
    <p class='ocr_par' dir='ltr' id='par_1_36' title="bbox 1870 273 2129 2327">
     <span class='ocr_line' id='line_1_108' title="bbox 1870 273 2049 306; baseline -0.011 0"><span class='ocrx_word' id='word_1_478' title='bbox 1870 279 1921 306; x_wconf 78' lang='lat' dir='ltr'>An.</span> <span class='ocrx_word' id='word_1_479' title='bbox 1934 279 1962 305; x_wconf 89' lang='lat' dir='ltr'>C.</span> <span class='ocrx_word' id='word_1_480' title='bbox 1984 278 1993 305; x_wconf 78' lang='lat'><strong>1</strong></span> <span class='ocrx_word' id='word_1_481' title='bbox 2003 273 2049 305; x_wconf 62' lang='lat'>¹92</span> 
     </span>
     <span class='ocr_line' id='line_1_109' title="bbox 2105 1352 2129 1407; baseline 0.125 -3"><span class='ocrx_word' id='word_1_482' title='bbox 2105 1352 2129 1407; x_wconf 61' lang='lat'>53</span> 
     </span>
     <span class='ocr_line' id='line_1_110' title="bbox 2100 1407 2129 1468; baseline 0 0"><span class='ocrx_word' id='word_1_483' title='bbox 2100 1407 2129 1468; x_wconf 72' lang='lat' dir='ltr'>i}</span> 
     </span>
     <span class='ocr_line' id='line_1_111' title="bbox 2107 1523 2129 1589; baseline 0 0"><span class='ocrx_word' id='word_1_484' title='bbox 2107 1523 2129 1589; x_wconf 56' lang='grc' dir='ltr'>ἕ</span> 
     </span>
     <span class='ocr_line' id='line_1_112' title="bbox 2100 1597 2129 1638; baseline 0 0"><span class='ocrx_word' id='word_1_485' title='bbox 2100 1597 2129 1638; x_wconf 59' lang='lat' dir='ltr'>a</span> 
     </span>
     <span class='ocr_line' id='line_1_113' title="bbox 2106 1640 2129 1686; baseline 0 0"><span class='ocrx_word' id='word_1_486' title='bbox 2106 1640 2129 1686; x_wconf 59' lang='lat' dir='ltr'>A}</span> 
     </span>
     <span class='ocr_line' id='line_1_114' title="bbox 2098 1680 2125 1711; baseline 0 0"><span class='ocrx_word' id='word_1_487' title='bbox 2098 1680 2125 1711; x_wconf 36' lang='grc' dir='ltr'>μ’.</span> 
     </span>
     <span class='ocr_line' id='line_1_115' title="bbox 2110 1713 2129 1747; baseline 0 0"><span class='ocrx_word' id='word_1_488' title='bbox 2110 1713 2129 1747; x_wconf 59' lang='lat'>²5</span> 
     </span>
     <span class='ocr_line' id='line_1_116' title="bbox 2104 1750 2129 1768; baseline 0 -1"><span class='ocrx_word' id='word_1_489' title='bbox 2104 1750 2129 1768; x_wconf 65' lang='lat' dir='ltr'>:c</span> 
     </span>
     <span class='ocr_line' id='line_1_117' title="bbox 1905 2303 2022 2327; baseline 0.009 -1"><span class='ocrx_word' id='word_1_490' title='bbox 1905 2303 2022 2327; x_wconf 72' lang='lat' dir='ltr'>Exordium.</span> 
     </span>
    </p>
   </div>
  </div>
 </body>
</html>
