2129 3223
137 238 187 263 Au.
210 236 236 262 C.
253 238 319 265 1-2-22

385 230 452 262 586

382 294 494 328 Datum
536 294 706 334 Laterani,
750 294 841 329 nonis
880 294 1081 335 novembris,

334 345 532 390 pontificatus
560 345 655 377 nostri
684 355 767 379 anno
788 344 931 390 septimo.

361 404 423 434 Dat.
444 405 490 434 die
513 405 532 434 5
550 414 664 435 novem.
684 405 769 441 1222,
788 405 892 445 pontif.
910 415 985 435 anuo
1005 414 1050 434 vu.

657 572 753 606 Lxu.

333 650 512 682 Comntisst'o
564 648 774 693 inquisitionis
813 659 904 692 super
948 648 1010 679 vila
1058 653 1083 678 et

379 699 538 731 miraculis
566 699 646 731 beati
682 698 850 730 It'iuhelim'
866 696 1086 741 archiepiscopi

383 748 583 781 Eboracensis
607 749 669 790 (l).

608 828 822 859 SUMMARIUM

330 896 497 927 Exordium.
515 895 701 926 —Miracula
722 895 755 924 ad
768 894 960 933 sepulchrum
978 893 1007 923 tt.
1026 893 1084 923 Vil-

370 942 470 972 lhelmi
486 946 606 980 patrata.
622 957 661 963 —
676 939 831 978 Inquisitio
845 939 880 968 de
891 938 937 968 his
950 938 1082 968 facienda

370 986 573 1016 demandatur.

329 1057 460 1086 Honorius
478 1057 620 1092 episcopus
636 1062 732 1084 servus
759 1061 899 1083 servorum
922 1055 978 1087 Dei,
1006 1061 1085 1083 vene-

374 1106 455 1135 rabili
471 1106 557 1135 fratri
575 1106 697 1141 episcopo
716 1103 807 1138 Elyeu.
833 1104 863 1131 et
881 1103 992 1131 dilectis
1020 1103 1085 1131 filiis

373 1156 406 1184 de
425 1155 564 1189 Fontibus,
586 1156 615 1183 et
633 1155 665 1183 de
684 1153 804 1182 Riavalle
823 1153 967 1181 abbatibus
981 1152 1083 1180 Cister-

374 1205 475 1234 ciensis
494 1205 598 1234 ordinis
616 1204 760 1232 Eboraeou.
797 1201 940 1234 dioecesis,
967 1201 1086 1229 satutem

375 1254 405 1283 et
425 1254 606 1290 apostolicam
622 1252 844 1281 benedictionem.

379 1319 513 1355 Divinae
535 1320 731 1367 dispensatio
742 1318 879 1365 pietatis,
901 1329 981 1364 quae
1001 1329 1086 1351 nunc

333 1369 522 1405 terribilium
568 1380 700 1403 suorum
737 1368 869 1401 virtutes
896 1367 1085 1421 ostendenS,

332 1419 421 1466 quasi
456 1417 653 1473 quibusdam
675 1418 772 1452 minis
798 1425 828 1450 et
855 1416 1085 1463 increpationi-

333 1468 393 1503 bus
421 1467 458 1502 ad
483 1467 708 1514 poenitentiam
731 1465 864 1500 conterit
893 1473 1084 1512 peccatotffes

334 1529 419 1552 nunc
449 1524 553 1551 autem
582 1528 656 1550 suae
674 1515 836 1550 suavitatis
859 1514 1084 1548 abundantiam

334 1566 488 1602 exhibens
510 1574 669 1612 tamquam
687 1564 847 1599 blanditiis
865 1571 895 1598 et
922 1562 1086 1609 promissis

334 1615 493 1662 quoslibet
529 1614 566 1649 ad
602 1613 719 1649 Christi
755 1613 852 1648 allicit
888 1612 1085 1652 charitatem,

334 1677 414 1712 quae
436 1665 510 1699 totis
537 1672 584 1698 est
605 1663 771 1698 affectibus
797 1675 812 1696 a
835 1662 958 1696 cunctis
987 1662 1086 1695 tideli-

335 1713 395 1749 bus
417 1713 604 1748 veneranda.
632 1712 742 1760 Nuper
769 1723 905 1757 namque
948 1712 977 1744 ir.
1016 1711 1086 1757 plu-

336 1763 425 1797 ribus
447 1762 526 1797 locis
554 1761 713 1796 Dominus
735 1770 849 1795 terram
877 1768 1021 1805 tangens,
1057 1768 1085 1792 et

336 1812 455 1846 faciens
476 1823 545 1846 eam
581 1819 731 1849 tremere,
760 1810 876 1844 multos
916 1809 1085 1843 conterruit
1107 1807 1109 1853 ᾖ
1129 1821 1286 1856 ascfflwre
1308 1821 1514 1861 deberemUS3
1539 1833 1595 1855 „03
1618 1828 1721 1855 tamen
1751 1821 1880 1868 provide

1107 1889 1109 1904 ι
1129 1870 1340 1910 attendentes,
1368 1870 1453 1917 quod
1484 1872 1513 1904 iu
1539 1878 1600 1905 tam
1623 1878 1732 1904 sancto
1754 1870 1880 1916 negotio

337 1862 373 1896 ad
397 1861 551 1904 salutem,
578 1869 607 1894 et
640 1861 669 1894 in
693 1860 824 1893 diversis
848 1858 987 1905 partibus
1010 1869 1086 1891 nov-i

338 1911 486 1945 miracula
515 1910 683 1948 suscitans,
712 1908 820 1943 multis
846 1908 953 1942 salutis
975 1907 1087 1953 gaudia

337 1959 468 1994 coelitus
495 1959 648 1993 irroravit.
677 1957 717 1993 Ut
739 1958 823 1992 euim
849 1956 942 1991 iidem
970 1955 1088 1990 Eccle—

337 2010 402 2043 siae
428 2019 504 2042 suae
543 2007 680 2046 roboret,
720 2015 749 2040 ct
784 2006 960 2045 confirmet,
999 2017 1087 2051 spem

339 2058 438 2103 erigat
458 2065 489 2092 et
515 2057 644 2101 exaltet,
669 2056 850 2091 charitatem
874 2055 1037 2089 continuet
1060 2063 1088 2088 et
1110 2077 1111 2081 =

338 2106 501 2147 accendat,
531 2114 564 2140 ut
599 2105 739 2140 confutet
773 2104 955 2151 pravitatem
979 2103 1090 2138 haere—

339 2156 446 2200 ticam,
469 2155 605 2202 perfidos
627 2155 664 2189 ad
690 2155 768 2188 viam
788 2154 917 2188 advocet
939 2153 1089 2194 veritatis,

341 2312 442 2338 tames
466 2303 496 2337 in
525 2303 582 2338 hac
604 2302 747 2338 Ecclesia
770 2301 916 2336 militanti
950 2300 986 2335 ad
1018 2312 1091 2335 coe-

343 2354 451 2387 lestem
475 2352 606 2399 patriam
631 2359 852 2397 pervenerunt⁷
885 2350 935 2384 ubi
968 2351 1092 2384 auima—

345 2402 402 2436 bus
424 2401 608 2447 glorificatis
645 2401 776 2436 feliciter
812 2399 923 2434 stolam
959 2400 1091 2446 primam

344 2452 467 2497 adepti,
495 2450 692 2486 confidentes
731 2451 759 2484 iu
798 2450 886 2484 illum
914 2448 1094 2494 intelligunt

345 2501 517 2543 veritatem,
543 2508 573 2534 ct
599 2499 708 2535 fideles
730 2500 759 2534 in
784 2498 953 2533 dilectione
985 2498 1094 2544 acqui-

345 2556 456 2582 escunt
489 2549 603 2590 eidem,
627 2549 797 2584 secundam
821 2547 934 2583 stolam
970 2546 1096 2582 felicius

380 2624 419 2657 (1)
436 2623 474 2648 Ex
494 2623 598 2658 Regest.
622 2624 704 2650 Vatic.

910 239 1098 262 nouatum!
1126 238 1288 260 ROMANUM

1122 293 1279 339 adepturi,
1302 292 1429 339 quando
1451 292 1570 327 scilicet
1600 292 1771 326 incinerata
1789 302 1873 325 nunc

1123 354 1252 388 corpora
1293 341 1495 387 glorificanda
1535 350 1696 387 resurgent
1734 339 1872 386 fulgida,

1123 392 1226 438 agilia,
1262 392 1389 426 subtilia
1424 400 1450 425 et
1481 389 1686 445 impassibilia
1722 398 1874 445 perpetuo

1123 453 1194 475 cum
1218 440 1355 476 Domino
1378 449 1554 486 regnatura.
1578 439 1611 474 Iu
1636 440 1726 474 cuius
1749 439 1790 473 rei
1806 440 1874 473 evi-

1123 490 1350 525 dentissimum
1391 498 1421 524 et
1456 489 1618 524 infallibile
1650 496 1872 543 argumentum

1123 539 1282 585 gloriosus
1303 539 1474 577 Dominus
1503 551 1637 586 quorum
1665 538 1785 572 animas
1813 538 1873 572 iam

1123 588 1309 634 glorificavit
1337 589 1366 623 in
1395 588 1502 626 coelo
1536 599 1765 634 nonnunquam
1802 599 1874 621 cor-

1126 650 1198 684 pora
1222 638 1252 672 in
1277 646 1355 672 terra
1384 637 1532 672 clarificat
1565 637 1681 671 faciens
1704 649 1751 676 ea,
1785 637 1872 683 quasi

1126 687 1341 733 participantia
1369 687 1493 721 divinae
1521 686 1649 731 gloriae,
1677 685 1792 721 divinis
1814 686 1875 720 mi-

1124 736 1236 770 raculis
1263 747 1464 775 corruscare,
1494 735 1611 782 quibus
1638 734 1676 769 ad
1701 735 1876 770 veneratio—

1126 798 1196 820 nem
1233 786 1277 820 eis
1317 785 1452 820 debitam
1480 784 1708 828 exhihendam,
1746 797 1875 820 eorum-

1125 847 1185 882 que
1214 835 1408 882 imploranda
1436 834 1593 880 suffragia,
1628 834 1739 868 merito
1761 835 1874 869 invite-

1125 897 1205 918 mur.
1236 884 1327 920 Unde
1354 883 1558 931 gaudemus
1553 896 1581 917 tn
1611 883 1767 928 Domino,
1789 892 1819 918 et
1842 884 1872 918 in

1125 935 1193 968 eius
1231 933 1375 968 laudibus
1417 933 1628 973 delectamur
1668 933 1753 980 quod
1791 935 1874 968 sicut

1127 983 1315 1018 venerabilis
1340 983 1434 1017 frater
1459 982 1734 1030 archiepiscopus
1762 991 1791 1017 ct
1826 983 1874 1016 ‹li-

1126 1033 1194 1067 lecti
1223 1032 1276 1066 filii
1305 1032 1461 1071 decanus,
1489 1040 1517 1067 et
1545 1032 1717 1078 capitulum
1754 1032 1875 1067 Ebora-

1126 1094 1210 1125 ccn.,
1239 1094 1296 1117 nec
1331 1094 1393 1116 non
1429 1081 1632 1128 quamplures
1658 1081 1874 1116 Ecclesiarum

1128 1131 1255 1177 praelati
1289 1131 1328 1166 de
1359 1131 1500 1178 partibus
1524 1130 1586 1164 illis
1612 1131 1679 1165 suis
1711 1131 1803 1165 nobis
1825 1131 1870 1166 lit-

1126 1181 1201 1215 teris
1224 1180 1419 1219 intimarunt,
1444 1179 1541 1213 felicis
1556 1179 1784 1215 recordationis
1798 1180 1878 1214 Wit-

1126 1229 1264 1264 lhelmus
1285 1230 1444 1276 quondam
1469 1229 1643 1263 Eboracen.
1668 1229 1878 1276 archiepisco-

1126 1291 1187 1326 pus
1215 1287 1299 1314 tauta
1322 1279 1430 1313 vivens
1453 1278 1539 1312 fulsit
1560 1278 1657 1324 gratia
1679 1279 1876 1321 meritorum,

1126 1328 1210 1374 quod
1235 1337 1303 1375 post
1328 1328 1448 1363 felicem
1476 1328 1546 1362 eius
1572 1328 1693 1362 obitum
1717 1328 1754 1363 ad
1777 1337 1876 1363 osten-

1126 1378 1262 1412 dendam
1303 1378 1401 1425 ipsius
1433 1377 1564 1424 gloriam
1601 1378 1776 1412 sanctitatis
1814 1377 1878 1412 Do-

1127 1428 1231 1461 minus
1267 1428 1304 1461 ad
1347 1427 1552 1474 sepulchrum
1597 1428 1665 1461 eius
1711 1427 1808 1462 multa
1848 1435 1878 1461 et

1128 1489 1239 1521 magna
1275 1477 1425 1511 miracula
1464 1483 1620 1522 operatur.
1662 1475 1779 1510 Verum
1809 1476 1877 1510 licet

1127 1534 1307 1572 opportune.
1335 1526 1514 1571 importune
1538 1525 1628 1560 nohis
1652 1526 1725 1560 totis
1756 1524 1879 1560 affecti-

1128 1575 1186 1608 bus
1211 1575 1430 1621 supplicarint,
1455 1582 1488 1608 ut
1509 1586 1580 1609 cum
1605 1574 1731 1609 lucerna
1755 1586 1818 1609 non
1838 1576 1879 1610 sit

1129 1624 1271 1670 ponenda
1300 1624 1359 1658 sub
1387 1623 1510 1664 modio,
1550 1624 1604 1658 sed
1632 1636 1729 1671 super
1755 1624 1880 1659 cande-

1129 1674 1250 1707 labrum
1280 1673 1461 1711 statuenda;
1489 1685 1574 1714 eum,
1602 1685 1696 1720 quem
1724 1672 1880 1708 Dominus

1130 1724 1259 1757 honorat
1285 1724 1313 1757 in
1338 1723 1478 1757 Ecclesia
1506 1722 1731 1768 triumphanti,
1766 1735 1825 1758 nos
1847 1723 1877 1757 in

1129 1772 1274 1806 militanti
1320 1772 1460 1806 Ecclesia
1497 1780 1677 1806 sanctorum
1714 1772 1880 1818 cathalogo

1131 1932 1192 1955 non
1228 1928 1296 1959 est,
1326 1921 1385 1954 nisi
1425 1932 1497 1954 cum
1539 1920 1717 1954 maturitate
1746 1919 1878 1966 plurima

1132 1969 1384 2016 procedendum,
1423 1969 1460 2003 ad
1499 1969 1650 2003 maiorem
1690 1968 1879 2004 evidentiam

1131 2019 1269 2052 veritatis
1292 2018 1471 2053 discretioni
1497 2025 1626 2058 vestrae,
1654 2017 1693 2052 de
1716 2030 1776 2065 qua
1806 2019 1882 2066 ple-

1132 2085 1201 2106 nam
1227 2073 1257 2106 in
1286 2072 1423 2106 Domino
1447 2072 1593 2106 fiduciam
1617 2071 1810 2113 obtinemus,
1827 2083 1882 2119 per

1131 2125 1302 2172 apostolica
1331 2126 1444 2173 scripta
1480 2123 1689 2168 mandamus,
1725 2132 1882 2172 quatenus

340 2214 370 2239 et
397 2205 433 2239 ad
462 2205 688 2252 poenitentiam
730 2211 852 2237 revocet
891 2210 1090 2249 peccatores&
1110 2199 1112 2235 (ζ
1133 2179 1284 2213 habentes
1314 2191 1386 2226 prae
1421 2178 1522 2214 oculis
1551 2178 1652 2212 solum
1676 2177 1795 2219 Deum,
1829 2191 1881 2225 qui

341 2253 485 2289 mirificat
507 2261 633 2289 sanctos
660 2265 753 2293 suos,
775 2252 828 2300 qui
853 2252 991 2297 legitime
1021 2263 1090 2285 cer-
1111 2238 1113 2271 ᾗ
1134 2245 1194 2267 non
1226 2233 1343 2279 indiget
1368 2233 1541 2268 mendaciis
1574 2232 1726 2273 alicuius,
1755 2241 1816 2266 tam
1843 2232 1882 2267 dc

1134 2286 1205 2330 vita,
1233 2299 1326 2333 quam
1354 2286 1393 2321 de
1415 2285 1576 2320 miraculis
1603 2284 1710 2320 Sancti
1734 2285 1882 2332 praedicti

1134 2341 1353 2387 perquirentes
1380 2339 1513 2374 sollicite
1541 2339 1715 2383 veritatem,
1738 2350 1818 2385 quae
1840 2338 1883 2372 in-

1135 2393 1282 2427 veneritis
1319 2406 1374 2440 per
1407 2402 1524 2428 vestras
1551 2391 1643 2427 nobis
1664 2392 1781 2427 litteras
1808 2392 1883 2426 inti-

1135 2448 1240 2491 metis,
1269 2455 1303 2481 ut
1329 2459 1365 2482 ex
1389 2455 1489 2482 vestra
1514 2445 1666 2481 relatione
1691 2445 1883 2481 sufficienter

1135 2500 1291 2546 instructi,
1326 2500 1535 2548 procedamus
1557 2499 1681 2544 exinde,
1710 2508 1803 2547 prout
1831 2512 1884 2536 se-

1136 2554 1275 2589 cundum
1298 2554 1401 2589 Deum
1421 2553 1605 2588 viderimus
1634 2552 1882 2600 procedendum.

1088 2611 1100 2620 '
1115 2615 1118 2646 t
1136 2606 1230 2649 Quod
1258 2608 1282 2642 si
1313 2620 1377 2644 non,
1401 2620 1512 2643 omues
1541 2607 1578 2642 iis
1600 2607 1798 2654 exequendis
1820 2619 1884 2656 ρος

1888 233 1938 260 An.
1956 231 1986 258 C.
2001 231 2069 258 1225

1914 887 2014 908 Min-acula
2048 889 2073 908 aa

1888 925 1925 946 sep
1928 918 2008 940 ulehrm
2004 925 2022 938 m
2051 917 2072 938 8.

1888 949 1903 969 ἲ
1906 949 1994 970 itthelmi
2038 956 2074 976 pu-

1888 984 1951 1002 trata.

1911 2291 2022 2318 inquisitio
2055 2290 2080 2310 do

1898 2323 1930 2343 his
1940 2321 2036 2342 iacienda
2047 2322 2082 2342 de«

1898 2353 2015 2373 mandatur.

2079 2446 2093 2455 ς
