<?xml version="1.0" encoding="UTF-8"?>
<!DOCTYPE html PUBLIC "-//W3C//DTD XHTML 1.0 Transitional//EN"
    "http://www.w3.org/TR/xhtml1/DTD/xhtml1-transitional.dtd">
<html xmlns="http://www.w3.org/1999/xhtml" xml:lang="en" lang="en">
 <head>
  <title>
</title>
<meta http-equiv="Content-Type" content="text/html;charset=utf-8" />
  <meta name='ocr-system' content='tesseract 3.04.00' />
  <meta name='ocr-capabilities' content='ocr_page ocr_carea ocr_par ocr_line ocrx_word'/>
</head>
<body>
  <div class='ocr_page' id='page_1' title='image "./bullarumdiplomat03cath/bullarumdiplomat03cath_0555.png"; bbox 0 0 2129 3223; ppageno 0'>
   <div class='ocr_carea' id='block_1_1' title="bbox 45 254 226 284">
    <p class='ocr_par' dir='ltr' id='par_1_1' title="bbox 45 254 226 284">
     <span class='ocr_line' id='line_1_1' title="bbox 45 254 226 284; baseline -0.011 0"><span class='ocrx_word' id='word_1_1' title='bbox 45 254 97 284; x_wconf 74' lang='grc' dir='ltr'>ΑΒ.</span> <span class='ocrx_word' id='word_1_2' title='bbox 114 256 146 284; x_wconf 85' lang='lat' dir='ltr'>C.</span> <span class='ocrx_word' id='word_1_3' title='bbox 159 256 226 283; x_wconf 72' lang='lat'>12:52</span> 
     </span>
    </p>
   </div>
   <div class='ocr_carea' id='block_1_2' title="bbox 77 311 194 332">
    <p class='ocr_par' dir='ltr' id='par_1_2' title="bbox 77 311 194 332">
     <span class='ocr_line' id='line_1_2' title="bbox 77 311 194 332; baseline 0.009 -1"><span class='ocrx_word' id='word_1_4' title='bbox 77 311 194 332; x_wconf 63' lang='lat' dir='ltr'>&#39;‘Jantnlne.</span> 
     </span>
    </p>
   </div>
   <div class='ocr_carea' id='block_1_3' title="bbox 66 1756 184 1779">
    <p class='ocr_par' dir='ltr' id='par_1_3' title="bbox 66 1756 184 1779">
     <span class='ocr_line' id='line_1_3' title="bbox 66 1756 184 1779; baseline -0.025 0"><span class='ocrx_word' id='word_1_5' title='bbox 66 1756 184 1779; x_wconf 67' lang='grc' dir='ltr'>Βιοῐάἰιιπι.</span> 
     </span>
    </p>
   </div>
   <div class='ocr_carea' id='block_1_4' title="bbox 0 2151 223 2246">
    <p class='ocr_par' dir='ltr' id='par_1_4' title="bbox 0 2151 220 2246">
     <span class='ocr_line' id='line_1_4' title="bbox 51 2151 220 2179; baseline -0.006 -4"><span class='ocrx_word' id='word_1_6' title='bbox 51 2151 90 2176; x_wconf 78' lang='lat' dir='ltr'>ttet</span> <span class='ocrx_word' id='word_1_7' title='bbox 105 2155 220 2179; x_wconf 36' lang='lat' dir='ltr'>casteyana·</span> 
     </span>
     <span class='ocr_line' id='line_1_5' title="bbox 0 2185 223 2213; baseline -0.005 -6"><span class='ocrx_word' id='word_1_8' title='bbox 0 2188 17 2210; x_wconf 53' lang='grc' dir='ltr'>ξ’</span> <span class='ocrx_word' id='word_1_9' title='bbox 39 2185 63 2207; x_wconf 74' lang='lat' dir='ltr'>lu</span> <span class='ocrx_word' id='word_1_10' title='bbox 77 2186 223 2213; x_wconf 62' lang='lat' dir='ltr'>exemplum·-</span> 
     </span>
     <span class='ocr_line' id='line_1_6' title="bbox 0 2215 120 2246; baseline -0.008 -8"><span class='ocrx_word' id='word_1_11' title='bbox 0 2221 21 2246; x_wconf 62' lang='grc' dir='ltr'>ς’</span> <span class='ocrx_word' id='word_1_12' title='bbox 40 2215 120 2238; x_wconf 74' lang='lat' dir='ltr'>tiorum.</span> 
     </span>
    </p>
   </div>
   <div class='ocr_carea' id='block_1_5' title="bbox 849 254 1190 278">
    <p class='ocr_par' dir='ltr' id='par_1_5' title="bbox 849 254 1190 278">
     <span class='ocr_line' id='line_1_7' title="bbox 849 254 1190 278; baseline -0.009 0"><span class='ocrx_word' id='word_1_13' title='bbox 849 255 1042 278; x_wconf 57' lang='lat' dir='ltr'>txsocrzs‘rtt&#39;</span> <span class='ocrx_word' id='word_1_14' title='bbox 1046 255 1060 275; x_wconf 70' lang='lat'>5</span> <span class='ocrx_word' id='word_1_15' title='bbox 1089 255 1119 276; x_wconf 64' lang='grc' dir='ltr'>ΙΥ</span> <span class='ocrx_word' id='word_1_16' title='bbox 1145 254 1190 276; x_wconf 76' lang='grc' dir='ltr'>[Ψ.</span> 
     </span>
    </p>
   </div>
   <div class='ocr_carea' id='block_1_6' title="bbox 239 309 984 505">
    <p class='ocr_par' dir='ltr' id='par_1_6' title="bbox 239 309 896 396">
     <span class='ocr_line' id='line_1_8' title="bbox 290 309 896 357; baseline -0.002 -12"><span class='ocrx_word' id='word_1_17' title='bbox 290 311 372 345; x_wconf 79' lang='lat' dir='ltr'>Nulli</span> <span class='ocrx_word' id='word_1_18' title='bbox 395 323 468 357; x_wconf 83' lang='lat' dir='ltr'>ergo</span> <span class='ocrx_word' id='word_1_19' title='bbox 489 310 618 345; x_wconf 88' lang='lat' dir='ltr'>omnino</span> <span class='ocrx_word' id='word_1_20' title='bbox 644 309 808 345; x_wconf 89' lang='lat' dir='ltr'>hominum</span> <span class='ocrx_word' id='word_1_21' title='bbox 831 319 896 349; x_wconf 66' lang='lat' dir='ltr'>etc„</span> 
     </span>
     <span class='ocr_line' id='line_1_9' title="bbox 239 360 659 396; baseline 0.002 -3"><span class='ocrx_word' id='word_1_22' title='bbox 239 368 320 395; x_wconf 82' lang='lat' dir='ltr'>strae</span> <span class='ocrx_word' id='word_1_23' title='bbox 342 360 586 396; x_wconf 86' lang='lat' dir='ltr'>confirmationis</span> <span class='ocrx_word' id='word_1_24' title='bbox 607 367 659 394; x_wconf 83' lang='lat' dir='ltr'>etc.</span> 
     </span>
    </p>

    <p class='ocr_par' dir='ltr' id='par_1_7' title="bbox 239 408 984 505">
     <span class='ocr_line' id='line_1_10' title="bbox 288 408 984 456; baseline -0.003 -11"><span class='ocrx_word' id='word_1_25' title='bbox 288 409 403 445; x_wconf 86' lang='lat' dir='ltr'>Datum</span> <span class='ocrx_word' id='word_1_26' title='bbox 440 409 573 448; x_wconf 86' lang='lat' dir='ltr'>Perusii,</span> <span class='ocrx_word' id='word_1_27' title='bbox 604 408 711 444; x_wconf 90' lang='lat' dir='ltr'>idibus</span> <span class='ocrx_word' id='word_1_28' title='bbox 738 409 850 453; x_wconf 77' lang='lat' dir='ltr'>martii,</span> <span class='ocrx_word' id='word_1_29' title='bbox 881 408 984 456; x_wconf 88' lang='lat' dir='ltr'>ponti-</span> 
     </span>
     <span class='ocr_line' id='line_1_11' title="bbox 239 458 717 505; baseline 0.002 -13"><span class='ocrx_word' id='word_1_30' title='bbox 239 458 348 494; x_wconf 83' lang='lat' dir='ltr'>ficatus</span> <span class='ocrx_word' id='word_1_31' title='bbox 370 459 466 493; x_wconf 92' lang='lat' dir='ltr'>nostri</span> <span class='ocrx_word' id='word_1_32' title='bbox 487 471 570 493; x_wconf 91' lang='lat' dir='ltr'>anno</span> <span class='ocrx_word' id='word_1_33' title='bbox 599 470 717 505; x_wconf 43' lang='lat' dir='ltr'>nono„</span> 
     </span>
    </p>
   </div>
   <div class='ocr_carea' id='block_1_7' title="bbox 264 519 953 559">
    <p class='ocr_par' dir='ltr' id='par_1_8' title="bbox 264 519 953 559">
     <span class='ocr_line' id='line_1_12' title="bbox 264 519 953 559; baseline -0.001 -9"><span class='ocrx_word' id='word_1_34' title='bbox 264 519 325 550; x_wconf 85' lang='lat' dir='ltr'>Dat.</span> <span class='ocrx_word' id='word_1_35' title='bbox 348 520 396 551; x_wconf 85' lang='lat' dir='ltr'>die</span> <span class='ocrx_word' id='word_1_36' title='bbox 419 521 455 550; x_wconf 80' lang='lat'>15</span> <span class='ocrx_word' id='word_1_37' title='bbox 473 521 570 550; x_wconf 85' lang='lat' dir='ltr'>martii</span> <span class='ocrx_word' id='word_1_38' title='bbox 591 520 676 557; x_wconf 65' lang='lat'><strong>1252,</strong></span> <span class='ocrx_word' id='word_1_39' title='bbox 704 520 807 559; x_wconf 88' lang='lat' dir='ltr'>pontif.</span> <span class='ocrx_word' id='word_1_40' title='bbox 825 530 900 550; x_wconf 89' lang='lat' dir='ltr'>anno</span> <span class='ocrx_word' id='word_1_41' title='bbox 917 529 953 550; x_wconf 82' lang='lat' dir='ltr'>tx.</span> 
     </span>
    </p>
   </div>
   <div class='ocr_carea' id='block_1_8' title="bbox 926 322 983 344">
    <p class='ocr_par' dir='ltr' id='par_1_9' title="bbox 926 322 983 344">
     <span class='ocr_line' id='line_1_13' title="bbox 926 322 983 344; baseline 0 0"><span class='ocrx_word' id='word_1_42' title='bbox 926 322 983 344; x_wconf 79' lang='grc' dir='ltr'>ΠΟ-</span> 
     </span>
    </p>
   </div>
   <div class='ocr_carea' id='block_1_9' title="bbox 542 593 686 598">
    <p class='ocr_par' dir='ltr' id='par_1_10' title="bbox 542 593 686 598">
     <span class='ocr_line' id='line_1_14' title="bbox 542 593 686 598; baseline 0 0"><span class='ocrx_word' id='word_1_43' title='bbox 542 593 686 598; x_wconf 95' lang='lat' dir='ltr'> </span> 
     </span>
    </p>
   </div>
   <div class='ocr_carea' id='block_1_10' title="bbox 563 677 661 712">
    <p class='ocr_par' dir='ltr' id='par_1_11' title="bbox 563 677 661 712">
     <span class='ocr_line' id='line_1_15' title="bbox 563 677 661 712; baseline -0.02 0"><span class='ocrx_word' id='word_1_44' title='bbox 563 677 661 712; x_wconf 78' lang='lat' dir='ltr'>XXV.</span> 
     </span>
    </p>
   </div>
   <div class='ocr_carea' id='block_1_11' title="bbox 238 760 979 1052">
    <p class='ocr_par' dir='ltr' id='par_1_12' title="bbox 238 760 979 1052">
     <span class='ocr_line' id='line_1_16' title="bbox 238 760 978 797; baseline -0.008 0"><span class='ocrx_word' id='word_1_45' title='bbox 238 763 320 797; x_wconf 73' lang='lat' dir='ltr'>Cives</span> <span class='ocrx_word' id='word_1_46' title='bbox 362 764 552 796; x_wconf 62' lang='lat' dir='ltr'>riter-hiemes</span> <span class='ocrx_word' id='word_1_47' title='bbox 584 768 672 794; x_wconf 76' lang='lat' dir='ltr'>antea</span> <span class='ocrx_word' id='word_1_48' title='bbox 699 760 821 793; x_wconf 73' lang='lat' dir='ltr'>subiecti</span> <span class='ocrx_word' id='word_1_49' title='bbox 853 760 978 792; x_wconf 77' lang='lat' dir='ltr'>anathe-</span> 
     </span>
     <span class='ocr_line' id='line_1_17' title="bbox 283 809 979 857; baseline -0.007 -11"><span class='ocrx_word' id='word_1_50' title='bbox 283 815 371 850; x_wconf 83' lang='lat' dir='ltr'>mati,</span> <span class='ocrx_word' id='word_1_51' title='bbox 396 814 470 857; x_wconf 81' lang='lat' dir='ltr'>quia</span> <span class='ocrx_word' id='word_1_52' title='bbox 495 819 601 844; x_wconf 82' lang='lat' dir='ltr'>contra</span> <span class='ocrx_word' id='word_1_53' title='bbox 621 811 791 844; x_wconf 67' lang='lat' dir='ltr'>Bovianum</span> <span class='ocrx_word' id='word_1_54' title='bbox 814 809 979 842; x_wconf 81' lang='lat' dir='ltr'><em>Ecclesiam</em></span> 
     </span>
     <span class='ocr_line' id='line_1_18' title="bbox 284 859 979 906; baseline -0.006 -12"><span class='ocrx_word' id='word_1_55' title='bbox 284 862 442 895; x_wconf 71' lang='lat' dir='ltr'>Friderico</span> <span class='ocrx_word' id='word_1_56' title='bbox 460 861 638 906; x_wconf 80' lang='lat' dir='ltr'>imperatori</span> <span class='ocrx_word' id='word_1_57' title='bbox 654 860 866 900; x_wconf 71' lang='lat' dir='ltr'>adhaeserant,</span> <span class='ocrx_word' id='word_1_58' title='bbox 887 859 979 891; x_wconf 81' lang='lat' dir='ltr'>eidem</span> 
     </span>
     <span class='ocr_line' id='line_1_19' title="bbox 283 909 979 953; baseline -0.007 -8"><span class='ocrx_word' id='word_1_59' title='bbox 283 911 434 945; x_wconf 74' lang='lat' dir='ltr'><strong><em>Ecclesiae</em></strong></span> <span class='ocrx_word' id='word_1_60' title='bbox 472 910 727 947; x_wconf 80' lang='lat' dir='ltr'>reconciliantur;</span> <span class='ocrx_word' id='word_1_61' title='bbox 765 910 863 953; x_wconf 82' lang='lat' dir='ltr'>eisque</span> <span class='ocrx_word' id='word_1_62' title='bbox 901 909 979 941; x_wconf 83' lang='lat' dir='ltr'>bona</span> 
     </span>
     <span class='ocr_line' id='line_1_20' title="bbox 281 957 979 1003; baseline -0.007 -9"><span class='ocrx_word' id='word_1_63' title='bbox 281 961 386 994; x_wconf 84' lang='lat' dir='ltr'>omnia</span> <span class='ocrx_word' id='word_1_64' title='bbox 413 972 448 993; x_wconf 83' lang='lat' dir='ltr'>ac</span> <span class='ocrx_word' id='word_1_65' title='bbox 489 960 618 1003; x_wconf 77' lang='lat' dir='ltr'>antiqua</span> <span class='ocrx_word' id='word_1_66' title='bbox 650 958 813 1002; x_wconf 67' lang='lat' dir='ltr'>privilegia</span> <span class='ocrx_word' id='word_1_67' title='bbox 853 957 979 991; x_wconf 76' lang='lat' dir='ltr'>resticu-</span> 
     </span>
     <span class='ocr_line' id='line_1_21' title="bbox 280 1011 452 1052; baseline -0.006 -9"><span class='ocrx_word' id='word_1_68' title='bbox 280 1017 375 1044; x_wconf 77' lang='lat' dir='ltr'>untur</span> <span class='ocrx_word' id='word_1_69' title='bbox 397 1011 452 1052; x_wconf 85' lang='lat' dir='ltr'>(t).</span> 
     </span>
    </p>
   </div>
   <div class='ocr_carea' id='block_1_12' title="bbox 231 1085 978 1452">
    <p class='ocr_par' dir='ltr' id='par_1_13' title="bbox 231 1085 978 1452">
     <span class='ocr_line' id='line_1_22' title="bbox 498 1085 710 1116; baseline -0.009 0"><span class='ocrx_word' id='word_1_70' title='bbox 498 1085 710 1116; x_wconf 51' lang='lat' dir='ltr'>stantarum</span> 
     </span>
     <span class='ocr_line' id='line_1_23' title="bbox 231 1147 977 1186; baseline -0.003 -8"><span class='ocrx_word' id='word_1_71' title='bbox 231 1148 398 1180; x_wconf 82' lang='lat' dir='ltr'><strong>Exordium.</strong></span> <span class='ocrx_word' id='word_1_72' title='bbox 423 1166 462 1171; x_wconf 85' lang='lat'>——</span> <span class='ocrx_word' id='word_1_73' title='bbox 491 1148 541 1178; x_wconf 83' lang='lat' dir='ltr'>Rei</span> <span class='ocrx_word' id='word_1_74' title='bbox 572 1147 734 1186; x_wconf 80' lang='lat' dir='ltr'>castigandi</span> <span class='ocrx_word' id='word_1_75' title='bbox 758 1148 786 1176; x_wconf 90' lang='lat' dir='ltr'>in</span> <span class='ocrx_word' id='word_1_76' title='bbox 814 1148 977 1186; x_wconf 78' lang='lat' dir='ltr'>exemplum</span> 
     </span>
     <span class='ocr_line' id='line_1_24' title="bbox 271 1192 978 1223; baseline -0.003 0"><span class='ocrx_word' id='word_1_77' title='bbox 271 1193 406 1223; x_wconf 83' lang='lat' dir='ltr'>aliorum.</span> <span class='ocrx_word' id='word_1_78' title='bbox 438 1209 476 1215; x_wconf 81' lang='lat'>—-·</span> <span class='ocrx_word' id='word_1_79' title='bbox 508 1192 707 1222; x_wconf 69' lang='lat' dir='ltr'>viterbienses</span> <span class='ocrx_word' id='word_1_80' title='bbox 739 1197 820 1222; x_wconf 85' lang='lat' dir='ltr'>antea</span> <span class='ocrx_word' id='word_1_81' title='bbox 844 1193 978 1221; x_wconf 83' lang='lat' dir='ltr'>censuris</span> 
     </span>
     <span class='ocr_line' id='line_1_25' title="bbox 271 1235 977 1274; baseline -0.004 -6"><span class='ocrx_word' id='word_1_82' title='bbox 271 1239 386 1274; x_wconf 83' lang='lat' dir='ltr'>irretiti,</span> <span class='ocrx_word' id='word_1_83' title='bbox 419 1254 458 1259; x_wconf 94' lang='lat'><em>—</em></span> <span class='ocrx_word' id='word_1_84' title='bbox 488 1237 697 1267; x_wconf 82' lang='lat' dir='ltr'>Poenitentiam</span> <span class='ocrx_word' id='word_1_85' title='bbox 721 1241 819 1274; x_wconf 70' lang='lat' dir='ltr'>agunu</span> <span class='ocrx_word' id='word_1_86' title='bbox 846 1253 884 1258; x_wconf 94' lang='lat'>—</span> <span class='ocrx_word' id='word_1_87' title='bbox 906 1235 977 1265; x_wconf 89' lang='lat' dir='ltr'>Om-</span> 
     </span>
     <span class='ocr_line' id='line_1_26' title="bbox 270 1281 978 1322; baseline -0.003 -11"><span class='ocrx_word' id='word_1_88' title='bbox 270 1290 381 1322; x_wconf 84' lang='lat' dir='ltr'>nesque</span> <span class='ocrx_word' id='word_1_89' title='bbox 404 1281 511 1311; x_wconf 84' lang='lat' dir='ltr'>validat</span> <span class='ocrx_word' id='word_1_90' title='bbox 529 1286 611 1311; x_wconf 88' lang='lat' dir='ltr'>actus</span> <span class='ocrx_word' id='word_1_91' title='bbox 631 1281 732 1310; x_wconf 82' lang='lat' dir='ltr'>civiles</span> <span class='ocrx_word' id='word_1_92' title='bbox 752 1285 819 1310; x_wconf 89' lang='lat' dir='ltr'>tunc</span> <span class='ocrx_word' id='word_1_93' title='bbox 839 1281 978 1319; x_wconf 87' lang='lat' dir='ltr'>temporis</span> 
     </span>
     <span class='ocr_line' id='line_1_27' title="bbox 271 1324 978 1364; baseline -0.004 -8"><span class='ocrx_word' id='word_1_94' title='bbox 271 1326 373 1356; x_wconf 79' lang='lat' dir='ltr'>factos.</span> <span class='ocrx_word' id='word_1_95' title='bbox 406 1343 445 1349; x_wconf 91' lang='lat'><strong>—</strong></span> <span class='ocrx_word' id='word_1_96' title='bbox 471 1325 607 1364; x_wconf 85' lang='lat' dir='ltr'>Bonaque</span> <span class='ocrx_word' id='word_1_97' title='bbox 631 1325 727 1354; x_wconf 87' lang='lat' dir='ltr'>omnia</span> <span class='ocrx_word' id='word_1_98' title='bbox 752 1329 779 1353; x_wconf 91' lang='lat' dir='ltr'>et</span> <span class='ocrx_word' id='word_1_99' title='bbox 810 1324 978 1363; x_wconf 71' lang='lat' dir='ltr'>privilegia,</span> 
     </span>
     <span class='ocr_line' id='line_1_28' title="bbox 270 1368 977 1407; baseline -0.004 -7"><span class='ocrx_word' id='word_1_100' title='bbox 270 1371 579 1407; x_wconf 77' lang='lat' dir='ltr'>consuetudines,etc.‚</span> <span class='ocrx_word' id='word_1_101' title='bbox 591 1372 633 1399; x_wconf 86' lang='lat' dir='ltr'>eis</span> <span class='ocrx_word' id='word_1_102' title='bbox 649 1370 808 1399; x_wconf 81' lang='lat' dir='ltr'>confirmat.</span> <span class='ocrx_word' id='word_1_103' title='bbox 821 1385 860 1390; x_wconf 97' lang='lat'><strong>—</strong></span> <span class='ocrx_word' id='word_1_104' title='bbox 874 1368 977 1398; x_wconf 88' lang='lat' dir='ltr'>Omnia</span> 
     </span>
     <span class='ocr_line' id='line_1_29' title="bbox 271 1413 977 1452; baseline -0.003 -8"><span class='ocrx_word' id='word_1_105' title='bbox 271 1420 368 1445; x_wconf 85' lang='lat' dir='ltr'>contra</span> <span class='ocrx_word' id='word_1_106' title='bbox 402 1423 452 1445; x_wconf 90' lang='lat' dir='ltr'>eos</span> <span class='ocrx_word' id='word_1_107' title='bbox 484 1419 547 1444; x_wconf 83' lang='lat' dir='ltr'>acta</span> <span class='ocrx_word' id='word_1_108' title='bbox 573 1415 708 1444; x_wconf 79' lang='lat' dir='ltr'>infirmat.</span> <span class='ocrx_word' id='word_1_109' title='bbox 736 1430 774 1434; x_wconf 96' lang='lat'><strong>—</strong></span> <span class='ocrx_word' id='word_1_110' title='bbox 805 1413 977 1452; x_wconf 70' lang='lat' dir='ltr'>Perpetuam</span> 
     </span>
    </p>
   </div>
   <div class='ocr_carea' id='block_1_13' title="bbox 269 1458 979 1534">
    <p class='ocr_par' dir='ltr' id='par_1_14' title="bbox 269 1458 979 1534">
     <span class='ocr_line' id='line_1_30' title="bbox 271 1458 979 1494; baseline -0.003 -6"><span class='ocrx_word' id='word_1_111' title='bbox 271 1460 367 1489; x_wconf 78' lang='lat' dir='ltr'><strong>sancit</strong></span> <span class='ocrx_word' id='word_1_112' title='bbox 387 1459 462 1489; x_wconf 86' lang='lat' dir='ltr'>inter</span> <span class='ocrx_word' id='word_1_113' title='bbox 484 1459 561 1488; x_wconf 86' lang='lat' dir='ltr'>cives</span> <span class='ocrx_word' id='word_1_114' title='bbox 581 1463 607 1487; x_wconf 89' lang='lat' dir='ltr'>et</span> <span class='ocrx_word' id='word_1_115' title='bbox 628 1458 788 1487; x_wconf 75' lang='lat' dir='ltr'>Commune</span> <span class='ocrx_word' id='word_1_116' title='bbox 814 1467 923 1494; x_wconf 82' lang='lat' dir='ltr'>pacem.</span> <span class='ocrx_word' id='word_1_117' title='bbox 941 1474 979 1479; x_wconf 88' lang='lat'>—</span> 
     </span>
     <span class='ocr_line' id='line_1_31' title="bbox 269 1503 435 1534; baseline -0.012 0"><span class='ocrx_word' id='word_1_118' title='bbox 269 1503 435 1534; x_wconf 81' lang='lat' dir='ltr'>Clausulae.</span> 
     </span>
    </p>
   </div>
   <div class='ocr_carea' id='block_1_14' title="bbox 229 1578 979 1661">
    <p class='ocr_par' dir='ltr' id='par_1_15' title="bbox 229 1578 979 1661">
     <span class='ocr_line' id='line_1_32' title="bbox 229 1578 979 1616; baseline -0.005 -6"><span class='ocrx_word' id='word_1_119' title='bbox 229 1579 398 1610; x_wconf 70' lang='lat' dir='ltr'>mooentius</span> <span class='ocrx_word' id='word_1_120' title='bbox 410 1580 552 1616; x_wconf 78' lang='lat' dir='ltr'>episcopus</span> <span class='ocrx_word' id='word_1_121' title='bbox 575 1585 670 1609; x_wconf 79' lang='lat' dir='ltr'>servus</span> <span class='ocrx_word' id='word_1_122' title='bbox 693 1585 832 1608; x_wconf 82' lang='lat' dir='ltr'>servorum</span> <span class='ocrx_word' id='word_1_123' title='bbox 847 1578 903 1610; x_wconf 79' lang='lat' dir='ltr'>Dei.</span> <span class='ocrx_word' id='word_1_124' title='bbox 931 1585 979 1614; x_wconf 85' lang='lat' dir='ltr'>po-</span> 
     </span>
     <span class='ocr_line' id='line_1_33' title="bbox 275 1627 916 1661; baseline -0.005 -3"><span class='ocrx_word' id='word_1_125' title='bbox 275 1629 388 1661; x_wconf 73' lang='lat' dir='ltr'>testati.</span> <span class='ocrx_word' id='word_1_126' title='bbox 413 1629 535 1661; x_wconf 79' lang='lat' dir='ltr'>oonsilio,</span> <span class='ocrx_word' id='word_1_127' title='bbox 555 1630 585 1657; x_wconf 82' lang='lat' dir='ltr'>et</span> <span class='ocrx_word' id='word_1_128' title='bbox 608 1628 745 1657; x_wconf 85' lang='lat' dir='ltr'>Communi</span> <span class='ocrx_word' id='word_1_129' title='bbox 768 1627 916 1656; x_wconf 79' lang='lat' dir='ltr'>viterbien.</span> 
     </span>
    </p>
   </div>
   <div class='ocr_carea' id='block_1_15' title="bbox 231 1699 987 2587">
    <p class='ocr_par' dir='ltr' id='par_1_16' title="bbox 231 1699 987 2587">
     <span class='ocr_line' id='line_1_34' title="bbox 279 1699 980 1736; baseline -0.006 0"><span class='ocrx_word' id='word_1_130' title='bbox 279 1701 347 1736; x_wconf 88' lang='lat' dir='ltr'>Non</span> <span class='ocrx_word' id='word_1_131' title='bbox 370 1708 417 1736; x_wconf 89' lang='lat' dir='ltr'>est</span> <span class='ocrx_word' id='word_1_132' title='bbox 438 1701 468 1734; x_wconf 88' lang='lat' dir='ltr'>in</span> <span class='ocrx_word' id='word_1_133' title='bbox 496 1700 578 1735; x_wconf 91' lang='lat' dir='ltr'>iusto</span> <span class='ocrx_word' id='word_1_134' title='bbox 601 1699 752 1734; x_wconf 89' lang='lat' dir='ltr'>malorum</span> <span class='ocrx_word' id='word_1_135' title='bbox 775 1699 897 1733; x_wconf 80' lang='lat' dir='ltr'>vindice</span> <span class='ocrx_word' id='word_1_136' title='bbox 918 1699 980 1733; x_wconf 89' lang='lat' dir='ltr'>lan-</span> 
     </span>
     <span class='ocr_line' id='line_1_35' title="bbox 231 1748 978 1797; baseline -0.005 -11"><span class='ocrx_word' id='word_1_137' title='bbox 231 1750 356 1797; x_wconf 78' lang='lat' dir='ltr'>guentis</span> <span class='ocrx_word' id='word_1_138' title='bbox 383 1762 534 1785; x_wconf 81' lang='lat' dir='ltr'>censurae</span> <span class='ocrx_word' id='word_1_139' title='bbox 561 1748 695 1784; x_wconf 88' lang='lat' dir='ltr'>notanda</span> <span class='ocrx_word' id='word_1_140' title='bbox 723 1748 888 1791; x_wconf 61' lang='lat' dir='ltr'>mollities³</span> <span class='ocrx_word' id='word_1_141' title='bbox 924 1749 978 1782; x_wconf 86' lang='lat' dir='ltr'>sed</span> 
     </span>
     <span class='ocr_line' id='line_1_36' title="bbox 233 1798 980 1846; baseline -0.004 -12"><span class='ocrx_word' id='word_1_142' title='bbox 233 1799 404 1846; x_wconf 80' lang='lat' dir='ltr'>prudenter</span> <span class='ocrx_word' id='word_1_143' title='bbox 425 1798 608 1834; x_wconf 72' lang='lat' dir='ltr'>subvenisse</span> <span class='ocrx_word' id='word_1_144' title='bbox 645 1798 799 1832; x_wconf 88' lang='lat' dir='ltr'>maiorum</span> <span class='ocrx_word' id='word_1_145' title='bbox 832 1798 980 1832; x_wconf 79' lang='lat' dir='ltr'>sanandis</span> 
     </span>
     <span class='ocr_line' id='line_1_37' title="bbox 232 1847 979 1895; baseline -0.003 -12"><span class='ocrx_word' id='word_1_146' title='bbox 232 1848 413 1883; x_wconf 85' lang='lat' dir='ltr'>morborum</span> <span class='ocrx_word' id='word_1_147' title='bbox 437 1847 580 1895; x_wconf 77' lang='lat' dir='ltr'>pestibus</span> <span class='ocrx_word' id='word_1_148' title='bbox 601 1847 736 1882; x_wconf 85' lang='lat' dir='ltr'>charitas</span> <span class='ocrx_word' id='word_1_149' title='bbox 758 1847 979 1881; x_wconf 87' lang='lat' dir='ltr'>commendan-</span> 
     </span>
     <span class='ocr_line' id='line_1_38' title="bbox 232 1896 978 1946; baseline -0.004 -13"><span class='ocrx_word' id='word_1_150' title='bbox 232 1898 289 1937; x_wconf 86' lang='lat' dir='ltr'>da</span> <span class='ocrx_word' id='word_1_151' title='bbox 327 1898 475 1946; x_wconf 88' lang='lat' dir='ltr'>quotiens</span> <span class='ocrx_word' id='word_1_152' title='bbox 509 1897 603 1944; x_wconf 82' lang='lat' dir='ltr'>digno</span> <span class='ocrx_word' id='word_1_153' title='bbox 636 1896 845 1944; x_wconf 88' lang='lat' dir='ltr'>poenitentiae</span> <span class='ocrx_word' id='word_1_154' title='bbox 881 1899 978 1930; x_wconf 87' lang='lat' dir='ltr'>tructu</span> 
     </span>
     <span class='ocr_line' id='line_1_39' title="bbox 233 1945 980 2002; baseline -0.003 -20"><span class='ocrx_word' id='word_1_155' title='bbox 233 1947 410 1983; x_wconf 77' lang='lat' dir='ltr'>redimente</span> <span class='ocrx_word' id='word_1_156' title='bbox 431 1948 647 2002; x_wconf 80' lang='lat' dir='ltr'>commissum,</span> <span class='ocrx_word' id='word_1_157' title='bbox 674 1958 754 1981; x_wconf 84' lang='lat' dir='ltr'>circa</span> <span class='ocrx_word' id='word_1_158' title='bbox 777 1958 842 1986; x_wconf 77' lang='lat' dir='ltr'>eos,</span> <span class='ocrx_word' id='word_1_159' title='bbox 865 1946 918 1993; x_wconf 90' lang='lat' dir='ltr'>qui</span> <span class='ocrx_word' id='word_1_160' title='bbox 942 1945 980 1980; x_wconf 85' lang='lat' dir='ltr'>ab</span> 
     </span>
     <span class='ocr_line' id='line_1_40' title="bbox 234 1995 978 2045; baseline -0.004 -13"><span class='ocrx_word' id='word_1_161' title='bbox 234 1998 394 2045; x_wconf 73' lang='lat' dir='ltr'>impietate</span> <span class='ocrx_word' id='word_1_162' title='bbox 420 1996 574 2036; x_wconf 82' lang='lat' dir='ltr'>conversi,</span> <span class='ocrx_word' id='word_1_163' title='bbox 604 1995 753 2031; x_wconf 85' lang='lat' dir='ltr'>desinunt</span> <span class='ocrx_word' id='word_1_164' title='bbox 789 2008 857 2030; x_wconf 87' lang='lat' dir='ltr'>csse</span> <span class='ocrx_word' id='word_1_165' title='bbox 896 1995 978 2043; x_wconf 88' lang='lat' dir='ltr'>quod</span> 
     </span>
     <span class='ocr_line' id='line_1_41' title="bbox 235 2045 980 2092; baseline -0.004 -11"><span class='ocrx_word' id='word_1_166' title='bbox 235 2047 369 2088; x_wconf 86' lang='lat' dir='ltr'>fuerant,</span> <span class='ocrx_word' id='word_1_167' title='bbox 411 2045 624 2080; x_wconf 81' lang='lat' dir='ltr'>misericordia</span> <span class='ocrx_word' id='word_1_168' title='bbox 666 2045 899 2092; x_wconf 70' lang='lat' dir='ltr'>superexaltans</span> <span class='ocrx_word' id='word_1_169' title='bbox 933 2058 980 2078; x_wconf 85' lang='lat' dir='ltr'>iu-</span> 
     </span>
     <span class='ocr_line' id='line_1_42' title="bbox 235 2094 981 2141; baseline -0.003 -11"><span class='ocrx_word' id='word_1_170' title='bbox 235 2097 366 2136; x_wconf 84' lang='lat' dir='ltr'>dicium,</span> <span class='ocrx_word' id='word_1_171' title='bbox 401 2095 502 2130; x_wconf 90' lang='lat' dir='ltr'>zelum</span> <span class='ocrx_word' id='word_1_172' title='bbox 525 2094 649 2130; x_wconf 79' lang='lat' dir='ltr'>exhibet</span> <span class='ocrx_word' id='word_1_173' title='bbox 671 2095 862 2141; x_wconf 87' lang='lat' dir='ltr'>disciplinae</span> <span class='ocrx_word' id='word_1_174' title='bbox 898 2094 981 2129; x_wconf 88' lang='lat' dir='ltr'>Sane</span> 
     </span>
     <span class='ocr_line' id='line_1_43' title="bbox 236 2144 981 2191; baseline -0.003 -11"><span class='ocrx_word' id='word_1_175' title='bbox 236 2148 306 2181; x_wconf 80' lang='lat' dir='ltr'>licet</span> <span class='ocrx_word' id='word_1_176' title='bbox 321 2144 473 2180; x_wconf 88' lang='lat' dir='ltr'>adversus</span> <span class='ocrx_word' id='word_1_177' title='bbox 486 2157 551 2187; x_wconf 93' lang='lat' dir='ltr'>eos</span> <span class='ocrx_word' id='word_1_178' title='bbox 573 2144 626 2191; x_wconf 86' lang='lat' dir='ltr'>qui</span> <span class='ocrx_word' id='word_1_179' title='bbox 645 2153 734 2191; x_wconf 86' lang='lat' dir='ltr'>rupto</span> <span class='ocrx_word' id='word_1_180' title='bbox 754 2144 825 2178; x_wconf 79' lang='lat' dir='ltr'>fidei</span> <span class='ocrx_word' id='word_1_181' title='bbox 843 2144 981 2187; x_wconf 79' lang='lat' dir='ltr'>foedere,</span> 
     </span>
     <span class='ocr_line' id='line_1_44' title="bbox 235 2193 983 2243; baseline -0.004 -13"><span class='ocrx_word' id='word_1_182' title='bbox 235 2207 298 2243; x_wconf 90' lang='lat' dir='ltr'>quo</span> <span class='ocrx_word' id='word_1_183' title='bbox 333 2194 408 2229; x_wconf 86' lang='lat' dir='ltr'>Sedi</span> <span class='ocrx_word' id='word_1_184' title='bbox 437 2194 637 2239; x_wconf 87' lang='lat' dir='ltr'>Apostolicae</span> <span class='ocrx_word' id='word_1_185' title='bbox 668 2193 872 2231; x_wconf 81' lang='lat' dir='ltr'>tenebantur</span> <span class='ocrx_word' id='word_1_186' title='bbox 909 2205 983 2240; x_wconf 87' lang='lat' dir='ltr'>per-</span> 
     </span>
     <span class='ocr_line' id='line_1_45' title="bbox 235 2242 983 2280; baseline -0.005 0"><span class='ocrx_word' id='word_1_187' title='bbox 235 2243 436 2280; x_wconf 88' lang='lat' dir='ltr'>secutoribus</span> <span class='ocrx_word' id='word_1_188' title='bbox 462 2243 622 2278; x_wconf 80' lang='lat' dir='ltr'>Ecclesiae</span> <span class='ocrx_word' id='word_1_189' title='bbox 649 2244 678 2276; x_wconf 90' lang='lat' dir='ltr'>in</span> <span class='ocrx_word' id='word_1_190' title='bbox 714 2243 837 2277; x_wconf 88' lang='lat' dir='ltr'>instanti</span> <span class='ocrx_word' id='word_1_191' title='bbox 874 2242 983 2277; x_wconf 89' lang='lat' dir='ltr'>turba-</span> 
     </span>
     <span class='ocr_line' id='line_1_46' title="bbox 235 2292 983 2340; baseline -0.005 -11"><span class='ocrx_word' id='word_1_192' title='bbox 235 2304 320 2329; x_wconf 89' lang='lat' dir='ltr'>tone</span> <span class='ocrx_word' id='word_1_193' title='bbox 344 2294 488 2340; x_wconf 89' lang='lat' dir='ltr'>nequiter</span> <span class='ocrx_word' id='word_1_194' title='bbox 510 2292 730 2331; x_wconf 84' lang='lat' dir='ltr'>adhaeserunt,</span> <span class='ocrx_word' id='word_1_195' title='bbox 758 2293 802 2326; x_wconf 88' lang='lat' dir='ltr'>sic</span> <span class='ocrx_word' id='word_1_196' title='bbox 826 2305 894 2327; x_wconf 85' lang='lat' dir='ltr'>esse</span> <span class='ocrx_word' id='word_1_197' title='bbox 918 2303 983 2338; x_wconf 89' lang='lat' dir='ltr'>pro-</span> 
     </span>
     <span class='ocr_line' id='line_1_47' title="bbox 235 2340 982 2388; baseline -0.001 -12"><span class='ocrx_word' id='word_1_198' title='bbox 235 2355 390 2388; x_wconf 73' lang='lat' dir='ltr'>ponamus</span> <span class='ocrx_word' id='word_1_199' title='bbox 417 2344 447 2376; x_wconf 90' lang='lat' dir='ltr'>in</span> <span class='ocrx_word' id='word_1_200' title='bbox 484 2341 666 2387; x_wconf 77' lang='lat' dir='ltr'>castigando</span> <span class='ocrx_word' id='word_1_201' title='bbox 699 2342 811 2381; x_wconf 83' lang='lat' dir='ltr'>severi,</span> <span class='ocrx_word' id='word_1_202' title='bbox 839 2341 922 2388; x_wconf 88' lang='lat' dir='ltr'>quod</span> <span class='ocrx_word' id='word_1_203' title='bbox 946 2340 982 2375; x_wconf 90' lang='lat' dir='ltr'>ad</span> 
     </span>
     <span class='ocr_line' id='line_1_48' title="bbox 236 2391 983 2428; baseline -0.003 -2"><span class='ocrx_word' id='word_1_204' title='bbox 236 2393 304 2428; x_wconf 88' lang='lat' dir='ltr'>illos</span> <span class='ocrx_word' id='word_1_205' title='bbox 325 2391 365 2427; x_wconf 87' lang='lat' dir='ltr'>de</span> <span class='ocrx_word' id='word_1_206' title='bbox 393 2391 593 2426; x_wconf 84' lang='lat' dir='ltr'>misericordi</span> <span class='ocrx_word' id='word_1_207' title='bbox 623 2399 799 2425; x_wconf 89' lang='lat' dir='ltr'>nostrorum</span> <span class='ocrx_word' id='word_1_208' title='bbox 829 2392 983 2425; x_wconf 78' lang='lat' dir='ltr'>viscerum</span> 
     </span>
     <span class='ocr_line' id='line_1_49' title="bbox 235 2439 986 2489; baseline -0.003 -14"><span class='ocrx_word' id='word_1_209' title='bbox 235 2443 360 2477; x_wconf 74' lang='lat' dir='ltr'>ienitate</span> <span class='ocrx_word' id='word_1_210' title='bbox 381 2441 487 2489; x_wconf 84' lang='lat' dir='ltr'>aliqua·</span> <span class='ocrx_word' id='word_1_211' title='bbox 507 2440 727 2486; x_wconf 85' lang='lat' dir='ltr'>dispendiosae</span> <span class='ocrx_word' id='word_1_212' title='bbox 743 2439 986 2485; x_wconf 82' lang='lat' dir='ltr'>dispensationis</span> 
     </span>
     <span class='ocr_line' id='line_1_50' title="bbox 236 2489 987 2538; baseline -0.004 -12"><span class='ocrx_word' id='word_1_213' title='bbox 236 2492 332 2533; x_wconf 65' lang='lat' dir='ltr'>gratia</span> <span class='ocrx_word' id='word_1_214' title='bbox 368 2503 432 2525; x_wconf 91' lang='lat' dir='ltr'>non</span> <span class='ocrx_word' id='word_1_215' title='bbox 456 2490 617 2538; x_wconf 81' lang='lat' dir='ltr'>procedat,</span> <span class='ocrx_word' id='word_1_216' title='bbox 641 2501 720 2536; x_wconf 87' lang='lat' dir='ltr'>quae</span> <span class='ocrx_word' id='word_1_217' title='bbox 741 2490 870 2535; x_wconf 87' lang='lat' dir='ltr'>posteris</span> <span class='ocrx_word' id='word_1_218' title='bbox 892 2490 921 2523; x_wconf 88' lang='lat' dir='ltr'>in</span> <span class='ocrx_word' id='word_1_219' title='bbox 944 2489 987 2523; x_wconf 92' lang='lat' dir='ltr'>si-</span> 
     </span>
     <span class='ocr_line' id='line_1_51' title="bbox 237 2538 986 2587; baseline 0 -15"><span class='ocrx_word' id='word_1_220' title='bbox 237 2540 364 2574; x_wconf 76' lang='lat' dir='ltr'>milibus</span> <span class='ocrx_word' id='word_1_221' title='bbox 399 2540 599 2587; x_wconf 90' lang='lat' dir='ltr'>impuuitatis</span> <span class='ocrx_word' id='word_1_222' title='bbox 638 2538 783 2573; x_wconf 81' lang='lat' dir='ltr'>fiduciam</span> <span class='ocrx_word' id='word_1_223' title='bbox 822 2538 986 2586; x_wconf 73' lang='lat' dir='ltr'>praebeat,</span> 
     </span>
    </p>
   </div>
   <div class='ocr_carea' id='block_1_16' title="bbox 238 2602 978 2679">
    <p class='ocr_par' dir='ltr' id='par_1_17' title="bbox 238 2602 978 2679">
     <span class='ocr_line' id='line_1_52' title="bbox 270 2602 978 2640; baseline 0 -10"><span class='ocrx_word' id='word_1_224' title='bbox 270 2605 308 2638; x_wconf 86' lang='lat' dir='ltr'>(t)</span> <span class='ocrx_word' id='word_1_225' title='bbox 319 2602 364 2632; x_wconf 52' lang='lat' dir='ltr'>‘Ex</span> <span class='ocrx_word' id='word_1_226' title='bbox 381 2605 485 2640; x_wconf 76' lang='lat' dir='ltr'>Regest.</span> <span class='ocrx_word' id='word_1_227' title='bbox 501 2604 676 2632; x_wconf 87' lang='lat' dir='ltr'>Vatic.edidit</span> <span class='ocrx_word' id='word_1_228' title='bbox 688 2603 802 2638; x_wconf 80' lang='lat' dir='ltr'>Ughell.,</span> <span class='ocrx_word' id='word_1_229' title='bbox 816 2606 878 2630; x_wconf 87' lang='lat' dir='ltr'>tom.</span> <span class='ocrx_word' id='word_1_230' title='bbox 898 2611 916 2635; x_wconf 82' lang='lat' dir='ltr'>i,</span> <span class='ocrx_word' id='word_1_231' title='bbox 930 2612 978 2639; x_wconf 83' lang='lat' dir='ltr'>pag</span> 
     </span>
     <span class='ocr_line' id='line_1_53' title="bbox 238 2644 740 2679; baseline -0.004 -9"><span class='ocrx_word' id='word_1_232' title='bbox 238 2646 315 2678; x_wconf 64' lang='lat' dir='ltr'>tnta,</span> <span class='ocrx_word' id='word_1_233' title='bbox 335 2646 375 2671; x_wconf 76' lang='lat' dir='ltr'>:tbi</span> <span class='ocrx_word' id='word_1_234' title='bbox 400 2644 434 2672; x_wconf 88' lang='lat' dir='ltr'>de</span> <span class='ocrx_word' id='word_1_235' title='bbox 449 2645 592 2672; x_wconf 81' lang='lat' dir='ltr'>viterbien.</span> <span class='ocrx_word' id='word_1_236' title='bbox 611 2644 740 2679; x_wconf 70' lang='lat' dir='ltr'>episcopis</span> 
     </span>
    </p>
   </div>
   <div class='ocr_carea' id='block_1_17' title="bbox 1020 242 1772 2678">
    <p class='ocr_par' dir='ltr' id='par_1_18' title="bbox 1654 242 1722 275">
     <span class='ocr_line' id='line_1_54' title="bbox 1654 242 1722 275; baseline -0.015 -1"><span class='ocrx_word' id='word_1_237' title='bbox 1654 242 1722 275; x_wconf 68' lang='lat'>519</span> 
     </span>
    </p>

    <p class='ocr_par' dir='ltr' id='par_1_19' title="bbox 1020 307 1772 2678">
     <span class='ocr_line' id='line_1_55' title="bbox 1027 307 1770 362; baseline -0.004 -20"><span class='ocrx_word' id='word_1_238' title='bbox 1027 309 1073 344; x_wconf 85' lang='lat' dir='ltr'>vel</span> <span class='ocrx_word' id='word_1_239' title='bbox 1102 308 1292 343; x_wconf 82' lang='lat' dir='ltr'>incentivum</span> <span class='ocrx_word' id='word_1_240' title='bbox 1317 317 1420 362; x_wconf 75' lang='lat' dir='ltr'>pareat</span> <span class='ocrx_word' id='word_1_241' title='bbox 1442 307 1663 362; x_wconf 80' lang='lat' dir='ltr'>delinquendi;</span> <span class='ocrx_word' id='word_1_242' title='bbox 1696 307 1770 341; x_wconf 69' lang='lat' dir='ltr'>utilt</span> 
     </span>
     <span class='ocr_line' id='line_1_56' title="bbox 1025 356 1771 402; baseline -0.004 -9"><span class='ocrx_word' id='word_1_243' title='bbox 1025 367 1152 402; x_wconf 87' lang='lat' dir='ltr'>tamen,</span> <span class='ocrx_word' id='word_1_244' title='bbox 1186 365 1215 392; x_wconf 89' lang='lat' dir='ltr'>et</span> <span class='ocrx_word' id='word_1_245' title='bbox 1250 369 1459 392; x_wconf 87' lang='lat' dir='ltr'>necessarmm</span> <span class='ocrx_word' id='word_1_246' title='bbox 1495 356 1627 391; x_wconf 83' lang='lat' dir='ltr'>civitatis</span> <span class='ocrx_word' id='word_1_247' title='bbox 1653 364 1771 392; x_wconf 83' lang='lat' dir='ltr'>vestrae</span> 
     </span>
     <span class='ocr_line' id='line_1_57' title="bbox 1026 404 1772 454; baseline -0.004 -12"><span class='ocrx_word' id='word_1_248' title='bbox 1026 407 1237 443; x_wconf 75' lang='lat' dir='ltr'>reformationi</span> <span class='ocrx_word' id='word_1_249' title='bbox 1275 406 1442 454; x_wconf 81' lang='lat' dir='ltr'>pacificae</span> <span class='ocrx_word' id='word_1_250' title='bbox 1469 419 1505 441; x_wconf 90' lang='lat' dir='ltr'>ac</span> <span class='ocrx_word' id='word_1_251' title='bbox 1547 404 1772 440; x_wconf 81' lang='lat' dir='ltr'>communibus</span> 
     </span>
     <span class='ocr_line' id='line_1_58' title="bbox 1024 455 1769 503; baseline -0.005 -11"><span class='ocrx_word' id='word_1_252' title='bbox 1024 456 1165 492; x_wconf 90' lang='lat' dir='ltr'>eiusdem</span> <span class='ocrx_word' id='word_1_253' title='bbox 1194 455 1386 503; x_wconf 81' lang='lat' dir='ltr'>profectibus</span> <span class='ocrx_word' id='word_1_254' title='bbox 1421 456 1521 490; x_wconf 69' lang='lat' dir='ltr'>visum</span> <span class='ocrx_word' id='word_1_255' title='bbox 1554 455 1627 495; x_wconf 90' lang='lat' dir='ltr'>fuit,</span> <span class='ocrx_word' id='word_1_256' title='bbox 1661 463 1698 490; x_wconf 85' lang='lat' dir='ltr'>ut</span> <span class='ocrx_word' id='word_1_257' title='bbox 1732 455 1769 489; x_wconf 89' lang='lat' dir='ltr'>ad</span> 
     </span>
     <span class='ocr_line' id='line_1_59' title="bbox 1024 504 1771 552; baseline -0.003 -11"><span class='ocrx_word' id='word_1_258' title='bbox 1024 505 1232 542; x_wconf 88' lang='lat' dir='ltr'>roborandum</span> <span class='ocrx_word' id='word_1_259' title='bbox 1258 506 1341 552; x_wconf 87' lang='lat' dir='ltr'>pacis</span> <span class='ocrx_word' id='word_1_260' title='bbox 1363 505 1493 545; x_wconf 83' lang='lat' dir='ltr'>bonum,</span> <span class='ocrx_word' id='word_1_261' title='bbox 1516 504 1600 552; x_wconf 91' lang='lat' dir='ltr'>quod</span> <span class='ocrx_word' id='word_1_262' title='bbox 1620 504 1699 539; x_wconf 88' lang='lat' dir='ltr'>inter</span> <span class='ocrx_word' id='word_1_263' title='bbox 1717 517 1771 539; x_wconf 86' lang='lat' dir='ltr'>vos</span> 
     </span>
     <span class='ocr_line' id='line_1_60' title="bbox 1023 553 1770 609; baseline -0.004 -18"><span class='ocrx_word' id='word_1_264' title='bbox 1023 565 1053 591; x_wconf 92' lang='lat' dir='ltr'>et</span> <span class='ocrx_word' id='word_1_265' title='bbox 1073 555 1220 591; x_wconf 89' lang='lat' dir='ltr'>concives</span> <span class='ocrx_word' id='word_1_266' title='bbox 1239 563 1357 590; x_wconf 79' lang='lat' dir='ltr'>vestros</span> <span class='ocrx_word' id='word_1_267' title='bbox 1378 554 1530 589; x_wconf 83' lang='lat' dir='ltr'>hactenus</span> <span class='ocrx_word' id='word_1_268' title='bbox 1552 553 1669 598; x_wconf 81' lang='lat' dir='ltr'>exules,</span> <span class='ocrx_word' id='word_1_269' title='bbox 1686 565 1770 609; x_wconf 81' lang='lat' dir='ltr'>quos</span> 
     </span>
     <span class='ocr_line' id='line_1_61' title="bbox 1023 603 1767 640; baseline -0.007 0"><span class='ocrx_word' id='word_1_270' title='bbox 1023 618 1039 640; x_wconf 93' lang='lat' dir='ltr'>a</span> <span class='ocrx_word' id='word_1_271' title='bbox 1065 605 1288 640; x_wconf 81' lang='lat' dir='ltr'>communione</span> <span class='ocrx_word' id='word_1_272' title='bbox 1315 604 1448 639; x_wconf 84' lang='lat' dir='ltr'>civitatis</span> <span class='ocrx_word' id='word_1_273' title='bbox 1479 603 1622 638; x_wconf 85' lang='lat' dir='ltr'>eiusdem</span> <span class='ocrx_word' id='word_1_274' title='bbox 1651 603 1767 638; x_wconf 78' lang='lat' dir='ltr'>inimici</span> 
     </span>
     <span class='ocr_line' id='line_1_62' title="bbox 1024 652 1767 700; baseline -0.004 -11"><span class='ocrx_word' id='word_1_275' title='bbox 1024 655 1159 690; x_wconf 85' lang='lat' dir='ltr'>hominis</span> <span class='ocrx_word' id='word_1_276' title='bbox 1198 653 1374 700; x_wconf 83' lang='lat' dir='ltr'>malignitas</span> <span class='ocrx_word' id='word_1_277' title='bbox 1415 660 1647 700; x_wconf 84' lang='lat' dir='ltr'>sequestrarat,</span> <span class='ocrx_word' id='word_1_278' title='bbox 1685 652 1767 688; x_wconf 83' lang='lat' dir='ltr'>iuxta</span> 
     </span>
     <span class='ocr_line' id='line_1_63' title="bbox 1023 704 1768 750; baseline -0.004 -11"><span class='ocrx_word' id='word_1_279' title='bbox 1023 704 1126 739; x_wconf 87' lang='lat' dir='ltr'>cordis</span> <span class='ocrx_word' id='word_1_280' title='bbox 1148 704 1243 739; x_wconf 81' lang='lat' dir='ltr'>nostri</span> <span class='ocrx_word' id='word_1_281' title='bbox 1261 711 1385 743; x_wconf 85' lang='lat' dir='ltr'>votum,</span> <span class='ocrx_word' id='word_1_282' title='bbox 1408 711 1436 737; x_wconf 90' lang='lat' dir='ltr'>et</span> <span class='ocrx_word' id='word_1_283' title='bbox 1457 711 1620 750; x_wconf 86' lang='lat' dir='ltr'>paternum</span> <span class='ocrx_word' id='word_1_284' title='bbox 1645 711 1768 738; x_wconf 87' lang='lat' dir='ltr'>nostrae</span> 
     </span>
     <span class='ocr_line' id='line_1_64' title="bbox 1023 750 1767 798; baseline -0.003 -11"><span class='ocrx_word' id='word_1_285' title='bbox 1023 754 1203 789; x_wconf 87' lang='lat' dir='ltr'>intentionis</span> <span class='ocrx_word' id='word_1_286' title='bbox 1240 753 1385 788; x_wconf 82' lang='lat' dir='ltr'>affectum</span> <span class='ocrx_word' id='word_1_287' title='bbox 1421 751 1557 787; x_wconf 91' lang='lat' dir='ltr'>Domino</span> <span class='ocrx_word' id='word_1_288' title='bbox 1592 750 1767 798; x_wconf 83' lang='lat' dir='ltr'>perficiente</span> 
     </span>
     <span class='ocr_line' id='line_1_65' title="bbox 1023 800 1767 858; baseline -0.005 -20"><span class='ocrx_word' id='word_1_289' title='bbox 1023 803 1174 858; x_wconf 84' lang='lat' dir='ltr'>pervenit,</span> <span class='ocrx_word' id='word_1_290' title='bbox 1203 803 1301 850; x_wconf 83' lang='lat' dir='ltr'>rigor</span> <span class='ocrx_word' id='word_1_291' title='bbox 1315 814 1408 850; x_wconf 89' lang='lat' dir='ltr'>quem</span> <span class='ocrx_word' id='word_1_292' title='bbox 1436 802 1465 835; x_wconf 90' lang='lat' dir='ltr'>in</span> <span class='ocrx_word' id='word_1_293' title='bbox 1491 800 1683 848; x_wconf 83' lang='lat' dir='ltr'>pertinacem</span> <span class='ocrx_word' id='word_1_294' title='bbox 1710 813 1767 835; x_wconf 89' lang='lat' dir='ltr'>re—</span> 
     </span>
     <span class='ocr_line' id='line_1_66' title="bbox 1021 850 1766 898; baseline -0.004 -11"><span class='ocrx_word' id='word_1_295' title='bbox 1021 852 1194 888; x_wconf 74' lang='lat' dir='ltr'>sistentiam</span> <span class='ocrx_word' id='word_1_296' title='bbox 1230 851 1399 898; x_wconf 83' lang='lat' dir='ltr'>apostolica</span> <span class='ocrx_word' id='word_1_297' title='bbox 1445 851 1559 886; x_wconf 89' lang='lat' dir='ltr'>iustitia</span> <span class='ocrx_word' id='word_1_298' title='bbox 1584 850 1766 893; x_wconf 86' lang='lat' dir='ltr'>tetenderat,</span> 
     </span>
     <span class='ocr_line' id='line_1_67' title="bbox 1022 899 1767 949; baseline -0.003 -13"><span class='ocrx_word' id='word_1_299' title='bbox 1022 902 1143 949; x_wconf 90' lang='lat' dir='ltr'>pietatis</span> <span class='ocrx_word' id='word_1_300' title='bbox 1176 901 1308 937; x_wconf 91' lang='lat' dir='ltr'>consilio</span> <span class='ocrx_word' id='word_1_301' title='bbox 1335 899 1521 936; x_wconf 84' lang='lat' dir='ltr'>molliretur.</span> <span class='ocrx_word' id='word_1_302' title='bbox 1551 900 1586 934; x_wconf 90' lang='lat' dir='ltr'>ln</span> <span class='ocrx_word' id='word_1_303' title='bbox 1612 900 1673 935; x_wconf 89' lang='lat' dir='ltr'>hoc</span> <span class='ocrx_word' id='word_1_304' title='bbox 1694 900 1767 947; x_wconf 86' lang='lat' dir='ltr'>qui-</span> 
     </span>
     <span class='ocr_line' id='line_1_68' title="bbox 1021 950 1767 990; baseline -0.001 -6"><span class='ocrx_word' id='word_1_305' title='bbox 1021 952 1090 986; x_wconf 86' lang='lat' dir='ltr'>dem</span> <span class='ocrx_word' id='word_1_306' title='bbox 1114 951 1243 986; x_wconf 86' lang='lat' dir='ltr'>formam</span> <span class='ocrx_word' id='word_1_307' title='bbox 1268 950 1366 990; x_wconf 78' lang='lat' dir='ltr'>Illius,</span> <span class='ocrx_word' id='word_1_308' title='bbox 1390 950 1479 984; x_wconf 88' lang='lat' dir='ltr'>cuius</span> <span class='ocrx_word' id='word_1_309' title='bbox 1501 950 1598 984; x_wconf 89' lang='lat' dir='ltr'>vicem</span> <span class='ocrx_word' id='word_1_310' title='bbox 1623 950 1653 984; x_wconf 91' lang='lat' dir='ltr'>in</span> <span class='ocrx_word' id='word_1_311' title='bbox 1676 950 1767 984; x_wconf 89' lang='lat' dir='ltr'>terris</span> 
     </span>
     <span class='ocr_line' id='line_1_69' title="bbox 1021 999 1766 1046; baseline -0.001 -12"><span class='ocrx_word' id='word_1_312' title='bbox 1021 1001 1091 1035; x_wconf 87' lang='lat' dir='ltr'>licet</span> <span class='ocrx_word' id='word_1_313' title='bbox 1118 1000 1264 1036; x_wconf 87' lang='lat' dir='ltr'>immeriti</span> <span class='ocrx_word' id='word_1_314' title='bbox 1290 1000 1440 1046; x_wconf 78' lang='lat' dir='ltr'>gerimus,</span> <span class='ocrx_word' id='word_1_315' title='bbox 1474 1011 1535 1034; x_wconf 91' lang='lat' dir='ltr'>non</span> <span class='ocrx_word' id='word_1_316' title='bbox 1563 999 1664 1033; x_wconf 91' lang='lat' dir='ltr'>solum</span> <span class='ocrx_word' id='word_1_317' title='bbox 1687 999 1766 1033; x_wconf 85' lang='lat' dir='ltr'>irre-</span> 
     </span>
     <span class='ocr_line' id='line_1_70' title="bbox 1023 1047 1766 1096; baseline -0.004 -11"><span class='ocrx_word' id='word_1_318' title='bbox 1023 1049 1283 1096; x_wconf 86' lang='lat' dir='ltr'>prehensibiliter‚</span> <span class='ocrx_word' id='word_1_319' title='bbox 1321 1049 1377 1084; x_wconf 87' lang='lat' dir='ltr'>sed</span> <span class='ocrx_word' id='word_1_320' title='bbox 1405 1050 1499 1084; x_wconf 81' lang='lat' dir='ltr'>eiam</span> <span class='ocrx_word' id='word_1_321' title='bbox 1526 1047 1766 1083; x_wconf 89' lang='lat' dir='ltr'>commendabi-</span> 
     </span>
     <span class='ocr_line' id='line_1_71' title="bbox 1021 1098 1764 1146; baseline -0.003 -12"><span class='ocrx_word' id='word_1_322' title='bbox 1021 1100 1089 1134; x_wconf 90' lang='lat' dir='ltr'>liter</span> <span class='ocrx_word' id='word_1_323' title='bbox 1116 1100 1283 1138; x_wconf 86' lang='lat' dir='ltr'>imitamur</span> <span class='ocrx_word' id='word_1_324' title='bbox 1319 1099 1371 1146; x_wconf 92' lang='lat' dir='ltr'>qui</span> <span class='ocrx_word' id='word_1_325' title='bbox 1407 1110 1500 1145; x_wconf 86' lang='lat' dir='ltr'>super</span> <span class='ocrx_word' id='word_1_326' title='bbox 1525 1098 1606 1132; x_wconf 90' lang='lat' dir='ltr'>malo</span> <span class='ocrx_word' id='word_1_327' title='bbox 1634 1109 1764 1144; x_wconf 89' lang='lat' dir='ltr'>poenae</span> 
     </span>
     <span class='ocr_line' id='line_1_72' title="bbox 1020 1146 1765 1202; baseline -0.003 -19"><span class='ocrx_word' id='word_1_328' title='bbox 1020 1149 1103 1195; x_wconf 82' lang='lat' dir='ltr'>quod</span> <span class='ocrx_word' id='word_1_329' title='bbox 1131 1149 1212 1184; x_wconf 88' lang='lat' dir='ltr'>inte</span> <span class='ocrx_word' id='word_1_330' title='bbox 1247 1148 1360 1194; x_wconf 83' lang='lat' dir='ltr'>cogitat</span> <span class='ocrx_word' id='word_1_331' title='bbox 1388 1147 1589 1195; x_wconf 86' lang='lat' dir='ltr'>peccantibus</span> <span class='ocrx_word' id='word_1_332' title='bbox 1613 1146 1765 1202; x_wconf 81' lang='lat' dir='ltr'>infligen-</span> 
     </span>
     <span class='ocr_line' id='line_1_73' title="bbox 1020 1197 1762 1238; baseline -0.004 -6"><span class='ocrx_word' id='word_1_333' title='bbox 1020 1199 1116 1238; x_wconf 93' lang='lat' dir='ltr'>dum</span> <span class='ocrx_word' id='word_1_334' title='bbox 1166 1198 1361 1233; x_wconf 65' lang='lat' dir='ltr'>severitatem</span> <span class='ocrx_word' id='word_1_335' title='bbox 1402 1197 1684 1232; x_wconf 75' lang='lat' dir='ltr'>animadversionis</span> <span class='ocrx_word' id='word_1_336' title='bbox 1732 1197 1762 1230; x_wconf 91' lang='lat' dir='ltr'>in</span> 
     </span>
     <span class='ocr_line' id='line_1_74' title="bbox 1020 1245 1763 1290; baseline -0.004 -7"><span class='ocrx_word' id='word_1_337' title='bbox 1020 1248 1216 1283; x_wconf 80' lang='lat' dir='ltr'>clementiam</span> <span class='ocrx_word' id='word_1_338' title='bbox 1244 1246 1455 1282; x_wconf 84' lang='lat' dir='ltr'>miserationis</span> <span class='ocrx_word' id='word_1_339' title='bbox 1478 1247 1633 1290; x_wconf 86' lang='lat' dir='ltr'>immutat,</span> <span class='ocrx_word' id='word_1_340' title='bbox 1661 1245 1763 1280; x_wconf 88' lang='lat' dir='ltr'>sibu-</span> 
     </span>
     <span class='ocr_line' id='line_1_75' title="bbox 1021 1295 1765 1343; baseline -0.004 -11"><span class='ocrx_word' id='word_1_341' title='bbox 1021 1298 1134 1332; x_wconf 86' lang='lat' dir='ltr'>militer</span> <span class='ocrx_word' id='word_1_342' title='bbox 1169 1297 1212 1331; x_wconf 92' lang='lat' dir='ltr'>illi</span> <span class='ocrx_word' id='word_1_343' title='bbox 1249 1296 1285 1330; x_wconf 91' lang='lat' dir='ltr'>ad</span> <span class='ocrx_word' id='word_1_344' title='bbox 1326 1296 1547 1343; x_wconf 88' lang='lat' dir='ltr'>poenitentiam</span> <span class='ocrx_word' id='word_1_345' title='bbox 1592 1295 1765 1341; x_wconf 80' lang='lat' dir='ltr'>recogitant</span> 
     </span>
     <span class='ocr_line' id='line_1_76' title="bbox 1021 1345 1763 1393; baseline -0.004 -12"><span class='ocrx_word' id='word_1_346' title='bbox 1021 1348 1135 1381; x_wconf 88' lang='lat' dir='ltr'>malum</span> <span class='ocrx_word' id='word_1_347' title='bbox 1148 1346 1267 1392; x_wconf 87' lang='lat' dir='ltr'>culpae.</span> <span class='ocrx_word' id='word_1_348' title='bbox 1279 1346 1344 1380; x_wconf 80' lang='lat' dir='ltr'>Nos</span> <span class='ocrx_word' id='word_1_349' title='bbox 1357 1345 1460 1392; x_wconf 88' lang='lat' dir='ltr'>itaque</span> <span class='ocrx_word' id='word_1_350' title='bbox 1470 1357 1525 1393; x_wconf 92' lang='lat' dir='ltr'>pro</span> <span class='ocrx_word' id='word_1_351' title='bbox 1533 1353 1616 1380; x_wconf 90' lang='lat' dir='ltr'>certo</span> <span class='ocrx_word' id='word_1_352' title='bbox 1632 1356 1763 1391; x_wconf 77' lang='lat' dir='ltr'>spemn--</span> 
     </span>
     <span class='ocr_line' id='line_1_77' title="bbox 1021 1393 1763 1442; baseline -0.003 -12"><span class='ocrx_word' id='word_1_353' title='bbox 1021 1405 1075 1436; x_wconf 74' lang='lat' dir='ltr'>tes,</span> <span class='ocrx_word' id='word_1_354' title='bbox 1091 1395 1174 1442; x_wconf 93' lang='lat' dir='ltr'>quod</span> <span class='ocrx_word' id='word_1_355' title='bbox 1198 1395 1335 1430; x_wconf 89' lang='lat' dir='ltr'>membra</span> <span class='ocrx_word' id='word_1_356' title='bbox 1350 1403 1463 1438; x_wconf 83' lang='lat' dir='ltr'>vestra,</span> <span class='ocrx_word' id='word_1_357' title='bbox 1490 1407 1570 1442; x_wconf 83' lang='lat' dir='ltr'>quae</span> <span class='ocrx_word' id='word_1_358' title='bbox 1594 1393 1763 1440; x_wconf 85' lang='lat' dir='ltr'>aliquando</span> 
     </span>
     <span class='ocr_line' id='line_1_78' title="bbox 1020 1445 1764 1491; baseline -0.003 -12"><span class='ocrx_word' id='word_1_359' title='bbox 1020 1445 1207 1480; x_wconf 80' lang='lat' dir='ltr'>exhibuistis</span> <span class='ocrx_word' id='word_1_360' title='bbox 1229 1445 1404 1490; x_wconf 87' lang='lat' dir='ltr'>iniquitatis</span> <span class='ocrx_word' id='word_1_361' title='bbox 1430 1456 1514 1479; x_wconf 88' lang='lat' dir='ltr'>arma</span> <span class='ocrx_word' id='word_1_362' title='bbox 1544 1451 1682 1491; x_wconf 77' lang='lat' dir='ltr'>peccato,</span> <span class='ocrx_word' id='word_1_363' title='bbox 1709 1455 1764 1477; x_wconf 75' lang='lat' dir='ltr'>ex-</span> 
     </span>
     <span class='ocr_line' id='line_1_79' title="bbox 1021 1493 1765 1539; baseline -0.004 -10"><span class='ocrx_word' id='word_1_364' title='bbox 1021 1494 1170 1529; x_wconf 84' lang='lat' dir='ltr'>hibebitis</span> <span class='ocrx_word' id='word_1_365' title='bbox 1196 1494 1235 1528; x_wconf 91' lang='lat' dir='ltr'>de</span> <span class='ocrx_word' id='word_1_366' title='bbox 1270 1501 1393 1528; x_wconf 85' lang='lat' dir='ltr'>caetero</span> <span class='ocrx_word' id='word_1_367' title='bbox 1423 1506 1508 1528; x_wconf 89' lang='lat' dir='ltr'>arma</span> <span class='ocrx_word' id='word_1_368' title='bbox 1544 1493 1679 1527; x_wconf 89' lang='lat' dir='ltr'>iustitiae</span> <span class='ocrx_word' id='word_1_369' title='bbox 1710 1505 1765 1539; x_wconf 88' lang='lat' dir='ltr'>per</span> 
     </span>
     <span class='ocr_line' id='line_1_80' title="bbox 1021 1542 1765 1578; baseline -0.004 0"><span class='ocrx_word' id='word_1_370' title='bbox 1021 1544 1090 1578; x_wconf 84' lang='lat' dir='ltr'>tidci</span> <span class='ocrx_word' id='word_1_371' title='bbox 1125 1552 1155 1578; x_wconf 87' lang='lat' dir='ltr'>et</span> <span class='ocrx_word' id='word_1_372' title='bbox 1186 1543 1341 1578; x_wconf 80' lang='lat' dir='ltr'>fidelitatis</span> <span class='ocrx_word' id='word_1_373' title='bbox 1372 1543 1575 1578; x_wconf 87' lang='lat' dir='ltr'>constantiam</span> <span class='ocrx_word' id='word_1_374' title='bbox 1605 1542 1765 1576; x_wconf 82' lang='lat' dir='ltr'>Romanae</span> 
     </span>
     <span class='ocr_line' id='line_1_81' title="bbox 1020 1592 1762 1639; baseline -0.005 -11"><span class='ocrx_word' id='word_1_375' title='bbox 1020 1593 1179 1628; x_wconf 74' lang='lat' dir='ltr'>Ecclesiae</span> <span class='ocrx_word' id='word_1_376' title='bbox 1206 1593 1295 1627; x_wconf 85' lang='lat' dir='ltr'>matri</span> <span class='ocrx_word' id='word_1_377' title='bbox 1320 1601 1450 1636; x_wconf 74' lang='lat' dir='ltr'>restrae,</span> <span class='ocrx_word' id='word_1_378' title='bbox 1472 1605 1506 1627; x_wconf 90' lang='lat' dir='ltr'>ac</span> <span class='ocrx_word' id='word_1_379' title='bbox 1526 1593 1629 1639; x_wconf 48' lang='lat' dir='ltr'>ponas</span> <span class='ocrx_word' id='word_1_380' title='bbox 1649 1592 1762 1638; x_wconf 81' lang='lat' dir='ltr'>eligen-</span> 
     </span>
     <span class='ocr_line' id='line_1_82' title="bbox 1021 1641 1765 1689; baseline -0.003 -12"><span class='ocrx_word' id='word_1_381' title='bbox 1021 1651 1066 1678; x_wconf 87' lang='lat' dir='ltr'>tes</span> <span class='ocrx_word' id='word_1_382' title='bbox 1087 1642 1126 1677; x_wconf 84' lang='lat' dir='ltr'>de</span> <span class='ocrx_word' id='word_1_383' title='bbox 1149 1641 1372 1684; x_wconf 76' lang='lat' dir='ltr'>misericordia,</span> <span class='ocrx_word' id='word_1_384' title='bbox 1401 1654 1453 1688; x_wconf 88' lang='lat' dir='ltr'>per</span> <span class='ocrx_word' id='word_1_385' title='bbox 1474 1654 1568 1689; x_wconf 91' lang='lat' dir='ltr'>quam</span> <span class='ocrx_word' id='word_1_386' title='bbox 1598 1641 1765 1687; x_wconf 85' lang='lat' dir='ltr'>reintegra-</span> 
     </span>
     <span class='ocr_line' id='line_1_83' title="bbox 1022 1691 1765 1737; baseline -0.003 -11"><span class='ocrx_word' id='word_1_387' title='bbox 1022 1693 1096 1726; x_wconf 90' lang='lat' dir='ltr'>tioni</span> <span class='ocrx_word' id='word_1_388' title='bbox 1119 1700 1238 1726; x_wconf 75' lang='lat' dir='ltr'>vestrae</span> <span class='ocrx_word' id='word_1_389' title='bbox 1260 1691 1447 1736; x_wconf 73' lang='lat' dir='ltr'>consulitur,</span> <span class='ocrx_word' id='word_1_390' title='bbox 1473 1691 1672 1726; x_wconf 84' lang='lat' dir='ltr'>causationes</span> <span class='ocrx_word' id='word_1_391' title='bbox 1695 1701 1765 1737; x_wconf 89' lang='lat' dir='ltr'>per-</span> 
     </span>
     <span class='ocr_line' id='line_1_84' title="bbox 1022 1739 1766 1787; baseline -0.005 -12"><span class='ocrx_word' id='word_1_392' title='bbox 1022 1741 1082 1787; x_wconf 89' lang='lat' dir='ltr'>peti</span> <span class='ocrx_word' id='word_1_393' title='bbox 1118 1741 1338 1787; x_wconf 77' lang='lat' dir='ltr'>plurimorum,</span> <span class='ocrx_word' id='word_1_394' title='bbox 1365 1753 1456 1787; x_wconf 85' lang='lat' dir='ltr'>quam</span> <span class='ocrx_word' id='word_1_395' title='bbox 1491 1740 1663 1774; x_wconf 79' lang='lat' dir='ltr'>severitatis</span> <span class='ocrx_word' id='word_1_396' title='bbox 1683 1739 1766 1774; x_wconf 78' lang='lat' dir='ltr'>exlii-</span> 
     </span>
     <span class='ocr_line' id='line_1_85' title="bbox 1022 1790 1765 1836; baseline -0.003 -12"><span class='ocrx_word' id='word_1_397' title='bbox 1022 1791 1093 1824; x_wconf 86' lang='lat' dir='ltr'>bere</span> <span class='ocrx_word' id='word_1_398' title='bbox 1120 1791 1337 1831; x_wconf 70' lang='lat' dir='ltr'>constantiam,</span> <span class='ocrx_word' id='word_1_399' title='bbox 1365 1802 1444 1836; x_wconf 90' lang='lat' dir='ltr'>quae</span> <span class='ocrx_word' id='word_1_400' title='bbox 1467 1798 1618 1824; x_wconf 87' lang='lat' dir='ltr'>terrorem</span> <span class='ocrx_word' id='word_1_401' title='bbox 1641 1790 1765 1824; x_wconf 89' lang='lat' dir='ltr'>incute-</span> 
     </span>
     <span class='ocr_line' id='line_1_86' title="bbox 1021 1838 1765 1886; baseline -0.001 -13"><span class='ocrx_word' id='word_1_402' title='bbox 1021 1848 1067 1874; x_wconf 87' lang='lat' dir='ltr'>ret</span> <span class='ocrx_word' id='word_1_403' title='bbox 1088 1840 1230 1878; x_wconf 78' lang='lat' dir='ltr'>ausibus,</span> <span class='ocrx_word' id='word_1_404' title='bbox 1258 1848 1287 1873; x_wconf 86' lang='lat' dir='ltr'>ct</span> <span class='ocrx_word' id='word_1_405' title='bbox 1309 1851 1525 1886; x_wconf 76' lang='lat' dir='ltr'>perversorum</span> <span class='ocrx_word' id='word_1_406' title='bbox 1551 1838 1678 1874; x_wconf 86' lang='lat' dir='ltr'>inferret</span> <span class='ocrx_word' id='word_1_407' title='bbox 1705 1838 1765 1872; x_wconf 91' lang='lat' dir='ltr'>im-</span> 
     </span>
     <span class='ocr_line' id='line_1_87' title="bbox 1023 1887 1766 1935; baseline 0 -13"><span class='ocrx_word' id='word_1_408' title='bbox 1023 1889 1168 1935; x_wconf 76' lang='lat' dir='ltr'>punitatis</span> <span class='ocrx_word' id='word_1_409' title='bbox 1190 1890 1387 1935; x_wconf 80' lang='lat' dir='ltr'>exemplum,</span> <span class='ocrx_word' id='word_1_410' title='bbox 1422 1888 1513 1923; x_wconf 90' lang='lat' dir='ltr'>latam</span> <span class='ocrx_word' id='word_1_411' title='bbox 1537 1887 1691 1923; x_wconf 83' lang='lat' dir='ltr'>interdum</span> <span class='ocrx_word' id='word_1_412' title='bbox 1716 1901 1766 1922; x_wconf 77' lang='lat' dir='ltr'>ex-</span> 
     </span>
     <span class='ocr_line' id='line_1_88' title="bbox 1021 1938 1767 1985; baseline -0.001 -12"><span class='ocrx_word' id='word_1_413' title='bbox 1021 1939 1163 1973; x_wconf 81' lang='lat' dir='ltr'>cessibus</span> <span class='ocrx_word' id='word_1_414' title='bbox 1190 1939 1269 1972; x_wconf 69' lang='lat' dir='ltr'>viam</span> <span class='ocrx_word' id='word_1_415' title='bbox 1293 1950 1420 1984; x_wconf 81' lang='lat' dir='ltr'>parans:</span> <span class='ocrx_word' id='word_1_416' title='bbox 1444 1950 1517 1973; x_wconf 86' lang='lat' dir='ltr'>ecce</span> <span class='ocrx_word' id='word_1_417' title='bbox 1541 1950 1594 1973; x_wconf 90' lang='lat' dir='ltr'>vos</span> <span class='ocrx_word' id='word_1_418' title='bbox 1620 1938 1767 1985; x_wconf 87' lang='lat' dir='ltr'>expansis</span> 
     </span>
     <span class='ocr_line' id='line_1_89' title="bbox 1022 1987 1766 2034; baseline -0.001 -12"><span class='ocrx_word' id='word_1_419' title='bbox 1022 1988 1190 2034; x_wconf 88' lang='lat' dir='ltr'>recipimus</span> <span class='ocrx_word' id='word_1_420' title='bbox 1217 1988 1366 2022; x_wconf 80' lang='lat' dir='ltr'>laetanter</span> <span class='ocrx_word' id='word_1_421' title='bbox 1391 1987 1589 2034; x_wconf 78' lang='lat' dir='ltr'>amplexibus</span> <span class='ocrx_word' id='word_1_422' title='bbox 1615 1987 1651 2022; x_wconf 87' lang='lat' dir='ltr'>ad</span> <span class='ocrx_word' id='word_1_423' title='bbox 1679 2000 1766 2022; x_wconf 89' lang='lat' dir='ltr'>com-</span> 
     </span>
     <span class='ocr_line' id='line_1_90' title="bbox 1023 2036 1766 2075; baseline 0 -4"><span class='ocrx_word' id='word_1_424' title='bbox 1023 2038 1204 2072; x_wconf 84' lang='lat' dir='ltr'>munionem</span> <span class='ocrx_word' id='word_1_425' title='bbox 1222 2037 1378 2071; x_wconf 77' lang='lat' dir='ltr'>Ecclesiae</span> <span class='ocrx_word' id='word_1_426' title='bbox 1407 2036 1538 2072; x_wconf 84' lang='lat' dir='ltr'>filialiter</span> <span class='ocrx_word' id='word_1_427' title='bbox 1566 2044 1766 2075; x_wconf 80' lang='lat' dir='ltr'>revertentes,</span> 
     </span>
     <span class='ocr_line' id='line_1_91' title="bbox 1022 2086 1767 2134; baseline 0 -13"><span class='ocrx_word' id='word_1_428' title='bbox 1022 2096 1051 2122; x_wconf 81' lang='lat' dir='ltr'>et</span> <span class='ocrx_word' id='word_1_429' title='bbox 1074 2088 1103 2121; x_wconf 91' lang='lat' dir='ltr'>in</span> <span class='ocrx_word' id='word_1_430' title='bbox 1129 2086 1381 2121; x_wconf 84' lang='lat' dir='ltr'>recollectionem</span> <span class='ocrx_word' id='word_1_431' title='bbox 1411 2094 1543 2121; x_wconf 76' lang='lat' dir='ltr'>vestram</span> <span class='ocrx_word' id='word_1_432' title='bbox 1559 2086 1697 2134; x_wconf 86' lang='lat' dir='ltr'>amplum</span> <span class='ocrx_word' id='word_1_433' title='bbox 1712 2098 1767 2133; x_wconf 83' lang='lat' dir='ltr'>pa-</span> 
     </span>
     <span class='ocr_line' id='line_1_92' title="bbox 1024 2135 1766 2183; baseline -0.003 -12"><span class='ocrx_word' id='word_1_434' title='bbox 1024 2146 1128 2171; x_wconf 81' lang='lat' dir='ltr'>ternae</span> <span class='ocrx_word' id='word_1_435' title='bbox 1169 2136 1285 2182; x_wconf 83' lang='lat' dir='ltr'>gratiae</span> <span class='ocrx_word' id='word_1_436' title='bbox 1322 2136 1427 2170; x_wconf 91' lang='lat' dir='ltr'>sinum</span> <span class='ocrx_word' id='word_1_437' title='bbox 1463 2135 1630 2183; x_wconf 90' lang='lat' dir='ltr'>pandimus</span> <span class='ocrx_word' id='word_1_438' title='bbox 1666 2135 1766 2170; x_wconf 89' lang='lat' dir='ltr'>claudi</span> 
     </span>
     <span class='ocr_line' id='line_1_93' title="bbox 1025 2185 1767 2226; baseline -0.001 -6"><span class='ocrx_word' id='word_1_439' title='bbox 1025 2186 1183 2221; x_wconf 85' lang='lat' dir='ltr'>humiliter</span> <span class='ocrx_word' id='word_1_440' title='bbox 1196 2185 1401 2220; x_wconf 86' lang='lat' dir='ltr'>redeuntibus</span> <span class='ocrx_word' id='word_1_441' title='bbox 1423 2186 1625 2226; x_wconf 82' lang='lat' dir='ltr'>nescientem,</span> <span class='ocrx_word' id='word_1_442' title='bbox 1646 2192 1680 2220; x_wconf 92' lang='lat' dir='ltr'>ut</span> <span class='ocrx_word' id='word_1_443' title='bbox 1695 2196 1767 2220; x_wconf 87' lang='lat' dir='ltr'>cum</span> 
     </span>
     <span class='ocr_line' id='line_1_94' title="bbox 1024 2234 1767 2280; baseline -0.001 -11"><span class='ocrx_word' id='word_1_444' title='bbox 1024 2236 1074 2270; x_wconf 89' lang='lat' dir='ltr'>ubi</span> <span class='ocrx_word' id='word_1_445' title='bbox 1103 2235 1251 2270; x_wconf 84' lang='lat' dir='ltr'>delictum</span> <span class='ocrx_word' id='word_1_446' title='bbox 1273 2234 1450 2269; x_wconf 86' lang='lat' dir='ltr'>abundasse</span> <span class='ocrx_word' id='word_1_447' title='bbox 1471 2234 1685 2280; x_wconf 85' lang='lat' dir='ltr'>dignoscitur,</span> <span class='ocrx_word' id='word_1_448' title='bbox 1712 2247 1767 2269; x_wconf 89' lang='lat' dir='ltr'>su-</span> 
     </span>
     <span class='ocr_line' id='line_1_95' title="bbox 1026 2284 1766 2332; baseline 0.001 -14"><span class='ocrx_word' id='word_1_449' title='bbox 1026 2284 1259 2332; x_wconf 72' lang='lat' dir='ltr'>perabundasse</span> <span class='ocrx_word' id='word_1_450' title='bbox 1301 2284 1381 2318; x_wconf 89' lang='lat' dir='ltr'>circa</span> <span class='ocrx_word' id='word_1_451' title='bbox 1420 2296 1454 2318; x_wconf 89' lang='lat' dir='ltr'>se</span> <span class='ocrx_word' id='word_1_452' title='bbox 1491 2284 1620 2331; x_wconf 81' lang='lat' dir='ltr'>gratiam</span> <span class='ocrx_word' id='word_1_453' title='bbox 1648 2284 1766 2319; x_wconf 80' lang='lat' dir='ltr'>veniae.</span> 
     </span>
     <span class='ocr_line' id='line_1_96' title="bbox 1026 2332 1766 2379; baseline -0.003 -11"><span class='ocrx_word' id='word_1_454' title='bbox 1026 2334 1158 2368; x_wconf 68' lang='lat' dir='ltr'>rediviva</span> <span class='ocrx_word' id='word_1_455' title='bbox 1196 2333 1328 2368; x_wconf 88' lang='lat' dir='ltr'>filiorum</span> <span class='ocrx_word' id='word_1_456' title='bbox 1362 2332 1485 2368; x_wconf 81' lang='lat' dir='ltr'>devotio</span> <span class='ocrx_word' id='word_1_457' title='bbox 1513 2333 1703 2379; x_wconf 86' lang='lat' dir='ltr'>gratuletur,</span> <span class='ocrx_word' id='word_1_458' title='bbox 1738 2343 1766 2367; x_wconf 81' lang='lat' dir='ltr'>et</span> 
     </span>
     <span class='ocr_line' id='line_1_97' title="bbox 1026 2381 1767 2430; baseline -0.003 -12"><span class='ocrx_word' id='word_1_459' title='bbox 1026 2383 1062 2418; x_wconf 86' lang='lat' dir='ltr'>ad</span> <span class='ocrx_word' id='word_1_460' title='bbox 1083 2391 1270 2430; x_wconf 87' lang='lat' dir='ltr'>perpetuum</span> <span class='ocrx_word' id='word_1_461' title='bbox 1293 2382 1425 2416; x_wconf 76' lang='lat' dir='ltr'>eximiae</span> <span class='ocrx_word' id='word_1_462' title='bbox 1446 2381 1602 2417; x_wconf 85' lang='lat' dir='ltr'>charitatis</span> <span class='ocrx_word' id='word_1_463' title='bbox 1616 2381 1767 2417; x_wconf 88' lang='lat' dir='ltr'>indicium</span> 
     </span>
     <span class='ocr_line' id='line_1_98' title="bbox 1028 2431 1768 2478; baseline -0.001 -11"><span class='ocrx_word' id='word_1_464' title='bbox 1028 2432 1155 2467; x_wconf 82' lang='lat' dir='ltr'>humilis</span> <span class='ocrx_word' id='word_1_465' title='bbox 1181 2431 1218 2466; x_wconf 90' lang='lat' dir='ltr'>ad</span> <span class='ocrx_word' id='word_1_466' title='bbox 1249 2440 1365 2478; x_wconf 85' lang='lat' dir='ltr'>patrem</span> <span class='ocrx_word' id='word_1_467' title='bbox 1400 2431 1563 2466; x_wconf 78' lang='lat' dir='ltr'>conversio</span> <span class='ocrx_word' id='word_1_468' title='bbox 1595 2432 1768 2467; x_wconf 87' lang='lat' dir='ltr'>multorum</span> 
     </span>
     <span class='ocr_line' id='line_1_99' title="bbox 1028 2480 1770 2529; baseline 0.001 -14"><span class='ocrx_word' id='word_1_469' title='bbox 1028 2480 1110 2528; x_wconf 81' lang='lat' dir='ltr'>apud</span> <span class='ocrx_word' id='word_1_470' title='bbox 1140 2493 1211 2515; x_wconf 85' lang='lat' dir='ltr'>enm</span> <span class='ocrx_word' id='word_1_471' title='bbox 1240 2480 1460 2515; x_wconf 89' lang='lat' dir='ltr'>remissionem</span> <span class='ocrx_word' id='word_1_472' title='bbox 1495 2480 1630 2516; x_wconf 88' lang='lat' dir='ltr'>inveniat</span> <span class='ocrx_word' id='word_1_473' title='bbox 1656 2493 1770 2529; x_wconf 87' lang='lat' dir='ltr'>pecca-</span> 
     </span>
     <span class='ocr_line' id='line_1_100' title="bbox 1029 2529 1770 2576; baseline -0.001 -11"><span class='ocrx_word' id='word_1_474' title='bbox 1029 2541 1149 2569; x_wconf 83' lang='lat' dir='ltr'>torum;</span> <span class='ocrx_word' id='word_1_475' title='bbox 1178 2530 1287 2564; x_wconf 75' lang='lat' dir='ltr'>vestris</span> <span class='ocrx_word' id='word_1_476' title='bbox 1312 2529 1594 2576; x_wconf 88' lang='lat' dir='ltr'>supplicationibus</span> <span class='ocrx_word' id='word_1_477' title='bbox 1620 2530 1770 2573; x_wconf 82' lang='lat' dir='ltr'>inclinati,</span> 
     </span>
     <span class='ocr_line' id='line_1_101' title="bbox 1031 2578 1770 2628; baseline 0 -15"><span class='ocrx_word' id='word_1_478' title='bbox 1031 2580 1078 2614; x_wconf 89' lang='lat' dir='ltr'>illa</span> <span class='ocrx_word' id='word_1_479' title='bbox 1097 2579 1158 2613; x_wconf 83' lang='lat' dir='ltr'>fere</span> <span class='ocrx_word' id='word_1_480' title='bbox 1182 2592 1235 2626; x_wconf 86' lang='lat' dir='ltr'>per</span> <span class='ocrx_word' id='word_1_481' title='bbox 1257 2579 1359 2613; x_wconf 87' lang='lat' dir='ltr'>omnia</span> <span class='ocrx_word' id='word_1_482' title='bbox 1375 2578 1539 2614; x_wconf 89' lang='lat' dir='ltr'>verborum</span> <span class='ocrx_word' id='word_1_483' title='bbox 1560 2580 1770 2628; x_wconf 67' lang='lat' dir='ltr'>simplicitate,</span> 
     </span>
     <span class='ocr_line' id='line_1_102' title="bbox 1031 2629 1771 2678; baseline 0.003 -15"><span class='ocrx_word' id='word_1_484' title='bbox 1031 2642 1065 2663; x_wconf 88' lang='lat' dir='ltr'>ac</span> <span class='ocrx_word' id='word_1_485' title='bbox 1093 2629 1270 2671; x_wconf 72' lang='lat' dir='ltr'>integritate</span> <span class='ocrx_word' id='word_1_486' title='bbox 1297 2636 1428 2672; x_wconf 70' lang='lat' dir='ltr'>servata,</span> <span class='ocrx_word' id='word_1_487' title='bbox 1464 2629 1580 2676; x_wconf 88' lang='lat' dir='ltr'>quibus</span> <span class='ocrx_word' id='word_1_488' title='bbox 1606 2631 1771 2678; x_wconf 71' lang='lat' dir='ltr'>petitiones</span> 
     </span>
    </p>
   </div>
   <div class='ocr_carea' id='block_1_18' title="bbox 1787 245 1969 275">
    <p class='ocr_par' dir='ltr' id='par_1_20' title="bbox 1787 245 1969 275">
     <span class='ocr_line' id='line_1_103' title="bbox 1787 245 1969 275; baseline -0.022 0.09"><span class='ocrx_word' id='word_1_489' title='bbox 1787 248 1834 275; x_wconf 69' lang='lat' dir='ltr'>An.</span> <span class='ocrx_word' id='word_1_490' title='bbox 1854 247 1882 273; x_wconf 86' lang='lat' dir='ltr'>C.</span> <span class='ocrx_word' id='word_1_491' title='bbox 1903 245 1969 272; x_wconf 63' lang='lat'><strong>¹2:52</strong></span> 
     </span>
    </p>
   </div>
   <div class='ocr_carea' id='block_1_19' title="bbox 1782 604 1965 693">
    <p class='ocr_par' dir='ltr' id='par_1_21' title="bbox 1782 604 1965 693">
     <span class='ocr_line' id='line_1_104' title="bbox 1805 604 1948 627; baseline 0.014 -2"><span class='ocrx_word' id='word_1_492' title='bbox 1805 604 1818 623; x_wconf 70' lang='lat' dir='ltr'>V</span> <span class='ocrx_word' id='word_1_493' title='bbox 1822 606 1875 625; x_wconf 64' lang='lat' dir='ltr'>tlth</span> <span class='ocrx_word' id='word_1_494' title='bbox 1886 611 1948 627; x_wconf 70' lang='lat' dir='ltr'>enses</span> 
     </span>
     <span class='ocr_line' id='line_1_105' title="bbox 1783 639 1965 658; baseline 0.011 -2"><span class='ocrx_word' id='word_1_495' title='bbox 1783 639 1845 657; x_wconf 73' lang='lat' dir='ltr'>antea</span> <span class='ocrx_word' id='word_1_496' title='bbox 1869 639 1965 658; x_wconf 73' lang='lat' dir='ltr'>censuris</span> 
     </span>
     <span class='ocr_line' id='line_1_106' title="bbox 1782 669 1872 693; baseline 0.011 -5"><span class='ocrx_word' id='word_1_497' title='bbox 1782 669 1872 693; x_wconf 63' lang='lat' dir='ltr'>irretitig</span> 
     </span>
    </p>
   </div>
   <div class='ocr_carea' id='block_1_20' title="bbox 1791 1349 1944 1405">
    <p class='ocr_par' dir='ltr' id='par_1_22' title="bbox 1791 1349 1944 1405">
     <span class='ocr_line' id='line_1_107' title="bbox 1791 1349 1944 1370; baseline -0.007 0"><span class='ocrx_word' id='word_1_498' title='bbox 1791 1349 1944 1370; x_wconf 70' lang='lat' dir='ltr'>Poenuenttam</span> 
     </span>
     <span class='ocr_line' id='line_1_108' title="bbox 1830 1383 1901 1405; baseline 0 -5"><span class='ocrx_word' id='word_1_499' title='bbox 1830 1383 1901 1405; x_wconf 71' lang='lat' dir='ltr'>agunt.</span> 
     </span>
    </p>
   </div>
  </div>
 </body>
</html>
