<?xml version="1.0" encoding="UTF-8"?>
<!DOCTYPE html PUBLIC "-//W3C//DTD XHTML 1.0 Transitional//EN"
    "http://www.w3.org/TR/xhtml1/DTD/xhtml1-transitional.dtd">
<html xmlns="http://www.w3.org/1999/xhtml" xml:lang="en" lang="en">
 <head>
  <title>
</title>
<meta http-equiv="Content-Type" content="text/html;charset=utf-8" />
  <meta name='ocr-system' content='tesseract 3.04.00' />
  <meta name='ocr-capabilities' content='ocr_page ocr_carea ocr_par ocr_line ocrx_word'/>
</head>
<body>
  <div class='ocr_page' id='page_1' title='image "./bullarumdiplomat03cath_0104.png"; bbox 0 0 2129 3223; ppageno 0'>
   <div class='ocr_carea' id='block_1_1' title="bbox 390 293 437 327">
    <p class='ocr_par' dir='ltr' id='par_1_1' title="bbox 390 293 437 327">
     <span class='ocr_line' id='line_1_1' title="bbox 390 293 437 327; baseline 0.043 -2"><span class='ocrx_word' id='word_1_1' title='bbox 390 293 437 327; x_wconf 84' lang='lat'>98</span> 
     </span>
    </p>
   </div>
   <div class='ocr_carea' id='block_1_2' title="bbox 131 358 1092 2722">
    <p class='ocr_par' dir='ltr' id='par_1_2' title="bbox 138 358 1092 1292">
     <span class='ocr_line' id='line_1_2' title="bbox 340 358 1092 408; baseline 0.004 -16"><span class='ocrx_word' id='word_1_2' title='bbox 340 359 470 404; x_wconf 82' lang='lat' dir='ltr'>gistrum</span> <span class='ocrx_word' id='word_1_3' title='bbox 507 358 692 394; x_wconf 88' lang='lat' dir='ltr'>Scholarum</span> <span class='ocrx_word' id='word_1_4' title='bbox 721 368 908 406; x_wconf 68' lang='lat' dir='ltr'><strong>spectantes.</strong></span> <span class='ocrx_word' id='word_1_5' title='bbox 939 361 1092 408; x_wconf 76' lang='lat' dir='ltr'>Antiquas</span> 
     </span>
     <span class='ocr_line' id='line_1_3' title="bbox 341 408 1091 454; baseline 0.004 -13"><span class='ocrx_word' id='word_1_6' title='bbox 341 419 467 454; x_wconf 86' lang='lat' dir='ltr'>quoque</span> <span class='ocrx_word' id='word_1_7' title='bbox 494 417 523 442; x_wconf 88' lang='lat' dir='ltr'>et</span> <span class='ocrx_word' id='word_1_8' title='bbox 549 408 749 444; x_wconf 80' lang='lat' dir='ltr'>rationabiles</span> <span class='ocrx_word' id='word_1_9' title='bbox 776 408 937 444; x_wconf 81' lang='lat' dir='ltr'>Ecclesiae</span> <span class='ocrx_word' id='word_1_10' title='bbox 973 418 1091 445; x_wconf 80' lang='lat' dir='ltr'>vestrae</span> 
     </span>
     <span class='ocr_line' id='line_1_4' title="bbox 339 457 1090 500; baseline 0.007 -10"><span class='ocrx_word' id='word_1_11' title='bbox 339 457 602 500; x_wconf 85' lang='lat' dir='ltr'>consuetudines,</span> <span class='ocrx_word' id='word_1_12' title='bbox 635 466 666 493; x_wconf 88' lang='lat' dir='ltr'>et</span> <span class='ocrx_word' id='word_1_13' title='bbox 704 458 856 493; x_wconf 86' lang='lat' dir='ltr'>hactenus</span> <span class='ocrx_word' id='word_1_14' title='bbox 889 458 1090 497; x_wconf 79' lang='lat' dir='ltr'>observatas,</span> 
     </span>
     <span class='ocr_line' id='line_1_5' title="bbox 341 505 1088 543; baseline 0.007 -5"><span class='ocrx_word' id='word_1_15' title='bbox 341 505 427 541; x_wconf 81' lang='lat' dir='ltr'>vobis</span> <span class='ocrx_word' id='word_1_16' title='bbox 454 514 483 540; x_wconf 92' lang='lat' dir='ltr'>et</span> <span class='ocrx_word' id='word_1_17' title='bbox 512 507 621 542; x_wconf 76' lang='lat' dir='ltr'>restris</span> <span class='ocrx_word' id='word_1_18' title='bbox 649 508 886 543; x_wconf 86' lang='lat' dir='ltr'>successoribus</span> <span class='ocrx_word' id='word_1_19' title='bbox 920 509 1088 543; x_wconf 82' lang='lat' dir='ltr'>conlirma-</span> 
     </span>
     <span class='ocr_line' id='line_1_6' title="bbox 339 555 1087 597; baseline 0.005 -9"><span class='ocrx_word' id='word_1_20' title='bbox 339 567 426 597; x_wconf 75' lang='lat' dir='ltr'>mus,</span> <span class='ocrx_word' id='word_1_21' title='bbox 454 563 484 590; x_wconf 88' lang='lat' dir='ltr'>et</span> <span class='ocrx_word' id='word_1_22' title='bbox 505 555 708 592; x_wconf 88' lang='lat' dir='ltr'>decernimus</span> <span class='ocrx_word' id='word_1_23' title='bbox 735 569 787 592; x_wconf 88' lang='lat' dir='ltr'>eas</span> <span class='ocrx_word' id='word_1_24' title='bbox 810 557 840 592; x_wconf 91' lang='lat' dir='ltr'>in</span> <span class='ocrx_word' id='word_1_25' title='bbox 866 557 1008 592; x_wconf 77' lang='lat' dir='ltr'>Ecclesia</span> <span class='ocrx_word' id='word_1_26' title='bbox 1031 570 1087 592; x_wconf 90' lang='lat' dir='ltr'>ve-</span> 
     </span>
     <span class='ocr_line' id='line_1_7' title="bbox 338 604 1089 653; baseline 0.005 -16"><span class='ocrx_word' id='word_1_27' title='bbox 338 611 398 638; x_wconf 87' lang='lat' dir='ltr'>stra</span> <span class='ocrx_word' id='word_1_28' title='bbox 423 604 536 640; x_wconf 84' lang='lat' dir='ltr'>suturis</span> <span class='ocrx_word' id='word_1_29' title='bbox 563 606 759 653; x_wconf 80' lang='lat' dir='ltr'>temporibus</span> <span class='ocrx_word' id='word_1_30' title='bbox 785 606 906 653; x_wconf 79' lang='lat' dir='ltr'>absque</span> <span class='ocrx_word' id='word_1_31' title='bbox 930 607 1089 642; x_wconf 86' lang='lat' dir='ltr'>contradi-</span> 
     </span>
     <span class='ocr_line' id='line_1_8' title="bbox 337 653 1087 691; baseline 0.004 -4"><span class='ocrx_word' id='word_1_32' title='bbox 337 653 440 688; x_wconf 83' lang='lat' dir='ltr'>ctione</span> <span class='ocrx_word' id='word_1_33' title='bbox 483 655 654 690; x_wconf 90' lang='lat' dir='ltr'>cuiuslibet</span> <span class='ocrx_word' id='word_1_34' title='bbox 697 655 827 690; x_wconf 83' lang='lat' dir='ltr'>firmiter</span> <span class='ocrx_word' id='word_1_35' title='bbox 865 655 1087 691; x_wconf 83' lang='lat' dir='ltr'>observandas.</span> 
     </span>
     <span class='ocr_line' id='line_1_9' title="bbox 154 703 1088 757; baseline 0.004 -21"><span class='ocrx_word' id='word_1_36' title='bbox 154 706 252 757; x_wconf 53' lang='lat' dir='ltr'>&#39;&#39;rslssw</span> <span class='ocrx_word' id='word_1_37' title='bbox 295 713 321 748; x_wconf 64' lang='lat'>¹¹?</span> <span class='ocrx_word' id='word_1_38' title='bbox 337 703 531 739; x_wconf 77' lang='lat' dir='ltr'>Auctoritatc</span> <span class='ocrx_word' id='word_1_39' title='bbox 553 704 723 751; x_wconf 89' lang='lat' dir='ltr'>apostolica</span> <span class='ocrx_word' id='word_1_40' title='bbox 751 704 958 739; x_wconf 89' lang='lat' dir='ltr'>nihilominus</span> <span class='ocrx_word' id='word_1_41' title='bbox 981 705 1088 752; x_wconf 89' lang='lat' dir='ltr'>prohi-</span> 
     </span>
     <span class='ocr_line' id='line_1_10' title="bbox 139 744 1087 802; baseline 0.005 -17"><span class='ocrx_word' id='word_1_42' title='bbox 139 744 323 791; x_wconf 49' lang='lat' dir='ltr'>.T,‘E,}ff›⁰fl¹.&#39;1¹1ifn⁰.¹&#39;c¹¹.f.</span> <span class='ocrx_word' id='word_1_43' title='bbox 338 751 467 798; x_wconf 85' lang='lat' dir='ltr'>bemus,</span> <span class='ocrx_word' id='word_1_44' title='bbox 495 766 534 789; x_wconf 92' lang='lat' dir='ltr'>ne</span> <span class='ocrx_word' id='word_1_45' title='bbox 555 753 812 801; x_wconf 81' lang='lat' dir='ltr'>archiepiscopus</span> <span class='ocrx_word' id='word_1_46' title='bbox 834 763 935 789; x_wconf 81' lang='lat' dir='ltr'>vester</span> <span class='ocrx_word' id='word_1_47' title='bbox 955 755 1008 801; x_wconf 89' lang='lat' dir='ltr'>qui</span> <span class='ocrx_word' id='word_1_48' title='bbox 1032 767 1087 802; x_wconf 86' lang='lat' dir='ltr'>pro</span> 
     </span>
     <span class='ocr_line' id='line_1_11' title="bbox 138 803 1085 857; baseline 0.004 -22"><span class='ocrx_word' id='word_1_49' title='bbox 138 806 239 851; x_wconf 34' lang='lat' dir='ltr'>j&#39;ssv&#39;jssflffi</span> <span class='ocrx_word' id='word_1_50' title='bbox 270 805 322 857; x_wconf 44' lang='lat'>¹3¹3]</span> <span class='ocrx_word' id='word_1_51' title='bbox 337 809 479 848; x_wconf 89' lang='lat' dir='ltr'>tempore</span> <span class='ocrx_word' id='word_1_52' title='bbox 502 803 606 842; x_wconf 82' lang='lat' dir='ltr'>luerit,</span> <span class='ocrx_word' id='word_1_53' title='bbox 630 803 660 838; x_wconf 91' lang='lat' dir='ltr'>in</span> <span class='ocrx_word' id='word_1_54' title='bbox 683 803 849 843; x_wconf 85' lang='lat' dir='ltr'>decanum,</span> <span class='ocrx_word' id='word_1_55' title='bbox 878 803 925 838; x_wconf 80' lang='lat' dir='ltr'>vel</span> <span class='ocrx_word' id='word_1_56' title='bbox 950 803 1085 851; x_wconf 81' lang='lat' dir='ltr'>aliquam</span> 
     </span>
     <span class='ocr_line' id='line_1_12' title="bbox 138 852 1087 896; baseline 0 -9"><span class='ocrx_word' id='word_1_57' title='bbox 138 862 223 887; x_wconf 70' lang='lat' dir='ltr'>multet.</span> <span class='ocrx_word' id='word_1_58' title='bbox 338 862 520 896; x_wconf 84' lang='lat' dir='ltr'>personam,</span> <span class='ocrx_word' id='word_1_59' title='bbox 558 852 745 895; x_wconf 85' lang='lat' dir='ltr'>canonicos,</span> <span class='ocrx_word' id='word_1_60' title='bbox 773 852 818 887; x_wconf 88' lang='lat' dir='ltr'>vel</span> <span class='ocrx_word' id='word_1_61' title='bbox 847 864 957 888; x_wconf 90' lang='lat' dir='ltr'>eorum</span> <span class='ocrx_word' id='word_1_62' title='bbox 991 853 1087 888; x_wconf 89' lang='lat' dir='ltr'>mini-</span> 
     </span>
     <span class='ocr_line' id='line_1_13' title="bbox 336 900 1085 950; baseline 0.005 -17"><span class='ocrx_word' id='word_1_63' title='bbox 336 907 430 941; x_wconf 78' lang='lat' dir='ltr'>stros,</span> <span class='ocrx_word' id='word_1_64' title='bbox 452 901 517 936; x_wconf 89' lang='lat' dir='ltr'>sive</span> <span class='ocrx_word' id='word_1_65' title='bbox 533 900 636 936; x_wconf 89' lang='lat' dir='ltr'>clerici</span> <span class='ocrx_word' id='word_1_66' title='bbox 665 902 739 941; x_wconf 88' lang='lat' dir='ltr'>sint,</span> <span class='ocrx_word' id='word_1_67' title='bbox 761 902 827 936; x_wconf 82' lang='lat' dir='ltr'>sire</span> <span class='ocrx_word' id='word_1_68' title='bbox 846 901 928 946; x_wconf 77' lang='lat' dir='ltr'>laici,</span> <span class='ocrx_word' id='word_1_69' title='bbox 949 901 1085 950; x_wconf 83' lang='lat' dir='ltr'>aliquam</span> 
     </span>
     <span class='ocr_line' id='line_1_14' title="bbox 335 950 1085 991; baseline 0.004 -8"><span class='ocrx_word' id='word_1_70' title='bbox 335 950 690 991; x_wconf 71' lang='lat' dir='ltr'>excommunicationis,</span> <span class='ocrx_word' id='word_1_71' title='bbox 719 950 895 990; x_wconf 74' lang='lat' dir='ltr'>interdicti,</span> <span class='ocrx_word' id='word_1_72' title='bbox 928 963 984 986; x_wconf 90' lang='lat' dir='ltr'>seu</span> <span class='ocrx_word' id='word_1_73' title='bbox 1012 963 1085 986; x_wconf 90' lang='lat' dir='ltr'>sus-</span> 
     </span>
     <span class='ocr_line' id='line_1_15' title="bbox 336 999 1086 1045; baseline 0.003 -12"><span class='ocrx_word' id='word_1_74' title='bbox 336 999 499 1045; x_wconf 85' lang='lat' dir='ltr'>pensionis</span> <span class='ocrx_word' id='word_1_75' title='bbox 532 1001 718 1034; x_wconf 88' lang='lat' dir='ltr'>sententiam</span> <span class='ocrx_word' id='word_1_76' title='bbox 755 1008 862 1035; x_wconf 87' lang='lat' dir='ltr'>contra</span> <span class='ocrx_word' id='word_1_77' title='bbox 901 1000 1086 1035; x_wconf 89' lang='lat' dir='ltr'>immunita-</span> 
     </span>
     <span class='ocr_line' id='line_1_16' title="bbox 334 1049 1086 1095; baseline 0.004 -14"><span class='ocrx_word' id='word_1_78' title='bbox 334 1055 409 1089; x_wconf 85' lang='lat' dir='ltr'>tem,</span> <span class='ocrx_word' id='word_1_79' title='bbox 436 1060 531 1095; x_wconf 88' lang='lat' dir='ltr'>quam</span> <span class='ocrx_word' id='word_1_80' title='bbox 560 1049 820 1095; x_wconf 81' lang='lat' dir='ltr'>praedecessores</span> <span class='ocrx_word' id='word_1_81' title='bbox 841 1049 956 1091; x_wconf 90' lang='lat' dir='ltr'>vestri,</span> <span class='ocrx_word' id='word_1_82' title='bbox 978 1058 1009 1084; x_wconf 90' lang='lat' dir='ltr'>et</span> <span class='ocrx_word' id='word_1_83' title='bbox 1032 1062 1086 1085; x_wconf 82' lang='lat' dir='ltr'>vos</span> 
     </span>
     <span class='ocr_line' id='line_1_17' title="bbox 334 1096 1084 1140; baseline 0.003 -9"><span class='ocrx_word' id='word_1_84' title='bbox 334 1096 486 1132; x_wconf 86' lang='lat' dir='ltr'>hactenus</span> <span class='ocrx_word' id='word_1_85' title='bbox 512 1098 678 1138; x_wconf 79' lang='lat' dir='ltr'>habuistis,</span> <span class='ocrx_word' id='word_1_86' title='bbox 705 1098 776 1133; x_wconf 87' lang='lat' dir='ltr'>sine</span> <span class='ocrx_word' id='word_1_87' title='bbox 801 1110 931 1134; x_wconf 88' lang='lat' dir='ltr'>assensu</span> <span class='ocrx_word' id='word_1_88' title='bbox 954 1098 1084 1140; x_wconf 89' lang='lat' dir='ltr'>decani,</span> 
     </span>
     <span class='ocr_line' id='line_1_18' title="bbox 333 1147 1084 1194; baseline 0.001 -14"><span class='ocrx_word' id='word_1_89' title='bbox 333 1155 362 1180; x_wconf 88' lang='lat' dir='ltr'>et</span> <span class='ocrx_word' id='word_1_90' title='bbox 385 1147 523 1194; x_wconf 82' lang='lat' dir='ltr'>capituli,</span> <span class='ocrx_word' id='word_1_91' title='bbox 545 1147 592 1182; x_wconf 83' lang='lat' dir='ltr'>vel</span> <span class='ocrx_word' id='word_1_92' title='bbox 615 1159 669 1182; x_wconf 91' lang='lat' dir='ltr'>eos</span> <span class='ocrx_word' id='word_1_93' title='bbox 683 1160 699 1183; x_wconf 93' lang='lat' dir='ltr'>a</span> <span class='ocrx_word' id='word_1_94' title='bbox 722 1147 819 1182; x_wconf 84' lang='lat' dir='ltr'>choro</span> <span class='ocrx_word' id='word_1_95' title='bbox 840 1159 958 1187; x_wconf 85' lang='lat' dir='ltr'>arcere,</span> <span class='ocrx_word' id='word_1_96' title='bbox 980 1147 1026 1182; x_wconf 90' lang='lat' dir='ltr'>vel</span> <span class='ocrx_word' id='word_1_97' title='bbox 1046 1147 1084 1182; x_wconf 88' lang='lat' dir='ltr'>ab</span> 
     </span>
     <span class='ocr_line' id='line_1_19' title="bbox 333 1195 1085 1244; baseline 0.003 -14"><span class='ocrx_word' id='word_1_98' title='bbox 333 1195 546 1232; x_wconf 90' lang='lat' dir='ltr'>Ecclesiarum</span> <span class='ocrx_word' id='word_1_99' title='bbox 560 1196 726 1243; x_wconf 82' lang='lat' dir='ltr'>ingressu:</span> <span class='ocrx_word' id='word_1_100' title='bbox 754 1196 837 1243; x_wconf 90' lang='lat' dir='ltr'>quod</span> <span class='ocrx_word' id='word_1_101' title='bbox 852 1197 877 1231; x_wconf 90' lang='lat' dir='ltr'>si</span> <span class='ocrx_word' id='word_1_102' title='bbox 901 1196 978 1231; x_wconf 83' lang='lat' dir='ltr'>forte</span> <span class='ocrx_word' id='word_1_103' title='bbox 998 1209 1085 1244; x_wconf 89' lang='lat' dir='ltr'>prae-</span> 
     </span>
     <span class='ocr_line' id='line_1_20' title="bbox 332 1246 1081 1292; baseline 0.001 -13"><span class='ocrx_word' id='word_1_104' title='bbox 332 1247 523 1292; x_wconf 87' lang='lat' dir='ltr'>sumpserit,</span> <span class='ocrx_word' id='word_1_105' title='bbox 550 1258 618 1282; x_wconf 89' lang='lat' dir='ltr'>eam</span> <span class='ocrx_word' id='word_1_106' title='bbox 647 1246 851 1281; x_wconf 89' lang='lat' dir='ltr'>decernimus</span> <span class='ocrx_word' id='word_1_107' title='bbox 877 1258 938 1281; x_wconf 90' lang='lat' dir='ltr'>non</span> <span class='ocrx_word' id='word_1_108' title='bbox 965 1254 1081 1281; x_wconf 90' lang='lat' dir='ltr'>tenere.</span> 
     </span>
    </p>

    <p class='ocr_par' dir='ltr' id='par_1_3' title="bbox 132 1294 1084 1598">
     <span class='ocr_line' id='line_1_21' title="bbox 382 1294 1083 1343; baseline 0 -14"><span class='ocrx_word' id='word_1_109' title='bbox 382 1294 560 1330; x_wconf 88' lang='lat' dir='ltr'>Statuimus</span> <span class='ocrx_word' id='word_1_110' title='bbox 581 1295 713 1343; x_wconf 87' lang='lat' dir='ltr'>insuper</span> <span class='ocrx_word' id='word_1_111' title='bbox 729 1308 767 1330; x_wconf 92' lang='lat' dir='ltr'>ne</span> <span class='ocrx_word' id='word_1_112' title='bbox 786 1295 939 1339; x_wconf 78' lang='lat' dir='ltr'>decanus,</span> <span class='ocrx_word' id='word_1_113' title='bbox 961 1295 1014 1342; x_wconf 92' lang='lat' dir='ltr'>qui</span> <span class='ocrx_word' id='word_1_114' title='bbox 1034 1308 1083 1330; x_wconf 86' lang='lat' dir='ltr'>se-</span> 
     </span>
     <span class='ocr_line' id='line_1_22' title="bbox 147 1343 1083 1392; baseline 0 -14"><span class='ocrx_word' id='word_1_115' title='bbox 147 1351 259 1392; x_wconf 48' lang='lat' dir='ltr'>§ste-ceno</span> <span class='ocrx_word' id='word_1_116' title='bbox 283 1343 473 1379; x_wconf 67' lang='lat' dir='ltr'>nr-cundum</span> <span class='ocrx_word' id='word_1_117' title='bbox 496 1344 600 1380; x_wconf 92' lang='lat' dir='ltr'>Deum</span> <span class='ocrx_word' id='word_1_118' title='bbox 628 1345 659 1380; x_wconf 93' lang='lat' dir='ltr'>in</span> <span class='ocrx_word' id='word_1_119' title='bbox 687 1344 833 1380; x_wconf 81' lang='lat' dir='ltr'>Ecclesia</span> <span class='ocrx_word' id='word_1_120' title='bbox 859 1352 960 1380; x_wconf 83' lang='lat' dir='ltr'>vestra</span> <span class='ocrx_word' id='word_1_121' title='bbox 991 1343 1083 1379; x_wconf 79' lang='lat' dir='ltr'>suerit</span> 
     </span>
     <span class='ocr_line' id='line_1_23' title="bbox 134 1386 1081 1435; baseline 0 -7"><span class='ocrx_word' id='word_1_122' title='bbox 134 1386 319 1433; x_wconf 51' lang='lat' dir='ltr'>ffli‘p&#39;mnsuffli&#39;ssss</span> <span class='ocrx_word' id='word_1_123' title='bbox 335 1394 509 1435; x_wconf 82' lang='lat' dir='ltr'>institutus,</span> <span class='ocrx_word' id='word_1_124' title='bbox 528 1403 635 1429; x_wconf 88' lang='lat' dir='ltr'>contra</span> <span class='ocrx_word' id='word_1_125' title='bbox 656 1393 816 1429; x_wconf 84' lang='lat' dir='ltr'>Ecclesiae</span> <span class='ocrx_word' id='word_1_126' title='bbox 829 1401 947 1429; x_wconf 88' lang='lat' dir='ltr'>vestrae</span> <span class='ocrx_word' id='word_1_127' title='bbox 959 1392 1081 1428; x_wconf 87' lang='lat' dir='ltr'>solitam</span> 
     </span>
     <span class='ocr_line' id='line_1_24' title="bbox 135 1441 1084 1498; baseline 0.001 -22"><span class='ocrx_word' id='word_1_128' title='bbox 135 1441 528 1498; x_wconf 39' lang='lat' dir='ltr'>figffffififxffessjffilibertatem,</span> <span class='ocrx_word' id='word_1_129' title='bbox 569 1451 600 1478; x_wconf 91' lang='lat' dir='ltr'>et</span> <span class='ocrx_word' id='word_1_130' title='bbox 632 1442 896 1478; x_wconf 88' lang='lat' dir='ltr'>cousuetudinem</span> <span class='ocrx_word' id='word_1_131' title='bbox 931 1442 1084 1478; x_wconf 89' lang='lat' dir='ltr'>hacteuus</span> 
     </span>
     <span class='ocr_line' id='line_1_25' title="bbox 132 1496 1081 1543; baseline 0 -12"><span class='ocrx_word' id='word_1_132' title='bbox 132 1509 187 1523; x_wconf 62' lang='lat' dir='ltr'>wne</span> <span class='ocrx_word' id='word_1_133' title='bbox 233 1503 315 1524; x_wconf 56' lang='lat' dir='ltr'>facien&lt;</span> <span class='ocrx_word' id='word_1_134' title='bbox 331 1496 539 1541; x_wconf 87' lang='lat' dir='ltr'>observatam,</span> <span class='ocrx_word' id='word_1_135' title='bbox 566 1496 749 1543; x_wconf 84' lang='lat' dir='ltr'>homagium</span> <span class='ocrx_word' id='word_1_136' title='bbox 777 1496 908 1531; x_wconf 83' lang='lat' dir='ltr'>obtentu</span> <span class='ocrx_word' id='word_1_137' title='bbox 938 1496 1081 1531; x_wconf 86' lang='lat' dir='ltr'>beneficii</span> 
     </span>
     <span class='ocr_line' id='line_1_26' title="bbox 133 1535 1081 1598; baseline 0 -13"><span class='ocrx_word' id='word_1_138' title='bbox 133 1535 186 1553; x_wconf 43' lang='lat' dir='ltr'>*mm*</span> <span class='ocrx_word' id='word_1_139' title='bbox 329 1550 532 1585; x_wconf 87' lang='lat' dir='ltr'>ecclesiastici</span> <span class='ocrx_word' id='word_1_140' title='bbox 551 1551 790 1598; x_wconf 78' lang='lat' dir='ltr'>archiepiscopo</span> <span class='ocrx_word' id='word_1_141' title='bbox 807 1550 908 1586; x_wconf 82' lang='lat' dir='ltr'>facere</span> <span class='ocrx_word' id='word_1_142' title='bbox 928 1558 1081 1586; x_wconf 88' lang='lat' dir='ltr'>teneatur.</span> 
     </span>
    </p>

    <p class='ocr_par' dir='ltr' id='par_1_4' title="bbox 131 1603 1084 1814">
     <span class='ocr_line' id='line_1_27' title="bbox 378 1603 1084 1651; baseline 0.003 -13"><span class='ocrx_word' id='word_1_143' title='bbox 378 1603 543 1638; x_wconf 89' lang='lat' dir='ltr'>Praeterea</span> <span class='ocrx_word' id='word_1_144' title='bbox 567 1612 696 1651; x_wconf 89' lang='lat' dir='ltr'>paterno</span> <span class='ocrx_word' id='word_1_145' title='bbox 715 1603 829 1638; x_wconf 89' lang='lat' dir='ltr'>intuitu</span> <span class='ocrx_word' id='word_1_146' title='bbox 853 1603 1017 1651; x_wconf 79' lang='lat' dir='ltr'>providere</span> <span class='ocrx_word' id='word_1_147' title='bbox 1033 1617 1084 1640; x_wconf 85' lang='lat' dir='ltr'>vo-</span> 
     </span>
     <span class='ocr_line' id='line_1_28' title="bbox 144 1657 1083 1706; baseline 0.003 -16"><span class='ocrx_word' id='word_1_148' title='bbox 144 1671 239 1705; x_wconf 59' lang='lat' dir='ltr'>tgpauto</span> <span class='ocrx_word' id='word_1_149' title='bbox 267 1671 314 1706; x_wconf 55' lang='lat'>9³0-</span> <span class='ocrx_word' id='word_1_150' title='bbox 329 1657 428 1692; x_wconf 88' lang='lat' dir='ltr'>lentes</span> <span class='ocrx_word' id='word_1_151' title='bbox 461 1669 501 1692; x_wconf 89' lang='lat' dir='ltr'>ne</span> <span class='ocrx_word' id='word_1_152' title='bbox 527 1657 557 1692; x_wconf 90' lang='lat' dir='ltr'>in</span> <span class='ocrx_word' id='word_1_153' title='bbox 587 1658 642 1701; x_wconf 91' lang='lat' dir='ltr'>iis,</span> <span class='ocrx_word' id='word_1_154' title='bbox 674 1670 754 1705; x_wconf 90' lang='lat' dir='ltr'>quae</span> <span class='ocrx_word' id='word_1_155' title='bbox 784 1658 823 1693; x_wconf 90' lang='lat' dir='ltr'>ad</span> <span class='ocrx_word' id='word_1_156' title='bbox 860 1670 915 1693; x_wconf 85' lang='lat' dir='ltr'>vos</span> <span class='ocrx_word' id='word_1_157' title='bbox 941 1666 1083 1705; x_wconf 88' lang='lat' dir='ltr'>spectare</span> 
     </span>
     <span class='ocr_line' id='line_1_29' title="bbox 131 1704 1081 1759; baseline 0 -13"><span class='ocrx_word' id='word_1_158' title='bbox 131 1704 315 1759; x_wconf 51' lang='lat' dir='ltr'>i&#39;1¹.¹.‘.f&#39;p¹{f„l¹‚¹}ff⁴¹1{¹„‘.³</span> <span class='ocrx_word' id='word_1_159' title='bbox 331 1719 522 1754; x_wconf 88' lang='lat' dir='ltr'>noscuntur,</span> <span class='ocrx_word' id='word_1_160' title='bbox 545 1710 716 1745; x_wconf 87' lang='lat' dir='ltr'>laesionem</span> <span class='ocrx_word' id='word_1_161' title='bbox 739 1710 875 1758; x_wconf 89' lang='lat' dir='ltr'>aliquam</span> <span class='ocrx_word' id='word_1_162' title='bbox 900 1711 1081 1752; x_wconf 79' lang='lat' dir='ltr'>incurratis,</span> 
     </span>
     <span class='ocr_line' id='line_1_30' title="bbox 131 1764 1083 1814; baseline 0 -15"><span class='ocrx_word' id='word_1_163' title='bbox 131 1765 211 1814; x_wconf 36' lang='lat'>220⁸*</span> <span class='ocrx_word' id='word_1_164' title='bbox 235 1765 315 1784; x_wconf 64' lang='lat'>‘⁰⁰⁰³’</span> <span class='ocrx_word' id='word_1_165' title='bbox 329 1764 512 1800; x_wconf 78' lang='lat' dir='ltr'>electionem</span> <span class='ocrx_word' id='word_1_166' title='bbox 549 1764 679 1800; x_wconf 87' lang='lat' dir='ltr'>liberam</span> <span class='ocrx_word' id='word_1_167' title='bbox 708 1765 848 1811; x_wconf 84' lang='lat' dir='ltr'>magistri</span> <span class='ocrx_word' id='word_1_168' title='bbox 877 1764 993 1800; x_wconf 89' lang='lat' dir='ltr'>domus</span> <span class='ocrx_word' id='word_1_169' title='bbox 1007 1764 1083 1800; x_wconf 87' lang='lat' dir='ltr'>hos-</span> 
     </span>
    </p>

    <p class='ocr_par' dir='ltr' id='par_1_5' title="bbox 327 1816 1083 2176">
     <span class='ocr_line' id='line_1_31' title="bbox 330 1816 1083 1864; baseline 0.003 -13"><span class='ocrx_word' id='word_1_170' title='bbox 330 1818 384 1864; x_wconf 92' lang='lat' dir='ltr'>pit.</span> <span class='ocrx_word' id='word_1_171' title='bbox 411 1817 517 1853; x_wconf 87' lang='lat' dir='ltr'>Sancti</span> <span class='ocrx_word' id='word_1_172' title='bbox 551 1816 635 1852; x_wconf 91' lang='lat' dir='ltr'>Petri</span> <span class='ocrx_word' id='word_1_173' title='bbox 659 1816 813 1862; x_wconf 86' lang='lat' dir='ltr'>Eborum,</span> <span class='ocrx_word' id='word_1_174' title='bbox 845 1817 927 1853; x_wconf 86' lang='lat' dir='ltr'>sicut</span> <span class='ocrx_word' id='word_1_175' title='bbox 956 1830 1023 1853; x_wconf 88' lang='lat' dir='ltr'>eam</span> <span class='ocrx_word' id='word_1_176' title='bbox 1046 1830 1083 1853; x_wconf 85' lang='lat' dir='ltr'>ex</span> 
     </span>
     <span class='ocr_line' id='line_1_32' title="bbox 328 1870 1083 1919; baseline 0 -13"><span class='ocrx_word' id='word_1_177' title='bbox 328 1872 454 1919; x_wconf 89' lang='lat' dir='ltr'>antiqua</span> <span class='ocrx_word' id='word_1_178' title='bbox 476 1879 507 1906; x_wconf 89' lang='lat' dir='ltr'>et</span> <span class='ocrx_word' id='word_1_179' title='bbox 541 1870 710 1918; x_wconf 87' lang='lat' dir='ltr'>approbata</span> <span class='ocrx_word' id='word_1_180' title='bbox 739 1871 974 1906; x_wconf 88' lang='lat' dir='ltr'>consuetudine</span> <span class='ocrx_word' id='word_1_181' title='bbox 1005 1870 1083 1907; x_wconf 90' lang='lat' dir='ltr'>hac-</span> 
     </span>
     <span class='ocr_line' id='line_1_33' title="bbox 327 1924 1080 1966; baseline -0.003 -5"><span class='ocrx_word' id='word_1_182' title='bbox 327 1934 419 1961; x_wconf 90' lang='lat' dir='ltr'>tenus</span> <span class='ocrx_word' id='word_1_183' title='bbox 439 1925 583 1960; x_wconf 86' lang='lat' dir='ltr'>Ecclesia</span> <span class='ocrx_word' id='word_1_184' title='bbox 607 1933 705 1959; x_wconf 88' lang='lat' dir='ltr'>vestra</span> <span class='ocrx_word' id='word_1_185' title='bbox 729 1924 885 1966; x_wconf 77' lang='lat' dir='ltr'>obtinuit,</span> <span class='ocrx_word' id='word_1_186' title='bbox 910 1924 998 1960; x_wconf 89' lang='lat' dir='ltr'>vobis</span> <span class='ocrx_word' id='word_1_187' title='bbox 1026 1936 1080 1959; x_wconf 88' lang='lat' dir='ltr'>ve-</span> 
     </span>
     <span class='ocr_line' id='line_1_34' title="bbox 328 1977 1081 2026; baseline -0.003 -12"><span class='ocrx_word' id='word_1_188' title='bbox 328 1980 464 2026; x_wconf 89' lang='lat' dir='ltr'>strisque</span> <span class='ocrx_word' id='word_1_189' title='bbox 495 1978 735 2014; x_wconf 89' lang='lat' dir='ltr'>successoribus</span> <span class='ocrx_word' id='word_1_190' title='bbox 768 1977 1013 2021; x_wconf 84' lang='lat' dir='ltr'>confirmamus,</span> <span class='ocrx_word' id='word_1_191' title='bbox 1041 1977 1081 2012; x_wconf 90' lang='lat' dir='ltr'>ita</span> 
     </span>
     <span class='ocr_line' id='line_1_35' title="bbox 328 2031 1083 2081; baseline -0.003 -13"><span class='ocrx_word' id='word_1_192' title='bbox 328 2033 412 2081; x_wconf 90' lang='lat' dir='ltr'>quod</span> <span class='ocrx_word' id='word_1_193' title='bbox 440 2034 495 2081; x_wconf 92' lang='lat' dir='ltr'>qui</span> <span class='ocrx_word' id='word_1_194' title='bbox 519 2032 561 2068; x_wconf 89' lang='lat' dir='ltr'>ibi</span> <span class='ocrx_word' id='word_1_195' title='bbox 586 2045 642 2080; x_wconf 91' lang='lat' dir='ltr'>pro</span> <span class='ocrx_word' id='word_1_196' title='bbox 677 2040 818 2079; x_wconf 88' lang='lat' dir='ltr'>tempore</span> <span class='ocrx_word' id='word_1_197' title='bbox 854 2031 949 2066; x_wconf 82' lang='lat' dir='ltr'>l&#39;uerit</span> <span class='ocrx_word' id='word_1_198' title='bbox 983 2043 1083 2066; x_wconf 50' lang='lat' dir='ltr'>assuz</span> 
     </span>
     <span class='ocr_line' id='line_1_36' title="bbox 330 2084 1081 2133; baseline -0.001 -11"><span class='ocrx_word' id='word_1_199' title='bbox 330 2087 464 2122; x_wconf 89' lang='lat' dir='ltr'>mendus</span> <span class='ocrx_word' id='word_1_200' title='bbox 498 2087 622 2122; x_wconf 89' lang='lat' dir='ltr'>nonnisi</span> <span class='ocrx_word' id='word_1_201' title='bbox 654 2098 710 2133; x_wconf 89' lang='lat' dir='ltr'>per</span> <span class='ocrx_word' id='word_1_202' title='bbox 735 2084 924 2121; x_wconf 86' lang='lat' dir='ltr'>electionem</span> <span class='ocrx_word' id='word_1_203' title='bbox 948 2093 1081 2121; x_wconf 89' lang='lat' dir='ltr'>vestram</span> 
     </span>
     <span class='ocr_line' id='line_1_37' title="bbox 330 2141 983 2176; baseline -0.003 -1"><span class='ocrx_word' id='word_1_204' title='bbox 330 2150 512 2176; x_wconf 89' lang='lat' dir='ltr'>consuetam</span> <span class='ocrx_word' id='word_1_205' title='bbox 536 2149 565 2176; x_wconf 93' lang='lat' dir='ltr'>et</span> <span class='ocrx_word' id='word_1_206' title='bbox 587 2141 771 2175; x_wconf 89' lang='lat' dir='ltr'>canonicam</span> <span class='ocrx_word' id='word_1_207' title='bbox 794 2147 983 2175; x_wconf 83' lang='lat' dir='ltr'>assumatur.</span> 
     </span>
    </p>

    <p class='ocr_par' dir='ltr' id='par_1_6' title="bbox 132 2190 1085 2340">
     <span class='ocr_line' id='line_1_38' title="bbox 379 2190 1084 2241; baseline -0.003 -13"><span class='ocrx_word' id='word_1_208' title='bbox 379 2192 419 2228; x_wconf 93' lang='lat' dir='ltr'>Et</span> <span class='ocrx_word' id='word_1_209' title='bbox 441 2206 480 2228; x_wconf 90' lang='lat' dir='ltr'>ne</span> <span class='ocrx_word' id='word_1_210' title='bbox 507 2202 607 2228; x_wconf 88' lang='lat' dir='ltr'>status</span> <span class='ocrx_word' id='word_1_211' title='bbox 628 2190 791 2227; x_wconf 84' lang='lat' dir='ltr'>Ecclesiae</span> <span class='ocrx_word' id='word_1_212' title='bbox 814 2201 933 2227; x_wconf 74' lang='lat' dir='ltr'>vestrae</span> <span class='ocrx_word' id='word_1_213' title='bbox 954 2191 1084 2241; x_wconf 85' lang='lat' dir='ltr'>temeri-</span> 
     </span>
     <span class='ocr_line' id='line_1_39' title="bbox 132 2245 1085 2299; baseline -0.001 -17"><span class='ocrx_word' id='word_1_214' title='bbox 132 2248 315 2299; x_wconf 46' lang='grc' dir='ltr'>ηξζχξξξζῗζξᾶτὲῇ·</span> <span class='ocrx_word' id='word_1_215' title='bbox 330 2255 391 2283; x_wconf 90' lang='lat' dir='ltr'>tate</span> <span class='ocrx_word' id='word_1_216' title='bbox 422 2246 562 2294; x_wconf 87' lang='lat' dir='ltr'>qualibet</span> <span class='ocrx_word' id='word_1_217' title='bbox 596 2247 677 2281; x_wconf 88' lang='lat' dir='ltr'>circa</span> <span class='ocrx_word' id='word_1_218' title='bbox 704 2245 917 2281; x_wconf 82' lang='lat' dir='ltr'>observantias</span> <span class='ocrx_word' id='word_1_219' title='bbox 946 2246 1085 2281; x_wconf 86' lang='lat' dir='ltr'>rationa-</span> 
     </span>
     <span class='ocr_line' id='line_1_40' title="bbox 133 2295 1083 2340; baseline -0.002 -5"><span class='ocrx_word' id='word_1_220' title='bbox 133 2295 252 2329; x_wconf 61' lang='lat' dir='ltr'>tonurmais</span> <span class='ocrx_word' id='word_1_221' title='bbox 330 2301 409 2336; x_wconf 90' lang='lat' dir='ltr'>biles</span> <span class='ocrx_word' id='word_1_222' title='bbox 427 2301 620 2336; x_wconf 90' lang='lat' dir='ltr'>mutationes</span> <span class='ocrx_word' id='word_1_223' title='bbox 640 2312 696 2334; x_wconf 83' lang='lat' dir='ltr'>scu</span> <span class='ocrx_word' id='word_1_224' title='bbox 712 2300 910 2334; x_wconf 79' lang='lat' dir='ltr'>turbationes</span> <span class='ocrx_word' id='word_1_225' title='bbox 936 2299 1083 2340; x_wconf 88' lang='lat' dir='ltr'>incurrat,</span> 
     </span>
    </p>

    <p class='ocr_par' dir='ltr' id='par_1_7' title="bbox 330 2354 1085 2722">
     <span class='ocr_line' id='line_1_41' title="bbox 330 2354 1083 2402; baseline -0.004 -12"><span class='ocrx_word' id='word_1_226' title='bbox 330 2355 511 2402; x_wconf 85' lang='lat' dir='ltr'>dignitates,</span> <span class='ocrx_word' id='word_1_227' title='bbox 534 2355 705 2398; x_wconf 75' lang='lat' dir='ltr'>libertates,</span> <span class='ocrx_word' id='word_1_228' title='bbox 729 2354 953 2398; x_wconf 81' lang='lat' dir='ltr'>immunitates,</span> <span class='ocrx_word' id='word_1_229' title='bbox 967 2364 1047 2400; x_wconf 91' lang='lat' dir='ltr'>quae</span> <span class='ocrx_word' id='word_1_230' title='bbox 1067 2365 1083 2388; x_wconf 91' lang='lat' dir='ltr'>a</span> 
     </span>
     <span class='ocr_line' id='line_1_42' title="bbox 330 2406 1085 2456; baseline -0.003 -13"><span class='ocrx_word' id='word_1_231' title='bbox 330 2409 458 2455; x_wconf 85' lang='lat' dir='ltr'>regibus</span> <span class='ocrx_word' id='word_1_232' title='bbox 479 2417 511 2443; x_wconf 91' lang='lat' dir='ltr'>et</span> <span class='ocrx_word' id='word_1_233' title='bbox 530 2408 736 2456; x_wconf 89' lang='lat' dir='ltr'>principibus,</span> <span class='ocrx_word' id='word_1_234' title='bbox 763 2420 817 2442; x_wconf 87' lang='lat' dir='ltr'>seu</span> <span class='ocrx_word' id='word_1_235' title='bbox 837 2406 1085 2454; x_wconf 81' lang='lat' dir='ltr'>archiepiscopis</span> 
     </span>
     <span class='ocr_line' id='line_1_43' title="bbox 331 2461 1084 2502; baseline 0 -7"><span class='ocrx_word' id='word_1_236' title='bbox 331 2463 454 2502; x_wconf 64' lang='lat' dir='ltr'>restris,</span> <span class='ocrx_word' id='word_1_237' title='bbox 483 2462 570 2497; x_wconf 74' lang='lat' dir='ltr'>robis</span> <span class='ocrx_word' id='word_1_238' title='bbox 593 2471 623 2497; x_wconf 88' lang='lat' dir='ltr'>et</span> <span class='ocrx_word' id='word_1_239' title='bbox 651 2461 813 2496; x_wconf 78' lang='lat' dir='ltr'>Ecclesiae</span> <span class='ocrx_word' id='word_1_240' title='bbox 834 2468 956 2496; x_wconf 89' lang='lat' dir='ltr'>vestrae</span> <span class='ocrx_word' id='word_1_241' title='bbox 986 2462 1084 2495; x_wconf 88' lang='lat' dir='ltr'>ratio-</span> 
     </span>
     <span class='ocr_line' id='line_1_44' title="bbox 332 2513 1085 2559; baseline -0.003 -9"><span class='ocrx_word' id='word_1_242' title='bbox 332 2515 475 2550; x_wconf 87' lang='lat' dir='ltr'>nabiliter</span> <span class='ocrx_word' id='word_1_243' title='bbox 510 2523 585 2550; x_wconf 86' lang='lat' dir='ltr'>sunt</span> <span class='ocrx_word' id='word_1_244' title='bbox 617 2526 801 2559; x_wconf 85' lang='lat' dir='ltr'>concessae,</span> <span class='ocrx_word' id='word_1_245' title='bbox 835 2522 866 2549; x_wconf 91' lang='lat' dir='ltr'>et</span> <span class='ocrx_word' id='word_1_246' title='bbox 893 2526 909 2549; x_wconf 90' lang='lat' dir='ltr'>a</span> <span class='ocrx_word' id='word_1_247' title='bbox 930 2513 1085 2549; x_wconf 88' lang='lat' dir='ltr'>Romanis</span> 
     </span>
     <span class='ocr_line' id='line_1_45' title="bbox 332 2567 1083 2616; baseline -0.001 -13"><span class='ocrx_word' id='word_1_248' title='bbox 332 2568 540 2604; x_wconf 76' lang='lat' dir='ltr'>Pontificibus</span> <span class='ocrx_word' id='word_1_249' title='bbox 561 2568 762 2616; x_wconf 90' lang='lat' dir='ltr'>approbatae,</span> <span class='ocrx_word' id='word_1_250' title='bbox 785 2579 841 2603; x_wconf 90' lang='lat' dir='ltr'>seu</span> <span class='ocrx_word' id='word_1_251' title='bbox 855 2567 949 2602; x_wconf 90' lang='lat' dir='ltr'>etiam</span> <span class='ocrx_word' id='word_1_252' title='bbox 972 2579 1083 2615; x_wconf 84' lang='lat' dir='ltr'>regum</span> 
     </span>
     <span class='ocr_line' id='line_1_46' title="bbox 331 2620 1083 2669; baseline 0 -13"><span class='ocrx_word' id='word_1_253' title='bbox 331 2634 386 2656; x_wconf 89' lang='lat' dir='ltr'>seu</span> <span class='ocrx_word' id='word_1_254' title='bbox 433 2622 631 2669; x_wconf 88' lang='lat' dir='ltr'>principum,</span> <span class='ocrx_word' id='word_1_255' title='bbox 672 2622 718 2657; x_wconf 78' lang='lat' dir='ltr'>vel</span> <span class='ocrx_word' id='word_1_256' title='bbox 755 2620 1083 2668; x_wconf 84' lang='lat' dir='ltr'>archiepiscoporum,</span> 
     </span>
     <span class='ocr_line' id='line_1_47' title="bbox 331 2673 1085 2722; baseline -0.004 -11"><span class='ocrx_word' id='word_1_257' title='bbox 331 2687 456 2712; x_wconf 88' lang='lat' dir='ltr'>necnon</span> <span class='ocrx_word' id='word_1_258' title='bbox 485 2676 720 2722; x_wconf 81' lang='lat' dir='ltr'>episcoporum,</span> <span class='ocrx_word' id='word_1_259' title='bbox 753 2673 970 2710; x_wconf 86' lang='lat' dir='ltr'>Romanorum</span> <span class='ocrx_word' id='word_1_260' title='bbox 998 2673 1085 2709; x_wconf 92' lang='lat' dir='ltr'>Pon-</span> 
     </span>
    </p>
   </div>
   <div class='ocr_carea' id='block_1_3' title="bbox 145 306 325 334">
    <p class='ocr_par' dir='ltr' id='par_1_8' title="bbox 145 306 325 334">
     <span class='ocr_line' id='line_1_48' title="bbox 145 306 325 334; baseline 0.011 -2"><span class='ocrx_word' id='word_1_261' title='bbox 145 306 195 332; x_wconf 81' lang='lat' dir='ltr'>An.</span> <span class='ocrx_word' id='word_1_262' title='bbox 210 307 238 334; x_wconf 93' lang='lat' dir='ltr'>C.</span> <span class='ocrx_word' id='word_1_263' title='bbox 261 307 325 334; x_wconf 55' lang='lat'>119³</span> 
     </span>
    </p>
   </div>
   <div class='ocr_carea' id='block_1_4' title="bbox 919 305 1296 328">
    <p class='ocr_par' dir='ltr' id='par_1_9' title="bbox 919 305 1296 328">
     <span class='ocr_line' id='line_1_49' title="bbox 919 305 1296 328; baseline 0.003 -1"><span class='ocrx_word' id='word_1_264' title='bbox 919 305 1105 327; x_wconf 63' lang='lat' dir='ltr'>mmmmm!</span> <span class='ocrx_word' id='word_1_265' title='bbox 1136 305 1296 328; x_wconf 71' lang='lat' dir='ltr'>ttoMANUM</span> 
     </span>
    </p>
   </div>
   <div class='ocr_carea' id='block_1_5' title="bbox 1901 309 2080 337">
    <p class='ocr_par' dir='ltr' id='par_1_10' title="bbox 1901 309 2080 337">
     <span class='ocr_line' id='line_1_50' title="bbox 1901 309 2080 337; baseline 0.006 -1"><span class='ocrx_word' id='word_1_266' title='bbox 1901 309 1950 336; x_wconf 76' lang='lat' dir='ltr'>An.</span> <span class='ocrx_word' id='word_1_267' title='bbox 1971 309 1998 336; x_wconf 91' lang='lat' dir='ltr'>C.</span> <span class='ocrx_word' id='word_1_268' title='bbox 2016 310 2080 337; x_wconf 62' lang='lat'>1¹94</span> 
     </span>
    </p>
   </div>
   <div class='ocr_carea' id='block_1_6' title="bbox 1122 361 2080 2667">
    <p class='ocr_par' dir='ltr' id='par_1_11' title="bbox 1133 361 1886 501">
     <span class='ocr_line' id='line_1_51' title="bbox 1135 361 1886 405; baseline 0.009 -11"><span class='ocrx_word' id='word_1_269' title='bbox 1135 361 1252 396; x_wconf 84' lang='lat' dir='ltr'>tilicum</span> <span class='ocrx_word' id='word_1_270' title='bbox 1276 362 1441 398; x_wconf 84' lang='lat' dir='ltr'>autenticis</span> <span class='ocrx_word' id='word_1_271' title='bbox 1462 364 1675 405; x_wconf 86' lang='lat' dir='ltr'>continentur,</span> <span class='ocrx_word' id='word_1_272' title='bbox 1703 373 1785 401; x_wconf 85' lang='lat' dir='ltr'>ratas</span> <span class='ocrx_word' id='word_1_273' title='bbox 1817 377 1886 401; x_wconf 84' lang='lat' dir='ltr'>esse</span> 
     </span>
     <span class='ocr_line' id='line_1_52' title="bbox 1133 415 1886 460; baseline 0.004 -16"><span class='ocrx_word' id='word_1_274' title='bbox 1133 422 1314 455; x_wconf 83' lang='lat' dir='ltr'>censemuS,</span> <span class='ocrx_word' id='word_1_275' title='bbox 1336 420 1366 446; x_wconf 87' lang='lat' dir='ltr'>et</span> <span class='ocrx_word' id='word_1_276' title='bbox 1388 425 1440 447; x_wconf 90' lang='lat' dir='ltr'>eas</span> <span class='ocrx_word' id='word_1_277' title='bbox 1464 422 1647 460; x_wconf 84' lang='lat' dir='ltr'>perpetuam</span> <span class='ocrx_word' id='word_1_278' title='bbox 1670 415 1814 450; x_wconf 87' lang='lat' dir='ltr'>obtinere</span> <span class='ocrx_word' id='word_1_279' title='bbox 1836 427 1886 448; x_wconf 70' lang='lat' dir='ltr'>vo-</span> 
     </span>
     <span class='ocr_line' id='line_1_53' title="bbox 1133 463 1447 501; baseline 0.013 -4"><span class='ocrx_word' id='word_1_280' title='bbox 1133 463 1238 498; x_wconf 87' lang='lat' dir='ltr'>lumus</span> <span class='ocrx_word' id='word_1_281' title='bbox 1261 464 1447 501; x_wconf 81' lang='lat' dir='ltr'>firmitatem.</span> 
     </span>
    </p>

    <p class='ocr_par' dir='ltr' id='par_1_12' title="bbox 1122 516 2080 2667">
     <span class='ocr_line' id='line_1_54' title="bbox 1180 516 2079 579; baseline 0.009 -27"><span class='ocrx_word' id='word_1_282' title='bbox 1180 516 1391 554; x_wconf 80' lang='lat' dir='ltr'>prohibemus</span> <span class='ocrx_word' id='word_1_283' title='bbox 1414 521 1544 568; x_wconf 85' lang='lat' dir='ltr'>insuper</span> <span class='ocrx_word' id='word_1_284' title='bbox 1560 534 1597 557; x_wconf 92' lang='lat' dir='ltr'>ne</span> <span class='ocrx_word' id='word_1_285' title='bbox 1611 523 1882 571; x_wconf 82' lang='lat' dir='ltr'>archiepiscopus,</span> <span class='ocrx_word' id='word_1_286' title='bbox 1897 528 2079 579; x_wconf 27' lang='grc' dir='ltr'>,ᾞΜὴθῑῠθθδ</span> 
     </span>
     <span class='ocr_line' id='line_1_55' title="bbox 1132 564 2080 625; baseline 0.005 -19"><span class='ocrx_word' id='word_1_287' title='bbox 1132 572 1177 607; x_wconf 89' lang='lat' dir='ltr'>vel</span> <span class='ocrx_word' id='word_1_288' title='bbox 1205 572 1320 620; x_wconf 88' lang='lat' dir='ltr'>aliquis</span> <span class='ocrx_word' id='word_1_289' title='bbox 1340 574 1420 609; x_wconf 90' lang='lat' dir='ltr'>alius</span> <span class='ocrx_word' id='word_1_290' title='bbox 1441 584 1547 611; x_wconf 85' lang='lat' dir='ltr'>contra</span> <span class='ocrx_word' id='word_1_291' title='bbox 1583 577 1743 624; x_wconf 87' lang='lat' dir='ltr'>antiquam</span> <span class='ocrx_word' id='word_1_292' title='bbox 1771 586 1801 613; x_wconf 91' lang='lat' dir='ltr'>et</span> <span class='ocrx_word' id='word_1_293' title='bbox 1822 590 1880 625; x_wconf 88' lang='lat' dir='ltr'>ap·</span> <span class='ocrx_word' id='word_1_294' title='bbox 1896 564 1931 612; x_wconf 63' lang='lat'>22?</span> <span class='ocrx_word' id='word_1_295' title='bbox 1944 564 2080 612; x_wconf 49' lang='grc' dir='ltr'>31)ζῖῗέΡῖεὲ</span> 
     </span>
     <span class='ocr_line' id='line_1_56' title="bbox 1132 623 2078 678; baseline 0.008 -18"><span class='ocrx_word' id='word_1_296' title='bbox 1132 626 1290 674; x_wconf 88' lang='lat' dir='ltr'>probatam</span> <span class='ocrx_word' id='word_1_297' title='bbox 1319 627 1480 663; x_wconf 88' lang='lat' dir='ltr'>Ecclesiae</span> <span class='ocrx_word' id='word_1_298' title='bbox 1511 629 1684 665; x_wconf 80' lang='lat' dir='ltr'>libertatem</span> <span class='ocrx_word' id='word_1_299' title='bbox 1708 643 1878 678; x_wconf 81' lang='lat' dir='ltr'>personaS,</span> <span class='ocrx_word' id='word_1_300' title='bbox 1894 623 2078 678; x_wconf 46' lang='lat' dir='ltr'>i&#39;essffissuer&#39;f&#39;ss&#39;g</span> 
     </span>
     <span class='ocr_line' id='line_1_57' title="bbox 1129 682 2014 723; baseline 0.007 -7"><span class='ocrx_word' id='word_1_301' title='bbox 1129 693 1185 716; x_wconf 89' lang='lat' dir='ltr'>seu</span> <span class='ocrx_word' id='word_1_302' title='bbox 1212 682 1394 723; x_wconf 80' lang='lat' dir='ltr'>canonicos,</span> <span class='ocrx_word' id='word_1_303' title='bbox 1416 690 1469 716; x_wconf 91' lang='lat' dir='ltr'>aut</span> <span class='ocrx_word' id='word_1_304' title='bbox 1496 683 1637 723; x_wconf 84' lang='lat' dir='ltr'>clericos,</span> <span class='ocrx_word' id='word_1_305' title='bbox 1665 685 1710 718; x_wconf 83' lang='lat' dir='ltr'>vel</span> <span class='ocrx_word' id='word_1_306' title='bbox 1733 685 1880 721; x_wconf 86' lang='lat' dir='ltr'>homines</span> <span class='ocrx_word' id='word_1_307' title='bbox 1894 686 2014 708; x_wconf 58' lang='lat' dir='ltr'>g&#39;ffln‘u&#39;·</span> 
     </span>
     <span class='ocr_line' id='line_1_58' title="bbox 1131 735 1879 775; baseline 0.011 -7"><span class='ocrx_word' id='word_1_308' title='bbox 1131 743 1249 770; x_wconf 83' lang='lat' dir='ltr'>vestros</span> <span class='ocrx_word' id='word_1_309' title='bbox 1272 735 1421 771; x_wconf 85' lang='lat' dir='ltr'>indebitis</span> <span class='ocrx_word' id='word_1_310' title='bbox 1448 745 1477 770; x_wconf 85' lang='lat' dir='ltr'>et</span> <span class='ocrx_word' id='word_1_311' title='bbox 1500 738 1660 772; x_wconf 89' lang='lat' dir='ltr'>consuetis</span> <span class='ocrx_word' id='word_1_312' title='bbox 1693 752 1879 775; x_wconf 85' lang='lat' dir='ltr'>excommu-</span> 
     </span>
     <span class='ocr_line' id='line_1_59' title="bbox 1130 790 1878 840; baseline 0.007 -16"><span class='ocrx_word' id='word_1_313' title='bbox 1130 790 1338 825; x_wconf 88' lang='lat' dir='ltr'>nicationibus</span> <span class='ocrx_word' id='word_1_314' title='bbox 1371 802 1573 838; x_wconf 83' lang='lat' dir='ltr'>praegravare</span> <span class='ocrx_word' id='word_1_315' title='bbox 1600 803 1672 836; x_wconf 88' lang='lat' dir='ltr'>eos,</span> <span class='ocrx_word' id='word_1_316' title='bbox 1700 795 1878 840; x_wconf 86' lang='lat' dir='ltr'>pecuniaria</span> 
     </span>
     <span class='ocr_line' id='line_1_60' title="bbox 1129 845 1878 892; baseline 0.007 -14"><span class='ocrx_word' id='word_1_317' title='bbox 1129 856 1226 889; x_wconf 83' lang='lat' dir='ltr'>poena</span> <span class='ocrx_word' id='word_1_318' title='bbox 1249 857 1304 880; x_wconf 86' lang='lat' dir='ltr'>eos</span> <span class='ocrx_word' id='word_1_319' title='bbox 1333 845 1483 880; x_wconf 82' lang='lat' dir='ltr'>mulctare</span> <span class='ocrx_word' id='word_1_320' title='bbox 1517 854 1712 892; x_wconf 83' lang='lat' dir='ltr'>praesumat,</span> <span class='ocrx_word' id='word_1_321' title='bbox 1740 860 1797 882; x_wconf 89' lang='lat' dir='ltr'>nec</span> <span class='ocrx_word' id='word_1_322' title='bbox 1810 849 1878 883; x_wconf 88' lang='lat' dir='ltr'>sine</span> 
     </span>
     <span class='ocr_line' id='line_1_61' title="bbox 1127 897 1876 942; baseline 0.005 -10"><span class='ocrx_word' id='word_1_323' title='bbox 1127 897 1338 934; x_wconf 84' lang='lat' dir='ltr'>satisfactione</span> <span class='ocrx_word' id='word_1_324' title='bbox 1373 898 1476 934; x_wconf 89' lang='lat' dir='ltr'>debita</span> <span class='ocrx_word' id='word_1_325' title='bbox 1521 899 1658 935; x_wconf 84' lang='lat' dir='ltr'>relaxare</span> <span class='ocrx_word' id='word_1_326' title='bbox 1692 902 1876 942; x_wconf 83' lang='lat' dir='ltr'>sententias,</span> 
     </span>
     <span class='ocr_line' id='line_1_62' title="bbox 1128 953 1878 1000; baseline 0.005 -14"><span class='ocrx_word' id='word_1_327' title='bbox 1128 964 1205 998; x_wconf 86' lang='lat' dir='ltr'>quas</span> <span class='ocrx_word' id='word_1_328' title='bbox 1227 953 1399 1000; x_wconf 86' lang='lat' dir='ltr'>capitulum</span> <span class='ocrx_word' id='word_1_329' title='bbox 1429 960 1565 988; x_wconf 83' lang='lat' dir='ltr'>vestrum</span> <span class='ocrx_word' id='word_1_330' title='bbox 1589 953 1764 988; x_wconf 86' lang='lat' dir='ltr'>secundnm</span> <span class='ocrx_word' id='word_1_331' title='bbox 1786 956 1878 990; x_wconf 81' lang='lat' dir='ltr'>&#39;anti-</span> 
     </span>
     <span class='ocr_line' id='line_1_63' title="bbox 1127 1007 1876 1054; baseline 0.004 -13"><span class='ocrx_word' id='word_1_332' title='bbox 1127 1019 1219 1054; x_wconf 86' lang='lat' dir='ltr'>quam</span> <span class='ocrx_word' id='word_1_333' title='bbox 1254 1016 1283 1041; x_wconf 88' lang='lat' dir='ltr'>et</span> <span class='ocrx_word' id='word_1_334' title='bbox 1326 1007 1528 1054; x_wconf 86' lang='lat' dir='ltr'>approbatam</span> <span class='ocrx_word' id='word_1_335' title='bbox 1558 1007 1718 1042; x_wconf 87' lang='lat' dir='ltr'>Ecclesiae</span> <span class='ocrx_word' id='word_1_336' title='bbox 1753 1017 1876 1044; x_wconf 83' lang='lat' dir='ltr'>vestrae</span> 
     </span>
     <span class='ocr_line' id='line_1_64' title="bbox 1126 1061 1874 1101; baseline 0.004 -6"><span class='ocrx_word' id='word_1_337' title='bbox 1126 1061 1389 1095; x_wconf 82' lang='lat' dir='ltr'>consuetudinem</span> <span class='ocrx_word' id='word_1_338' title='bbox 1419 1061 1447 1095; x_wconf 94' lang='lat' dir='ltr'>in</span> <span class='ocrx_word' id='word_1_339' title='bbox 1478 1062 1638 1096; x_wconf 80' lang='lat' dir='ltr'>invasores</span> <span class='ocrx_word' id='word_1_340' title='bbox 1674 1073 1790 1101; x_wconf 87' lang='lat' dir='ltr'>rerum,</span> <span class='ocrx_word' id='word_1_341' title='bbox 1819 1075 1874 1098; x_wconf 91' lang='lat' dir='ltr'>seu</span> 
     </span>
     <span class='ocr_line' id='line_1_65' title="bbox 1127 1114 1876 1161; baseline 0.003 -12"><span class='ocrx_word' id='word_1_342' title='bbox 1127 1115 1361 1161; x_wconf 87' lang='lat' dir='ltr'>possessionum</span> <span class='ocrx_word' id='word_1_343' title='bbox 1397 1127 1525 1150; x_wconf 87' lang='lat' dir='ltr'>suarum</span> <span class='ocrx_word' id='word_1_344' title='bbox 1561 1114 1668 1149; x_wconf 89' lang='lat' dir='ltr'>illicite</span> <span class='ocrx_word' id='word_1_345' title='bbox 1714 1127 1749 1149; x_wconf 88' lang='lat' dir='ltr'>ac</span> <span class='ocrx_word' id='word_1_346' title='bbox 1775 1122 1876 1151; x_wconf 83' lang='lat' dir='ltr'>terne-</span> 
     </span>
     <span class='ocr_line' id='line_1_66' title="bbox 1126 1168 1876 1216; baseline 0.003 -14"><span class='ocrx_word' id='word_1_347' title='bbox 1126 1168 1203 1202; x_wconf 87' lang='lat' dir='ltr'>rarie</span> <span class='ocrx_word' id='word_1_348' title='bbox 1230 1168 1384 1207; x_wconf 81' lang='lat' dir='ltr'>detentos,</span> <span class='ocrx_word' id='word_1_349' title='bbox 1407 1177 1437 1202; x_wconf 88' lang='lat' dir='ltr'>et</span> <span class='ocrx_word' id='word_1_350' title='bbox 1459 1168 1489 1202; x_wconf 90' lang='lat' dir='ltr'>in</span> <span class='ocrx_word' id='word_1_351' title='bbox 1513 1177 1631 1203; x_wconf 88' lang='lat' dir='ltr'>vestros</span> <span class='ocrx_word' id='word_1_352' title='bbox 1653 1169 1796 1204; x_wconf 89' lang='lat' dir='ltr'>homines</span> <span class='ocrx_word' id='word_1_353' title='bbox 1808 1182 1876 1216; x_wconf 82' lang='lat' dir='ltr'>gra-</span> 
     </span>
     <span class='ocr_line' id='line_1_67' title="bbox 1126 1221 1875 1268; baseline 0.007 -14"><span class='ocrx_word' id='word_1_354' title='bbox 1126 1222 1202 1255; x_wconf 79' lang='lat' dir='ltr'>viter</span> <span class='ocrx_word' id='word_1_355' title='bbox 1228 1221 1466 1268; x_wconf 83' lang='lat' dir='ltr'>delinquentes,</span> <span class='ocrx_word' id='word_1_356' title='bbox 1493 1221 1718 1258; x_wconf 84' lang='lat' dir='ltr'>rationabiliter</span> <span class='ocrx_word' id='word_1_357' title='bbox 1753 1223 1875 1258; x_wconf 83' lang='lat' dir='ltr'>duxerit</span> 
     </span>
     <span class='ocr_line' id='line_1_68' title="bbox 1125 1274 1876 1324; baseline 0.005 -16"><span class='ocrx_word' id='word_1_358' title='bbox 1125 1274 1339 1321; x_wconf 78' lang='lat' dir='ltr'>proferendas.</span> <span class='ocrx_word' id='word_1_359' title='bbox 1367 1274 1607 1310; x_wconf 82' lang='lat' dir='ltr'>Ordinationem</span> <span class='ocrx_word' id='word_1_360' title='bbox 1631 1289 1759 1324; x_wconf 88' lang='lat' dir='ltr'>quoque</span> <span class='ocrx_word' id='word_1_361' title='bbox 1785 1289 1876 1312; x_wconf 84' lang='lat' dir='ltr'>cano-</span> 
     </span>
     <span class='ocr_line' id='line_1_69' title="bbox 1122 1328 1874 1379; baseline 0.004 -16"><span class='ocrx_word' id='word_1_362' title='bbox 1122 1328 1280 1369; x_wconf 85' lang='lat' dir='ltr'>nicorum,</span> <span class='ocrx_word' id='word_1_363' title='bbox 1307 1341 1361 1363; x_wconf 88' lang='lat' dir='ltr'>seu</span> <span class='ocrx_word' id='word_1_364' title='bbox 1392 1340 1610 1376; x_wconf 86' lang='lat' dir='ltr'>personarum,</span> <span class='ocrx_word' id='word_1_365' title='bbox 1637 1331 1718 1365; x_wconf 88' lang='lat' dir='ltr'>sicut</span> <span class='ocrx_word' id='word_1_366' title='bbox 1739 1331 1778 1366; x_wconf 89' lang='lat' dir='ltr'>ab</span> <span class='ocrx_word' id='word_1_367' title='bbox 1808 1331 1874 1379; x_wconf 86' lang='lat' dir='ltr'>ipsa</span> 
     </span>
     <span class='ocr_line' id='line_1_70' title="bbox 1125 1382 1874 1425; baseline 0.003 -7"><span class='ocrx_word' id='word_1_368' title='bbox 1125 1383 1308 1418; x_wconf 76' lang='lat' dir='ltr'>fundatione</span> <span class='ocrx_word' id='word_1_369' title='bbox 1332 1383 1390 1417; x_wconf 91' lang='lat' dir='ltr'>loci</span> <span class='ocrx_word' id='word_1_370' title='bbox 1415 1382 1567 1418; x_wconf 68' lang='lat' dir='ltr'>hactenus</span> <span class='ocrx_word' id='word_1_371' title='bbox 1589 1393 1635 1418; x_wconf 90' lang='lat' dir='ltr'>est</span> <span class='ocrx_word' id='word_1_372' title='bbox 1658 1384 1874 1425; x_wconf 83' lang='lat' dir='ltr'>observatum,</span> 
     </span>
     <span class='ocr_line' id='line_1_71' title="bbox 1125 1436 2072 1494; baseline 0.006 -24"><span class='ocrx_word' id='word_1_373' title='bbox 1125 1436 1253 1472; x_wconf 89' lang='lat' dir='ltr'>liberam</span> <span class='ocrx_word' id='word_1_374' title='bbox 1277 1449 1346 1472; x_wconf 87' lang='lat' dir='ltr'>esse</span> <span class='ocrx_word' id='word_1_375' title='bbox 1373 1436 1587 1481; x_wconf 84' lang='lat' dir='ltr'>decernimus,</span> <span class='ocrx_word' id='word_1_376' title='bbox 1611 1447 1643 1472; x_wconf 92' lang='lat' dir='ltr'>ut</span> <span class='ocrx_word' id='word_1_377' title='bbox 1667 1439 1808 1475; x_wconf 87' lang='lat' dir='ltr'>videlicet</span> <span class='ocrx_word' id='word_1_378' title='bbox 1824 1439 1875 1474; x_wconf 89' lang='lat' dir='ltr'>ho·</span> <span class='ocrx_word' id='word_1_379' title='bbox 1901 1441 2072 1494; x_wconf 48' lang='grc' dir='ltr'>ξὲξζῑῗζοζᾞμ</span> 
     </span>
     <span class='ocr_line' id='line_1_72' title="bbox 1127 1478 2057 1541; baseline 0.005 -16"><span class='ocrx_word' id='word_1_380' title='bbox 1127 1499 1210 1527; x_wconf 86' lang='lat' dir='ltr'>uesta</span> <span class='ocrx_word' id='word_1_381' title='bbox 1235 1490 1345 1525; x_wconf 88' lang='lat' dir='ltr'>idonea</span> <span class='ocrx_word' id='word_1_382' title='bbox 1376 1502 1519 1537; x_wconf 83' lang='lat' dir='ltr'>persona,</span> <span class='ocrx_word' id='word_1_383' title='bbox 1549 1492 1597 1526; x_wconf 92' lang='lat' dir='ltr'>cui</span> <span class='ocrx_word' id='word_1_384' title='bbox 1617 1492 1875 1541; x_wconf 71' lang='lat' dir='ltr'>archiepiscopus</span> <span class='ocrx_word' id='word_1_385' title='bbox 1901 1478 2057 1530; x_wconf 57' lang='lat' dir='ltr'>praegentnimi&#39;</span> 
     </span>
     <span class='ocr_line' id='line_1_73' title="bbox 1127 1535 2074 1595; baseline 0.007 -17"><span class='ocrx_word' id='word_1_386' title='bbox 1127 1553 1226 1580; x_wconf 82' lang='lat' dir='ltr'>vester</span> <span class='ocrx_word' id='word_1_387' title='bbox 1249 1552 1408 1579; x_wconf 85' lang='lat' dir='ltr'>vacantem</span> <span class='ocrx_word' id='word_1_388' title='bbox 1438 1545 1468 1578; x_wconf 90' lang='lat' dir='ltr'>in</span> <span class='ocrx_word' id='word_1_389' title='bbox 1491 1544 1634 1582; x_wconf 85' lang='lat' dir='ltr'>Ecclesia</span> <span class='ocrx_word' id='word_1_390' title='bbox 1659 1555 1759 1582; x_wconf 87' lang='lat' dir='ltr'>vestra</span> <span class='ocrx_word' id='word_1_391' title='bbox 1782 1559 1876 1595; x_wconf 89' lang='lat' dir='ltr'>prae·</span> <span class='ocrx_word' id='word_1_392' title='bbox 1888 1535 1970 1592; x_wconf 50' lang='lat'>3333?</span> <span class='ocrx_word' id='word_1_393' title='bbox 1993 1537 2014 1554; x_wconf 48' lang='grc' dir='ltr'><strong><em>Η</em></strong></span> <span class='ocrx_word' id='word_1_394' title='bbox 2040 1540 2074 1554; x_wconf 54' lang='lat'>⁶³⁶</span> 
     </span>
     <span class='ocr_line' id='line_1_74' title="bbox 1124 1596 1878 1644; baseline 0.005 -11"><span class='ocrx_word' id='word_1_395' title='bbox 1124 1598 1256 1634; x_wconf 89' lang='lat' dir='ltr'>bendam</span> <span class='ocrx_word' id='word_1_396' title='bbox 1285 1596 1330 1632; x_wconf 88' lang='lat' dir='ltr'>vel</span> <span class='ocrx_word' id='word_1_397' title='bbox 1359 1597 1541 1644; x_wconf 85' lang='lat' dir='ltr'>dignitatem</span> <span class='ocrx_word' id='word_1_398' title='bbox 1564 1599 1688 1636; x_wconf 87' lang='lat' dir='ltr'>duxerit</span> <span class='ocrx_word' id='word_1_399' title='bbox 1714 1601 1878 1637; x_wconf 82' lang='lat' dir='ltr'>conferen-</span> 
     </span>
     <span class='ocr_line' id='line_1_75' title="bbox 1125 1650 1876 1699; baseline 0.007 -13"><span class='ocrx_word' id='word_1_400' title='bbox 1125 1652 1209 1694; x_wconf 85' lang='lat' dir='ltr'>dam,</span> <span class='ocrx_word' id='word_1_401' title='bbox 1241 1650 1415 1687; x_wconf 91' lang='lat' dir='ltr'>secundum</span> <span class='ocrx_word' id='word_1_402' title='bbox 1443 1653 1605 1699; x_wconf 88' lang='lat' dir='ltr'>antiquam</span> <span class='ocrx_word' id='word_1_403' title='bbox 1627 1653 1789 1691; x_wconf 83' lang='lat' dir='ltr'>Ecclesiae</span> <span class='ocrx_word' id='word_1_404' title='bbox 1817 1668 1876 1691; x_wconf 83' lang='lat' dir='ltr'>ve-</span> 
     </span>
     <span class='ocr_line' id='line_1_76' title="bbox 1124 1705 1876 1756; baseline 0.005 -16"><span class='ocrx_word' id='word_1_405' title='bbox 1124 1714 1205 1742; x_wconf 86' lang='lat' dir='ltr'>strae</span> <span class='ocrx_word' id='word_1_406' title='bbox 1231 1705 1494 1741; x_wconf 80' lang='lat' dir='ltr'>consuetudinem</span> <span class='ocrx_word' id='word_1_407' title='bbox 1530 1707 1651 1742; x_wconf 77' lang='lat' dir='ltr'>decano</span> <span class='ocrx_word' id='word_1_408' title='bbox 1677 1716 1707 1742; x_wconf 89' lang='lat' dir='ltr'>et</span> <span class='ocrx_word' id='word_1_409' title='bbox 1738 1709 1876 1756; x_wconf 85' lang='lat' dir='ltr'>capitulo</span> 
     </span>
     <span class='ocr_line' id='line_1_77' title="bbox 1125 1756 2073 1814; baseline 0.005 -19"><span class='ocrx_word' id='word_1_410' title='bbox 1125 1756 1349 1808; x_wconf 76' lang='lat' dir='ltr'>praesentetur.</span> <span class='ocrx_word' id='word_1_411' title='bbox 1378 1758 1538 1806; x_wconf 85' lang='lat' dir='ltr'>Receptus</span> <span class='ocrx_word' id='word_1_412' title='bbox 1570 1769 1675 1795; x_wconf 89' lang='lat' dir='ltr'>autem</span> <span class='ocrx_word' id='word_1_413' title='bbox 1700 1774 1756 1808; x_wconf 94' lang='lat' dir='ltr'>per</span> <span class='ocrx_word' id='word_1_414' title='bbox 1781 1763 2073 1814; x_wconf 44' lang='lat' dir='ltr'>capi-rssmgffiggffssffiss</span> 
     </span>
     <span class='ocr_line' id='line_1_78' title="bbox 1124 1813 1993 1864; baseline 0.003 -15"><span class='ocrx_word' id='word_1_415' title='bbox 1124 1814 1222 1849; x_wconf 89' lang='lat' dir='ltr'>tulum</span> <span class='ocrx_word' id='word_1_416' title='bbox 1246 1813 1277 1848; x_wconf 89' lang='lat' dir='ltr'>in</span> <span class='ocrx_word' id='word_1_417' title='bbox 1299 1813 1488 1848; x_wconf 88' lang='lat' dir='ltr'>canonicum</span> <span class='ocrx_word' id='word_1_418' title='bbox 1524 1826 1580 1862; x_wconf 92' lang='lat' dir='ltr'>per</span> <span class='ocrx_word' id='word_1_419' title='bbox 1612 1814 1726 1850; x_wconf 90' lang='lat' dir='ltr'>librum</span> <span class='ocrx_word' id='word_1_420' title='bbox 1767 1825 1796 1851; x_wconf 92' lang='lat' dir='ltr'>et</span> <span class='ocrx_word' id='word_1_421' title='bbox 1824 1830 1876 1864; x_wconf 86' lang='lat' dir='ltr'>pa·</span> <span class='ocrx_word' id='word_1_422' title='bbox 1888 1825 1993 1846; x_wconf 59' lang='lat' dir='ltr'>ciendum&gt;</span> 
     </span>
     <span class='ocr_line' id='line_1_79' title="bbox 1126 1867 1876 1917; baseline 0.007 -16"><span class='ocrx_word' id='word_1_423' title='bbox 1126 1880 1209 1909; x_wconf 75' lang='lat' dir='ltr'>aem,</span> <span class='ocrx_word' id='word_1_424' title='bbox 1232 1879 1288 1914; x_wconf 91' lang='lat' dir='ltr'>per</span> <span class='ocrx_word' id='word_1_425' title='bbox 1308 1879 1436 1902; x_wconf 87' lang='lat' dir='ltr'>manum</span> <span class='ocrx_word' id='word_1_426' title='bbox 1465 1867 1575 1902; x_wconf 88' lang='lat' dir='ltr'>decani</span> <span class='ocrx_word' id='word_1_427' title='bbox 1602 1876 1632 1902; x_wconf 91' lang='lat' dir='ltr'>et</span> <span class='ocrx_word' id='word_1_428' title='bbox 1663 1869 1791 1917; x_wconf 88' lang='lat' dir='ltr'>capituli</span> <span class='ocrx_word' id='word_1_429' title='bbox 1818 1870 1876 1906; x_wconf 89' lang='lat' dir='ltr'>de-</span> 
     </span>
     <span class='ocr_line' id='line_1_80' title="bbox 1127 1921 1877 1968; baseline 0.007 -13"><span class='ocrx_word' id='word_1_430' title='bbox 1127 1924 1195 1956; x_wconf 82' lang='lat' dir='ltr'>beat</span> <span class='ocrx_word' id='word_1_431' title='bbox 1216 1921 1373 1956; x_wconf 85' lang='lat' dir='ltr'>investiri:</span> <span class='ocrx_word' id='word_1_432' title='bbox 1403 1921 1604 1968; x_wconf 88' lang='lat' dir='ltr'>postmodum</span> <span class='ocrx_word' id='word_1_433' title='bbox 1624 1935 1696 1958; x_wconf 89' lang='lat' dir='ltr'>vero</span> <span class='ocrx_word' id='word_1_434' title='bbox 1715 1923 1745 1958; x_wconf 93' lang='lat' dir='ltr'>in</span> <span class='ocrx_word' id='word_1_435' title='bbox 1767 1925 1877 1960; x_wconf 89' lang='lat' dir='ltr'>osculo</span> 
     </span>
     <span class='ocr_line' id='line_1_81' title="bbox 1126 1974 1877 2022; baseline 0.005 -13"><span class='ocrx_word' id='word_1_436' title='bbox 1126 1975 1253 2010; x_wconf 74' lang='lat' dir='ltr'>fratrum</span> <span class='ocrx_word' id='word_1_437' title='bbox 1283 1983 1429 2022; x_wconf 89' lang='lat' dir='ltr'>receptus</span> <span class='ocrx_word' id='word_1_438' title='bbox 1455 1974 1494 2010; x_wconf 79' lang='lat' dir='ltr'>(le</span> <span class='ocrx_word' id='word_1_439' title='bbox 1522 1975 1735 2012; x_wconf 87' lang='lat' dir='ltr'>conservanda</span> <span class='ocrx_word' id='word_1_440' title='bbox 1768 1977 1877 2013; x_wconf 85' lang='lat' dir='ltr'>fideli-</span> 
     </span>
     <span class='ocr_line' id='line_1_82' title="bbox 1126 2027 1876 2073; baseline 0.005 -11"><span class='ocrx_word' id='word_1_441' title='bbox 1126 2037 1185 2063; x_wconf 87' lang='lat' dir='ltr'>tate</span> <span class='ocrx_word' id='word_1_442' title='bbox 1212 2027 1374 2064; x_wconf 87' lang='lat' dir='ltr'>Ecclesiae</span> <span class='ocrx_word' id='word_1_443' title='bbox 1402 2035 1534 2068; x_wconf 85' lang='lat' dir='ltr'>vestrae,</span> <span class='ocrx_word' id='word_1_444' title='bbox 1561 2036 1591 2063; x_wconf 88' lang='lat' dir='ltr'>et</span> <span class='ocrx_word' id='word_1_445' title='bbox 1616 2029 1824 2073; x_wconf 86' lang='lat' dir='ltr'>libertatibus,</span> <span class='ocrx_word' id='word_1_446' title='bbox 1846 2040 1876 2068; x_wconf 87' lang='lat' dir='ltr'>et</span> 
     </span>
     <span class='ocr_line' id='line_1_83' title="bbox 1126 2081 1878 2133; baseline 0.005 -17"><span class='ocrx_word' id='word_1_447' title='bbox 1126 2081 1410 2117; x_wconf 86' lang='lat' dir='ltr'>consuetudinibus</span> <span class='ocrx_word' id='word_1_448' title='bbox 1433 2082 1491 2117; x_wconf 90' lang='lat' dir='ltr'>iuri</span> <span class='ocrx_word' id='word_1_449' title='bbox 1519 2084 1743 2120; x_wconf 88' lang='lat' dir='ltr'>consentaneis</span> <span class='ocrx_word' id='word_1_450' title='bbox 1764 2097 1821 2133; x_wconf 84' lang='lat' dir='ltr'>pro</span> <span class='ocrx_word' id='word_1_451' title='bbox 1836 2085 1878 2120; x_wconf 90' lang='lat' dir='ltr'>vi-</span> 
     </span>
     <span class='ocr_line' id='line_1_84' title="bbox 1127 2135 1875 2186; baseline 0.005 -16"><span class='ocrx_word' id='word_1_452' title='bbox 1127 2136 1212 2170; x_wconf 85' lang='lat' dir='ltr'>ribus</span> <span class='ocrx_word' id='word_1_453' title='bbox 1239 2135 1466 2171; x_wconf 84' lang='lat' dir='ltr'>defendendis:</span> <span class='ocrx_word' id='word_1_454' title='bbox 1494 2137 1624 2172; x_wconf 87' lang='lat' dir='ltr'>secretis</span> <span class='ocrx_word' id='word_1_455' title='bbox 1659 2138 1785 2186; x_wconf 90' lang='lat' dir='ltr'>capituli</span> <span class='ocrx_word' id='word_1_456' title='bbox 1813 2150 1875 2175; x_wconf 90' lang='lat' dir='ltr'>non</span> 
     </span>
     <span class='ocr_line' id='line_1_85' title="bbox 1126 2189 1877 2236; baseline 0.005 -13"><span class='ocrx_word' id='word_1_457' title='bbox 1126 2189 1310 2236; x_wconf 81' lang='lat' dir='ltr'>detegendis</span> <span class='ocrx_word' id='word_1_458' title='bbox 1351 2190 1559 2225; x_wconf 87' lang='lat' dir='ltr'>iuramentum</span> <span class='ocrx_word' id='word_1_459' title='bbox 1599 2198 1809 2236; x_wconf 84' lang='lat' dir='ltr'>consuetum,</span> <span class='ocrx_word' id='word_1_460' title='bbox 1845 2201 1877 2227; x_wconf 88' lang='lat' dir='ltr'>et</span> 
     </span>
     <span class='ocr_line' id='line_1_86' title="bbox 1127 2238 1876 2291; baseline 0.004 -14"><span class='ocrx_word' id='word_1_461' title='bbox 1127 2238 1266 2278; x_wconf 72' lang='lat' dir='ltr'>debitum</span> <span class='ocrx_word' id='word_1_462' title='bbox 1290 2244 1478 2291; x_wconf 87' lang='lat' dir='ltr'>interponat,</span> <span class='ocrx_word' id='word_1_463' title='bbox 1505 2253 1536 2279; x_wconf 90' lang='lat' dir='ltr'>et</span> <span class='ocrx_word' id='word_1_464' title='bbox 1562 2252 1637 2280; x_wconf 91' lang='lat' dir='ltr'>tunc</span> <span class='ocrx_word' id='word_1_465' title='bbox 1662 2244 1702 2280; x_wconf 91' lang='lat' dir='ltr'>de</span> <span class='ocrx_word' id='word_1_466' title='bbox 1730 2244 1876 2280; x_wconf 83' lang='lat' dir='ltr'>mandato</span> 
     </span>
     <span class='ocr_line' id='line_1_87' title="bbox 1127 2297 1874 2346; baseline 0.003 -14"><span class='ocrx_word' id='word_1_467' title='bbox 1127 2298 1236 2333; x_wconf 76' lang='lat' dir='ltr'>-tecani</span> <span class='ocrx_word' id='word_1_468' title='bbox 1267 2305 1297 2332; x_wconf 92' lang='lat' dir='ltr'>et</span> <span class='ocrx_word' id='word_1_469' title='bbox 1329 2297 1458 2345; x_wconf 90' lang='lat' dir='ltr'>capituli</span> <span class='ocrx_word' id='word_1_470' title='bbox 1485 2310 1542 2346; x_wconf 88' lang='lat' dir='ltr'>per</span> <span class='ocrx_word' id='word_1_471' title='bbox 1565 2310 1693 2334; x_wconf 89' lang='lat' dir='ltr'>manum</span> <span class='ocrx_word' id='word_1_472' title='bbox 1722 2298 1874 2344; x_wconf 88' lang='lat' dir='ltr'>cantoris,</span> 
     </span>
     <span class='ocr_line' id='line_1_88' title="bbox 1128 2349 1873 2398; baseline 0.001 -13"><span class='ocrx_word' id='word_1_473' title='bbox 1128 2359 1218 2398; x_wconf 72' lang='lat' dir='ltr'>¹»rout</span> <span class='ocrx_word' id='word_1_474' title='bbox 1240 2352 1337 2386; x_wconf 89' lang='lat' dir='ltr'>moris</span> <span class='ocrx_word' id='word_1_475' title='bbox 1359 2359 1416 2391; x_wconf 88' lang='lat' dir='ltr'>est,</span> <span class='ocrx_word' id='word_1_476' title='bbox 1439 2351 1625 2386; x_wconf 87' lang='lat' dir='ltr'>installetur.</span> <span class='ocrx_word' id='word_1_477' title='bbox 1648 2349 1680 2385; x_wconf 86' lang='lat' dir='ltr'>Si</span> <span class='ocrx_word' id='word_1_478' title='bbox 1699 2351 1769 2398; x_wconf 88' lang='lat' dir='ltr'>quis</span> <span class='ocrx_word' id='word_1_479' title='bbox 1788 2362 1873 2396; x_wconf 81' lang='lat' dir='ltr'>vero,</span> 
     </span>
     <span class='ocr_line' id='line_1_89' title="bbox 1127 2405 1875 2452; baseline 0.001 -13"><span class='ocrx_word' id='word_1_480' title='bbox 1127 2415 1234 2441; x_wconf 72' lang='lat' dir='ltr'>eontra</span> <span class='ocrx_word' id='word_1_481' title='bbox 1275 2405 1535 2441; x_wconf 88' lang='lat' dir='ltr'>consuetudinem</span> <span class='ocrx_word' id='word_1_482' title='bbox 1563 2405 1724 2451; x_wconf 86' lang='lat' dir='ltr'>antiquam</span> <span class='ocrx_word' id='word_1_483' title='bbox 1759 2413 1791 2440; x_wconf 85' lang='lat' dir='ltr'>et</span> <span class='ocrx_word' id='word_1_484' title='bbox 1811 2416 1875 2452; x_wconf 84' lang='lat' dir='ltr'>ap-</span> 
     </span>
     <span class='ocr_line' id='line_1_90' title="bbox 1129 2457 1874 2506; baseline -0.001 -12"><span class='ocrx_word' id='word_1_485' title='bbox 1129 2459 1287 2505; x_wconf 83' lang='lat' dir='ltr'>probatam</span> <span class='ocrx_word' id='word_1_486' title='bbox 1312 2460 1341 2493; x_wconf 89' lang='lat' dir='ltr'>in</span> <span class='ocrx_word' id='word_1_487' title='bbox 1365 2459 1505 2494; x_wconf 84' lang='lat' dir='ltr'>Ecclesia</span> <span class='ocrx_word' id='word_1_488' title='bbox 1533 2466 1646 2497; x_wconf 82' lang='lat' dir='ltr'>vestra,</span> <span class='ocrx_word' id='word_1_489' title='bbox 1662 2470 1716 2505; x_wconf 90' lang='lat' dir='ltr'>per</span> <span class='ocrx_word' id='word_1_490' title='bbox 1737 2457 1874 2506; x_wconf 88' lang='lat' dir='ltr'>aliquem</span> 
     </span>
     <span class='ocr_line' id='line_1_91' title="bbox 1127 2512 1874 2559; baseline 0 -12"><span class='ocrx_word' id='word_1_491' title='bbox 1127 2512 1219 2547; x_wconf 87' lang='lat' dir='ltr'>t&#39;uerit</span> <span class='ocrx_word' id='word_1_492' title='bbox 1246 2512 1454 2557; x_wconf 85' lang='lat' dir='ltr'>introductus,</span> <span class='ocrx_word' id='word_1_493' title='bbox 1476 2523 1534 2547; x_wconf 88' lang='lat' dir='ltr'>nec</span> <span class='ocrx_word' id='word_1_494' title='bbox 1556 2523 1612 2559; x_wconf 91' lang='lat' dir='ltr'>pro</span> <span class='ocrx_word' id='word_1_495' title='bbox 1639 2523 1782 2558; x_wconf 89' lang='lat' dir='ltr'>persona,</span> <span class='ocrx_word' id='word_1_496' title='bbox 1816 2523 1874 2548; x_wconf 89' lang='lat' dir='ltr'>nec</span> 
     </span>
     <span class='ocr_line' id='line_1_92' title="bbox 1128 2565 1875 2613; baseline -0.001 -12"><span class='ocrx_word' id='word_1_497' title='bbox 1128 2577 1182 2613; x_wconf 90' lang='lat' dir='ltr'>pro</span> <span class='ocrx_word' id='word_1_498' title='bbox 1203 2567 1357 2602; x_wconf 87' lang='lat' dir='ltr'>canonico</span> <span class='ocrx_word' id='word_1_499' title='bbox 1379 2566 1540 2602; x_wconf 88' lang='lat' dir='ltr'>habeatur.</span> <span class='ocrx_word' id='word_1_500' title='bbox 1564 2565 1598 2600; x_wconf 91' lang='lat' dir='ltr'>Si</span> <span class='ocrx_word' id='word_1_501' title='bbox 1622 2577 1694 2601; x_wconf 84' lang='lat' dir='ltr'>vero</span> <span class='ocrx_word' id='word_1_502' title='bbox 1715 2566 1875 2613; x_wconf 90' lang='lat' dir='ltr'>archiepi-</span> 
     </span>
     <span class='ocr_line' id='line_1_93' title="bbox 1126 2618 1875 2667; baseline 0 -13"><span class='ocrx_word' id='word_1_503' title='bbox 1126 2631 1240 2667; x_wconf 88' lang='lat' dir='ltr'>scopus</span> <span class='ocrx_word' id='word_1_504' title='bbox 1268 2628 1379 2664; x_wconf 75' lang='lat' dir='ltr'>vester,</span> <span class='ocrx_word' id='word_1_505' title='bbox 1402 2627 1561 2655; x_wconf 88' lang='lat' dir='ltr'>vacantem</span> <span class='ocrx_word' id='word_1_506' title='bbox 1585 2619 1616 2653; x_wconf 92' lang='lat' dir='ltr'>in</span> <span class='ocrx_word' id='word_1_507' title='bbox 1638 2618 1779 2654; x_wconf 87' lang='lat' dir='ltr'>Ecclesia</span> <span class='ocrx_word' id='word_1_508' title='bbox 1810 2630 1875 2654; x_wconf 87' lang='lat' dir='ltr'>ve·-</span> 
     </span>
    </p>
   </div>
   <div class='ocr_carea' id='block_1_7' title="bbox 1126 2672 1875 2721">
    <p class='ocr_par' dir='ltr' id='par_1_13' title="bbox 1126 2672 1875 2721">
     <span class='ocr_line' id='line_1_94' title="bbox 1126 2672 1875 2721; baseline 0 -13"><span class='ocrx_word' id='word_1_509' title='bbox 1126 2681 1188 2709; x_wconf 92' lang='lat' dir='ltr'>stra</span> <span class='ocrx_word' id='word_1_510' title='bbox 1211 2674 1420 2720; x_wconf 85' lang='lat' dir='ltr'>praebendam</span> <span class='ocrx_word' id='word_1_511' title='bbox 1449 2672 1494 2708; x_wconf 77' lang='lat' dir='ltr'>vel</span> <span class='ocrx_word' id='word_1_512' title='bbox 1518 2680 1732 2721; x_wconf 89' lang='lat' dir='ltr'>personatum,</span> <span class='ocrx_word' id='word_1_513' title='bbox 1759 2684 1875 2708; x_wconf 84' lang='lat' dir='ltr'>secun·</span> 
     </span>
    </p>
   </div>
   <div class='ocr_carea' id='block_1_8' title="bbox 2120 2639 2129 2861">
    <p class='ocr_par' dir='ltr' id='par_1_14' title="bbox 2120 2639 2129 2861">
     <span class='ocr_line' id='line_1_95' title="bbox 2120 2639 2129 2861; textangle 90"><span class='ocrx_word' id='word_1_514' title='bbox 2120 2748 2129 2861; x_wconf 40' lang='lat' dir='ltr'>„seer-„4</span> <span class='ocrx_word' id='word_1_515' title='bbox 2122 2701 2127 2719; x_wconf 43' lang='grc' dir='ltr'>ἡι</span> <span class='ocrx_word' id='word_1_516' title='bbox 2125 2639 2129 2661; x_wconf 88' lang='grc'>.-</span> 
     </span>
    </p>
   </div>
  </div>
 </body>
</html>
