2129 3223
149 269 200 295 An.
217 268 247 295 C.
263 269 325 296 ¹2¹¹

174 542 281 562 Exordium

159 1028 257 1049 bernai-di
279 1029 326 1049 ndei

145 1064 258 1083 centeuio,

392 257 463 290 ⁹250

342 325 514 354 Innocentius
533 324 673 360 episcopus
688 331 782 353 servus
796 331 934 353 servornm
953 323 1008 356 Dei,
1029 323 1087 351 uni-

387 371 474 399 versis
496 369 706 405 archiepiscopis
729 370 759 398 et
788 369 921 405 episcopis
959 369 992 396 ad
1023 375 1090 404 quos

385 416 500 444 litterae
523 415 596 443 istae
614 415 799 450 pervenerint.

391 478 474 514 Cum
503 478 730 513 inaestimabile
763 477 895 525 pretium
918 477 1089 523 Sanguinis

342 528 412 563 lesu
440 527 573 567 Christi,
594 536 620 561 et
645 535 775 568 caetera3
798 529 916 573 require
936 539 1030 572 supra
1056 528 1088 559 in

342 579 441 612 littera
474 586 586 622 scripta
617 579 717 611 eodem
739 584 888 622 quaterno
918 589 972 622 per
993 583 1089 610 totum

342 639 446 673 usque.-
467 626 668 675 Quapropter
690 628 849 661 venientis
870 626 907 660 ad
929 625 1090 673 Apostoli-

342 689 409 711 cam
443 676 558 712 Sedem
594 676 726 711 dilectos
753 676 854 713 lilios
895 674 1087 709 Bernardnm

342 727 493 774 primum,
515 735 544 761 et
567 726 764 761 Willelmum
782 725 924 765 Ainaldi,
946 733 976 759 et
998 736 1090 771 quos-

341 777 412 811 dam
439 776 518 811 alios
550 785 677 823 paterna
716 775 908 821 benignitate
944 773 1088 820 suscepi-

341 838 425 869 11135,
447 838 482 861 ac
503 838 550 869 ea7
569 838 648 873 qnae
673 825 762 859 nobis
780 833 845 860 etc..
867 832 899 858 ut
917 838 947 857 m
969 825 1085 861 eadem,

340 889 435 922 usque
461 875 632 910 intellectu.
668 874 793 921 Eosqnc
824 873 989 919 diligenter
1015 885 1088 907 exa-

341 927 494 969 intumos,
515 934 610 972 atque
646 931 818 971 correptos,
847 923 905 957 hoc
927 923 1021 957 modo
1043 934 1089 956 re-

341 974 577 1010 conciliavimus
603 973 832 1008 ecclesiasticae
853 972 975 1006 unitati.
1011 971 1087 1017 Ego,

342 1026 455 1072 inqiut,
476 1024 657 1059 Bernaidus
674 1022 970 1070 primus,appositis
991 1021 1090 1055 Evan-

341 1075 441 1121 genis,
475 1082 505 1108 et
543 1074 660 1120 scripto
701 1072 908 1107 confessionis
943 1071 1088 1117 imposito

340 1135 436 1171 snper
452 1122 519 1160 illa:
542 1123 601 1158 hoc
624 1130 748 1170 praesto
773 1123 853 1156 inter
874 1132 987 1155 manus
1008 1127 1088 1164 tuas,

339 1173 472 1207 Summe
494 1173 649 1209 Pontifex
672 1173 894 1214 iuramentum,
922 1169 1047 1204 Deum
1041 1182 1088 1204 in-

341 1222 483 1258 vocando
510 1230 619 1257 testem
648 1223 678 1256 in
701 1222 837 1257 animam
861 1232 977 1264 meam,
1002 1218 1087 1266 quod

341 1272 380 1307 ita
394 1280 448 1307 etc.
451 1273 549 1316 7sicut
566 1285 599 1306 m
618 1273 703 1317 ipsa,
719 1284 811 1316 usque
832 1282 888 1318 pro
902 1281 994 1316 posse
1012 1269 1089 1303 resi-

340 1330 431 1357 stam.
447 1322 515 1357 Hoc
532 1329 635 1356 autem
656 1321 803 1368 profiteor
827 1332 887 1355 non
911 1331 980 1354 csse
1006 1318 1090 1353 1313-

341 1380 482 1407 mentum
497 1371 589 1418 quale
601 1370 748 1406 Christus
760 1370 879 1424 legitur.
890 1368 1090 1416 prohibuisse

341 1422 370 1455 in
382 1421 567 1467 Evangelio,
580 1420 633 1454 sed
648 1420 740 1467 quale
752 1432 767 1453 a
782 1419 898 1454 sinetis
910 1417 1090 1452 doctoribus

341 1471 522 1518 Augustino
534 1478 562 1504 et
577 1470 646 1504 aliis
662 1468 844 1524 perhibetur
856 1480 924 1503 esse
934 1475 1090 1514 praestan-

341 1521 415 1554 dum
432 1532 523 1555 causa
537 1519 744 1560 necessitatis
760 1518 982 1557 cttmveritate,
1002 1524 1032 1550 et
1047 1528 1092 1550 iu-

341 1570 440 1607 stitia,
456 1568 629 1604 etiudicio.
646 1567 810 1614 Scriptum
830 1574 932 1601 autem
960 1565 1090 1600 confes—

341 1619 440 1654 sionis
453 1625 500 1654 est
515 1618 591 1653 tale
618 1617 725 1652 Pateat
754 1616 903 1651 omnibus
930 1615 1090 1653 fidelihus,

342 1668 425 1715 quod
453 1680 511 1715 ego
526 1667 708 1702 Bernardus
721 1667 853 1714 primus,
867 1674 895 1700 ct
912 1677 1021 1699 omnts
1036 1664 1091 1697 sia-

341 1726 404 1753 tres
414 1719 488 1758 mei,
499 1717 665 1764 propositis
680 1716 770 1751 nohis
781 1723 988 1750 sacrosanctis
997 1713 1048 1747 Ei
1044 1726 1091 1747 ··n-

341 1767 431 1814 getiis
462 1767 556 1802 corde
583 1766 752 1802 credimus
788 1765 848 1799 fide
872 1763 1092 1809 intelligimus

342 1829 396 1852 ore
428 1816 636 1855 confitemur,
672 1824 702 1849 et
735 1813 932 1861 simplicibus
973 1812 1091 1852 ierbis,

343 1866 433 1903 idest,
449 1867 516 1900 sine
529 1865 721 1911 duplicitate
745 1864 878 1898 fideliter
891 1862 1092 1904 affirmamus

342 1914 527 1953 PatremAzt
543 1914 670 1957 Filium,
692 1924 720 1948 et
756 1913 909 1959 Spiritum
941 1911 1091 1946 Sanctum

344 1973 406 1999 tres
435 1976 585 2011 personas
597 1975 677 2003 esse,
701 1975 798 1997 unum
818 1962 934 1997 Deum.
962 1970 991 1995 et
1013 1961 1092 1995 sicut

343 2015 374 2048 in
406 2015 500 2048 Credo
521 2015 553 2046 in
574 2015 689 2051 Deum,
716 2020 745 2045 et
769 2013 798 2046 in
831 2013 925 2045 Credo
948 2012 978 2044 in
999 2022 1093 2044 unum

343 2065 461 2102 Deum,
488 2071 518 2097 et
547 2062 575 2096 in
612 2063 801 2106 Quicumque
822 2062 885 2094 vult
915 2060 1095 2094 continetur

343 2113 532 2148 confitemur
557 2124 625 2147 esse
661 2124 716 2158 per
750 2111 853 2145 omnia
882 2109 1093 2144 sentiendum.

343 2166 421 2202 Item
444 2167 538 2202 corde
559 2166 719 2202 credimus
734 2193 741 2204 ,
767 2173 797 2198 et
822 2176 875 2199 ore
897 2163 1094 2203 confitemur,

343 2220 482 2259 Patrem,
505 2228 535 2255 et
555 2219 684 2259 Filium,
706 2227 734 2253 et
754 2218 908 2265 Spiritum
931 2216 1094 2255 Sanctum,

345 2287 442 2309 unum
479 2275 582 2310 Deum
616 2273 655 2308 de
690 2285 752 2320 quo
780 2272 871 2307 nobis
898 2279 943 2306 est
971 2282 1094 2310 sermo,

344 2341 413 2363 esse
434 2337 620 2367 creatorem,
648 2336 677 2362 et
699 2326 956 2373 gnbernatorem,
977 2336 1012 2359 ac
1028 2323 1095 2358 dis—

345 2383 515 2429 positorem
544 2382 682 2416 omnium
718 2392 821 2414 rerum
858 2378 1027 2414 visibilium
1067 2384 1096 2411 et

347 2435 564 2473 invisibilium,
586 2433 793 2481 corporalium
822 2441 852 2468 et
873 2432 1094 2480 spiritualium.

345 2488 437 2529 Item,
459 2489 554 2524 corde
577 2488 753 2531 eredimus,
777 2495 806 2521 et
826 2500 879 2522 ore
898 2486 1095 2523 confitemur,

345 2541 483 2587 Patrem,
505 2551 534 2578 et
557 2541 686 2585 Filium,
702 2549 731 2575 et
753 2540 904 2587 Spiritum
931 2539 1095 2579 Sanctum,

346 2609 445 2631 unum
472 2596 592 2636 Deum,
621 2596 720 2642 legem
758 2594 856 2641 Moysi
892 2594 1031 2632 dedisse,
1066 2600 1097 2627 et

347 2650 451 2698 ipsum
486 2650 513 2683 in
546 2649 714 2696 Prophetis
740 2648 879 2684 locutum
916 2648 1031 2692 fuisse,
1066 2654 1096 2681 et

918 264 1054 288 nunant
1061 264 1105 287 ΠΜ
1132 263 1295 286 ROMANUM

1130 318 1277 352 loannem
1293 317 1466 365 Baptistam
1493 317 1531 352 ab
1550 317 1616 364 ipso
1635 317 1765 351 missum
1792 327 1873 358 esse,

1128 377 1271 402 sanctum
1299 375 1329 402 et
1362 368 1497 411 iustum⁷
1535 375 1564 401 et
1593 368 1623 401 in
1651 375 1739 401 utero
1768 365 1876 399 matris

1128 430 1202 451 snae
1218 417 1336 464 Spiritu
1352 417 1468 452 Sancto
1485 416 1649 464 repletum.
1668 415 1760 457 Item,
1779 416 1874 450 corde

1129 467 1297 511 credimus,
1324 476 1354 501 et
1375 479 1429 501 ore
1455 466 1655 506 confitemur,
1684 466 1876 500 incarnatio-

1130 529 1200 551 ncm
1224 515 1349 551 Domini
1374 517 1469 551 nostri
1504 516 1572 551 Iesu
1595 514 1726 555 Christi,
1761 523 1794 549 ut
1820 517 1873 564 qui

1129 574 1195 600 erat
1228 565 1330 601 Filius
1356 566 1412 600 Dei
1442 566 1472 600 in
1506 565 1684 606 divinitate,
1710 565 1794 599 Patri
1821 579 1874 602 ae-

1129 615 1250 662 333115,
1277 616 1365 651 fieret
1401 616 1495 651 homo
1523 617 1553 650 in
1577 624 1665 650 utero
1700 615 1733 650 S.
1760 615 1875 651 Mariae

1129 666 1237 700 Matris
1263 678 1336 701 suae
1359 678 1462 700 veram
1486 678 1610 701 carnem
1638 677 1814 706 assumens,
1836 679 1873 702 ex

1129 715 1301 750 visceribus
1323 715 1442 754 Matris,
1470 717 1523 763 qui
1548 724 1639 751 natus
1660 724 1706 751 est
1729 729 1798 751 vera
1811 729 1876 752 car-

1129 766 1177 799 nis
1202 766 1370 809 nativitate⁷
1391 774 1421 800 et
1442 766 1643 801 manducavit
1664 774 1693 801 et
1716 766 1806 805 bibit,
1821 774 1873 800 etc.

1129 815 1296 855 Dormivii,
1323 823 1352 850 et
1374 815 1521 863 fatigatus
1547 828 1583 850 ex
1611 815 1723 851 itinere
1744 816 1873 863 quievit;

1129 873 1158 898 et
1187 876 1296 911 passus
1322 873 1369 900 est
1396 878 1464 900 vera
1492 866 1594 900 carnis
1620 878 1694 901 suae
1718 866 1874 913 passione,

1129 923 1158 948 et
1186 923 1330 950 mortuus
1351 922 1399 950 est
1420 928 1489 950 vera
1517 928 1619 950 carnis
1653 928 1728 951 suae
1759 924 1872 950 morte:

1129 972 1158 998 et
1194 966 1363 1000 resurrexit
1394 978 1463 999 vera
1496 966 1600 1000 carnis
1626 978 1700 1001 suae
1735 977 1875 1000 resurre-

1129 1015 1243 1052 ctione,
1272 1016 1302 1049 in
1325 1027 1386 1062 qua
1415 1023 1579 1062 postquam
1604 1016 1754 1050 veraciter
1784 1027 1874 1050 man-

1129 1063 1252 1097 ducavit
1275 1073 1304 1099 et
1337 1065 1426 1105 bibit
1453 1064 1593 1100 ascendii
1627 1066 1657 1100 in
1680 1065 1821 1106 coelum,
1843 1074 1874 1100 et

1129 1113 1216 1147 sedet
1251 1115 1287 1149 ad
1321 1114 1478 1149 dexteram
1514 1114 1571 1149 Dei
1600 1114 1702 1150 Patris
1728 1115 1875 1162 omnipo-

1130 1172 1158 1197 tt
1162 1172 1233 1201 ntis
1270 1165 1342 1199 inde
1373 1173 1523 1199 venturus
1544 1171 1591 1198 est
1617 1164 1756 1199 iudicare
1790 1165 1875 1199 rivos

1130 1221 1159 1248 et
1182 1222 1333 1248 mortuos.
1363 1213 1461 1253 ltem,
1499 1213 1593 1248 corde
1631 1214 1811 1254 credimus,
1845 1223 1875 1249 et

1130 1275 1182 1297 ore
1221 1263 1429 1307 confitemur,
1469 1275 1562 1298 unam
1597 1275 1667 1298 esse
1701 1263 1875 1299 Ecclesiam

1129 1313 1312 1348 catholicam
1348 1321 1378 1348 et
1423 1312 1639 1360 apostolicam,
1676 1321 1812 1348 sanctam
1846 1322 1876 1348 et

1131 1363 1374 1404 immaculatam,
1401 1373 1484 1397 extra
1503 1375 1595 1410 quam
1625 1363 1780 1398 neminem
1808 1363 1878 1398 sal-

1132 1413 1193 1447 tari
1217 1412 1361 1447 fatemur.
1396 1412 1597 1447 Sacramenta
1626 1424 1698 1447 vero
1729 1424 1812 1460 quae
1845 1413 1876 1447 in

1130 1474 1164 1496 ea
1187 1462 1397 1503 celebrantur,
1431 1461 1670 1506 inaestimabili,
1708 1469 1799 1509 atque
1827 1462 1879 1496 in·-

1132 1511 1243 1546 risibili
1284 1512 1395 1546 virtute
1427 1511 1566 1557 Spiritus
1599 1510 1727 1555 Sancti,
1762 1512 1834 1546 licet
1860 1524 1877 1546 a

1132 1569 1295 1607 peccatore
1331 1560 1494 1595 sacerdote
1526 1560 1767 1601 ministrentur,
1801 1561 1876 1595 dum

1133 1609 1271 1644 Ecclesia
1294 1622 1365 1644 eum
1399 1610 1521 1657 recipit⁷
1556 1610 1586 1644 in
1615 1610 1700 1644 nullo
1727 1611 1879 1657 reproba—

1133 1672 1214 1698 mus,
1237 1672 1338 1707 neque
1364 1660 1582 1694 ecclesiasticis
1604 1659 1715 1695 officiis
1749 1661 1794 1695 vel
1823 1659 1879 1695 be-

1134 1709 1368 1744 nedictionibus
1403 1709 1441 1743 ab
1472 1721 1510 1743 eo
1540 1709 1705 1744 celebratis
1739 1709 1878 1744 detrahi-

1135 1771 1215 1795 3135,
1254 1759 1307 1792 sed
1344 1758 1495 1793 benevolo
1528 1758 1645 1798 animo,
1679 1767 1826 1806 tanquam
1862 1771 1877 1794 a

1135 1808 1306 1843 iustissimo
1321 1808 1552 1854 amplectimur.
1570 1809 1792 1855 Approbamus
1807 1820 1878 1855 quo-

1133 1870 1194 1904 que
1217 1857 1407 1904 baptismum
1435 1858 1612 1897 infantium,
1635 1866 1665 1892 et
1691 1859 1716 1893 si
1739 1858 1877 1893 defuncti

1134 1907 1249 1941 suerint
1277 1914 1345 1953 post
1368 1907 1580 1953 baptismum,
1606 1915 1774 1954 antequam
1803 1919 1879 1955 pec.-

1134 1964 1199 1991 cata
1238 1957 1449 1995 committant,
1491 1956 1624 1991 fatemur
1662 1969 1717 1991 eos
1757 1956 1877 1992 salvari.

1134 2005 1414 2040 Confirmationem
1447 2018 1573 2053 quoque
1599 2005 1638 2040 ab
1663 2007 1812 2054 episcopo
1832 2005 1880 2041 fa-

1135 2063 1227 2094 ctam,
1256 2054 1284 2088 id
1308 2064 1355 2089 est
1375 2056 1608 2102 impositionem
1634 2068 1783 2090 manuum
1805 2067 1880 2091 san-

1135 2113 1237 2143 ctam,
1277 2112 1306 2138 et
1345 2105 1523 2139 venerande
1558 2105 1770 2152 accipiendam
1810 2117 1879 2140 esse

1135 2165 1312 2188 censemus,
1337 2153 1370 2188 ln
1385 2154 1539 2189 sacrificio
1553 2153 1778 2194 Eucharistiae,
1801 2166 1880 2201 quae

1137 2203 1256 2237 fuerant
1286 2204 1374 2249 panis
1412 2212 1442 2238 et
1479 2204 1583 2238 vinum
1618 2211 1689 2239 ante
1715 2215 1880 2238 consecra-

1137 2253 1264 2296 tionem,
1288 2261 1356 2299 post
1379 2253 1646 2288 consecrationem
1673 2265 1742 2288 esse
1755 2253 1880 2300 Corpus

1135 2309 1165 2335 ct
1199 2301 1393 2348 Sanguinem
1431 2302 1498 2337 lesu
1532 2302 1670 2342 Christi,
1696 2302 1881 2349 simpliciter

1136 2350 1339 2393 affirmamus,
1366 2359 1396 2386 et
1422 2352 1597 2387 credimus:
1627 2352 1656 2385 in
1679 2363 1742 2398 quo
1764 2351 1842 2386 nihil
1862 2363 1880 2387 a

1137 2399 1219 2435 bono
1238 2401 1350 2441 maius,
1378 2413 1436 2436 nec
1457 2413 1473 2436 a
1493 2401 1575 2436 malo
1593 2401 1698 2435 minus
1720 2401 1881 2448 perficitur

1136 2450 1307 2484 sacerdote.
1351 2450 1538 2486 Peccatores
1578 2451 1732 2485 veraciter
1769 2451 1881 2498 poeni-

1137 2507 1236 2533 tentes
1264 2501 1383 2535 veniam
1420 2512 1435 2534 a
1463 2500 1530 2535 Deo
1556 2500 1704 2546 consequi
1732 2499 1881 2536 concedi-

1136 2561 1218 2592 mus,
1251 2557 1280 2583 et
1302 2550 1347 2584 eis
1373 2549 1578 2585 libentissime
1599 2550 1878 2585 communicamus.

1136 2597 1323 2633 Unctionem
1363 2599 1556 2634 infirmorum
1591 2610 1661 2634 cum
1695 2597 1775 2634 Oleo
1801 2610 1880 2635 con-

1136 2657 1256 2682 secrato
1279 2660 1472 2684 veneramur.
1495 2647 1648 2694 Coniugia
1663 2648 1797 2685 carnalia
1809 2660 1880 2685 esse

1888 260 1937 288 Au.
1952 258 1982 286 C.
2003 259 2069 288 ¹2ss
