2129 3223
49 232 99 263 An.
111 234 142 262 C.
162 231 228 262 nott

15 931 17 933 ’
54 929 137 952 nomam
152 929 222 952 Pomt-

41 961 85 983 ticin
113 965 166 988 quae
194 962 222 983 stt

41 992 136 1018 agnitos,
167 997 221 1019 qnae

39 1025 139 1051 ,eustas-

836 232 1007 257 wnocENTt
1013 233 1046 257 ΕΒ
1068 234 1105 257 ttt
1130 233 1178 257 ΡΙ).

282 292 365 328 ptura
392 287 566 319 testimoniis
589 287 774 327 apertissime
797 287 923 317 conficit.
951 303 990 310 —

283 331 442 371 rnatum
453 332 587 362 diadema
607 334 634 361 et
647 335 794 369 sceptrum
819 331 990 361 Coloioanni

280 376 368 407 mittit
385 375 588 406 Innocentius:
607 390 646 397 -——
666 374 693 405 2.
716 374 908 414 Cudendique
922 384 988 406 mo-

279 424 375 451 netam
392 420 441 450 dat
456 419 636 450 facultatem.
655 435 693 441 —
720 419 746 449 3.
770 418 987 450 Trinovitanam

277 507 305 537 ἃ.
323 506 431 545 Regem
448 506 621 536 adhortatur
636 507 671 536 ad
688 508 937 545 perseverantiam
958 509 987 538 in

277 551 442 582 obedientia
463 550 547 582 Sedis
565 551 758 590 Apostolicae.

237 612 410 643 innocentius
428 612 569 649 episcopus
589 619 685 642 servus
704 619 845 642 servorum
864 612 920 646 Dei,
940 613 986 643 Co·

281 661 383 691 taionni
394 661 501 690 illustri
511 661 690 697 Butgarorum
705 662 736 690 et
748 661 905 692 macharum
915 663 984 698 regi.

280 711 395 747 eiusque
422 710 553 746 postoris,
574 711 600 739 et
617 713 677 740 tam
695 712 724 740 in
747 717 831 747 regno
850 717 931 747 quam
958 713 986 741 in

280 760 422 790 dovotione
456 759 530 788 sodis
559 760 730 795 apostoticae
753 761 932 793 successuris.
957 761 985 789 in

279 810 453 846 perpetuum.

283 876 353 912 Rex
374 885 483 923 regum
518 883 550 911 et
571 874 727 910 Dominus
750 875 981 912 dominantium

235 926 323 962 lesus
343 925 490 962 Christus
510 925 658 960 sacerdos
679 926 710 960 in
738 933 913 970 aeternum,
939 937 981 962 se-

233 974 375 1012 cundum
397 975 542 1010 ordinem
562 973 806 1015 Melchisedech,
828 975 878 1010 cui
894 976 980 1011 dedit

233 1025 340 1060 omnia
362 1024 456 1060 Pater
477 1024 507 1058 in
531 1035 638 1064 manu,
662 1023 796 1071 pedibus
817 1024 886 1059 eius
904 1025 980 1060 sub-

233 1074 344 1110 iiciens
365 1074 523 1118 universa,
545 1074 636 1108 cuius
657 1080 704 1108 est
726 1082 807 1108 terra
826 1081 856 1108 et
879 1075 980 1120 pleni-

232 1123 309 1159 tudo
329 1124 408 1163 eius,
434 1122 519 1158 orbis
545 1130 696 1157 terrarum
725 1130 755 1157 et
781 1134 892 1158 omnes
925 1124 979 1158 ha-

231 1172 366 1208 bitantes
392 1172 423 1206 in
459 1183 508 1212 eo,
536 1171 599 1206 imo
632 1172 683 1206 cui
718 1171 852 1206 flectitur
886 1184 979 1207 omne

231 1233 327 1269 genu,
353 1221 550 1263 coelestium,
577 1220 783 1261 terrestrium,
818 1229 848 1255 et
883 1221 979 1256 inser-

231 1283 357 1310 noi’um,
391 1269 559 1306 Summum
583 1269 781 1315 Apostolicae
815 1269 907 1305 Sedis
949 1278 978 1305 et

231 1319 393 1356 Romanae
418 1318 578 1354 Ecclesiae
602 1318 802 1359 Pontificem,
824 1331 919 1366 quem
946 1320 976 1354 in

230 1368 268 1404 Β.
295 1369 390 1405 Petro
423 1368 484 1404 sibi
512 1368 662 1403 vicarium
690 1368 856 1411 ordinavit,
881 1381 978 1416 super

229 1425 340 1465 gentes
372 1426 404 1454 et
424 1429 518 1464 regna
540 1416 713 1460 constituit,
735 1417 900 1460 evellendi,
927 1418 979 1453 de-

227 1467 388 1509 struendi,
414 1465 639 1514 disperdendi,
675 1475 705 1501 et
731 1465 920 1512 dissipandi,
947 1475 977 1501 et

228 1516 428 1557 aedificandi,
454 1524 485 1550 et
509 1515 668 1563 plantandi
687 1515 715 1549 ei
735 1515 901 1550 conferens
919 1528 977 1563 po-

230 1574 385 1607 testatem,
411 1565 546 1612 loquens
572 1565 611 1599 ad
644 1576 716 1599 eum
750 1565 781 1599 in
807 1564 976 1612 Propheta,

228 1616 283 1662 qui
310 1615 369 1650 fuit
394 1615 432 1650 de
459 1613 675 1649 sacerdotibus
708 1613 861 1648 Anatliot:
890 1614 976 1650 Ecce

227 1665 377 1700 constitui
409 1672 437 1699 te
464 1675 559 1710 super
590 1671 699 1709 gentes
733 1671 763 1697 et
793 1675 907 1709 regna,
942 1671 976 1698 ut

227 1713 353 1754 evellas,
379 1720 410 1748 et
435 1713 590 1757 destruas,
614 1720 644 1746 et
665 1711 839 1757 disperdas,
867 1721 898 1746 et
914 1712 977 1747 dis·

227 1763 324 1810 sipes,
344 1772 377 1799 et
397 1762 556 1805 aedifices,
589 1769 618 1796 et
642 1761 774 1808 plantes.
807 1761 848 1796 Ut
870 1770 974 1796 autem

226 1812 257 1847 id
273 1813 453 1860 expressius
464 1811 704 1851 demonstraret,
721 1822 782 1845 uon
801 1823 854 1856 per
868 1812 975 1851 aliurn,

227 1861 282 1897 sed
309 1873 366 1909 per
390 1873 425 1896 se
458 1860 563 1908 ipsum
601 1871 672 1894 curn
703 1871 758 1906 pro
795 1859 976 1895 hominibus

226 1922 353 1946 carnem
380 1910 602 1956 assumpsisset
634 1908 822 1950 humanam,
849 1918 880 1944 et
910 1911 976 1944 cal-

227 1968 424 1996 ceamentum
447 1971 539 1994 suum
562 1957 756 1993 extendisset
781 1958 811 1992 in
835 1957 977 1994 idumae-

227 2020 276 2044 am
299 2017 334 2044 ut
354 2009 382 2044 ei
409 2007 569 2056 Atlophyli
597 2007 818 2048 subderentur,
845 2015 876 2042 et
902 2020 976 2043 oves

225 2070 311 2100 snas,
337 2069 418 2106 quae
438 2057 479 2092 de
505 2057 565 2092 hoc
591 2058 662 2092 ovili
686 2068 747 2092 non
763 2065 852 2091 erant
872 2056 974 2092 addu-

226 2116 322 2148 ceret,
343 2116 375 2143 et
399 2106 488 2142 fieret
515 2118 613 2141 unum
635 2106 716 2141 ovile
741 2113 772 2141 et
804 2119 885 2141 unus
920 2119 976 2153 pa-

227 2165 311 2202 stor,
346 2157 377 2192 in
411 2169 446 2191 se
479 2156 533 2203 qui
562 2163 609 2190 est
642 2167 736 2201 supet·
760 2156 866 2190 omnia
887 2154 976 2190 Deus

226 2205 415 2242 benedictus
437 2206 468 2240 in
495 2204 632 2248 saecula,
668 2205 835 2239 universali
866 2205 976 2240 Eccle-

226 2255 291 2291 siae
312 2255 420 2303 posuit
441 2253 701 2292 fundamentum,
736 2254 869 2301 eiusque
895 2265 976 2300 apo-

227 2304 378 2340 stolorum
398 2303 532 2352 principi
549 2302 645 2337 Petro
667 2302 881 2348 magisterium
898 2316 976 2338 con-

226 2353 310 2393 tulit.
331 2361 364 2389 et
389 2353 574 2401 primatum,
609 2351 718 2386 dicens
742 2352 780 2386 ad
811 2363 900 2387 eum:
927 2352 975 2387 Tu

227 2412 264 2440 es
282 2402 414 2442 Petrus,
446 2410 476 2437 et
502 2413 597 2448 super
625 2400 704 2435 hanc
726 2409 843 2447 petram
867 2400 977 2436 aedifi-

1663 225 1731 259 187

1031 288 1114 322 veris
1149 299 1243 334 super
1277 295 1408 334 terram,
1435 289 1493 324 erit
1527 289 1658 336 ligatum
1685 298 1716 326 et
1752 291 1781 327 in

1030 337 1143 378 coelis;
1165 346 1196 372 et
1214 338 1437 386 quodcumque
1460 339 1593 374 solveris
1613 348 1783 386 superter-

1030 398 1109 430 ram,
1130 386 1190 420 erit
1210 387 1348 421 solutum
1376 397 1407 422 et
1429 389 1459 422 iu
1484 389 1591 424 coelis.
1615 388 1691 424 Post
1710 401 1782 437 pas-

1029 436 1152 471 sionem
1176 447 1305 484 quoque
1325 448 1414 471 suam
1437 449 1627 472 ascensui-us
1654 439 1685 474 in
1706 451 1782 475 coc-

1030 485 1106 525 lum,
1126 485 1206 520 ovile
1228 497 1334 529 suum,
1357 485 1501 520 videlicet
1529 487 1718 532 Ecclesiam,
1751 490 1778 524 ei

1029 534 1241 572 committens,
1269 542 1300 569 et
1331 535 1557 570 commendans
1588 537 1618 571 in
1649 538 1778 583 oribus,

1029 583 1162 618 dixitei:
1187 582 1285 618 Pasce
1303 595 1376 618 oves
1399 596 1497 624 meas,
1519 585 1672 621 vocabulo
1688 587 1778 623 tertio

1028 633 1180 679 repetito,
1217 644 1272 679 per
1308 632 1370 667 hoc
1407 641 1548 680 patenter
1585 635 1776 680 osteudens,

1027 681 1112 728 quod
1140 681 1177 716 ad
1206 682 1274 716 eius
1309 682 1388 717 ovile
1423 694 1485 717 non
1514 683 1669 730 pertinent
1702 697 1776 720 oves

1029 731 1118 771 illae,
1154 742 1235 777 quae
1268 743 1302 766 se
1335 731 1522 767 commissas
1555 740 1585 768 et
1615 733 1775 769 subiectas·

1025 792 1093 814 esse
1127 779 1164 814 B.
1197 779 1292 815 Petro
1323 781 1553 816 contumaciter
1578 781 1774 830 denegarint,

1025 837 1056 864 et
1081 829 1149 864 eius
1172 829 1330 864 noluerint
1356 830 1474 865 erudiri
1491 830 1645 872 doctrina,
1668 840 1698 867 et
1714 841 1772 868 ma-

1023 878 1151 925 gisterio
1174 878 1345 914 subiacere.
1373 879 1539 926 Siquidem
1562 879 1704 917 Ecclesia
1726 891 1773 918 est

1023 929 1103 963 Arca
1126 928 1191 973 illa,
1225 928 1255 962 in
1277 939 1337 975 qua
1371 940 1488 976 paucae
1519 930 1659 970 animae,
1699 940 1773 979 per-

1023 976 1173 1012 euntibus
1191 978 1324 1013 caeteris
1345 978 1375 1012 in
1393 978 1510 1013 diluvio
1531 988 1604 1014 sunt
1625 980 1770 1017 salvatae.

1022 1026 1114 1061 Unde
1136 1028 1216 1062 sicut
1242 1038 1351 1062 omnes
1372 1039 1452 1075 quos
1478 1029 1557 1063 Arca
1585 1041 1646 1064 non
1670 1033 1772 1078 caepit

1024 1077 1052 1110 in
1076 1075 1195 1111 diluvio
1212 1076 1383 1122 perierunt,
1405 1077 1450 1111 sic
1476 1089 1587 1113 omncs
1612 1078 1665 1126 qui
1685 1089 1770 1116 extra

1022 1124 1198 1160 Ecclesiam
1215 1126 1332 1160 inventi
1357 1124 1485 1169 fuerint,
1502 1126 1531 1161 in
1556 1126 1770 1164 iudiciodam·

1021 1174 1190 1209 nabuntur.
1228 1175 1309 1210 Arca
1327 1174 1409 1209 enim
1441 1174 1628 1217 Ecclesiam,
1662 1178 1769 1213 catha·

1020 1222 1159 1270 clysmus
1181 1224 1346 1268 indicium,
1371 1231 1401 1259 et
1421 1223 1584 1259 Pastorem
1608 1225 1768 1262 Ecclesiae

1020 1271 1161 1312 Petrum,
1199 1272 1266 1307 Noe
1300 1281 1402 1307 rector
1436 1271 1536 1309 Areae
1562 1273 1683 1320 figurat.
1713 1276 1768 1311 Ille

1019 1333 1090 1355 cum
1114 1321 1250 1356 Domino
1272 1322 1385 1367 legitur
1413 1322 1603 1366 ambulasse,
1626 1324 1678 1359 liic
1704 1338 1768 1359 au-

1019 1378 1080 1404 tem
1103 1382 1197 1416 super
1220 1371 1320 1405 undas
1342 1371 1448 1411 maris,
1470 1373 1554 1418 quod
1576 1372 1662 1407 hunc
1680 1386 1768 1409 inuu-

1018 1419 1093 1454 dum
1129 1419 1296 1466 signifieat,
1334 1419 1372 1455 ad
1409 1420 1579 1455 Dominum
1619 1422 1768 1459 scribitur

1020 1469 1207 1514 pervenisse.
1238 1468 1271 1503 ln
1298 1481 1362 1516 quo
1389 1469 1482 1505 etiam
1509 1482 1656 1517 expresse
1678 1480 1768 1507 nota-

1019 1526 1089 1558 tur,
1127 1518 1211 1564 quod
1239 1518 1334 1553 Petro
1362 1530 1423 1553 non
1451 1520 1629 1566 specialiter
1654 1520 1768 1569 aliquis

1018 1567 1162 1613 specialis
1176 1567 1332 1607 Ecclesia,
1355 1570 1409 1602 sed
1426 1576 1510 1604 totus
1531 1569 1670 1606 mundus
1684 1583 1768 1605 com-

1019 1617 1134 1651 missus
1156 1617 1259 1661 suerit,
1284 1625 1315 1652 et
1336 1617 1476 1653 Ecclesia
1499 1619 1665 1665 generalis.
1687 1619 1766 1655 Nam

1017 1666 1097 1699 sicut
1133 1678 1232 1713 aquae
1267 1666 1384 1701 multae
1423 1676 1495 1702 sunt
1524 1669 1631 1714 populi
1659 1669 1766 1711 multi;

1017 1715 1062 1749 sic
1096 1727 1182 1750 mare
1207 1728 1355 1762 magnum
1385 1724 1413 1750 et
1444 1717 1637 1764 spatiosum,
1664 1731 1765 1753 mun-

1018 1763 1093 1798 dum
1116 1765 1273 1811 significat
1301 1766 1491 1800 universum.
1526 1766 1618 1802 Unde
1649 1768 1765 1802 vocatis

1017 1815 1149 1848 caeteris
1171 1814 1200 1847 in
1225 1821 1342 1861 partem
1370 1815 1592 1856 solicitudinis,
1619 1816 1706 1851 hunc
1719 1829 1765 1852 as-

1017 1864 1151 1908 sumpsit
1176 1863 1332 1898 Dominus
1359 1863 1388 1898 in
1419 1865 1645 1911 plenitudinem
1675 1875 1765 1912 pote-

1017 1912 1115 1950 statis,
1145 1925 1215 1947 cum
1240 1913 1341 1959 inquit
1362 1912 1400 1948 ad
1423 1926 1512 1948 enm:
1534 1914 1581 1949 Tu
1605 1915 1765 1951 vocaberis

1016 1960 1179 2008 Caeplias,
1214 1962 1298 2008 quod
1322 1961 1435 1997 Petrus
1475 1964 1696 2011 interpretatur
1734 1973 1765 2000 et

1017 2018 1123 2057 caput,
1146 2019 1179 2045 ut
1197 2011 1324 2046 Petrum
1344 2021 1436 2059 caput
1455 2011 1616 2049 Ecclesiae
1637 2014 1766 2049 demon-

1016 2068 1137 2094 straret.
1160 2059 1222 2102 Qui
1251 2061 1331 2096 sicut
1349 2071 1544 2107 unguentum
1572 2063 1654 2110 quod
1674 2075 1689 2096 a
1705 2075 1765 2098 ca—

1018 2109 1081 2154 pite
1104 2110 1208 2144 Aaron
1224 2109 1388 2145 descendit
1403 2111 1433 2145 in
1454 2111 1593 2151 barbam,
1616 2112 1646 2146 in
1665 2123 1764 2146 mem-

1018 2157 1069 2191 bra
1093 2158 1292 2203 diffunderet,
1320 2168 1352 2194 ut
1375 2159 1450 2194 nihil
1478 2160 1538 2194 sihi
1562 2161 1687 2205 penitus
1708 2161 1764 2196 de-

1018 2207 1143 2254 periret,
1162 2208 1310 2255 quoniam
1334 2209 1364 2243 in
1387 2209 1487 2255 capite
1510 2210 1590 2255 viget
1611 2222 1763 2245 sensnum

1018 2256 1200 2302 plenitudo,
1226 2256 1265 2291 ad
1289 2257 1429 2292 membra
1457 2270 1529 2293 vero
1557 2270 1627 2304 pars
1653 2271 1763 2294 eorum

1016 2304 1120 2352 aliqua
1142 2305 1310 2340 derivatur.
1338 2306 1470 2354 Insuper
1490 2310 1651 2353 qliaerenti
1672 2307 1764 2343 Petro

1016 2355 1041 2388 si
1056 2355 1178 2401 quoties
1193 2363 1334 2401 peccaret
1351 2356 1379 2388 in
1391 2367 1462 2389 eum
1476 2354 1568 2390 frater
1579 2356 1648 2391 eius
1664 2357 1765 2392 dimit-

1018 2410 1095 2436 teret
1121 2403 1147 2437 ei
1184 2415 1284 2449 usqne
1306 2404 1446 2450 septies,
1471 2403 1629 2439 Dominus
1650 2406 1764 2451 legitur

227 2452 306 2489 cabo
326 2451 501 2488 Ecclesiam
526 2462 644 2490 meam,
680 2457 712 2483 et
746 2462 851 2495 portae
886 2450 974 2485 inferi
1017 2451 1234 2498 respondisse:
1254 2451 1322 2486 Nou
1345 2452 1417 2486 (lico
1439 2452 1494 2488 tibi
1519 2465 1620 2501 usque
1635 2456 1764 2502 septies,

227 2513 290 2537 non
318 2500 542 2549 praevalebunt
574 2499 724 2535 adversus
745 2511 832 2545 eam,
858 2507 887 2534 et
922 2499 974 2534 tibi
995 2537 997 2539 ,
1017 2503 1074 2535 sed
1105 2513 1204 2547 usque
1231 2502 1410 2548 septuagies
1436 2502 1562 2548 septies.
1586 2503 1670 2538 Saue
1691 2516 1763 2540 cum

227 2549 310 2586 dabo
343 2550 448 2585 claves
479 2551 567 2596 regni
595 2550 767 2584 coelorum.
794 2547 857 2583 Ubi
883 2551 974 2583 etiam
995 2543 1110 2585 ioniae
1145 2561 1285 2598 tempus,
1324 2560 1446 2596 septem
1480 2551 1602 2587 dierum
1633 2565 1765 2589 numero

229 2607 459 2648 consequenter
480 2598 614 2634 adiecit*
642 2600 874 2645 Quodcumque
898 2599 976 2645 liga-
993 2588 1000 2646 l
1017 2599 1233 2641 concludatur,
1262 2600 1486 2648 multiplicatus
1508 2602 1538 2636 in
1561 2613 1595 2637 se
1616 2612 1765 2651 septena-

1797 233 1848 262 Αιι.
1860 232 1889 261 C.
1914 231 1979 262 120&
