2129 3223
109 254 200 282 Aac.
225 255 290 281 tnta

119 807 274 827 (numerantur

139 1442 172 1463 Cla
181 1443 256 1465 mulce.

358 246 427 278 556

306 309 387 343 filiae
410 307 510 352 ipsius
537 304 657 339 ordinis
685 303 829 338 visitandi
858 311 990 338 matrem
1014 302 1053 337 de

305 370 392 393 more
414 354 675 390 Cisterciensium
699 353 827 388 fratrum
850 353 985 387 habeant
1008 352 1054 386 fa-

304 406 465 449 cultatem,
488 412 518 439 et
540 403 623 451 quod
641 402 759 452 priores
785 402 938 437 forenseci
956 401 1053 436 semel

304 456 335 491 in
355 467 437 490 anno
458 462 603 501 tempore
630 460 746 487 statuto
777 452 861 500 apud
888 450 1053 486 ecclesiam

304 513 440 540 vestram
463 503 689 539 convenientes
718 501 746 536 in
772 513 870 537 unum
894 500 1054 535 celebrent

305 566 392 589 more
419 553 577 588 dictorum
604 550 789 586 Cistercieu.
808 549 981 597 capitulum
1004 561 1054 595 ge-

304 603 426 644 nerale;
454 614 579 637 necnon
602 601 692 636 etiam
723 608 755 634 ut
781 599 957 647 scapularia
985 598 1054 633 fra-

305 660 367 687 tres
393 652 537 687 deferant
563 650 753 689 laborantes,
781 649 925 684 camisias
949 654 1052 682 autem

303 702 403 736 lineas
430 714 492 736 non
526 700 673 743 babeant,
710 711 769 733 nec
805 699 834 732 in
867 697 1054 732 dormitorio

303 751 466 790 culcitras,
498 750 564 785 sani
604 748 751 783 carnibus
787 760 848 782 non
875 754 1053 787 vescantur,

305 800 362 835 nisi
400 799 521 835 debiles
547 806 578 834 et
606 797 734 844 aegroti.
760 796 852 832 Unde
873 795 966 830 nobis
995 796 1054 829 Ιιιι-

303 849 420 884 militer
441 847 658 897 supplicastis,
680 854 715 881 ut
738 845 950 881 institutiones
970 856 1052 891 prae-

303 899 403 934 dictas
435 897 606 946 apostolico
632 896 836 942 dignaremur
878 893 1054 929 munimine

303 948 461 984 roborare.
496 947 562 982 Nos
588 953 693 980 autem
724 945 835 978 vestris
866 943 1054 989 postulatio-

304 997 398 1032 nibus
425 995 577 1035 inclinati,
604 1005 757 1042 personas
785 1000 902 1028 vestras
929 1000 960 1026 et
987 992 1053 1026 loca

303 1047 334 1081 in
361 1046 478 1094 quibus
505 1044 611 1080 divino
640 1042 715 1077 estis
742 1042 894 1089 obsequio
928 1041 1054 1075 manci-

303 1096 380 1143 pati,
398 1107 470 1130 cum
493 1093 643 1129 omnibus
666 1091 767 1130 bouis,
805 1103 887 1138 quae
908 1090 939 1125 in
963 1102 1054 1137 prae-

303 1145 475 1180 sentiarum
500 1141 724 1178 rationabiliter
747 1139 926 1188 possidetis,
948 1147 1000 1174 aut
1023 1139 1053 1174 in

303 1195 444 1229 futurum
468 1193 559 1228 iustis
573 1190 687 1231 modis,
703 1197 880 1236 praestante
903 1188 1054 1232 Domino,

305 1243 446 1289 poteritis
480 1240 625 1288 adipisci,
660 1239 720 1274 sub
755 1239 949 1285 protectione
972 1238 1053 1273 beati

302 1292 388 1327 Petri
415 1291 635 1338 suscipientes,
673 1288 848 1336 praesentis
878 1288 986 1334 scripti
1008 1300 1055 1334 pa-

304 1351 439 1376 trocinio
461 1350 710 1375 communimus.

354 1389 439 1425 Nulli
457 1400 532 1436 ergo
550 1388 680 1423 omnino
698 1386 788 1423 liceat
809 1386 890 1421 hanc
909 1386 1053 1433 paginam

305 1446 431 1474 nostrae
451 1436 656 1486 protectionis
677 1443 708 1470 et
735 1435 984 1470 confirmationis
1006 1435 1055 1469 in-

305 1489 454 1535 fringere,
472 1495 526 1522 aut
548 1486 575 1521 ei
598 1498 677 1520 ausu
700 1485 866 1520 temerario
887 1483 1053 1519 contraire.

307 1538 340 1574 Si
367 1537 439 1585 quis
457 1543 560 1571 autem
584 1535 645 1570 hoc
665 1541 817 1569 attentare
840 1545 1055 1580 praesumpse-

306 1587 362 1628 rit,
394 1585 642 1633 indignationem
676 1583 903 1630 omnipotentis
935 1582 992 1617 Dei
1027 1589 1057 1616 et

306 1636 468 1671 beatorum
503 1633 717 1682 apostolorum
757 1632 825 1667 eius
860 1644 893 1667 se
934 1631 1053 1666 noverit

307 1696 521 1720 incursurum.
601 1724 604 1728 .

355 1733 472 1768 Datum
496 1731 642 1767 Laterani
674 1730 766 1765 nonis
794 1729 907 1774 martii,
927 1728 1056 1776 pontifi-

307 1790 397 1818 catus
419 1781 518 1818 nostri
545 1781 629 1816 anno
651 1779 754 1815 tertio.

356 1843 417 1874 Dat.
435 1842 482 1874 die
502 1843 516 1872 't
537 1841 634 1872 martii
653 1841 738 1878 1219,
756 1840 856 1879 pontif.
875 1849 951 1870 anno
971 1849 1010 1869 ιιι.

609 1981 750 2017 XXXIV.

309 2063 471 2099 Innovaeio
498 2060 704 2106 quorumdam
733 2058 939 2102 capitulorum
973 2066 1062 2099 super

358 2112 576 2157 reformatione
604 2107 791 2143 cassinensis
816 2106 951 2140 coenobii
985 2115 1062 2150 quo-

359 2162 429 2195 libet
448 2172 546 2196 mense
572 2158 798 2194 recitandarum
819 2157 874 2196 (t).

583 2229 798 2262 SUMMARtUM

311 2300 500 2331 Innocentius
523 2297 577 2329 ΡΡ.
607 2300 713 2327 statuta
742 2293 882 2327 nonnulla
905 2293 1063 2325 Cassinati-

352 2344 408 2375 hus
429 2342 590 2383 praecepit:
606 2358 645 2363 —
661 2339 699 2370 Ea
718 2342 837 2369 renovat
853 2337 1011 2368 Honorius,
1027 2352 1065 2358 -—

352 2388 392 2419 De
414 2388 491 2419 victu
514 2392 541 2417 et
562 2386 670 2416 vestitu
693 2384 821 2414 abbatis.
844 2399 883 2406 -
900 2382 1064 2412 Ilistriones

904 250 1040 272 [51:thth
1047 249 1090 271 [M
1117 247 1280 270 ROMANUM

1860 240 1911 268 An.
1925 240 1955 268 C.
1975 239 2043 267 ¹219

1136 299 1291 339 prietarios
1317 314 1362 325 .—-
1382 298 1417 328 Et
1438 302 1538 328 contra
1557 296 1633 327 male
1656 296 1793 337 viventes.
1808 311 1847 319 -

1135 343 1285 382 Colloquia
1318 342 1475 372 mulierum
1498 340 1641 372 evitanda.
1664 357 1702 362 —-
1732 339 1779 370 Nil
1811 339 1847 370 de

1134 388 1222 418 bonis
1247 387 1416 417 monasterii
1434 386 1634 416 alienandum.
1651 402 1689 407 -—
1706 383 1746 413 De
1762 392 1846 423 prae-

1136 432 1249 471 positis,
1269 436 1296 461 et
1327 430 1443 460 abbatis
1466 431 1495 460 in
1517 438 1567 459 eos
1595 428 1777 459 auctoritate.
1809 445 1846 451 —

1135 477 1174 506 De
1203 476 1280 507 male
1301 474 1465 505 viventibus
1487 473 1655 513 puniendis.
1681 490 1720 496 —
1740 472 1845 503 Clerici

1135 521 1171 551 ad
1191 520 1286 550 forum
1310 519 1462 549 saeculare
1480 527 1538 551 non
1565 517 1711 547 trahendi.
1729 533 1767 539 -
1785 515 1844 546 Ra-

1135 566 1174 596 tio
1206 566 1241 595 de
1270 561 1577 594 administrationibus
1613 562 1772 591 reddenda.
1808 577 1847 584 —

1136 610 1210 640 Haec
1234 613 1338 639 statuta
1363 607 1516 638 servanda.
1540 622 1579 628 —
1600 605 1766 636 Ctausutae.

1094 677 1227 707 Honorius
1245 675 1387 711 episcopus
1405 680 1501 703 servus
1523 679 1662 702 sorvorum
1671 672 1726 705 Boi,
1737 671 1847 700 dilectis

1138 727 1203 755 tiliis
1222 725 1314 755 abbati
1333 725 1363 753 et
1381 723 1524 753 conventui
1543 721 1707 754 cassinensi,
1727 722 1846 750 satutem

1138 777 1169 805 ot
1187 774 1367 811 apostoticam
1384 772 1610 802 benedictionem.

1144 837 1225 873 Cum
1274 836 1375 872 bonae
1422 834 1592 870 memoriae
1642 833 1846 869 Innocentius
1873 839 1984 860 lunoeem-
2001 838 2042 859 1³¹³-

1096 887 1179 934 Papa
1208 885 1429 934 praedecessor
1456 890 1562 919 noster
1580 883 1618 918 ad
1651 883 1845 918 reformatio·
1859 873 2043 922 ffi'ssfflfflffiss

1095 948 1167 971 nem
1195 934 1378 970 monasterii
1401 933 1494 969 vestri
1528 945 1633 968 euram
1669 940 1699 967 et
1737 931 2041 967 solini-“¹³⁰⁵P't0001'52'·

1096 985 1237 1020 tudinem
1261 984 1397 1019 debitam
1414 982 1580 1023 adhibens,
1599 981 1734 1028 capitula
1753 993 1844 1028 quae.-

1095 1034 1165 1069 dam
1189 1034 1345 1078 statuerit,
1360 1044 1415 1079 per
1433 1044 1513 1080 quae
1528 1030 1663 1066 fideliter
1680 1030 1844 1066 observata

1095 1083 1323 1119 monasterium
1345 1082 1462 1130 ipsum,
1489 1088 1616 1116 auctore
1637 1080 1793 1120 Domino,
1816 1087 1845 1114 et

1096 1132 1322 1180 temporalibus
1355 1130 1530 1166 commodis
1563 1138 1593 1165 et
1627 1129 1846 1176 spiritualibus

1096 1182 1237 1229 proficiet
1259 1180 1473 1221 incrementis3
1506 1191 1564 1214 nos
1597 1178 1634 1214 ad
1671 1178 1844 1226 profectum

1095 1232 1196 1279 ipsius
1210 1243 1273 1265 non
1288 1230 1400 1265 minori
1414 1228 1572 1264 desiderio
1586 1228 1774 1274 aspirantes,
1792 1240 1845 1262 ea·
1868 1236 1992 1271 Ειγειιονκι
2003 1233 2045 1255 no-

1095 1282 1166 1315 dem
1187 1280 1285 1328 ipsius
1301 1278 1494 1314 inhaerendo
1508 1277 1646 1324 vestigiis
1658 1276 1844 1324 quibusdam
1859 1272 1940 1288 ''⁰⁰²‘'

1096 1338 1199 1365 tamen
1218 1329 1349 1364 adiectis
1364 1327 1512 1363 duximus
1525 1326 1714 1361 innovanda.
1737 1326 1771 1360 In
1787 1326 1847 1373 pri-

1097 1380 1157 1413 mis
1176 1378 1280 1425 igitur,
1298 1387 1329 1413 ut
1351 1377 1492 1412 membra
1506 1376 1608 1423 capite
1629 1388 1705 1410 sano
1726 1374 1846 1410 facilius

1095 1428 1326 1471 convalescant,
1341 1435 1371 1462 et
1384 1427 1421 1461 ad
1438 1426 1563 1473 praelati
1578 1424 1757 1472 exemplum
1774 1424 1847 1459 sub-

1097 1478 1152 1512 diti
1195 1484 1437 1523 componantur,
1484 1474 1649 1509 statuimus
1691 1480 1847 1520 quatenus

1097 1525 1297 1561 Cassinensis
1323 1524 1420 1559 abbas
1442 1531 1544 1558 utatur
1578 1522 1789 1558 calciamentis
1816 1529 1848 1557 et

1098 1575 1236 1609 vestibus
1257 1573 1434 1609 secundum
1470 1573 1551 1607 beati
1592 1570 1756 1606 Benedicti
1796 1583 1846 1606 re-

1097 1624 1214 1669 gulam.
1243 1622 1359 1657 Pannis
1395 1621 1549 1661 videlicet,
1597 1620 1713 1668 quibus
1747 1620 1847 1656 bonae
1877 1627 2045 1663 amiciuntu-

1099 1672 1267 1707 memoriae
1294 1670 1474 1719 Raynaldus
1495 1678 1525 1704 et
1543 1670 1654 1705 Petrus
1676 1669 1716 1704 de
1742 1669 1846 1704 lnsula
1863 1661 1911 1679 *¹¹¹¹*
1930 1657 2018 1678 ffl'l'*

1099 1722 1213 1769 aliique
1236 1721 1336 1767 ipsius
1363 1719 1420 1754 loci
1456 1718 1593 1765 religiosi
1632 1718 1763 1753 abbates
1796 1718 1845 1752 usi

1099 1782 1167 1805 esse
1191 1777 1376 1810 noscuntur,
1398 1776 1428 1803 et
1449 1768 1625 1803 abstineant
1662 1780 1792 1815 prorsus
1833 1781 1848 1802 a

1100 1819 1250 1854 carnibus
1274 1818 1331 1853 nisi
1351 1830 1423 1852 cum
1447 1817 1597 1858 minutus,
1632 1816 1679 1851 vel
1716 1815 1850 1851 medici-

1101 1877 1204 1909 natus,
1231 1875 1283 1902 aut
1320 1867 1475 1909 infirmus,
1516 1878 1572 1901 seu
1609 1865 1697 1900 valde
1737 1865 1852 1901 debilis

1102 1918 1206 1958 fuerit,
1229 1924 1260 1952 et
1281 1917 1311 1951 in
1335 1916 1472 1963 capitulo
1499 1914 1625 1963 quando
1646 1915 1791 1962 superior
1820 1915 1850 1949 in

1102 1965 1292 2001 monasterio
1322 1970 1441 2000 moram
1477 1964 1595 2009 fecerit,
1630 1963 1688 1999 nisi
1722 1963 1851 1999 evidens

1102 2028 1192 2050 causa
1217 2014 1410 2062 praepediat,
1433 2013 1566 2061 singulis
1586 2012 1697 2048 diebus
1718 2012 1850 2060 intersit‚

1102 2077 1137 2100 ac
1161 2076 1285 2111 semper
1319 2076 1390 2098 cum
1422 2063 1484 2098 illis
1511 2061 1687 2109 hospitibus
1708 2061 1852 2097 comedat

1103 2126 1183 2161 quos
1209 2120 1333 2160 oportet
1355 2120 1386 2147 et
1416 2113 1505 2147 decet
1526 2112 1574 2151 sui
1598 2111 1771 2159 praesentia
1799 2110 1852 2146 ho-

1105 2163 1219 2202 norari,
1241 2169 1272 2197 et
1292 2169 1369 2197 tunc
1394 2161 1600 2197 nihilominus
1629 2161 1696 2207 ipse
1723 2172 1760 2195 ac
1781 2172 1851 2195 mo-

1104 2212 1194 2247 nachi
1222 2211 1423 2246 comedentes
1449 2222 1522 2245 cum
1545 2221 1583 2246 eo
1604 2208 1751 2244 carnibus
1789 2221 1850 2244 non

1105 2268 1280 2303 vescantur,
1303 2272 1361 2295 nec
1379 2260 1433 2300 ibi,
1459 2267 1514 2294 aut
1540 2259 1571 2294 in
1593 2258 1660 2294 aliis
1688 2257 1764 2293 locis
1798 2257 1851 2302 ubi

1104 2310 1201 2346 abbas
1227 2309 1367 2344 relicitur
1388 2309 1593 2344 admittantur
1617 2307 1774 2343 ullatenus
1803 2306 1853 2341 hi·
1881 2315 2048 2350 flistnouqsnot·

1105 2360 1250 2402 Suiones,
1272 2360 1325 2405 qui
1347 2358 1373 2393 si
1396 2357 1523 2405 quando
1543 2370 1577 2392 se
1603 2355 1707 2391 forsan
1747 2356 1854 2403 iuges·
1868 2345 1997 2366 ⁸³²'¹'‘'⁸'³d¹'

355 2441 413 2463 non
441 2430 624 2462 admittendi.
647 2446 686 2451 —
713 2427 871 2458 Moderatio
903 2426 939 2456 ab
963 2425 1066 2455 abbate
1106 2416 1203 2444 semul
1225 2416 1416 2454 'ml’ffl‘fflsse-
1438 2407 1529 2441 delur
1563 2418 1609 2441 0¹⁵
1643 2404 1732 2440 Ubus
1768 2413 1854 2440 θΧῑΓὸ

355 2476 506 2507 servanda.
524 2491 563 2498 -
577 2474 616 2504 De
633 2472 782 2503 communi
801 2471 867 2502 vita.
885 2487 922 2493 —
941 2470 980 2500 De
996 2478 1065 2500 cura
1107 2469 1247 2493 mens-‘¹¹1¹
1262 2456 1384 2492 abbatis
1394 2454 1593 2491 solummodo
1604 2452 1855 2502 pmpoernetlm,

355 2520 550 2551 infirmorum.
574 2534 611 2542 —
642 2517 681 2548 De
709 2516 856 2557 hospitali.
883 2533 921 2539 —
947 2515 986 2545 De
1015 2524 1064 2544 sa·
1107 2519 1169 2555 quo
1190 2507 1344 2550 contenti,
1366 2503 1683 2552 agesticulatiouum,
1706 2514 1760 2537 seu
1789 2514 1857 2542 ver-

356 2573 473 2596 crorum
505 2562 647 2595 custodia.
676 2578 714 2585 -—
736 2560 851 2591 Poenae
881 2564 980 2589 contra
1001 2567 1067 2597 pro-
1107 2555 1220 2591 borum
1250 2555 1376 2602 ineptiis
1409 2555 1565 2594 abstinere
1604 2552 1732 2599 penitus
1765 2563 1856 2592 com-

354 2624 394 2659 (t)
410 2624 448 2652 Ex
465 2624 570 2659 Regest.
589 2624 671 2650 vatic.

1109 2604 1277 2652 pellantur,
1301 2616 1359 2639 nec
1386 2603 1481 2638 abbas
1502 2601 1548 2637 vel
1580 2600 1755 2643 monachus
1785 2612 1857 2643 aveo
