2129 3223
141 212 156 234 0

41 255 98 284 Ἀη.
116 257 145 285 C.
165 257 231 284 tta?

61 2543 210 2571 &emptiones

46 2574 157 2596 nonnullas
206 2577 227 2594 et

47 2605 156 2633 privilegia
170 2605 228 2627 elar—

47 2637 107 2663 gitur.

853 253 1067 277 COELESTINUS
1088 252 1125 281 111
1149 252 1195 275 1³1³.

1659 244 1723 274 109
1790 252 1835 277 sn,
1858 251 1875 276 c
1904 252 1964 276 ww

244 319 274 347 et
299 311 374 346 alias
400 310 627 357 possessiones,
645 308 755 343 domos
788 308 931 343 videlicet
957 316 987 343 et
1028 307 1131 342 nullus
1158 320 1174 341 a
1197 306 1284 341 vobis
1311 307 1446 342 decimas
1485 308 1608 354 exigere
1630 316 1682 342 aut
1713 319 1769 342 ex—

244 359 421 396 vineas.1n
460 358 563 394 Maula
597 358 781 402 Dentericii,
821 357 984 393 ecclesiam

243 411 376 446 Sanctae
402 408 528 448 Mariae,
547 415 578 443 et
598 407 675 442 alias
692 408 916 455 possessiones.
950 406 984 441 ln

241 458 378 495 Castello
398 457 513 504 Magno
539 457 702 493 ecclesiam
725 457 758 492 S.
786 456 984 500 Cliristosori,

240 517 271 544 et
299 508 375 544 alias
396 507 623 555 possessiones,
645 507 803 546 homines,
829 506 984 541 molendi-

241 570 329 599 num,
351 566 381 593 et
401 557 478 592 alias
493 557 707 604 possessiones
721 568 798 603 quas
816 555 935 590 habetis
954 556 982 590 in

241 608 414 643 tenimento
435 606 614 647 Montellae‚
636 614 666 641 et
693 607 724 641 in
747 606 868 641 civitate
904 605 983 640 Tro-

240 658 320 697 iana,
339 657 480 697 domum,
509 656 615 691 vineas
637 662 668 691 et
695 664 790 690 terras
831 656 861 689 in
902 655 982 700 loco,

239 707 293 754 qui
331 707 449 742 dicitur
495 705 608 740 Sclavi.
661 704 833 740 Ecclesiam
875 704 981 740 Sancti

238 756 350 800 Mauri,
376 768 447 791 cum
470 755 736 802 possessionibus,
758 767 835 802 quas
866 754 981 789 ibidem

239 805 369 841 habetis.
399 805 432 840 ln
467 805 639 840 tenimento
676 803 835 839 Celentiae
879 804 982 839 eccle-

237 856 316 890 siam
344 855 449 891 Sancti
466 853 618 901 Spiritus,
638 866 709 888 cum
733 853 879 888 omnibus
908 866 982 901 per-

237 905 377 940 tinentiis
398 904 474 939 suis.
503 904 537 938 In
573 903 744 939 tenimento
774 903 894 938 Massae
930 916 982 939 ec·

236 955 365 990 clesiam
387 953 421 989 S.
444 953 635 1000 Honupbrii‚
662 965 732 988 cum
780 953 980 992 molendinis,

236 1004 336 1039 vineis
380 1012 410 1038 et
445 1003 512 1038 aliis
550 1002 803 1050 possessionibus
840 1010 870 1037 et
909 1016 980 1038 cum

237 1052 386 1089 omnibus
406 1052 616 1100 pertinentiis.
640 1051 673 1086 In
701 1052 874 1087 tenimento
900 1052 981 1087 Cor-

237 1103 298 1139 neti
325 1102 491 1139 ecclesiam
522 1102 556 1136 S.
579 1101 698 1142 Heliae,
720 1101 842 1144 domos,
866 1102 981 1141 vineas,

235 1160 266 1188 et
287 1152 364 1188 alias
386 1151 600 1200 possessiones
621 1163 698 1198 quas
716 1150 832 1186 ibidem
849 1151 979 1187 habetis.

237 1201 470 1243 Possessiones,
496 1213 575 1248 quas
596 1200 719 1235 habetis
741 1201 771 1234 in
810 1201 982 1236 tenimento

236 1251 366 1287 Dianae.
399 1251 433 1286 ln
456 1250 631 1285 tenimento
663 1250 800 1285 Turbiae
832 1250 982 1285 ecclesias

235 1300 370 1336 Sanctae
409 1299 593 1346 Margaritae
633 1308 663 1333 et
698 1300 830 1334 Sanctae
864 1299 980 1335 Mariae

236 1349 276 1386 de
296 1348 407 1391 Olivis,
430 1348 661 1389 molendinum,
687 1349 804 1392 vineas,
846 1357 876 1384 et
907 1349 982 1384 alias

236 1399 465 1447 possessiones,
486 1411 564 1445 quas
591 1398 633 1432 ibi
667 1398 799 1433 habetis.
835 1399 870 1433 In
900 1399 982 1433 teni-

235 1456 343 1484 mento
362 1447 469 1483 Sancti
496 1447 610 1483 Clerici
645 1447 809 1483 ecclesiam
851 1448 982 1484 Sanctae

234 1497 350 1533 Mariae
367 1497 407 1533 de
433 1497 577 1544 Angelis,
616 1497 772 1537 homines,
804 1498 929 1539 vineas,
953 1508 983 1534 et

234 1547 311 1583 alias
350 1547 579 1595 possessiones.
627 1545 799 1582 Ecclesiam
849 1547 982 1583 Sanctae

234 1596 350 1632 Mariae
370 1596 409 1631 de
430 1595 598 1637 Fontibus,
622 1596 727 1631 vineas
753 1604 783 1631 et
804 1596 882 1632 alias
907 1609 982 1644 pos-

235 1646 405 1686 sessiones,
432 1658 510 1693 quas
537 1645 653 1680 ibidem
681 1645 812 1681 habetis
843 1646 877 1681 ln
901 1648 982 1682 teni—

235 1703 342 1731 mento
380 1695 506 1738 Albani,
553 1703 584 1730 et
617 1694 784 1740 Tricarici‚
817 1696 981 1731 ecclesiam

235 1745 269 1780 S.
302 1744 431 1785 Leonis,
470 1744 707 1791 Christopbori,
742 1753 836 1792 atque
872 1745 982 1790 leonii,

235 1793 359 1839 domos,
380 1795 487 1829 vineas
508 1802 538 1829 et
560 1795 788 1841 possessiones.
809 1795 982 1830 Ecclesiam

235 1843 269 1878 S.
296 1843 449 1886 Helenae,
475 1855 547 1878 cum
576 1843 676 1878 vineis
697 1851 727 1878 et
755 1844 824 1879 aliis
856 1857 982 1891 posses-

235 1892 389 1928 sionibus.
416 1892 590 1927 Ecclesiam
611 1892 717 1928 Sancti
746 1894 871 1928 Martini
912 1907 983 1929 cum

237 1941 489 1988 possessionibus
509 1941 586 1977 suis.
611 1942 645 1977 ln
672 1951 774 1978 castro
795 1943 828 1978 S.
845 1943 984 1990 Agatbae

236 1991 275 2027 de
295 1991 410 2039 Apulia
432 1991 554 2033 domos,
570 1992 798 2034 molendinum,
821 1993 983 2035 olivetum,

236 2041 345 2076 vineas
364 2048 396 2077 et
416 2041 494 2076 alias
516 2042 746 2088 possessiones,
764 2055 843 2090 quas
866 2043 983 2078 ibidem

236 2089 367 2126 habetis.
387 2089 421 2126 In
444 2098 546 2126 castro
563 2090 698 2139 Cryptae
719 2092 832 2128 domos
859 2099 889 2128 et
909 2093 985 2128 alias

236 2144 462 2191 possessiones.
490 2143 524 2178 lu
565 2145 688 2180 civitate
722 2146 829 2182 Ariani
861 2147 985 2188 domos,

235 2197 342 2234 vineas
367 2205 401 2234 et
422 2198 499 2233 alias
540 2200 768 2245 possessiones.
810 2200 984 2236 Ecclesiam

235 2251 270 2287 S.
292 2251 460 2300 Sylvestri,
487 2253 518 2287 in
541 2253 714 2288 tenimento
746 2253 927 2301 Frequenti.
950 2254 984 2289 In

235 2306 410 2342 tenimento
428 2305 577 2342 Roccbae
604 2305 710 2342 Sancti
738 2305 852 2343 Felicis
883 2308 986 2343 eccle-

237 2360 314 2396 siam
341 2359 375 2396 S.
408 2359 559 2404 Caesarii‚
597 2370 628 2395 et
663 2360 829 2397 ecclesiam
877 2362 985 2398 Sancti

236 2413 370 2455 Nicolai,
420 2422 451 2450 et
493 2414 649 2459 homines,
689 2422 719 2449 et
760 2416 986 2462 possessiones,

238 2481 316 2518 quas
341 2468 460 2504 ibidem
487 2468 619 2504 habetis.

286 2523 307 2571 ἓ
333 2526 365 2559 5.
389 2522 471 2558 Sane
495 2523 652 2558 novalium
686 2531 870 2565 vestrorum,
908 2536 988 2572 quae

242 2577 376 2624 propriis
415 2577 561 2612 manibus
588 2586 642 2612 aut
671 2576 850 2624 sumptibus
871 2578 987 2622 colitis,

242 2630 307 2665 sive
330 2630 369 2665 de
397 2631 597 2666 nutrimentis
616 2630 796 2666 animalium
812 2639 986 2668 vestrorum

1027 364 1172 404 torquere
1200 364 1386 402 praesumat.

1074 412 1089 449 ς’
1123 410 1155 440 6.
1194 406 1300 440 Liceat
1338 418 1464 453 quoque
1505 406 1593 441 vohis
1638 405 1768 441 clericos

1026 455 1071 490 vel
1100 456 1207 500 laicos,
1237 455 1353 490 liberos
1374 463 1404 490 et
1423 456 1584 490 absolutos
1605 468 1622 490 e
1643 456 1768 491 saeculo

1025 505 1193 551 fugientes,
1228 505 1264 539 ad
1300 506 1537 540 conversionem
1562 506 1715 553 recipere,
1738 514 1764 541 et

1024 567 1078 590 eos
1098 555 1217 601 absque
1234 554 1479 589 contradictione
1499 555 1601 601 aliqua
1621 556 1765 590 retinere.

1072 610 1087 647 ᾗ
1111 609 1141 638 7.
1167 604 1374 639 Probibcmus
1398 604 1536 651 insuper,
1565 612 1597 639 ut
1620 605 1693 639 nulli
1712 605 1767 639 fra-

1024 661 1105 689 trum
1132 662 1306 689 vestrorum
1332 661 1401 700 post
1435 654 1543 688 factam
1588 654 1617 688 in
1659 667 1765 689 mona-

1023 703 1116 738 sterio
1135 712 1237 738 vestro
1260 703 1497 749 professionem,
1519 704 1563 737 fas
1585 704 1624 737 sit
1648 704 1765 751 absque

1023 754 1070 788 sui
1097 753 1219 788 abbatis
1240 752 1365 788 licentia
1392 752 1431 787 de
1464 752 1574 787 eodem
1615 752 1683 788 loco
1717 754 1765 787 di-

1023 802 1163 843 scedere,
1185 802 1400 837 discedentem
1429 815 1501 837 vero
1533 802 1652 849 absque
1679 815 1766 837 com-

1022 853 1166 887 munium
1202 852 1363 887 literarum
1407 860 1578 887 vestrarum
1623 852 1765 887 cautione

1024 902 1130 938 nullus
1152 901 1264 936 audeat
1282 902 1427 936 retinere.

1070 952 1090 997 ,Ε
1117 954 1150 986 8.
1172 951 1251 986 Cum
1275 951 1379 985 autem
1400 951 1546 997 generale
1564 951 1763 986 interdictum
1794 960 1962 996 numnquam-

1023 998 1120 1036 terrae
1149 1001 1251 1044 fuerit,
1272 1001 1362 1035 liceat
1391 1000 1478 1035 vobis
1517 1001 1631 1035 clausis
1654 1001 1763 1039 ianuis,
1780 992 1962 1043 ,Q'ssss‘ssslf'fssssiffs

1022 1050 1160 1086 exclusis
1197 1050 1477 1085 excommunicatis
1516 1059 1545 1085 et
1584 1050 1874 1088 interdictisdehw·

1023 1113 1084 1135 non
1107 1100 1238 1147 pulsatis
1263 1100 1436 1146 campanis,
1467 1112 1636 1147 suppressa
1680 1112 1766 1144 voce,

1022 1149 1131 1184 divina
1153 1149 1253 1184 officia
1274 1148 1442 1184 celebrare.

1070 1205 1085 1243 g
1112 1203 1144 1233 9.
1167 1198 1312 1234 Clirisma
1336 1211 1429 1239 vero,
1468 1198 1582 1233 Oleum
1612 1206 1767 1238 sanctum,

1022 1249 1276 1284 consecrationes
1297 1248 1451 1289 altarium,
1474 1260 1530 1283 seu
1549 1248 1766 1287 basilicarum,

1022 1297 1237 1333 ordinationes
1270 1297 1467 1341 clericorum,
1506 1298 1559 1344 qui
1595 1298 1632 1332 ad
1663 1310 1769 1333 sacros

1022 1347 1150 1382 ordines
1177 1347 1292 1382 fuerint
1318 1347 1534 1394 promovendi,
1555 1356 1585 1382 et
1622 1347 1680 1382 alia
1715 1360 1768 1382 ec-

1022 1397 1197 1432 clesiastica
1224 1404 1418 1432 sacramenta
1448 1409 1464 1431 a
1494 1396 1681 1432 dioecesano
1714 1410 1768 1432 su-

1022 1446 1174 1494 scipietis,
1201 1446 1355 1493 siquidem
1384 1446 1559 1481 catholicus
1597 1446 1700 1487 fuerit,
1739 1454 1768 1481 et

1023 1497 1150 1542 gratiam
1174 1503 1267 1542 atque
1289 1497 1543 1531 communionem
1571 1496 1768 1543 Apostolicae
1802 1510 1951 1530 ammonam

1023 1545 1115 1581 Sedis
1137 1545 1294 1589 habuerit,
1316 1553 1345 1580 et
1367 1558 1402 1581 ea
1423 1546 1513 1580 vobis
1534 1546 1667 1581 voluerit
1701 1547 1769 1582 sine
1784 1540 1964 1598 ζιωξζζζζζζζζξ

1025 1596 1174 1642 pravitate
1190 1595 1328 1641 qualibet
1341 1594 1497 1630 exhibere.
1515 1595 1662 1643 Alioquin
1680 1596 1769 1631 liceat
1784 1608 1885 1642 2111—200120
1906 1595 1966 1622 ³5⁸¹*

1024 1645 1112 1679 vobis
1133 1657 1366 1693 quemcumque
1395 1646 1567 1680 malueritis
1581 1644 1768 1681 catholicum
1784 1639 1834 1659 pm
1859 1632 1954 1653 ‘imm'

1023 1694 1110 1729 adire
1137 1694 1318 1735 antistitem,
1346 1695 1476 1741 gratiam
1500 1704 1530 1729 et
1571 1696 1770 1730 communio-

1025 1756 1095 1778 nem
1124 1744 1323 1789 Apostolicae
1370 1744 1462 1779 Sedis
1499 1744 1676 1785 habentem,
1716 1746 1770 1793 qui

1026 1801 1128 1828 nostra
1152 1794 1248 1827 fretus
1275 1795 1469 1831 auctoritate,
1494 1794 1580 1829 vobis
1605 1795 1689 1842 quod
1713 1808 1770 1842 po-

1025 1843 1147 1877 stulatis
1164 1843 1337 1889 impendat.

1074 1892 1093 1939 2}
1123 1894 1177 1927 10.
1201 1891 1392 1927 Libertatem
1432 1906 1569 1941 quoque,
1610 1907 1702 1941 quam
1739 1896 1768 1930 in
1799 1902 1891 1922 mmm
1932 1903 1967 1921 'a‘

1025 1941 1193 1977 donatione
1216 1942 1429 1977 Ecclesiarum
1454 1952 1636 1988 vestrarum,
1667 1954 1697 1980 et
1720 1958 1769 1979 re-
1785 1936 1850 1985 ffii¹¹
1872 1932 1967 1957 ἔφη

1026 1992 1204 2038 ceptionem
1248 2000 1442 2027 mortuorum
1495 1994 1531 2028 ad
1578 1995 1769 2040 sepulturam

1026 2040 1126 2076 bonae
1148 2042 1317 2076 memoriae
1330 2042 1463 2077 Ioannes
1485 2042 1693 2079 Avellinensis
1704 2046 1771 2091 epi-

1026 2103 1142 2138 scopus
1168 2104 1239 2126 curn
1263 2103 1391 2126 suorum
1420 2092 1605 2128 clericorum
1644 2106 1771 2129 assensu

1028 2140 1168 2175 rationali
1190 2141 1398 2188 dispositione
1420 2144 1585 2183 concessit,
1600 2155 1657 2178 nos
1678 2145 1771 2179 etiam

1026 2190 1208 2225 auctoritate
1249 2192 1418 2238 apostolica
1463 2192 1697 2232 confirmamus,
1743 2201 1772 2227 et

1027 2239 1148 2274 firmam
1172 2240 1202 2274 in
1223 2248 1383 2286 posterum
1419 2240 1622 2277 decernimus
1650 2255 1773 2289 perma-

1027 2300 1113 2323 nere.
1138 2289 1341 2336 Sepulturam
1365 2302 1491 2336 quoque
1510 2292 1607 2338 ipsius
1642 2292 1700 2327 loci
1736 2292 1773 2326 li-

1027 2338 1133 2373 beram
1157 2350 1226 2373 esse
1247 2339 1459 2383 decernimus,
1501 2349 1535 2374 ut
1568 2353 1675 2375 eorum
1717 2341 1772 2377 de-

1028 2388 1144 2422 votioni
1194 2395 1223 2422 et
1257 2396 1413 2423 extremae
1452 2389 1614 2434 voluntati,
1653 2392 1706 2434 qui
1741 2405 1773 2426 se

1029 2436 1091 2471 illic
1130 2437 1257 2484 sepeliri
1295 2437 1548 2479 deliberaverint,
1588 2435 1670 2476 uisi*
1696 2441 1773 2476 sorte

1028 2487 1306 2531 excommunicati,
1334 2487 1381 2522 vel
1399 2487 1554 2524 interdicti
1576 2490 1650 2531 sint,
1670 2490 1774 2526 nullus

1029 2534 1169 2577 obsistat,
1190 2535 1274 2570 salva
1310 2537 1455 2572 videlicet
1496 2538 1612 2574 iustitia
1650 2540 1772 2576 illarum

1028 2584 1255 2629 Ecclesiarum,
1277 2598 1292 2620 a
1307 2586 1421 2633 quibus
1433 2596 1629 2624 mortuorum
1645 2602 1772 2638 corpora

1029 2642 1246 2669 assumuntur.
