2129 3223
42 231 90 256 ΙΙ.
112 228 139 256 C.
155 230 218 257 ¹22!

47 1232 77 1253 Ae
92 1233 159 1254 firmat
171 1234 216 1258 pri-

33 1262 117 1288 vilegia.

47 2516 104 2540 unce
148 2519 215 2539 onnia

35 2548 111 2570 ulid-t
144 2547 216 2570 Bono-

35 2579 86 2601 viu.

844 234 1007 258 noxontns
1028 235 1064 257 ΙΙΙ
1086 234 1136 257 ΡΡ.

237 299 318 327 mus,
340 288 500 324 exhibebit
535 288 669 324 iustitiae
700 289 967 336 complementum

235 328 361 372 Dimisit
387 338 493 378 etiam,
531 345 562 373 et
589 339 769 385 recognovit
808 347 981 375 memorato

235 385 384 434 episcopo
409 395 439 422 et
470 384 630 423 Ecclesiae
665 387 836 423 Bobemiae
876 389 980 424 omnia

235 435 421 481 spiritualia,
451 437 678 476 institutiones,
721 437 805 472 salvo
843 439 981 485 patronis

235 484 480 532 inrepatronatu,
507 494 537 521 et
559 487 790 526 destitutiones,
816 488 982 523 correctio-

235 545 301 579 nes,
323 542 354 570 et
376 535 488 570 iudicia
512 535 710 572 clericorum.
733 543 763 571 et
785 537 889 572 omnia
924 538 980 572 alia

233 583 418 630 spiritualia,
441 585 521 620 inter
537 598 618 632 quae
643 586 851 620 visitationem
887 586 982 621 intel-

234 632 359 680 ligimus
399 641 429 669 et
469 635 614 670 volumus
649 635 874 682 comprehendi
893 663 900 671 ,
944 648 981 671 eo

233 683 317 718 salvo
335 683 418 730 quod
438 683 476 718 de
499 684 725 727 Boleslavien.,
753 683 919 719 Melviven.
952 693 982 720 et

235 731 460 773 Littomiricen.
476 734 660 781 praepositis
676 733 874 769 exhibebitur
896 735 981 769 iusti-

233 782 293 817 tiae
308 783 472 829 plenitudo
486 795 589 818 coram
614 784 714 830 legato
742 783 821 830 ipso,
844 784 890 817 vel
919 784 981 819 alio

233 833 283 866 cui
312 832 453 868 fueritab
471 833 648 880 Apostolica
665 832 746 868 Sede
761 834 979 869 commissum.

232 880 279 916 De
292 880 424 917 decimis
439 895 512 918 vero
525 883 681 929 promittit
697 882 777 928 regis
796 883 924 918 nomine
945 896 981 919 ac

233 929 385 966 baronum
405 932 489 979 quod
505 932 597 980 plene
614 945 649 967 ac
665 933 784 978 integre
797 932 917 968 solvent
929 945 982 968 eas

231 980 370 1027 praefato
383 982 542 1029 episcopo,
559 991 587 1017 et
603 981 759 1017 Ecclesiae
769 994 855 1024 suae,
869 994 903 1017 ac
911 982 981 1018 aliis

230 1029 381 1066 Ecclesiis
406 1040 436 1065 et
462 1033 607 1078 personis
636 1032 868 1071 ecclesiasticis,
901 1032 981 1067 sicut

231 1078 270 1114 de
297 1080 365 1116 iure
392 1080 558 1124 debentur,
581 1082 696 1116 iustitia
724 1081 762 1115 de
787 1081 893 1127 populi
922 1082 981 1115 de-

230 1129 322 1166 cimis
338 1138 399 1166 tam
419 1130 605 1178 praeteritis,
627 1143 721 1178 quam
739 1130 852 1165 futuris
873 1142 978 1165 coram

230 1179 343 1215 eodem
364 1180 478 1226 legato,
508 1179 553 1215 vel
576 1181 648 1223 alio,
669 1179 719 1215 cui
742 1180 818 1214 haec
841 1181 981 1215 commi—

230 1229 365 1264 serimus
390 1229 544 1265 facienda.
573 1229 688 1264 Omnia
722 1241 849 1275 quoque
885 1230 981 1276 privi-

231 1278 310 1325 legia
328 1286 391 1314 tam
411 1279 631 1314 Romanorum
659 1278 861 1322 Pontificum,
885 1291 979 1325 quam

231 1330 453 1376 imperatorum
479 1336 509 1363 et
535 1340 644 1375 regum
666 1327 837 1363 Bohemiae
863 1340 899 1362 ac
927 1329 982 1363 du-

230 1391 315 1419 cum,
336 1378 384 1413 vel
403 1378 534 1413 aliorum
549 1377 698 1412 Ecclesiis
712 1389 861 1412 concessa
884 1377 980 1413 Bohe—

229 1428 333 1472 micis,
364 1428 391 1462 si
412 1435 529 1470 extant,
550 1427 753 1462 restituentur
769 1427 826 1470 eis,
844 1439 979 1474 quorum

230 1477 602 1520 fuisseuoscuntur,cum
618 1476 883 1523 possessionibus,
898 1489 979 1524 quae

229 1527 268 1562 ad
293 1526 479 1574 Pragensem
502 1534 534 1562 et
553 1526 629 1561 alias
654 1525 814 1561 Ecclesias
839 1534 869 1561 et
908 1539 979 1573 per-

230 1588 326 1612 sonas
369 1577 596 1611 ecclesiasticas
637 1575 792 1622 pertinere
838 1583 868 1610 et
911 1587 978 1610 esse

230 1625 331 1661 ablata
352 1635 538 1661 noscuntur.
553 1625 646 1667 Quod
662 1625 687 1660 si
704 1624 865 1672 privilegia
879 1625 979 1672 ipsius

230 1675 326 1722 regis,
361 1676 409 1711 vel
449 1674 724 1722 praedecessorum
752 1686 882 1709 suorum
914 1687 977 1709 non

229 1732 359 1766 extant,
395 1724 442 1760 vel
478 1732 552 1759 sunt
589 1724 669 1758 forte
701 1724 886 1771 deperdita,
924 1736 978 1759 rex

228 1781 301 1810 ante
314 1774 536 1810 relaxationem
549 1774 778 1808 sententiarum
793 1785 978 1809 excommu-

229 1823 422 1859 nicationum
449 1835 481 1859 et
514 1823 687 1863 interdicti,
715 1835 796 1870 quae
832 1830 904 1857 sunt
945 1824 976 1859 in

229 1874 334 1921 ipsum
356 1881 388 1909 et
409 1873 542 1908 barones
577 1884 611 1908 ac
633 1884 765 1919 regnum
805 1873 874 1908 eius
902 1885 977 1920 pro-

229 1923 321 1967 latae,
347 1922 460 1958 eadem
493 1921 681 1957 restaurabit
715 1922 889 1957 secundum
929 1931 978 1958 te-

231 1984 352 2014 norem,
373 1984 468 2020 quem
490 1971 593 2006 dictus
625 1969 793 2019 episcopus
826 1984 884 2007 suo
919 1984 977 2007 ex-

231 2022 380 2070 presserit
401 2022 588 2057 iuramento.
611 2020 643 2056 Si
667 2033 738 2056 vero
755 2033 803 2065 ea,
818 2034 898 2069 quae
914 2034 974 2057 non

229 2079 303 2106 sunt
336 2084 418 2113 sua,
452 2071 500 2106 vel
533 2071 810 2118 praedecessorum
833 2084 975 2115 suorum,

229 2129 303 2157 sunt
323 2120 486 2170 deperdita
519 2120 566 2155 vel
592 2119 761 2159 destructa,
785 2120 872 2155 dabit
898 2133 975 2168 ope-

230 2183 297 2207 ram
321 2171 404 2206 bona
431 2169 503 2211 fide,
536 2177 571 2204 ut
603 2169 711 2205 eadem
751 2178 973 2205 restaurentur.

277 2220 340 2257 Pro
367 2221 406 2256 iis
438 2227 543 2255 autem
581 2219 611 2253 in
645 2227 830 2266 perpetuum
865 2220 975 2254 obser-

230 2269 340 2306 vandis
369 2278 440 2306 ante
480 2269 703 2304 relaxationem
745 2269 972 2304 sententiarum

229 2320 369 2368 ipsarum
395 2318 605 2367 praestabitur
637 2329 673 2352 ex
701 2326 787 2364 parte
823 2319 904 2365 regis
944 2327 974 2353 et

229 2369 383 2405 baronum
423 2368 583 2404 sufficiens
623 2368 728 2402 cautio
746 2394 756 2408 ‚
796 2367 972 2402 secundum

230 2418 414 2455 mandatum
434 2426 588 2457 nostrum,
615 2416 700 2464 quod
718 2415 820 2463 legato
841 2416 973 2452 fecimus

231 2468 421 2515 saepedicto,
443 2480 504 2515 qua
519 2467 676 2514 praestita,
687 2465 788 2500 dictae
802 2466 974 2502 sententiae

233 2517 419 2553 relaxentur.
434 2517 499 2552 Nos
521 2525 624 2552 autem
640 2515 791 2551 habentes
807 2523 870 2550 rata
890 2528 974 2563 prae-

232 2566 326 2608 dicta,
351 2579 391 2602 ne
412 2566 486 2614 quid
509 2567 556 2602 eis
585 2565 667 2601 desit
700 2564 738 2600 ad
772 2564 868 2600 robur
903 2565 973 2612 ple-

233 2615 338 2651 nariae
363 2615 527 2657 firmitatis,
556 2615 594 2650 de
622 2614 752 2650 consilio
780 2613 907 2650 fratrum
923 2627 973 2649 no-

1648 224 1716 259 379

1021 299 1156 325 strorum
1186 291 1398 326 auctoritatem
1421 300 1557 328 nostram
1584 289 1769 335 adiecimus,

1021 339 1234 378 decernentes
1256 352 1289 375 ea
1318 341 1346 374 in
1377 351 1564 388 perpetuum
1591 341 1731 376 valitura.

1070 388 1154 427 Nulli
1191 402 1265 437 ergo
1306 391 1434 425 omnino
1471 391 1635 426 hominum
1678 389 1769 425 liceat

1022 439 1102 474 hanc
1131 440 1274 489 paginam
1303 448 1426 475 nostrae
1452 440 1687 476 constitutionis
1719 441 1769 474 in-

1023 489 1169 536 fringere,
1198 489 1242 525 vel
1265 489 1292 524 ei
1315 501 1392 524 ausu
1416 491 1581 525 temerario
1603 497 1767 525 contraire.

1022 539 1136 586 Siquis
1147 549 1250 575 autem
1268 538 1328 574 hoc
1342 546 1494 575 attentare
1513 539 1769 587 praesumpserit,

1024 589 1269 636 indignationem
1293 588 1519 635 omnipotentis
1540 589 1610 630 Dei,
1635 601 1672 624 ac
1694 588 1769 624 bea-

1023 646 1124 674 torum
1154 639 1236 675 Petri
1268 647 1297 673 et
1331 637 1419 672 Pauli
1454 639 1666 686 apostolorum
1701 639 1769 674 eius

1022 701 1054 723 se
1084 697 1202 724 noverit
1231 700 1442 723 incursurum.

1071 739 1184 774 Datum
1214 738 1356 773 Laterani
1387 737 1474 772 tertio
1520 737 1592 772 idus
1626 737 1768 782 ianuarii,

1023 788 1223 835 pontificatus
1250 788 1346 822 nostri
1374 799 1456 822 anno
1479 786 1601 834 quinto.

1050 848 1110 880 Dat.
1129 850 1175 880 die
1200 851 1230 880 11
1250 850 1375 881 ianuarii
1393 850 1478 886 1221,
1497 849 1598 889 pontif.
1620 859 1697 880 anno
1714 859 1740 879 v.

1353 1009 1433 1045 Litt.

1024 1087 1114 1127 Quod
1132 1088 1269 1121 Ecclesia
1291 1088 1402 1121 Sancti
1423 1087 1549 1122 Ioannis
1570 1089 1605 1121 in
1617 1089 1769 1124 Laterano

1070 1137 1106 1169 de
1137 1136 1212 1169 Urbe
1252 1138 1425 1170 centenaria
1454 1139 1588 1181 qaudeac
1616 1140 1768 1182 praescri-

1068 1187 1181 1230 ptione,
1203 1187 1278 1220 sicut
1306 1186 1443 1220 Ecclesia
1468 1187 1619 1220 Romana.

1289 1260 1409 1290 SUMMA
1415 1259 1473 1290 mt'
1478 1260 1501 1290 M

1021 1326 1186 1358 Exordium.
1209 1344 1246 1350 —
1270 1327 1456 1366 Privilegium
1477 1328 1662 1359 centenariae
1683 1338 1769 1368 prae-

1059 1372 1238 1411 scriptionis.

1020 1446 1149 1475 Honorins
1161 1447 1301 1483 episcopus
1320 1453 1414 1476 servus
1433 1453 1572 1476 servorum
1586 1446 1643 1481 Dei.
1659 1447 1770 1478 dilectis

1063 1494 1127 1524 filiis
1145 1496 1231 1531 priori
1249 1497 1277 1525 et
1298 1496 1439 1525 conventui
1460 1496 1635 1530 Latet-aneu..
1651 1497 1769 1527 salutem

1064 1545 1093 1573 et
1111 1545 1289 1581 apostolicam
1307 1546 1528 1575 benedictionem.

1067 1611 1160 1647 Sedis
1181 1612 1383 1659 Apostolicae
1408 1612 1664 1661 circumspectio,
1686 1627 1766 1662 quae

1019 1661 1102 1697 circa
1129 1674 1240 1697 omnes
1267 1661 1427 1698 Ecclesias
1448 1676 1524 1698 suae
1552 1663 1766 1711 providentiae

1019 1711 1179 1746 consuevit
1206 1711 1355 1747 adhibere
1378 1713 1547 1752 cautelam,
1571 1714 1692 1748 illarum
1718 1715 1766 1748 in-

1018 1759 1244 1795 demnitatibus
1287 1763 1482 1810 propensiori
1523 1763 1617 1798 debet
1659 1764 1766 1799 studio

1019 1822 1214 1857 praecavere,
1241 1823 1322 1858 quae
1354 1812 1412 1859 ipsi
1435 1821 1594 1859 tamquam
1624 1813 1763 1848 membra

1017 1860 1109 1907 capiti
1137 1861 1353 1902 cohaerentes,
1387 1862 1532 1908 specialis
1567 1862 1626 1897 sibi
1654 1874 1764 1898 neces·

1017 1909 1164 1945 situdinis
1191 1911 1316 1946 vinculo
1338 1919 1412 1946 sunt
1436 1912 1591 1947 astrictae.

1066 1963 1142 1999 lnde
1163 1972 1221 2005 est,
1252 1964 1338 2012 quod
1357 1977 1428 2000 cum
1455 1965 1678 2002 Laterauensis
1699 1968 1764 2003 Ec-

1017 2017 1113 2052 clesia
1152 2018 1288 2065 speciale
1325 2019 1521 2061 membrum,
1559 2029 1589 2056 et
1627 2021 1771 2058 Romani*

1017 2071 1179 2108 pontificis
1212 2073 1336 2121 propria
1375 2075 1466 2109 sedes
1496 2076 1626 2115 existat3
1656 2078 1764 2110 statui-

1017 2139 1088 2162 mus
1103 2134 1135 2162 et
1155 2127 1328 2172 sancimus,
1350 2137 1383 2163 ut
1403 2129 1494 2164 sicuti
1510 2137 1617 2164 contra
1641 2128 1761 2165 Roma-

1017 2193 1087 2216 nam
1110 2180 1284 2217 Ecclesiam
1302 2195 1364 2217 non
1386 2182 1446 2217 nisi
1461 2184 1639 2218 centenaria
1664 2185 1760 2218 currit

1016 2236 1232 2283 praescriptio,
1252 2236 1427 2271 seeundum
1450 2236 1690 2272 constitutiones
1707 2249 1766 2273 ca·-

1016 2291 1146 2325 nonicas
1176 2298 1207 2324 et
1228 2290 1385 2336 legitimas
1407 2291 1597 2331 sanctiones,
1615 2291 1656 2325 ita
1682 2304 1759 2338 quo-

1015 2355 1076 2391 que
1098 2344 1153 2389 ipsi
1175 2343 1336 2378 Ecclesiae
1355 2344 1484 2379 minoris
1501 2344 1654 2391 temporis
1674 2357 1760 2392 prae-

1014 2397 1143 2444 scriptio
1170 2409 1232 2431 non
1259 2397 1397 2432 obsistat.
1426 2398 1510 2432 Nulli
1533 2410 1607 2445 ergo
1629 2400 1758 2435 omnino

1013 2460 1065 2485 etc.
1087 2450 1121 2485 Si
1148 2451 1218 2498 quis
1238 2458 1341 2486 autem
1362 2459 1415 2486 etc.

1063 2504 1175 2539 Datum
1206 2503 1349 2540 Laterani
1377 2517 1461 2541 nono
1489 2505 1638 2542 kalendas
1670 2508 1758 2550 maii,

1015 2558 1214 2607 pontificatus
1235 2558 1332 2594 nostri
1353 2571 1436 2595 anno
1461 2560 1584 2608 quinto.

1053 2620 1112 2651 Dat.
1136 2621 1181 2651 die
1200 2620 1238 2651 23
1256 2621 1357 2660 aprilis
1378 2621 1463 2659 1221,
1480 2621 1581 2662 pontif.
1600 2632 1676 2655 anno
1691 2632 1716 2653 v,

1782 235 1830 261 Αο.
1850 234 1876 260 C.
1899 235 1960 261 ¹221

1814 397 1931 418 clausulae,

1809 1628 1929 1651 Exordium.

1802 1981 1936 2008 privilegium

1798 2014 1934 2034 centenariae

1777 2045 1950 2070 praescriptionis
