2129 3223
68 239 119 267 An.
136 239 164 266 C.
183 240 252 267 1267

71 1040 93 1062 ln
106 1040 241 1067 dignitatibus

57 1073 167 1094 constituti
192 1073 240 1099 quid

58 1103 142 1124 solvere
150 1102 242 1123 debeant

55 1138 94 1160 pro
103 1133 242 1153 dictisdistri-

55 1163 176 1185 hutionibun
207 1163 241 1184 ta-

55 1193 144 1215 ciendis.

892 240 1039 264 CLEMENS
1062 241 1094 263 tv
1115 240 1165 264 PF.

263 292 424 329 Ecclesiae
449 294 688 341 qualiacumque
721 294 880 329 annuatim
916 294 1012 341 perci-

263 343 354 390 piunt
375 344 501 378 servitio
522 343 609 378 cbori
633 355 689 390 pro
721 344 865 378 emendis
904 343 1011 378 reddi-

263 392 345 427 tibus
375 391 412 427 ad
451 392 549 427 dictas
587 392 826 428 distributiones
855 392 1011 428 iaciendas

261 441 422 476 canonicis
443 441 621 489 deputetur:
657 441 770 476 absens
808 454 879 478 vero
913 454 1011 489 quan-

261 496 328 525 tum
357 489 395 525 ad
436 490 495 525 boc
538 490 743 537 intelligatur,
773 491 825 537 qui
867 503 922 538 per
955 503 1009 526 sex

260 550 387 574 menses
413 539 582 575 continuos
609 540 638 574 in
661 539 742 575 dicta
771 540 910 575 Ecclesia
946 541 1009 574 mi-

261 588 346 624 nime
369 588 530 629 residebit,
553 589 612 623 nisi
650 589 758 629 studii,
775 589 1009 636 peregrinatio—

259 637 321 678 nis,
343 637 543 677 infirmitatis,
572 637 618 672 vel
640 638 697 672 alia
726 638 804 672 insta
827 650 918 672 causa
945 638 1010 673 sne-

260 686 298 721 rit
322 686 507 734 impeditus:
530 694 560 722 et
583 686 658 722 baec
692 688 785 721 etiam
821 688 926 721 omnia
960 688 1009 722 in-

259 735 438 782 telligantur
472 744 534 771 tam
566 736 604 770 de
636 736 806 779 canonicis,
841 749 933 783 quam
969 736 1007 771 de

258 785 326 819 aliis
360 785 539 831 dignitates,
566 793 764 832 personatus,
787 786 900 840 cilicia,
930 798 1007 832 pen-

257 834 373 874 siones,
396 842 493 869 terras
515 834 561 869 vel
584 834 735 869 ecclesias
769 835 798 869 in
834 835 898 880 ipsa
945 834 1006 869 Ec-

257 883 350 918 clesia
374 883 421 918 vel
452 883 522 919 eius
544 884 662 918 ratione
703 883 893 919 habentibus
935 883 1007 918 ubi-

256 944 403 980 cumque,
430 940 544 968 ettam
572 933 611 967 de
654 933 872 979 praesentibus
910 945 1004 980 quam

255 981 296 1017 de
322 981 445 1016 futuris.

304 1032 362 1065 at.
385 1030 476 1075 Item,
503 1030 586 1078 quod
609 1031 777 1078 dignitates
799 1043 854 1066 seu
893 1043 1005 1078 perso-

256 1086 358 1121 natus,
381 1079 496 1135 officia,
524 1087 620 1114 terras
658 1092 714 1114 seu
756 1081 925 1127 pensiones
949 1080 1005 1115 ba-

255 1128 365 1163 bentes
393 1130 423 1163 in
448 1128 514 1176 ipsa
538 1128 691 1173 Ecclesia,
715 1129 761 1164 iel
775 1138 895 1164 ratione
918 1129 1004 1164 eius-

254 1177 338 1218 dem,
360 1178 414 1225 qui
456 1189 541 1212 nunc
575 1185 659 1222 sunt,
694 1178 740 1212 vel
774 1190 830 1225 pro
865 1185 1004 1225 tempore

253 1226 382 1271 suerint,
406 1239 436 1261 in
464 1227 512 1261 sui
540 1227 658 1261 ratione
687 1226 763 1262 ultra
786 1239 834 1267 ea,
857 1239 937 1275 quae
971 1235 1004 1262 ut

254 1276 396 1311 canonici
419 1284 450 1310 et
471 1275 576 1311 clerici
603 1283 750 1310 tenentur
777 1276 889 1320 facere,
913 1284 1004 1323 prout

253 1324 399 1372 superius
412 1325 600 1366 continetur,
614 1325 754 1359 decanus
767 1325 898 1368 scilicet,
921 1337 1003 1372 prae·

255 1374 375 1420 positus
396 1382 427 1409 et
459 1374 567 1414 abbas,
601 1386 656 1409 seu
688 1374 827 1421 ipsorum
856 1374 999 1421 quilibet,

253 1423 290 1457 ad
313 1422 472 1458 faciendas
494 1422 735 1458 distributiones
760 1423 899 1466 easdem,
938 1423 1003 1457 sol-

255 1479 326 1506 vant
349 1472 455 1518 viginti
480 1472 575 1507 libras
597 1472 806 1511 Viennenses,
829 1480 858 1506 et
880 1472 910 1506 in
952 1484 1004 1519 po-

251 1528 371 1556 sterum
409 1521 530 1556 solvere
569 1528 745 1556 teneantur.
788 1521 896 1556 Abbas
931 1533 1002 1555 vero

251 1569 360 1605 Sancti
382 1569 466 1605 Petri
485 1570 525 1605 de
549 1570 647 1605 Turre
670 1570 863 1618 quindecim.
897 1570 1002 1605 Abbas

251 1619 360 1654 Sancti
382 1619 492 1654 Evodii
515 1619 637 1659 decem,
661 1628 844 1664 praecentor
879 1619 1002 1658 decem,

251 1669 464 1703 thesaurarius
503 1668 611 1703 decem
635 1668 742 1712 libras,
762 1668 837 1703 foris
864 1667 1003 1703 decanus

252 1718 352 1752 maior
372 1726 499 1752 centum
523 1717 653 1760 solidos,
676 1718 779 1752 minor
819 1729 891 1752 vero
930 1717 1003 1751 l'oris

252 1766 392 1801 decanus
412 1767 638 1813 quinquaginta
661 1767 790 1806 solidos,
823 1766 1004 1801 cellerarius

251 1816 493 1862 quinquaginta,
526 1816 686 1850 sescalcus
711 1816 937 1862 quinquaginta
956 1827 1001 1849 so·

252 1863 345 1904 lidos,
396 1866 603 1911 punctuarius
640 1865 822 1912 quindecim
865 1864 1004 1908 solidos,

252 1914 402 1959 magister
422 1914 602 1948 scholarum
621 1914 846 1961 quinquaginta
875 1914 1003 1953 solidos,

253 1962 440 2008 marglarius
467 1964 576 1998 decem
610 1963 737 2003 solidos,
778 1962 1004 1997 thuribularios

253 2011 363 2046 decem
390 2012 520 2056 solidos,
534 2013 659 2046 sacrista
675 2012 791 2046 Altaris
817 2010 931 2046 Crucis
947 2011 1004 2045 de-

253 2071 321 2095 cem
349 2060 480 2101 solidos,
502 2061 628 2096 sacrista
651 2061 766 2095 Altaris
794 2060 848 2095 Dei
871 2069 899 2095 et
929 2060 1004 2094 San-

254 2110 296 2143 cti
322 2108 427 2144 Iacobi
455 2110 559 2156 viginti
579 2109 707 2144 solidos.
730 2110 866 2144 'leirarii
900 2117 1003 2143 autem

253 2157 356 2212 ips-ius
382 2158 541 2193 Ecclesiae
564 2170 620 2193 seu
644 2159 815 2205 pensiones
841 2158 1004 2198 habentes,

254 2206 454 2262 quicumque
471 2209 536 2242 sint
562 2208 608 2242 vel
647 2207 762 2243 fuerint
795 2208 824 2242 in
853 2207 1005 2249 futurum,

255 2267 321 2291 sive
343 2257 487 2291 canonici
527 2255 689 2303 simplices
722 2258 786 2291 sive
820 2264 1006 2303 personatus

256 2312 288 2339 et
308 2304 408 2340 officia
436 2305 626 2348 obtinentes,
653 2305 728 2340 (lent
749 2306 910 2339 annuatim
934 2317 1003 2340 cen-

257 2353 398 2388 tesimam
427 2362 546 2401 partem
564 2354 704 2389 omnium
720 2354 912 2398 reddituum,
925 2366 1006 2401 quos

257 2403 378 2437 ratione
405 2403 504 2450 ipsius
527 2403 685 2437 Ecclesiae
723 2403 911 2450 percipiunt,
948 2403 1006 2437 hoc

257 2450 345 2486 salvo
382 2452 587 2486 nibilominus
618 2451 705 2498 qnod
748 2451 788 2486 de
821 2451 1007 2486 absentibus

259 2500 403 2546 superius
425 2509 471 2535 est
498 2508 660 2536 statutum.

310 2553 367 2583 22.
390 2549 577 2596 ltem‚qu0d
601 2549 720 2583 fructus
747 2548 1007 2595 praebendarum,

259 2597 449 2645 dignitatum
465 2606 495 2633 et
509 2607 747 2646 personatuum,
765 2597 895 2633 abbatiis
919 2600 1008 2633 dum-

1682 233 1751 267 779
1818 245 1868 273 An.
1886 247 1999 275 c.12f›7

1053 302 1135 329 taxat
1155 295 1307 341 exceptis,
1330 295 1554 331 beneficiorum
1577 304 1607 331 et
1625 297 1799 333 officiorum
1829 310 1915 332 fructu.
1962 320 1999 334 u-

1051 344 1266 390 quorumlibet
1292 345 1433 379 eiusdem
1462 345 1636 386 Ecclesiae,
1675 359 1797 382 necnon
1814 344 2000 401 {gss‘fflnp‘g‘g‘

1051 392 1263 428 Ecclesiarum
1286 400 1316 427 et
1338 401 1501 434 terrarum,
1516 394 1554 430 ad
1570 397 1799 452 cuiuscumque
1814 410 1889 425 annum
1911 411 1932 425 ι
1937 407 1997 426 rw!

1050 442 1249 478 collationem
1274 443 1460 498 pertineant,
1476 456 1512 479 ex
1527 457 1589 492 quo
1614 446 1798 487 vacaverint,
1813 435 1872 487 dim*
1888 442 1920 455 ²⁵
1925 442 1969 459 '‘²'’
1961 442 1997 455 ”’“

1051 491 1169 526 scilicet
1191 492 1282 538 primi
1309 493 1383 526 anni
1410 505 1426 527 a
1456 494 1626 528 vacationis
1659 503 1799 550 tempore

1051 540 1264 588 computandi
1292 548 1323 574 et
1361 542 1512 597 quamdin
1548 544 1733 584 vacaverint
1772 544 1798 579 si

1052 589 1129 624 ultra
1152 601 1269 624 annum
1294 601 1400 625 vacare
1422 592 1599 637 contigerit
1617 591 1704 627 chori
1731 605 1799 628 ser-

1050 638 1123 672 vitio
1146 651 1201 685 pro
1222 639 1365 673 emendis
1393 639 1568 675 redditibus
1605 640 1644 674 de
1649 650 1798 686 putentur

1049 687 1086 722 ad
1110 687 1347 722 distributiones
1374 687 1532 723 faciendas
1569 688 1715 725 eisdem:
1758 691 1798 726 ita

1048 737 1132 783 quod
1160 737 1299 784 ipsorum
1322 737 1546 772 canonicorum
1574 737 1708 780 baiulus,
1750 740 1797 774 vel

1048 798 1140 833 quem
1164 787 1268 832 ipsum
1295 786 1468 833 capitulum
1498 786 1536 821 ad
1567 787 1625 822 hoc
1650 789 1795 843 elegerit,

1049 835 1218 883 recipiendi
1246 842 1277 870 et
1298 835 1508 870 distribuendi
1545 837 1705 872 canonicis
1741 838 1796 872 di·-

1047 892 1114 919 ctos
1131 884 1277 919 denarios
1304 896 1411 919 curam
1434 894 1547 931 geret,
1578 893 1610 920 et
1643 887 1795 922 rationem

1048 933 1212 978 reddendi,
1232 942 1263 968 ut
1284 934 1432 980 superius
1453 943 1500 969 est
1521 946 1717 989 expressum,
1738 935 1798 971 boc

1047 982 1131 1017 salvo
1157 983 1239 1030 quod
1246 1009 1304 1018 .....
1334 996 1363 1018 ιι]
1392 995 1429 1018 eo
1456 983 1495 1018 de
1527 983 1664 1029 ipsarum
1699 997 1797 1032 prae-

1047 1031 1219 1067 bendarum
1243 1032 1419 1067 vacantium
1446 1032 1600 1067 fructibus
1633 1034 1798 1069 consuevit

1045 1080 1084 1115 ab
1105 1082 1233 1128 antiqno
1249 1081 1400 1127 recipere,
1423 1093 1461 1116 ex
1485 1081 1544 1116 boc
1566 1081 1687 1117 nullum
1712 1094 1797 1130 prae-

1046 1129 1199 1165 iudicium
1222 1138 1400 1176 generetur.

1094 1181 1152 1214 23.
1168 1179 1243 1214 Item
1263 1178 1346 1226 quod
1369 1179 1409 1213 de
1431 1178 1513 1214 dicta
1541 1179 1674 1226 pecunia
1695 1179 1796 1215 distri—

1044 1227 1226 1262 butionibus
1252 1227 1404 1263 faciendis
1424 1228 1594 1269 canonicis,
1622 1236 1653 1263 et
1679 1229 1709 1264 in
1745 1229 1795 1264 di-

1044 1277 1215 1323 gnitatibus
1237 1277 1427 1317 constitutis,
1450 1285 1483 1311 ut
1504 1277 1622 1312 dictum
1654 1286 1713 1322 est,
1740 1291 1795 1313 su-

1047 1326 1151 1372 perins
1163 1327 1324 1372 deputata,
1340 1326 1474 1371 singulis
1488 1326 1649 1362 canonicis
1661 1335 1692 1361 et
1708 1327 1737 1361 in
1752 1327 1794 1362 di-

1044 1375 1215 1420 gnitatibus
1236 1383 1267 1408 et
1290 1374 1508 1421 personatibus
1525 1377 1720 1418 constitutis,
1740 1377 1793 1423 qui

1045 1424 1168 1458 interim
1193 1424 1354 1458 matutinis
1375 1423 1486 1458 officiis
1512 1424 1645 1470 singulis
1682 1425 1795 1460 diebus

1044 1472 1224 1512 dominicis,
1258 1472 1405 1507 Mercurii
1443 1480 1474 1506 et
1500 1472 1633 1508 Veneris
1665 1473 1793 1515 dentur,

1045 1522 1123 1555 ultra
1148 1520 1314 1568 praedicta.
1330 1532 1385 1556 sex
1401 1521 1519 1556 denarii
1543 1523 1721 1568 podienses;
1746 1523 1795 1558 his

1045 1583 1116 1605 vero
1138 1571 1191 1617 qui
1208 1570 1315 1605 maiori
1337 1571 1448 1605 missae
1463 1571 1636 1612 intererint,
1651 1580 1795 1619 quatuor;

1045 1619 1105 1654 illis
1131 1620 1237 1662 etiam,
1259 1620 1311 1666 qui
1339 1620 1479 1665 vesperis
1514 1620 1677 1656 intererint
1719 1629 1795 1655 tan-

1045 1669 1219 1708 tunimodo;
1243 1668 1306 1702 illi
1301 1680 1429 1714 insuper
1444 1669 1625 1704 tantundem
1649 1669 1794 1715 babeant,

1044 1718 1096 1772 qui
1124 1716 1392 1771 quandocumque
1422 1718 1476 1752 toti
1504 1718 1617 1752 missae
1651 1718 1686 1752 B.
1727 1718 1795 1753 Ma-

1046 1768 1108 1801 riae
1130 1765 1270 1812 Virginis
1296 1766 1458 1800 intererint
1482 1766 1575 1801 horae
1598 1767 1728 1814 primae.

1094 1819 1151 1849 24.
1175 1815 1265 1858 ltem,
1287 1814 1371 1861 quod
1403 1815 1520 1850 eaetlem
1556 1815 1793 1851 distributiones
1828 1835 1950 1858 mmmm

1045 1864 1195 1898 dandae
1190 1876 1220 1898 in
1244 1865 1350 1907 missa,
1374 1874 1466 1911 prout
1487 1865 1633 1910 superius
1654 1866 1991 1920 contine-qufflffiffijen·

1045 1921 1107 1953 tur,
1129 1925 1186 1947 nec
1209 1914 1380 1952 canonicis,
1414 1925 1472 1948 nec
1505 1914 1628 1948 clericis
1664 1914 1790 1955 dentur,
1896 1912 1915 1922 ”

1046 1974 1103 1996 nec
1125 1963 1195 1996 aliis
1216 1961 1422 2009 quibuslibet,
1443 1963 1544 1997 donec
1566 1963 1667 2010 ipsius
1682 1965 1793 1998 missae

1045 2010 1158 2057 Agnus
1184 2011 1241 2045 Dei
1272 2011 1364 2046 fuerit
1385 2011 1594 2046 decantatum.
1629 2012 1670 2047 Et
1695 2013 1720 2046 si
1743 2025 1795 2047 an-

1046 2068 1093 2094 tea
1120 2059 1193 2094 inde
1219 2060 1326 2094 exierit
1347 2061 1460 2107 aliquis
1478 2073 1517 2096 ex
1543 2061 1660 2095 eisdem
1676 2061 1795 2108 absquo

1046 2120 1137 2143 causa
1165 2109 1353 2150 rationabili,
1375 2121 1434 2144 nec
1462 2119 1567 2156 postea
1589 2109 1627 2144 ad
1651 2111 1794 2145 eamdem

1047 2159 1173 2193 missam
1198 2158 1339 2199 redierit,
1355 2158 1394 2193 de
1421 2159 1695 2193 distributionibus
1717 2160 1795 2193 eius·

1047 2207 1119 2241 dem
1143 2207 1257 2242 missae
1282 2208 1417 2253 aliquam
1454 2219 1515 2242 non
1556 2209 1687 2255 recipiat
1722 2220 1796 2255 por-

1047 2264 1175 2290 tionem.

1096 2306 1153 2338 25.
1182 2303 1273 2345 Item,
1295 2304 1379 2351 quod
1403 2304 1428 2338 si
1462 2304 1614 2351 pecunias
1638 2304 1793 2340 dictarum

1047 2352 1305 2387 distributionum
1329 2352 1556 2393 faciendarum,
1570 2353 1617 2388 vel
1644 2354 1719 2388 solis
1741 2366 1794 2388 ca-

1048 2402 1182 2441 nonicis,
1217 2410 1247 2436 et
1282 2402 1313 2436 in
1348 2401 1500 2455 dignitate
1537 2414 1592 2436 seu
1625 2411 1793 2449 personatu

1048 2450 1238 2490 constitutis,
1266 2450 1311 2484 vel
1339 2452 1431 2485 etiam
1455 2451 1605 2485 clericis
1600 2463 1628 2485 tn
1644 2452 1710 2498 ipsa
1734 2451 1794 2486 Ec-

1048 2500 1141 2534 clesia
1187 2499 1444 2546 superpellicium
1484 2499 1680 2546 portantibus
1722 2501 1794 2535 uni-

1049 2548 1168 2588 versis,
1197 2556 1231 2582 ut
1267 2549 1484 2594 supradictum
1515 2556 1574 2588 est,
1614 2557 1669 2584 aut
1700 2549 1792 2584 etiarn

1049 2597 1190 2632 redditus
1206 2598 1400 2643 contingeret
1422 2598 1451 2631 in
1466 2607 1626 2645 posterum
1641 2610 1794 2645 augmen-

1822 1194 1958 1217 Dietrrbutxun
1965 1202 1985 1216 ἰς

1871 1228 1923 1247 attae

1820 2319 1845 2342 Et
1876 2327 1978 2347 augi-non-

1867 2353 1936 2373 tanda.
