2129 3223
36 232 88 262 Au.
106 231 135 260 C.
150 233 218 261 ¹233

42 1946 150 1970 Ecclesiae
157 1947 220 1970 chri-

37 1978 120 2000 sti-unc
142 1980 163 2000 in
186 1981 220 2000 tu-

37 2007 102 2060 ato-
120 2008 220 2036 buuissui-

58 2188 155 2216 tanaro·
169 2195 193 2212 ne

70 2224 186 2248 puniunt.

836 239 1021 263 Gnmontrs
1042 240 1075 262 ΙΧ
1100 240 1150 261 ΡΙ).

232 293 422 340 praescripta
447 301 558 328 statuta
582 294 733 329 studeatis
760 295 976 329 inviolabiliter

231 340 408 385 observare,
431 349 464 376 ut
489 343 527 377 ad
556 343 678 398 frugem
721 344 859 378 melioris
899 344 977 378 vitae

230 391 384 432 conversi
410 392 678 427 ascensionibus
673 405 701 426 in
735 393 828 427 corato
867 392 979 440 dispo-

230 439 308 478 sitis,
330 439 370 474 de
395 441 492 487 gratia
516 441 545 475 in
569 443 713 497 gratiam
741 451 768 475 et
792 442 830 476 (le
866 442 978 477 virtute

231 488 468 544 proficiscentes
479 490 666 526 salubriter
662 503 692 525 in
706 492 864 529 virtutem
876 491 979 525 bonus

232 537 262 571 in
289 538 374 572 omni
409 538 478 573 loco
516 539 691 574 efficiamini
728 539 805 574 odor
839 539 977 578 Christi,

232 597 352 633 nosque
373 587 404 622 in
443 589 553 623 vestris
585 590 705 624 meritis
739 589 904 626 delectati,
940 589 977 624 ad

232 635 389 681 profectus
412 644 530 673 vestros
545 638 657 673 merito
679 638 842 674 intendere
864 638 979 672 debea-

231 697 314 720 mus.

279 733 394 769 Datum
418 734 585 775 Avinione,
609 735 737 771 idibus
732 737 875 773 ianuarii
901 749 979 784 pon-

231 782 366 818 tificatus
388 784 487 819 nostri
508 796 591 820 anno
613 794 712 820 sesto.

250 842 311 874 Dat.
341 845 388 875 die
419 845 479 875 13·
473 848 599 877 ianuarii
624 847 709 883 1233,
729 848 830 887 pontis.
855 858 900 877 an.
924 858 958 879 vr

531 969 681 1004 xxxvl.

231 1048 417 1092 Prohi‘bitt'o,
440 1061 476 1083 ne
504 1050 621 1087 ludaei,
656 1051 824 1095 mancipia,
854 1053 980 1084 nutrices

278 1105 304 1131 et
323 1098 460 1142 fumidus
486 1099 669 1133 christianas
696 1101 728 1132 in
757 1101 892 1144 propriis
924 1102 982 1133 do-

279 1147 378 1180 mibus
396 1148 540 1186 habeant,
574 1149 697 1193 aliaque
731 1156 837 1182 contra
863 1151 979 1183 eosdem

279 1197 482 1230 decernuntur
494 1199 597 1242 quoad
615 1199 799 1231 consortium
817 1211 881 1231 cum
900 1200 981 1232 chri-

279 1245 457 1290 stifidelibus
483 1248 537 1289 (1).

500 1324 713 1355 SUMMARtUM

231 1386 382 1418 Ecclesiae
399 1388 582 1420 Christianae
601 1391 629 1419 in
649 1391 772 1420 ludaeos
804 1391 979 1429 benignitas.

271 1432 402 1472 ingratos
421 1443 451 1463 se
475 1440 630 1473 praestant.
647 1451 684 1457 —-—
700 1434 806 1465 Eorum
831 1445 979 1467 excessus.

270 1477 463 1518 —Mancipia
479 1483 507 1508 et
521 1479 652 1508 nutrices
669 1479 847 1509 christianas
865 1480 892 1509 in
919 1481 981 1509 suis

272 1522 410 1553 domibus
426 1522 534 1552 habere
550 1532 607 1552 non
637 1528 769 1562 possunt:
786 1539 825 1545 —
839 1521 895 1552 Nec
915 1533 980 1553 cum

271 1566 444 1598 christianis
461 1567 497 1597 de
516 1567 572 1597 fide
591 1567 751 1606 disputare.

231 1631 378 1669 aregarius
395 1634 537 1670 episcopus
555 1640 650 1663 servus
665 1641 805 1663 servorum
820 1634 876 1667 Dei.
904 1641 981 1663 vene·

276 1682 408 1711 rabilibus
426 1682 565 1712 fratribus
585 1683 802 1719 archiepiscopis.
823 1685 853 1712 et
880 1684 981 1718 episco-

275 1730 329 1766 pis,
349 1737 380 1760 ac
403 1731 512 1761 dilectis
524 1732 590 1760 filiis
608 1732 671 1760 aliis
697 1732 875 1760 Ecclesiarum
902 1739 980 1768 prae·

274 1779 343 1809 tatis
359 1787 409 1816 per
426 1780 604 1809 Theutoniam
622 1781 791 1813 constitutis,
816 1781 934 1809 satutem
953 1783 982 1810 et

275 1829 455 1866 apostolicam
471 1830 693 1859 benedictionem.

280 1899 432 1936 sufficere
453 1900 603 1936 debuerat
625 1900 775 1947 perfidiae
791 1901 980 1943 ludaeorum,

233 1949 317 1998 quod
340 1961 394 1984 eos
415 1950 515 1997 pietas
535 1950 702 1985 christiana
732 1950 829 1985 solius
869 1951 980 1986 liuma-

234 1999 341 2034 nitatis
366 1999 479 2034 intuitu
501 2006 640 2045 receptat
678 2007 709 2033 et
735 2000 878 2043 sustinet,
900 2012 979 2046 qnos

234 2047 278 2089 hi,
300 2047 352 2095 qui
376 2048 469 2083 fidem
497 2047 680 2083 catholicam
721 2028 979 2095 persequtintur‚

233 2105 265 2132 et
291 2109 405 2132 nomen
427 2096 556 2132 Domini
579 2108 639 2131 non
663 2106 827 2141 noxerunt,
842 2098 871 2131 in
891 2110 978 2132 suam

232 2145 494 2182 cohabitationem
520 2153 550 2180 et
572 2146 763 2180 consortium
784 2159 845 2181 non
873 2147 980 2181 admit

233 2202 314 2230 tunt.
336 2195 400 2242 lpsi
426 2196 511 2230 enim
539 2195 650 2240 ingrati
677 2195 792 2239 gratiae
817 2207 852 2230 ac
883 2195 980 2230 bene-

235 2243 376 2280 ficiorum
404 2244 505 2287 obliti,
531 2243 623 2278 nobis
651 2255 705 2289 pro
732 2244 826 2290 gratia
866 2253 979 2279 contn-

235 2293 543 2336 meliarnexhibent,
565 2300 593 2327 et
616 2292 654 2327 de
679 2292 868 2338 benignitate
885 2293 979 2341 impia

234 2341 440 2378 retributione
477 2349 704 2388 contemptum,
743 2342 796 2388 qui
835 2354 872 2377 ex
916 2343 978 2377 sola

234 2391 451 2427 misericordia
486 2392 516 2425 in
554 2399 689 2425 nostram
739 2390 978 2426 familiaritatem

234 2439 376 2481 admissi,
403 2452 478 2476 suae
499 2440 649 2475 deberent
676 2451 845 2485 agnoscere
869 2441 978 2486 iugum

236 2501 274 2523 ex
311 2489 403 2537 culpa
440 2490 566 2537 propria
607 2497 775 2535 perpetuae
809 2489 978 2525 servitutis.

236 2538 428 2586 Accepimus
448 2539 615 2586 siquidem,
637 2537 720 2584 quod
744 2549 806 2572 non
832 2538 899 2573 sine
923 2538 980 2574 do-

271 2609 312 2644 (l)
326 2608 366 2635 Ex
381 2609 486 2644 Regest.
505 2609 588 2635 Vatic-

1648 229 1718 262 479

1022 294 1085 328 lore
1115 305 1278 328 narramus
1306 302 1335 328 ot
1354 294 1469 328 scribin
1485 307 1521 329 us
1542 306 1614 329 cum
1635 294 1767 341 pudore,

1020 343 1103 388 quod
1132 342 1237 377 Iudaei
1267 355 1321 389 pei
1356 343 1565 378 Tbeutoniam
1605 336 1791 379 constituti⁵

1021 392 1091 426 l'acti
1115 400 1189 426 sunt
1211 391 1289 426 adeo
1318 392 1500 435 insolentes,
1541 400 1575 427 ut
1609 392 1678 427 illos
1711 404 1768 426 ex-

1021 453 1129 476 cessus
1151 442 1348 475 committere
1372 441 1400 475 in
1429 442 1650 476 contumeliam
1680 441 1768 476 cbri-

1020 491 1140 525 stianae
1168 490 1236 524 fidei
1267 502 1326 524 non
1373 500 1550 536 pavescant,
1585 490 1670 537 quod
1705 503 1766 525 non

1020 538 1122 574 solum
1154 538 1269 578 dicere,
1305 539 1358 574 sed
1398 539 1490 573 etiam
1530 548 1577 574 est
1615 539 1767 574 nefarium

1021 588 1166 635 cogitare.
1180 587 1305 623 Habent
1318 588 1411 622 etiam
1422 589 1575 635 mancipia
1588 588 1768 628 christiana,

1021 650 1099 684 quiae
1114 637 1291 672 circumcidi
1310 637 1436 676 faciunt,
1452 646 1481 671 et
1504 638 1658 672 iudaizare
1680 650 1768 673 com-

1023 686 1153 733 pellunt:
1177 686 1319 721 nonnulli
1348 686 1441 720 etiam
1465 698 1527 720 uon
1556 699 1598 726 re,
1621 686 1676 722 sed
1699 688 1766 722 solo

1021 736 1148 770 nomine
1168 735 1329 770 christiani
1353 743 1464 782 sponte
1486 747 1520 770 se
1547 736 1768 771 transferentes

1021 785 1057 819 ad
1082 785 1178 831 ipsos,
1206 792 1235 819 et
1262 796 1369 819 eorum
1399 784 1493 818 ritum
1519 793 1674 820 sectantes
1707 785 1768 820 cir-

1022 833 1158 869 cumcidi
1187 834 1429 880 permittunt.et
1452 832 1582 868 iudaeos
1593 846 1626 868 se
1646 833 1769 880 publice

1023 884 1218 929 profitentur.
1243 882 1283 917 Et
1304 896 1376 918 cum
1405 883 1434 916 in
1456 881 1607 918 Toletano
1634 883 1769 918 concilio

1022 933 1062 966 sit
1088 940 1251 975 statutum,
1278 942 1307 967 et
1331 934 1360 967 in
1388 932 1526 978 generali
1565 932 1769 966 nibilominus

1023 981 1203 1016 innovatum
1234 994 1271 1015 ne
1297 981 1415 1019 Christi
1436 980 1641 1027 blasphemus
1669 980 1770 1027 publi-

1022 1031 1068 1065 cis
1091 1030 1282 1077 praeferatur
1299 1033 1322 1073 (l
1334 1034 1354 1070 l,
1368 1043 1439 1065 cum
1457 1030 1588 1064 nimium
1604 1030 1643 1064 sit
1656 1030 1770 1064 absur-

1023 1080 1098 1114 dum
1136 1088 1167 1114 ut
1191 1080 1260 1113 talis
1283 1080 1311 1113 in
1335 1080 1522 1114 christianos
1545 1080 1604 1113 vim
1627 1087 1769 1114 exerceat

1023 1129 1195 1175 potestatis,
1218 1128 1426 1163 nibilominus
1452 1128 1496 1162 eis
1518 1128 1685 1174 dignitates
1707 1140 1768 1162 sae-

1023 1178 1144 1213 culares
1178 1185 1207 1212 et
1234 1177 1356 1224 publica
1383 1177 1484 1212 officia
1518 1177 1769 1218 committuntur,

1023 1239 1158 1273 quorum
1181 1226 1387 1261 occasionein
1410 1226 1597 1261 christianos
1613 1226 1769 1266 saeviunt,

1023 1284 1053 1310 et
1075 1275 1245 1311 nonnullos
1266 1287 1390 1310 servare
1412 1275 1529 1309 faciunt
1555 1276 1648 1310 ritum
1665 1287 1767 1310 suum.

1024 1325 1149 1359 Habent
1175 1333 1334 1371 praeterea
1363 1324 1499 1358 nutrices
1525 1332 1555 1359 et
1582 1323 1713 1359 famulas
1738 1325 1767 1358 in

1024 1374 1169 1409 domibus
1193 1374 1328 1420 propriis
1349 1373 1545 1412 christianas,
1572 1385 1652 1420 quae
1685 1373 1768 1420 apud

1023 1435 1078 1457 eos
1104 1423 1154 1457 illa
1176 1422 1376 1457 committunt
1397 1422 1550 1461 enormia,
1572 1421 1656 1469 quod
1676 1422 1771 1456 abbo-

1023 1472 1185 1507 minationi
1212 1480 1284 1506 sunt
1311 1471 1537 1515 audientibus,
1569 1480 1599 1506 et
1637 1470 1768 1506 horrori.

1024 1521 1063 1555 Et
1084 1520 1156 1556 licet
1179 1521 1208 1554 in
1231 1520 1341 1556 eodem
1370 1520 1507 1567 generali
1541 1519 1676 1556 concilio
1711 1533 1770 1555 ca·-

1024 1579 1144 1614 veatur,
1184 1578 1216 1604 ut
1254 1569 1360 1604 Iudaei
1400 1570 1566 1617 utriusque
1606 1581 1701 1604 sexus
1739 1571 1768 1604 in

1023 1619 1109 1654 omni
1131 1619 1372 1654 christianorum
1417 1619 1587 1664 provincia,
1620 1626 1651 1653 et
1683 1621 1768 1653 omni

1024 1677 1164 1714 tempore
1185 1667 1332 1715 qualitate
1358 1667 1483 1702 babitus
1509 1667 1547 1702 ab
1573 1667 1642 1702 aliis
1663 1667 1771 1702 distin-

1022 1725 1169 1761 guantur,
1202 1717 1248 1751 sie
1282 1716 1310 1750 in
1344 1716 1533 1763 quibusdam
1575 1716 1769 1751 Theutoniae

1024 1765 1164 1812 partibus
1192 1764 1322 1800 inolevit
1359 1765 1525 1805 confusio,
1564 1765 1648 1811 quod
1686 1766 1769 1800 nulla

1022 1814 1197 1849 differentia
1212 1814 1443 1848 discernuntur.
1463 1813 1542 1848 Cum
1568 1814 1663 1860 igitur
1685 1814 1769 1850 nefas

1022 1864 1072 1900 sit.
1096 1871 1129 1898 ut
1151 1864 1230 1898 sacri
1264 1862 1467 1910 Baptismatis
1505 1863 1587 1898 unda
1621 1873 1768 1903 renatus,

1023 1912 1196 1947 infidelium
1220 1912 1279 1946 ritu
1296 1912 1342 1947 vel
1365 1912 1601 1947 conversatione
1616 1912 1768 1957 foedetur,

1021 1973 1057 1996 ac
1079 1961 1187 2008 religio
1205 1961 1372 1996 christiana
1400 1961 1592 2008 perfidorum
1612 1970 1770 2009 prematur

1021 2010 1173 2051 dominio,
1200 2010 1225 2045 si
1253 2009 1456 2057 blasphemus
1478 2010 1768 2057 sanguiueChristi

1022 2059 1221 2107 redemptum
1249 2058 1418 2094 obnoxium
1445 2059 1582 2094 detineat
1616 2060 1768 2101 servituti,

1021 2108 1213 2143 universitati
1237 2115 1356 2143 vestrae
1384 2108 1604 2155 praecipiendo
1638 2109 1769 2144 manda-

1022 2169 1104 2195 mus,
1132 2165 1288 2204 quatenus
1306 2157 1421 2203 singuli
1450 2165 1585 2192 vestrum
1614 2157 1642 2191 in
1679 2157 1768 2192 dioe-

1021 2206 1158 2246 cesibus,
1184 2205 1325 2240 ecclesiis
1347 2214 1377 2240 et
1405 2205 1577 2252 parrochiis
1598 2206 1664 2240 suis
1684 2219 1769 2253 prae-

1022 2256 1135 2289 missos
1161 2264 1189 2289 et
1212 2254 1391 2289 consimiles
1412 2254 1598 2289 ludaeorum
1617 2267 1768 2290 excessus

1021 2304 1150 2339 omnino
1183 2303 1308 2349 reprimi
1351 2303 1491 2346 faciatis,
1535 2315 1575 2337 ne
1615 2304 1768 2339 cervicem

1023 2361 1192 2399 perpetuae
1207 2352 1367 2387 servitutis
1385 2352 1458 2398 iugo
1474 2352 1662 2387 submissam
1677 2365 1768 2399 prae-

1021 2409 1147 2436 sumant
1173 2401 1294 2446 erigere
1316 2401 1347 2434 iu
1375 2401 1598 2435 contumeliam
1626 2401 1768 2437 Redem-

1022 2450 1131 2504 ptoris
1151 2449 1323 2484 districtius
1351 2448 1529 2484 inhibentes
1551 2461 1589 2484 ne
1622 2451 1661 2485 de
1695 2450 1802 2499 fide,s

1782 240 1832 266 An.
1854 239 1964 267 01235

1795 299 1869 320 Eorum
1888 304 1966 320 ucen-

1794 335 1825 350 us

1784 639 1886 666 ,lisneipia
1896 645 1916 660 et
1931 646 1967 659 wi-

1783 673 1847 691 trit-er

1783 707 1820 722 nis
1836 703 1855 721 in
1871 702 1913 721 ruis
1928 702 1967 721 do<

1782 731 1849 752 [nibus
1888 731 1965 750 haber-⁴

1783 767 1823 781 non
1840 766 1939 787 ponunt:

1867 671 1966 690 chrism-

1796 2448 1839 2470 Νη
1854 2455 1900 2470 eum
1911 2450 1966 2470 thri-

1795 2481 1858 2500 tinnis
1873 2480 1898 2500 de
1925 2481 1964 2500 fiae

1023 2499 1071 2533 vel
1094 2499 1152 2533 ritu
1175 2510 1231 2533 suo
1252 2510 1324 2533 cum
1346 2498 1524 2533 christianis
1568 2508 1768 2546 praesumant
1783 2510 1899 2538 ‘turm-re

1021 2548 1218 2594 aliquatenus
1243 2546 1416 2594 disputare,
1438 2559 1477 2582 ne
1511 2547 1571 2582 sub
1605 2555 1767 2596 praetextu

1056 2608 1095 2642 (t)
1112 2607 1270 2635 Addendum
1284 2607 1392 2635 forsitan
1408 2609 1500 2642 officiis
