2129 3223
383 229 455 262 804
924 239 1113 262 sumnum
1137 239 1299 262 Romanum

334 295 481 329 Alhertus
508 294 752 328 archidiaconus
777 294 949 333 Patarico,
974 296 1044 328 498
1066 307 1097 337 a,
1125 295 1196 329 499
1224 307 1254 328 α.

333 344 480 379 Albcrtus
502 356 609 378 comes
631 343 669 377 de
697 343 855 390 Mangono
883 343 1130 378 infeudationem
1159 343 1281 379 obtinet
1303 345 1514 392 quorumdam
1551 345 1694 379 locorum
1734 345 1773 380 (le
1807 353 1886 380 terra

432 392 611 428 comitissae
635 391 808 434 Maihitdis,
832 395 901 428 577
925 395 952 428 b.

332 443 483 478 Albertus
505 443 675 489 episcopus
698 442 895 489 Anagninus.
926 444 960 476 V.
989 442 1158 489 Anagnino
1179 443 1341 490 episcopo,
1366 446 1434 478 427
1458 457 1487 478 α.

332 492 552 539 Albigensiuni
581 492 711 536 scelera,
739 494 811 527 208
833 504 863 527 α.
891 492 1090 539 Indulgentia
1120 492 1280 540 proposita
1304 501 1411 528 contra
1435 506 1488 528 cos
1513 494 1710 540 pugnaturis,
1734 497 1798 528 441
1826 507 1855 527 α.

332 542 526 578 Aldefonsus
550 554 601 577 rex
623 541 835 588 Portugalliae
863 542 902 577 de
923 541 1018 577 Rom.
1042 541 1183 576 Ecclesia
1211 543 1330 589 optime
1366 543 1511 581 meritus,
1535 544 1617 577 536.
1645 556 1674 576 α.
1710 541 1779 577 Sub
1816 556 1889 591 pro-

431 592 567 626 tectione
595 591 705 638 Apost.
733 591 827 627 Sedis
848 592 1033 639 suscipitur,
1052 591 1144 638 eique
1168 603 1299 635 regnum
1328 592 1546 631 confirmatur,
1569 593 1642 625 ibid.
1671 605 1702 626 a.

332 640 510 677 Alderadus
532 640 775 676 archidiaconus
796 641 958 676 Ecclesiae
981 640 1171 687 Bergoinen.
1199 643 1235 676 V.
1260 641 1431 677 Alexandri
1461 641 1518 686 (S.)
1546 649 1576 676 et
1598 641 1631 676 S.
1655 641 1811 677 Vincentii
1835 650 1887 676 etc.

332 690 529 737 Alderspach
554 690 614 735 (de)
643 689 678 725 B.
706 690 822 726 Mariae
843 690 983 737 Virginis
1006 690 1230 725 monasterium
1260 691 1320 726 sub
1342 691 1438 726 tutela
1462 693 1572 738 Apost.
1595 689 1689 725 Sedis
1725 691 1887 739 recipitur,

431 741 525 786 eique
548 739 630 775 bona
654 741 804 775 nonnulla
828 740 1057 775 confirmantur
1079 748 1106 774 et
1139 740 1297 787 privilegia
1326 741 1536 788 elargiuntur,
1564 743 1635 775 292
1659 753 1689 775 α.

330 789 568 835 Agricultorum
593 790 758 829 securitas,
788 792 857 824 377
887 803 917 824 a.

330 837 511 874 Alexander
534 839 705 887 episcopus
732 839 905 879 Senensis,
929 841 976 874 83
999 840 1025 873 b.

330 887 508 924 Alexander
529 888 571 923 lv
597 888 683 935 Papa
717 899 852 927 ccxxxi,
876 892 946 923 595
976 901 1004 922 a.
1043 888 1211 923 praesules
1238 889 1399 924 christiani
1428 888 1516 925 orbis
1543 889 1581 923 tle
1617 889 1732 936 adepto
1761 889 1890 937 pontifi-

432 946 502 972 catu
527 938 681 973 certiores
709 938 793 978 tacit,
821 940 897 972 ibid.
926 946 956 973 et
979 950 1039 984 seq.

331 987 512 1022 Alexander
533 986 702 1022 Scotorum
727 999 794 1022 rex.
824 988 859 1022 V.
887 987 1055 1022 Scoticana
1083 986 1237 1022 Ecclesia.

332 1036 501 1071 Alexandri
524 1035 584 1080 (S.)
608 1044 637 1071 et
659 1036 692 1072 S.
722 1036 880 1071 Vincentii
906 1036 1096 1083 Bergomen.
1120 1036 1253 1072 civitatis
1275 1037 1409 1083 capitula
1438 1037 1710 1072 confirmationem
1746 1036 1891 1071 obtinent

433 1086 621 1121 concordiae
644 1086 725 1121 inter
740 1098 773 1120 se
788 1099 821 1120 sc
845 1087 952 1126 initae,
980 1097 1041 1133 qua
1069 1085 1239 1130 stabilitur,
1263 1094 1297 1121 ut
1321 1099 1419 1121 unuin
1447 1087 1634 1133 capitulum,
1664 1100 1762 1121 unum
1793 1086 1891 1121 colle-

431 1136 532 1182 gium,
555 1147 680 1183 unaque
709 1136 749 1169 sit
778 1135 1002 1182 Bergomensis
1029 1134 1170 1171 Ecclesia
1198 1135 1398 1180 cathedralis,
1425 1138 1462 1170 71
1492 1138 1509 1170 b
1537 1144 1567 1170 et
1593 1149 1652 1182 seq.

333 1184 465 1220 Alexius
492 1183 771 1233 Constantinopoli
794 1193 975 1226 coronatus,
1005 1187 1072 1219 194
1100 1187 1128 1219 b.

332 1233 513 1282 Algaburga
540 1234 706 1270 Sardiniae
735 1235 841 1281 regina
870 1234 1039 1269 ecclesiam
1062 1234 1096 1269 S.
1120 1234 1238 1269 Nicolai
1263 1234 1301 1269 de
1320 1235 1429 1281 Gurgo
1454 1235 1649 1270 monasterio
1678 1235 1795 1270 Montis
1829 1234 1891 1270 Ca-

434 1284 495 1318 sini
519 1283 627 1323 donat,
651 1286 672 1319 9
700 1297 731 1318 α.

333 1332 521 1380 Alphonsus
543 1332 698 1368 Castellae
721 1346 786 1376 rex,
814 1333 845 1367 in
869 1333 1090 1380 imperatorem
1119 1334 1252 1377 electus,
1276 1347 1328 1368 rex
1356 1333 1575 1369 Romanorum
1603 1333 1812 1381 appellandus
1833 1333 1892 1368 de-

435 1381 581 1425 claratur,
604 1384 675 1417 698
699 1384 727 1417 b.
755 1381 802 1416 De
831 1381 983 1428 religione
1011 1383 1130 1429 optime
1150 1384 1292 1427 meritus,
1318 1385 1387 1418 700
1421 1398 1450 1418 a.
1491 1383 1703 1430 Sepulchrum
1738 1383 1825 1429 eligit
1861 1384 1891 1417 in

437 1431 539 1466 insula
567 1431 751 1475 Gadicensi,
774 1432 849 1465 ibid.
873 1433 900 1466 b.

334 1479 520 1527 Alphonsus
542 1492 648 1515 comes
674 1479 887 1516 Bononiensis
910 1481 1092 1516 Lusitaniae
1116 1481 1202 1527 regni
1228 1482 1367 1527 regimen
1392 1482 1433 1517 ob
1456 1483 1560 1517 fratris
1583 1482 1814 1518 inhabilitatem
1834 1481 1895 1517 ob-

436 1530 527 1568 tinet,
547 1531 619 1564 516
646 1543 675 1564 α.

336 1577 523 1625 Alpbonsns
549 1578 761 1625 Portugalliae
785 1593 837 1614 rex
862 1579 900 1614 de
923 1579 1016 1614 Rom.
1041 1579 1127 1614 Eccl.
1144 1580 1264 1627 optime
1288 1579 1431 1619 meritus,
1451 1581 1521 1614 262
1544 1583 1573 1615 b.

335 1627 491 1662 Altarium
520 1629 716 1663 consecratio
740 1628 770 1663 in
795 1629 864 1675 lege
888 1629 996 1672 veteri,
1024 1631 1095 1663 216
1124 1642 1152 1663 α.

335 1676 591 1713 Amacbostanus
618 1678 788 1724 episcopus
816 1678 914 1725 Cypri
935 1678 1065 1724 reginae
1087 1678 1344 1719 commendatur,
1374 1681 1443 1713 582
1463 1692 1493 1713 α.

336 1725 523 1774 Anagninae
546 1726 707 1762 Ecclesiae
735 1727 773 1762 de
796 1727 977 1762 Alexandro
1014 1727 1053 1761 lV
1075 1727 1138 1762 PP.
1169 1728 1197 1762 in
1228 1727 1407 1762 minoribus
1433 1737 1547 1773 agente
1590 1729 1712 1768 merita,
1751 1730 1822 1763 662
1864 1741 1893 1762 α.

437 1775 585 1811 Castrum
613 1775 707 1811 Acuti
734 1776 897 1823 quomodo
919 1776 957 1811 ab
980 1776 1031 1811 itta
1052 1776 1236 1821 alienatum,
1260 1779 1334 1812 ibid.
1359 1779 1386 1812 b.
1417 1778 1463 1811 Ad
1500 1790 1568 1812 earn
1606 1786 1749 1824 spectare
1787 1777 1896 1812 decla-

438 1834 535 1870 ratur,
557 1827 632 1861 ibid.

339 1876 505 1922 Anagnino
527 1875 678 1923 episcopo
704 1875 848 1910 Ecclesia
876 1874 910 1911 S.
938 1875 1098 1911 Theodori
1122 1876 1160 1911 de
1186 1875 1299 1911 Trebis
1319 1876 1460 1911 subiecta
1483 1876 1671 1911 declaratur.
1715 1877 1750 1910 V.
1789 1875 1898 1911 Theo-

438 1925 505 1959 dori
534 1923 593 1968 (S.)
616 1925 654 1960 de
683 1924 807 1960 'l‘rebis

338 1975 523 2010 Anastasius
544 1975 839 2011 Thessalonicensis
864 1975 981 2022 primas
1003 1975 1196 2015 declaratur,
1224 1978 1295 2011 260
1322 1988 1351 2010 α.

339 2026 537 2061 Anconitaua
561 2025 701 2061 marchia
724 2026 753 2060 in
782 2025 913 2060 feudum
939 2026 1057 2060 Azzoni
1086 2025 1143 2060 Vll
1170 2025 1296 2060 Estensi
1322 2025 1523 2066 conceditur,
1544 2030 1614 2062 524
1637 2029 1665 2061 b.

337 2075 480 2111 Andreas
508 2087 560 2110 rex
582 2076 739 2121 Ungui-iae
761 2075 962 2110 donationem
992 2075 1162 2123 quamdam
1191 2075 1263 2110 facit
1289 2075 1428 2122 capitulo
1450 2076 1679 2122 strigoniensi,
1709 2078 1780 2111 252
1814 2089 1844 2110 a.

338 2126 472 2172 Angliae
494 2125 580 2171 regni
607 2125 777 2172 Episcopis
809 2125 1015 2160 monitorium
1050 2125 1142 2160 datur
1177 2133 1209 2160 ut
1246 2124 1454 2160 adhortentur
1489 2125 1642 2172 populum
1675 2126 1713 2160 ad
1737 2125 1895 2159 abstinen-

439 2175 515 2209 dum
539 2187 555 2209 a
580 2175 727 2222 peccatis,
744 2176 789 2209 87
817 2177 844 2209 b.
868 2174 994 2221 Regum
1021 2174 1220 2209 observantia
1253 2187 1325 2221 erga
1359 2174 1556 2215 Pontifices,
1586 2177 1657 2210 285
1692 2177 1719 2209 b.
1756 2174 1897 2209 Barones

440 2226 502 2271 regi
530 2236 590 2259 suo
618 2224 750 2259 rebelles
773 2225 1101 2264 excommunicantur,
1125 2226 1197 2259 294
1224 2226 1251 2258 b.
1282 2224 1379 2270 Regis
1400 2226 1626 2260 concessiones
1648 2237 1760 2259 omnes
1798 2223 1896 2257 factae

440 2273 641 2320 magnatibus
664 2274 692 2308 iu
719 2273 948 2321 praeiudicium
973 2275 1059 2321 regni
1085 2274 1256 2311 irritantur.
1280 2275 1352 2308 298
1392 2276 1420 2308 b.
1457 2273 1598 2310 Abbates
1639 2283 1670 2308 et
1706 2274 1825 2321 priores
1857 2272 1894 2307 ad

439 2324 584 2370 generale
606 2323 823 2370 Lugdunense
847 2323 858 2358 I
881 2323 981 2359 Conc.
1004 2331 1229 2361 convocantur,
1259 2325 1329 2357 510
1357 2336 1386 2358 a.
1411 2323 1533 2358 Statuta
1557 2337 1572 2359 a
1593 2322 1796 2369 magnatibus
1819 2334 1896 2355 con-

441 2382 484 2408 tra
507 2373 651 2408 eiusdem
675 2374 765 2420 regni
785 2373 1046 2421 tranquillitatem
1071 2373 1148 2408 facta
1173 2372 1346 2414 irritantur,
1371 2375 1441 2408 704
1468 2386 1498 2407 α.

341 2423 536 2470 Anglicanae
557 2422 720 2459 Ecclesiae
743 2431 772 2458 et
801 2424 884 2469 regis
910 2423 1038 2459 Ioannis
1062 2435 1119 2470 pax
1142 2422 1307 2466 validatur,
1330 2424 1402 2457 284
1427 2424 1453 2456 b.
1487 2422 1565 2457 Eius
1588 2422 1653 2456 iura
1676 2420 1897 2468 perturbantes

442 2473 774 2514 excommunicantur,
796 2475 867 2508 285
895 2486 925 2507 α.

341 2521 455 2556 Aniani
481 2522 538 2565 (S.)
566 2523 772 2558 Aurelianen.
797 2522 957 2558 Ecclesiae
981 2522 1062 2557 bona
1085 2521 1189 2558 omnia
1214 2521 1454 2562 confirmantur,
1481 2521 1616 2569 eiusque
1637 2519 1798 2554 canonicis
1827 2519 1898 2568 pri-

441 2572 554 2619 vilegia
576 2572 808 2614 conceduntur,
837 2574 908 2608 200
932 2573 958 2607 b.

341 2619 491 2655 Aniceusi
519 2621 603 2656 clero
626 2630 656 2657 et
678 2621 818 2670 capitulo
846 2621 973 2668 regulae
995 2633 1031 2656 ac
1057 2627 1171 2656 statuta
1194 2619 1319 2661 dantur,
1355 2622 1425 2655 775
1453 2622 1479 2655 b.
