2129 3223
138 286 189 313 An.
208 285 237 314 C.
252 287 320 315 ¹208

144 1932 243 1953 Comitem
255 1934 314 1953 eius-

132 1970 171 1990 que
185 1963 279 1984 fautores
292 1965 313 1984 in

132 1996 170 2015 hoc
186 1994 268 2016 scelere
279 2000 315 2016 ex-

148 2027 297 2046 communicari

175 2058 266 2077 mandat.

384 276 456 309 210

913 283 1102 306 BULLARIUM
1129 282 1289 305 ROMANUM

1891 280 1942 308 Αιι.
1962 279 2073 308 &1208

333 348 410 376 tuuc
432 341 535 375 vincat
557 338 669 374 fortius
696 339 726 373 in
749 338 880 378 eisdem,
902 346 933 373 et
955 350 989 373 ea
1016 337 1081 373 vir·
1125 337 1260 372 candum
1288 336 1474 384 sanguinem
1499 337 1629 378 iustum,
1658 337 1709 384 qui
1738 335 1776 371 de
1793 344 1872 371 terra
1901 339 1996 362 Pr⁸0m¹⁰
2020 346 2071 362 vm

333 398 398 425 tute
417 401 476 436 qua
497 389 566 436 ipse
583 397 714 424 mortem
734 387 899 423 moriendo
914 387 1080 428 destruxit,

333 452 349 474 a
368 439 522 485 superatis
546 439 702 474 interdum
729 437 855 473 famulis
882 438 948 473 suis
982 449 1079 485 supe-

333 497 451 524 ratores
472 500 580 523 eorum
609 488 699 523 faciat
721 488 873 535 superari.
895 487 962 521 Nisi
995 488 1078 521 enim

331 550 463 584 granum
488 537 636 572 frumenti
660 537 777 573 cadens
799 537 830 572 in
854 546 978 578 terram,
994 549 1081 572 rnor-

331 595 420 622 tuum
443 587 547 629 fuerit,
575 588 676 635 ipsum
712 587 815 622 solum
853 595 969 621 manet:
1006 598 1078 621 cum

331 645 434 672 autem
458 646 616 672 mortuum
637 637 741 676 fuerit,
756 637 926 684 plurimum
944 636 1078 671 fructum

331 688 429 722 affert.
457 686 628 734 Sperantes
658 687 751 733 igitur
789 686 871 733 quod
910 686 949 720 de
979 693 1080 720 morte

331 736 426 772 huius
460 736 697 771 foecundissimi
745 736 833 782 grani
876 735 994 770 multus
1041 736 1080 769 sit

330 786 479 822 fructus
473 799 503 820 in
532 785 649 821 Christi
683 786 824 821 Ecclesia
857 792 1078 832 proventurus,

330 848 401 871 curn
425 836 565 884 profecto
591 836 630 871 sit
657 836 733 870 dure
755 835 922 882 culpabilis
943 842 974 869 et
1007 835 1080 869 cul-

331 885 475 933 pabiliter
515 885 625 922 durus.
669 885 758 920 cuius
799 885 936 919 animam
978 884 1079 932 ipsius

329 935 454 982 gladius
485 948 548 970 non
585 935 764 982 pertransit
798 946 909 990 neque
939 947 1077 980 unquam

329 987 457 1032 penitus
489 985 691 1040 desperantes
726 984 804 1031 quin
844 984 960 1019 utilitas
995 992 1077 1018 tanta

329 1034 469 1070 debeat
463 1047 493 1069 1n
517 1034 672 1080 sanguine
693 1046 751 1068 suo
772 1045 853 1074 esse,
883 1033 966 1080 quod
1003 1045 1078 1068 suae

328 1092 453 1119 sanctae
481 1070 830 1131 praedicationisinitiis
856 1083 937 1117 circa
961 1095 1077 1117 memo-

329 1143 426 1169 ratam
450 1134 640 1181 provinciam
669 1145 725 1180 pro
751 1144 812 1179 qua
836 1132 902 1178 ipse
941 1132 972 1167 in
1005 1144 1078 1167 cor—

329 1184 506 1231 ruptionem
529 1182 702 1220 descendit.
724 1190 828 1229 optata
851 1181 936 1216 Deus
965 1182 1078 1217 tribuat

330 1233 537 1277 incrementa,
570 1232 795 1268 fraternitatem
836 1239 968 1266 vestram
1010 1244 1078 1266 mo-

328 1294 441 1318 nemus
455 1282 604 1318 attentius
622 1290 651 1317 et
666 1280 856 1338 propensius
875 1281 1078 1316 exhortamur

328 1344 385 1380 per
405 1332 561 1380 Spiritum
588 1331 740 1367 Sanctum
777 1331 808 1365 in
848 1331 962 1365 virtute
997 1330 1077 1365 obe-

327 1382 463 1417 dientiae
489 1381 631 1417 districte
644 1379 866 1436 praecipiendo
880 1380 1076 1418 mandantes,

327 1439 483 1478 quatenus
501 1431 629 1466 verbum
645 1431 731 1477 pacis
748 1438 778 1464 et
800 1429 871 1464 fidei
886 1430 1074 1464 seminatum

327 1480 366 1515 ab
392 1493 429 1516 eo
456 1489 575 1515 vestrae
597 1479 840 1528 praedicationis
869 1478 995 1525 irriguis
1009 1491 1074 1513 coa-

327 1530 446 1565 lescere
473 1530 633 1569 facientes,
676 1537 705 1563 et
752 1529 789 1563 ad
832 1528 1073 1575 expugnandam

328 1580 515 1615 haereticam
539 1579 720 1626 pravitatem
759 1590 794 1613 ac
829 1577 921 1612 tidem
966 1577 1075 1611 catho-

328 1630 418 1664 licam
446 1628 707 1667 confirmaudam,
729 1627 916 1675 extirpando
939 1627 1009 1661 vitia
1044 1635 1074 1661 et

327 1679 511 1714 seminando
557 1679 700 1721 virtutes,
748 1677 922 1712 indefessae
969 1677 1074 1711 studio

327 1728 503 1764 sedulitatis
525 1728 688 1767 instantes,
718 1727 899 1762 iamdictam
934 1726 992 1761 Dei
1027 1726 1074 1760 fa-

328 1779 404 1813 muli
437 1778 621 1822 occisorem,
656 1785 685 1812 et
733 1777 907 1818 universos
938 1788 1073 1822 quorum

327 1840 386 1874 ope
413 1828 459 1862 vel
481 1839 589 1874 opera,
611 1826 746 1861 consilio
769 1828 814 1860 vel
856 1825 972 1866 fav·oie‚
1006 1834 1075 1859 tan-

327 1886 394 1912 tum
441 1876 562 1911 facinus
609 1875 817 1923 perpetravit
865 1883 1075 1921 receptatores

327 1939 466 1974 quoque,
494 1929 540 1961 vel
567 1926 748 1961 defensores
787 1925 885 1972 ipsius
918 1937 955 1958 ex
990 1933 1075 1971 parte

327 1977 554 2024 omnipotentis
581 1975 637 2009 Dei
667 1975 769 2009 Patris
790 1983 819 2008 et
846 1974 916 2008 Filii
947 1982 977 2008 et
1002 1973 1076 2020 Spi-

329 2027 407 2061 ritus
427 2025 546 2066 Sancti,
568 2024 751 2060 auctoritate
767 2036 892 2070 quoque
912 2023 1074 2058 beatorum

327 2076 412 2111 Petri
430 2083 460 2111 et
483 2075 572 2109 Pauli
594 2074 807 2121 apostolorum
843 2073 910 2107 eius
938 2085 972 2107 ac
1013 2085 1074 2107 no-

327 2134 390 2160 stra
416 2125 706 2161 excommunicatos
736 2131 766 2158 et
798 2122 1076 2157 anathematizatos

328 2187 384 2222 per
410 2175 571 2210 universas
598 2181 715 2208 vestras
733 2172 894 2208 dioeceses
911 2172 1075 2213 nuntietis,

327 2233 358 2259 et
385 2224 489 2260 omnia
513 2223 581 2259 loca
608 2235 736 2270 prorsus
756 2222 794 2256 ad
817 2234 897 2269 quae
932 2222 992 2268 ipsi
1027 2221 1073 2255 vel

327 2274 441 2329 aliquis
478 2285 586 2308 eorum
628 2272 822 2310 devenerint
857 2270 1076 2318 praesentibus

327 2336 372 2358 eis
399 2323 566 2358 interdicto
597 2322 715 2357 faciatis
749 2321 960 2356 ecclesiastico
1000 2320 1077 2355 sub-

328 2374 428 2408 iacere
455 2373 586 2419 singulis
608 2372 719 2407 diebus
752 2371 921 2406 dominicis
960 2377 990 2404 et
1030 2370 1076 2404 fe-

328 2423 425 2461 stiris,
451 2422 579 2470 pulsatis
605 2421 777 2469 campanis,
805 2429 835 2455 et
860 2419 999 2455 candelis
1025 2431 1078 2454 ac-

329 2473 442 2512 censis
482 2471 583 2507 donec
624 2471 661 2506 ad
705 2471 820 2506 Sedent
865 2469 1075 2517 Apostolicam

329 2522 514 2556 accedentes
537 2533 592 2568 pei
613 2520 856 2556 satisfactionem
888 2519 1077 2566 condignam

331 2580 508 2606 mereantur
530 2570 662 2614 absolvi,
685 2569 872 2604 sententiam
893 2568 1078 2604 huiusmodi

330 2620 511 2654 solemniter
545 2621 739 2655 innovantes.
781 2618 844 2652 lllis
885 2626 988 2653 autem
1025 2619 1078 2665 qui

331 2670 520 2704 orthodoxae
543 2669 614 2705 fidei
637 2669 703 2704 zelo
730 2669 872 2703 succensi
900 2668 937 2703 ad
971 2668 1079 2702 vindi—

1123 388 1257 421 clamare
1288 399 1350 422 non
1385 395 1486 422 cessat
1523 387 1559 421 ad
1593 386 1735 425 coelum,
1770 385 1872 421 donec

1122 436 1159 471 ad
1183 436 1443 472 confundendum
1475 437 1642 471 subversos
1675 444 1706 471 et
1737 435 1872 471 subver-

1123 498 1209 521 sores
1231 486 1270 521 de
1303 486 1391 521 coelo
1413 486 1584 522 descendat
1605 486 1642 521 ad
1665 494 1777 520 terram
1805 484 1871 520 Do-

1124 536 1229 571 minus
1253 536 1418 575 ultionum,
1445 536 1577 571 viriliter
1606 548 1639 571 se
1679 536 1870 570 accinxerint

1123 585 1273 620 adversus
1294 585 1476 620 huiusmodi
1504 585 1697 633 pestilentes,
1731 586 1783 632 qui
1826 586 1870 620 si-

1123 635 1187 670 mul
1210 637 1240 670 in
1266 648 1360 670 unum
1385 643 1414 670 et
1442 647 1549 681 pacem
1572 643 1603 669 et
1625 637 1786 670 veritatem
1814 635 1869 669 im·

1123 694 1276 732 pugnant,
1303 697 1432 720 suorum
1456 685 1674 719 remissionem
1704 685 1869 732 peccami-

1122 747 1196 769 num
1220 748 1234 769 a
1259 735 1338 773 Deo,
1365 735 1496 780 eiusque
1517 734 1634 768 vicario
1659 746 1770 769 secure
1793 746 1869 781 pro-

1124 785 1253 819 mittatis
1281 784 1446 823 indultam,
1469 784 1560 818 uteis
1578 784 1664 819 labor
1687 783 1866 818 huiusmodi

1121 833 1159 868 ad
1182 835 1284 881 operis
1318 833 1561 868 satisfactionem
1600 833 1735 868 sufficiat
1772 845 1868 881 super

1122 883 1183 918 illis
1205 884 1344 927 offensis,
1373 895 1428 930 pro
1460 883 1576 929 quihus
1609 882 1714 917 cordis
1749 883 1867 918 contri-

1122 934 1238 968 tionem
1267 941 1297 968 et
1324 933 1387 967 oris
1414 932 1645 968 confessionem
1674 944 1777 968 ieram
1805 932 1866 968 ob-

1122 983 1250 1017 tulerint
1277 995 1349 1017 vero
1371 982 1449 1017 Deo.
1484 981 1672 1017 Huiusmodi
1706 982 1865 1029 siquidem

1121 1032 1302 1079 pestilentes
1323 1044 1385 1066 non
1421 1039 1540 1067 tantum
1565 1032 1623 1066 iam
1653 1041 1756 1066 nostra
1789 1032 1867 1067 diri-

1121 1094 1205 1129 pere,
1232 1082 1287 1116 sed
1311 1094 1368 1117 nos
1391 1082 1544 1128 perimere
1575 1081 1761 1123 moliuntur;
1808 1094 1866 1116 nec

1119 1132 1222 1166 solum
1254 1131 1291 1166 ad
1327 1131 1545 1186 perimendum
1580 1131 1700 1166 animas
1744 1131 1865 1178 linguas

1119 1189 1246 1222 acuunt,
1288 1193 1399 1216 verum
1441 1181 1534 1216 etiam
1582 1180 1620 1215 ad
1669 1180 1863 1228 perdendum

1119 1243 1249 1279 corpora
1279 1243 1390 1266 manus
1433 1230 1618 1274 extendunt,
1667 1243 1864 1278 perversores

1118 1282 1294 1316 animarum
1321 1280 1422 1316 effecti
1459 1289 1489 1315 et
1531 1292 1700 1327 corporum
1740 1293 1864 1328 perem—

1119 1339 1233 1377 ptores.
1256 1330 1344 1366 Licet
1369 1337 1472 1365 autem
1496 1329 1653 1377 praefatus
1674 1342 1780 1366 comes
1808 1343 1864 1379 pro

1118 1380 1226 1414 multis
1252 1388 1283 1415 et
1306 1381 1431 1426 magnis
1450 1379 1586 1426 flagitiis,
1615 1392 1697 1427 quae
1735 1381 1862 1427 longum

1118 1437 1201 1464 esset
1228 1442 1282 1476 per
1321 1429 1444 1475 singula
1479 1441 1642 1473 enarrare,
1678 1430 1862 1466 iamdudum

1117 1480 1156 1513 sit
1177 1479 1385 1514 anathematis
1408 1490 1559 1514 mucrone
1582 1491 1762 1526 percussus,
1790 1481 1863 1527 quia

1119 1537 1220 1563 tamen
1249 1529 1343 1563 certis
1365 1528 1492 1562 indiciis
1529 1529 1637 1563 mortis
1679 1529 1778 1564 sancti
1806 1530 1862 1564 viri

1119 1578 1329 1625 praesumitur
1355 1589 1423 1612 esse
1446 1589 1528 1617 reus,
1552 1590 1613 1612 non
1636 1579 1736 1613 solum
1764 1591 1801 1613 ex
1825 1592 1864 1614 eo

1117 1628 1200 1674 quod
1225 1628 1351 1674 publice
1373 1627 1584 1662 comminatus
1605 1636 1652 1662 est
1679 1629 1707 1663 ei
1730 1637 1862 1664 mortem

1116 1685 1146 1711 et
1173 1677 1301 1712 insidias
1329 1677 1448 1725 pararit
1475 1677 1590 1721 eidem,
1631 1690 1737 1713 verum
1771 1680 1863 1714 etiam

1116 1739 1154 1761 ex
1180 1739 1217 1762 eo
1245 1727 1342 1773 quod,
1369 1727 1451 1761 sicut
1493 1727 1651 1768 asseritur,
1691 1728 1862 1763 occisorem

1117 1776 1217 1822 ipsius
1240 1776 1269 1810 in
1294 1776 1422 1810 multam
1456 1775 1695 1811 familiaritatem
1737 1777 1863 1813 admisit

1117 1833 1147 1860 et
1179 1826 1301 1871 magnis
1341 1825 1433 1860 donis
1471 1827 1679 1861 remuneravit
1717 1828 1863 1869 eundem,

1117 1883 1150 1909 ut
1170 1876 1209 1909 de
1224 1875 1356 1910 caeteris
1371 1876 1679 1922 praesumptionibus
1693 1884 1867 1918 taceamus,

1117 1937 1197 1971 quae
1220 1925 1311 1959 nobis
1335 1924 1459 1972 plenius
1482 1926 1694 1970 innotescunt,
1720 1926 1761 1961 ob
1784 1927 1863 1962 hanc

1117 1986 1243 2021 quoque
1279 1986 1406 2008 causam
1455 1974 1748 2010 anathematizatum
1790 1989 1863 2011 eum

1119 2023 1244 2070 publice
1263 2024 1421 2058 nuntietis.
1446 2024 1485 2058 Et
1516 2037 1586 2059 cum
1621 2026 1701 2060 iuxta
1741 2034 1864 2061 sancto-

1118 2086 1186 2107 rum
1210 2073 1338 2108 Patrum
1361 2074 1528 2108 canonicas
1549 2075 1726 2110 sanctiones
1747 2076 1786 2115 ei,
1810 2077 1862 2123 qui

1117 2122 1185 2157 Deo
1220 2122 1313 2157 fidem
1357 2135 1419 2157 non
1459 2133 1577 2169 servat,
1609 2125 1686 2160 fides
1714 2125 1863 2160 serianda

1118 2184 1180 2206 non
1203 2173 1255 2216 sit,
1277 2185 1291 2206 a
1321 2174 1545 2208 communione
1584 2174 1723 2209 fidelium
1756 2187 1863 2221 segre-

1118 2229 1200 2267 gato,
1245 2200 1352 2269 iitpote
1385 2224 1437 2270 qui
1482 2223 1627 2258 vitandus
1668 2232 1714 2258 est
1759 2225 1863 2271 potius

1118 2283 1210 2317 quam
1232 2271 1397 2317 fovendus,
1419 2285 1528 2307 omnes
1554 2273 1607 2321 qui
1645 2273 1726 2308 dicto
1757 2274 1862 2309 comiti

1120 2321 1276 2356 fidelitatis
1297 2334 1351 2355 seu
1373 2323 1531 2357 societatis
1557 2331 1609 2358 aut
1631 2322 1766 2358 foederis
1801 2323 1863 2359 hu-

1120 2370 1254 2405 iusmodi
1284 2371 1458 2407 iuramento
1486 2380 1634 2407 tenentur
1655 2373 1784 2414 astricti,
1806 2386 1863 2408 au-

1119 2420 1259 2455 ctoritate
1285 2422 1454 2468 apostolica
1489 2421 1698 2462 denuncietis,
1741 2422 1780 2457 ab
1826 2435 1865 2458 eo

1121 2470 1241 2504 interim
1270 2470 1440 2512 absolutos,
1473 2480 1503 2506 et
1549 2471 1674 2506 cuilibet
1712 2471 1865 2507 catholico

1121 2520 1185 2553 viro
1212 2519 1318 2561 licere,
1347 2521 1434 2555 salvo
1464 2521 1529 2556 iure
1557 2520 1677 2555 domini
1707 2522 1865 2570 principa-

1121 2569 1169 2609 lis,
1186 2581 1245 2604 non
1260 2571 1362 2605 solum
1375 2570 1518 2619 persequi
1531 2582 1695 2617 personam
1709 2571 1863 2613 eiusdem,

1122 2631 1227 2652 reruni
1255 2619 1347 2654 etiam
1371 2632 1525 2668 occupare
1547 2632 1582 2654 ac
1596 2619 1735 2655 detinere
1751 2629 1863 2657 terram

1122 2669 1232 2716 ipsius,
1258 2669 1308 2704 illo
1332 2669 1510 2717 praesertim
1534 2669 1675 2715 obtentu,
1702 2671 1786 2718 quod
1826 2671 1864 2707 ab

1887 372 1919 392 ets
1939 372 2072 398 promitten-

1887 402 1919 427 da,
1941 403 1975 430 qui
1995 405 2071 423 contu

1885 431 2007 454 haereticos
2035 433 2070 453 in-

1885 465 2024 484 surrexerint

1889 2140 1989 2163 Subditos
2008 2145 2059 2162 vero

1877 2173 1960 2194 comui·
1974 2177 1986 2192 a
2001 2172 2060 2192 iura—

1877 2207 1947 2225 mento
1966 2200 2059 2224 tid-tua-

1875 2237 1902 2256 tis
1912 2234 2052 2256 absolvendo·
